4218 6308
380 449 480 513 801

1540 444 1688 507 PAN
1700 443 1941 503 DECTE
1978 441 2153 503 HIST
2216 438 2313 499 ΤΕ
2329 439 2523 501 llClC.

3544 433 3651 498 802

384 563 694 619 ltoniinius.
772 564 903 619 Erat
959 572 1089 617 tunc
1145 564 1198 617 in
1263 562 1608 632 Ungarorum
1684 557 2228 630 petestateAscach
2273 556 2591 609 'l‘ecbmas;
2644 550 2698 606 et
2762 550 2906 607 idem
2968 550 3256 617 Bagtamas
3310 549 3511 615 eidem,
3558 550 3647 618 qui

380 654 728 727 Belgradum,
761 672 996 727 quorum
1031 672 1123 711 rex
1174 656 1425 710 Albertus
1471 654 1789 708 Austriacus
1836 666 1956 704 eam

380 753 742 805 munitionem
790 766 818 803 a
879 748 1113 818 Georgio
1151 749 1381 817 deSpota
1458 746 1774 801 Serviorunt
1832 743 1954 813 jure

378 845 718 911 donationis,
770 854 827 897 ut
864 843 1082 907 Latius,
1137 842 1252 910 lege
1303 839 1746 911 permutationis,
1785 847 1843 891 ut
1863 835 1955 889 alii

382 938 742 1006 scripserunt,
766 946 1093 990 consecutus
1116 934 1312 987 fuerat.
1335 932 1390 984 lu
1426 930 1727 985 Austriacis
1762 942 1958 998 genea-

380 1031 543 1099 Iogiis
577 1029 829 1083 Lazianis
859 1027 973 1080 [nec
1011 1027 1240 1094 legimus
1270 1041 1283 1078 :
1317 1022 1541 1078 Alberto
1597 1021 1839 1076 secundo
1870 1020 1956 1071 vix

377 1124 532 1193 regni
608 1121 975 1190 gubernacula
1048 1120 1333 1185 ingresso,
1401 1117 1689 1169 Amurates
1747 1112 1951 1168 Serviat:

375 1217 660 1286 despotatn
691 1214 936 1273 adortus.
969 1212 1159 1267 Albam
1207 1208 1450 1264 Graecam
1502 1206 1572 1260 a1
1619 1203 1957 1260 conﬂuentes

377 1304 610 1360 Danubii
641 1314 695 1358 et
724 1303 849 1359 Savi
877 1304 1136 1372 positam.
1165 1310 1357 1354 natura
1388 1307 1444 1353 et
1474 1311 1637 1366 opere
1669 1295 1961 1358 munitam,

375 1397 666 1453 obsidione
725 1397 946 1466 cingere
1003 1393 1296 1463 cogitabat,
1349 1389 1496 1443 utuni
1541 1402 1738 1454 genere
1769 1398 1962 1454 ‘appa-

377 1503 536 1545 ratus
565 1501 706 1544 terra
733 1499 784 1544 et
838 1504 981 1558 aqua
1017 1488 1342 1542 instructus.
1381 1481 1558 1549 Quam
1592 1482 1697 1535 vim
1744 1495 1810 1534 ac
1865 1495 1961 1549 po-

377 1584 604 1636 tentiam
641 1583 813 1636 hostis
842 1581 1067 1647 despota
1098 1578 1476 1638 considerans,
1522 1587 1629 1643 quo
1655 1573 1708 1627 in
1738 1571 1956 1627 czeteris

377 1676 597 1732 tuendis
634 1676 836 1728 auxilio
868 1673 970 1728 sibi
1005 1687 1099 1726 rex
1154 1670 1412 1724 Albertus
1445 1674 1616 1731 esset,
1650 1664 1962 1718 munimen-

377 1780 494 1823 tum
544 1768 677 1823 illud
729 1768 780 1821 ei
835 1763 1085 1820 donavit.
1132 1763 1215 1815 Ah
1255 1761 1359 1814 boc
1388 1758 1662 1813 lluniades
1702 1757 1778 1810 illi
1842 1757 1963 1811 loco

379 1864 689 1932 praeﬁcitur,
720 1860 789 1913 ob
845 1860 962 1927 ejus
993 1856 1270 1926 singulare
1307 1859 1645 1908 momentum
1689 1866 1704 1904 :
1756 1850 1960 1919 quippe

2070 650 2227 705 nobis
2261 648 2367 718 Beg
2424 644 2646 709 Tatnas,
2681 646 2763 699 vel
2797 643 3068 698 Tecbntas
3128 643 3248 711 beg,
3295 642 3346 695 id
3407 652 3511 704 est,
3552 643 3646 694 do-

2069 746 2250 801 minus
2279 744 2357 798 vel
2372 744 2622 814 princeps
2644 737 2935 795 Teebmas.
2955 738 3047 796 Sic
3072 755 3125 793 et
3149 738 3380 794 Tzanisa
3405 740 3652 808 Philippo

2068 838 2376 908 Bergomati
2403 847 2489 892 est
2524 838 2688 891 scach
2723 833 3055 889 Tzanorum.
3102 833 3263 886 Edzis
3292 833 3407 901 hegi
3440 833 3653 888 natales

2067 932 2135 985 ad
2168 931 2317 985 illum
2351 930 2549 986 Edzem
2607 930 2801 999 begutn
2854 930 3053 985 refero.
3104 926 3197 993 qui
3233 928 3336 981 sub
3399 924 3654 979 Urcltane

2067 1022 2362 1079 Soleimani
2430 1022 2703 1078 Urcbanis
2760 1020 2873 1075 lilio
2923 1021 3207 1075 militavit:
3264 1032 3317 1074 et
3368 1028 3651 1087 propterea

2068 1118 2237 1185 begos
2266 1119 2366 1171 hos
2414 1117 2626 1172 Edzeos
2668 1118 2805 1185 ipsis
2836 1116 2999 1169 etiam
3044 1113 3398 1174 Eureuosiis,
3446 1121 3501 1165 ct
3533 1111 3654 1165 aliis

2067 1210 2435 1266 nobilioribus
2465 1209 2779 1264 Turcorum
2823 1208 3071 1275 familiis,
3104 1206 3409 1264 secundum
3459 1204 3654 1259 Osma-

2064 1303 2241 1369 nidas,
2278 1302 2648 1373 prarlerendos
2686 1313 2838 1372 puto.

2070 1416 2196 1471 105.
2222 1414 2392 1470 Hesid
2425 1418 2518 1485 brg
2568 1417 2898 1487 interfectus,
2924 1416 3273 1487 Rgnnnodaria
3302 1457 3316 1481 ,
3350 1414 3650 1479 Ardelinm,

2401 1487 2584 1545 Erdei.
2616 1485 2717 1540 seu
2740 1485 2911 1549 h‘rlel,
2950 1485 3277 1540 Tosibim’um
3303 1526 3317 1547 .

2566 1557 2788 1611 Laonici
2835 1556 3173 1613 Cudnnidas.

2140 1649 2375 1706 Narrant
2425 1653 2654 1707 annales
2697 1648 2945 1715 Turcici,
2992 1651 3252 1706 mandato
3285 1649 3514 1706 Muralis
3543 1647 3654 1704 Me-

2071 1744 2232 1798 sitetn
2297 1745 2493 1814 begum
2550 1760 2644 1812 per
2693 1742 3007 1799 Valacbiam
3060 1746 3115 1799 in
3178 1744 3475 1814 Ungariam
3528 1758 3650 1797 cum

2069 1836 2316 1890 exercitu
2357 1846 2699 1905 penetrasse,
2748 1837 2844 1892 sed
2872 1836 3133 1892 omnibus
3185 1836 3257 1890 ibi
3317 1852 3443 1891 cum
3476 1836 3653 1904 copiis

377 1960 472 2026 qui
508 1959 573 2010 ad
610 1956 771 2009 trium
827 1953 1110 2008 lluminum
1142 1949 1476 2004 conﬂuentes
1532 1947 1692 2008 situs,
1730 1943 1874 1998 Savo
1908 1944 1961 1996 in

2073 1928 2243 1983 fuisse
2274 1943 2500 1983 ezesum.
2534 1928 2630 1981 llic
2660 1931 2895 1998 primum
2932 1929 3140 1984 notabit
3171 1927 3363 1994 lector,
3404 1926 3649 1982 Mesitem

381 2049 633 2111 Italiam,
695 2045 834 2099 Istro
890 2046 943 2098 in
1008 2042 1288 2096 Austriam
1362 2046 1526 2108 atque
1585 2034 1963 2096 Germaniam,

379 2141 604 2195 'l‘i'uisco
648 2138 881 2208 denique
931 2137 984 2191 itt
1032 2132 1536 2204 Transsylvaniam,
1591 2126 1873 2183 Poloniam
1913 2134 1969 2179 et

382 2231 716 2296 Moraviatn,
786 2230 928 2285 hosti
985 2227 1388 2299 potentissimo,
1435 2222 1578 2276 viam
1643 2226 1967 2275 ostentaret.

381 2325 629 2381 Adventu
660 2324 864 2379 Alberti
900 2338 1021 2379 cum
1052 2320 1242 2389 copiis,
1269 2317 1420 2374 Alba:
1452 2315 1667 2371 obsidio
1719 2311 1964 2367 solvitur.

384 2414 661 2469 Hactenus
689 2412 943 2475 Laziana,
968 2425 1090 2479 qua!
1116 2422 1303 2463 errore
1350 2420 1455 2460 non
1478 2412 1690 2469 carent,
1719 2416 1844 2457 cum
1877 2400 1975 2454 do-

384 2508 739 2565 minationem
821 2503 1203 2567 intervenisse,
1274 2514 1382 2553 non
1462 2486 1920 2567 permutationem
1955 2532 1970 2557 ,

386 2603 628 2656 tradunt.
677 2598 976 2654 Audiamus
1022 2603 1076 2648 et
1127 2593 1426 2647 Laenicutn
1456 2627 1469 2641 .
1539 2588 1717 2652 Erat,
1772 2587 1974 2657 inquit,

386 2692 513 2747 huic
554 2692 608 2745 in
658 2689 939 2744 Pannonia
988 2702 1098 2741 non
1144 2679 1549 2739 contemnenda
1599 2678 1747 2749 regio
1782 2715 1798 2738 ,
1852 2692 1974 2728 cuin

387 2783 614 2837 urbibus
672 2780 857 2835 multis
918 2784 973 2831 et
1033 2774 1306 2844 opulentis
1337 2808 1351 2833 ,
1398 2783 1534 2838 quas
1580 2762 1979 2835 permutatione

386 2886 529 2940 facta
558 2890 683 2928 cum
708 2870 1078 2941 Sigismundo,
1096 2881 1196 2938 pro
1218 2860 1484 2930 Belgrade
1517 2859 1805 2914 Eleazarus
1832 2867 1979 2909 acce'

386 2976 555 3039 perat.
577 2965 701 3021 Haec
724 2966 867 3018 enim
896 2961 1027 3016 urbs
1052 2961 1192 3014 mire
1222 2954 1471 3028 placebat
1518 2949 1655 3021 regi,
1687 2959 1747 3006 ut
1780 2960 1981 3017 oppor-

387 3075 539 3128 tuna,
573 3070 792 3131 propter
824 3065 1015 3127 portus
1049 3049 1512 3110 commoditatem.
1533 3044 1743 3113 Quippe
1764 3040 1983 3111 Belgra-

387 3159 516 3213 dutn
566 3156 784 3211 duobus
809 3147 1208 3209 circumlinitur
1237 3142 1440 3200 fluviis.
1476 3140 1557 3194 Ab
1599 3151 1710 3195 uno
1728 3134 1884 3198 Ister,
1913 3132 1982 3186 ab

388 3252 561 3305 altero
593 3250 761 3305 latere
795 3248 970 3303 Savus
996 3244 1137 3306 ﬂuit,
1169 3240 1262 3311 qui
1309 3238 1437 3293 istic
1468 3234 1521 3289 in
1563 3232 1755 3288 lstrutu
1802 3225 1981 3283 elIun-

388 3344 556 3399 ditur.
614 3341 753 3412 Ergo
798 3339 995 3394 Lazius
1035 3351 1099 3390 ex
1143 3326 1582 3398 Chalcocondyle
1602 3319 1981 3391 corrigendos,

388 3450 449 3494 ut
471 3441 927 3510 permutationem
964 3430 1567 3493 lactamsciamus,non
1609 3420 1981 3478 donationem,

391 3550 457 3591 ac
501 3532 747 3587 vicissim
783 3522 1251 3594 Chaleocondyles
1286 3514 1662 3575 emendandus
1693 3527 1758 3567 ex
1795 3510 1981 3567 Laziu.

390 3642 491 3699 pro
507 3622 861 3695 Sigismundo
881 3628 941 3673 ut
965 3616 1241 3676 Albertus,
1267 3628 1364 3680 pro
1410 3610 1666 3663 Eleazaro
1717 3600 1986 3670 Georgius

392 3728 641 3790 ponatur.
680 3712 962 3770 Bonliuius
1028 3711 1194 3764 etiam
1251 3707 1365 3775 ipsa
1410 3704 1525 3756 loca
1578 3703 1843 3759 recenset,
1865 3705 1987 3763 quae

393 3780 490 3877 pro
516 3808 779 3878 Belgrade
804 3804 904 3857 hac
930 3795 1335 3871 permutatione
1364 3789 1635 3858 Georgius
1672 3780 1944 3852 acceperit
1970 3804 1981 3833 ι

393 3873 913 3956 castella'nintirum
972 3892 1110 3953 inec,
1173 3882 1543 3938 Zalonkemen
1599 3873 1984 3946 (Salankemen

394 3995 660 4045 vocabant
678 3987 847 4042 nostri
867 3984 1093 4039 comites
1118 3997 1134 4035 :
1156 3980 1318 4034 situm
1347 3985 1430 4027 est
1453 3985 1617 4042 supra
1641 3964 1984 4036 Belgradum,

398 4088 463 4140 ad
501 4087 672 4156 ripam
706 4076 961 4142 Danubii,
994 4091 1023 4130 e
1048 4074 1265 4143 regione
1291 4069 1460 4138 ipsius
1486 4063 1610 4117 estii
1635 4059 1861 4121 Tibisci,
1892 4058 1984 4126 qui

395 4195 456 4235 se
481 4180 534 4234 in
549 4147 852 4231 banubium
879 4170 967 4224 hic
998 4162 1305 4230 exonerat),
1327 4156 1582 4217 Becbiett,
1615 4152 1815 4220 Kelpen
1847 4147 1987 4217 (Un-

397 4273 511 4348 επὶ
539 4269 748 4337 Kerpen
768 4260 998 4330 dicunt),
1038 4257 1478 4324 Vilagosuarutn,
1514 4243 1800 4348 ‘I‘ocaiutn,
1834 4239 1987 4294 Mon~

398 4335 625 4420 cacbum
650 4335 889 4431 (Ungari
923 4348 1267 4407 Muncaziutu
1300 4339 1627 4407 nominant),
1652 4335 1984 4400 Tbaalliatn,

398 4423 717 4526 Regesum':
758 4423 958 4518 oppida
1003 4456 1133 4495 vero
1173 4437 1309 4499 haec,
1353 4430 1730 4488 Zatbmarum.
1794 4423 1986 4479 Bezer'

401 4518 566 4614 mein,
597 4544 893 4603 Debrezeu,
921 4533 1187 4595 Thurutn,
1225 4526 1557 4589 Vat-sanum,
1588 4528 1643 4575 et
1677 4518 1805 4571 alia.

860 4626 957 4684 101
971 4666 986 4682 .
1024 4621 1201 4688 Nova,
1244 4615 1547 4687 Nouogrod.

472 4725 606 4794 Qua:
634 4720 830 4777 Turcis
871 4727 925 4773 et
950 4714 1171 4773 Creatis
1219 4708 1371 4764 Neve
1395 4704 1618 4766 dicitur,
1652 4697 1798 4752 areis
1829 4710 1982 4750 novre

400 4786 857 4892 signiﬁcationem
890 4810 1074 4871 babet,
1103 4807 1159 4859 in
1193 4800 1398 4858 Set-viae
1439 4796 1642 4850 ﬁnibus
1670 4791 1794 4846 sita.
1831 4786 1982 4842 Nunc

401 4883 603 4970 ibidem
640 4904 931 4978 sangiacus
962 4910 1047 4957 est
1067 4896 1360 4957 Turcicus,
1390 4887 1654 4961 [Budensi
1706 4883 1985 4978 subjectus

403 4974 768 5072 beglerbego;
799 5012 925 5052 cum
974 4992 1196 5048 nomine
1241 4978 1705 5053 Novogrodensis.
1766 4974 1986 5029 Primus

403 5100 544 5154 hanc
567 5095 805 5150 Murates
854 5089 1019 5158 cepit,
1068 5083 1162 5140 sed
1207 5075 1503 5136 Christiani
1553 5075 1983 5141 recuperarunt:

403 5206 458 5251 et
491 5191 596 5248 sub
627 5187 963 5243 Murhemete
993 5176 1233 5235 secundo
1255 5185 1448 5226 rursus
1504 5182 1624 5220 eam
1656 5163 1981 5217 amiserunt:

407 5292 463 5342 in
521 5285 679 5354 cujus
741 5280 849 5333 vita
904 5276 970 5329 de
1005 5274 1109 5327 hac
1169 5265 1417 5335 quaedam
1473 5257 1800 5329 adjiciemus
1856 5251 1985 5315 alia,

408 5381 587 5451 capite
616 5384 872 5429 notarum
922 5366 1048 5423 £32.

635 5468 757 5523 £02.
802 5461 969 5518 ὃσαιὴ
998 5455 1200 5515 Abedin
1226 5454 1406 5513 bassa,
1438 5445 1742 5503 Sabatina.

477 5564 649 5631 Quia
708 5555 908 5611 Turcis
977 5550 1067 5603 bit:
1129 5546 1444 5600 nominatus
1510 5538 1670 5593 scarh
1755 5530 1985 5593 Abedin,

410 5625 560 5717 Italis
604 5650 881 5708 historicis
930 5640 1249 5701 Sciabadin,
1308 5652 1370 5689 ex
1425 5632 1697 5692 Bouftnio,
1760 5625 1991 5681 Chalce-

415 5749 635 5819 condyli
666 5743 953 5802 Sabatinos
984 5735 1269 5792 eunuchus
1292 5738 1395 5794 est,
1422 5726 1576 5798 quasi
1609 5722 1680 5777 Sa
1733 5719 1987 5772 Badiues.

412 5844 508 5900 Sic
538 5812 848 5907 liusbequio
884 5831 1168 5901 Sagtamas
1196 5824 1487 5880 Persarum
1512 5834 1606 5873 rex
1642 5825 1727 5871 est
1748 5851 1762 5878 ,
1791 5812 1884 5882 qui
1937 5820 1994 5863 et

414 5934 578 5992 nobis
616 5942 670 5990 ct
709 5901 843 5999 ipsis
890 5924 1092 5983 dicitur
1168 5920 1334 5978 scach
1383 5912 1605 5979 Tantas,
1648 5905 1733 5962 vel
1790 5901 1994 5959 rectius

2008 3289 2055 3352 C

2068 2020 2312 2076 Laonico
2368 2022 2477 2076 dici
2541 2022 2823 2086 Mezetem,
2879 2021 3110 2091 Europa:
3160 2022 3500 2089 praelectum,
3549 2020 3654 2074 hoc

2068 2125 2177 2179 est,
2234 2112 2516 2169 Romaniae
2564 2114 2974 2185 beglerbegum,
3032 2113 3283 2167 Bonﬁttio
3326 2111 3651 2166 Muzethum.

2073 2207 2352 2264 Valachia‘:
2402 2224 2532 2263 vero
2621 2210 2883 2271 nomine,
2951 2207 3368 2277 Transalpinam
3435 2206 3520 2259 hic
3572 2206 3652 2258 itt-

2076 2301 2286 2369 telligi,
2341 2311 2566 2356 auctore
2628 2300 2920 2367 Bnnlinio,
2957 2301 3026 2356 de
3084 2317 3190 2370 qua
3249 2301 3505 2368 superius
3553 2316 3655 2353 nu-

2076 2409 2230 2448 mero
2261 2395 2322 2448 7i
2365 2397 2596 2452 dictum.
2624 2394 2781 2462 Quod
2817 2405 2997 2452 autem
3024 2395 3242 2463 iussum
3273 2392 3513 2450 referant
3544 2393 3653 2448 Mc-

2077 2488 2235 2542 sitem
2262 2488 2473 2557 ingredi
2510 2488 3235 2563 Ungariam,_accipiendum
3257 2488 3327 2543 de
3358 2487 3654 2557 Transsyl-

2078 2582 2238 2636 vania
2270 2595 2285 2634 :
2319 2598 2483 2650 quam
2518 2582 2626 2638 hoc
2659 2583 2799 2648 loco,
2832 2582 2979 2639 sicut
3009 2581 3136 2637 alibi
3163 2596 3409 2652 quoque,
3443 2580 3658 2635 Panno-

2078 2674 2291 2728 daciam
2322 2672 2599 2729 Laonicus
2632 2690 2659 2729 a
2712 2673 3069 2730 Pannonibus
3101 2674 3216 2729 sive
3253 2671 3543 2728 Paeonibus
3601 2681 3656 2726 et

2081 2764 2279 2828 Dacis,
2318 2781 2410 2833 qut
2455 2762 2684 2821 Valachi
2723 2765 2927 2836 gemini
2958 2772 3113 2829 sunt,
3146 2779 3177 2819 a
3206 2765 3412 2835 quibus
3447 2762 3654 2818 Trans-

2084 2856 2331 2926 sylvania
2381 2860 2778 2926 circumdatur,
2814 2859 3071 2930 appellat.
3094 2858 3239 2913 idem
3275 2873 3397 2915 mox
3433 2858 3658 2928 subjicit

2086 2953 2201 3007 haze
2225 2953 2385 3007 verba
2407 2970 2421 3007 :
2446 2953 2802 3011 Pannodaciae
2825 2954 2975 3026 regio
3016 2953 3291 3011 Ardelium
3316 2953 3654 3008 nominatur.

2088 3047 2253 3101 Addit
2280 3048 2448 3102 etiam
2477 3089 2490 3110 .
2530 3047 2874 3118 ntetrupolim
2909 3048 3074 3117 hujus
3099 3063 3222 3103 esse
3256 3044 3603 3102 Tosibinium
3638 3061 3653 3098 :

2084 3153 2206 3207 quae
2239 3136 2405 3211 538
2433 3156 2532 3194 vos
2563 3142 2842 3208 quomodo
2873 3141 2943 3195 ab
2974 3140 3269 3209 interprete
3298 3149 3556 3212 corrupta
3588 3142 3657 3196 sit

2087 3232 2421 3297 expVGibinio.
2458 3235 2604 3302 quod
2668 3247 2817 3287 nunc
2868 3243 3050 3286 manet
3106 3231 3250 3301 apud
3280 3231 3529 3302 Ungaros
3561 3246 3660 3285 no-

2089 3338 2239 3387 men,
2273 3332 2328 3378 et
2360 3322 2653 3378 Germanis
2681 3333 2766 3379 est
2791 3322 3256 3387 Hermestadium,
3283 3338 3449 3391 supra
3485 3325 3664 3389 capite

2089 3425 2345 3471 notarum
2385 3415 2451 3470 12
2484 3417 2795 3471 docuimus.
2842 3416 2909 3472 Et
2950 3426 3083 3470 sunt
3125 3413 3372 3484 profecto
3405 3424 3661 3483 corrupta

2088 3510 2334 3563 mirilice.
2382 3509 2437 3563 in
2495 3510 2643 3563 edito
2684 3510 2929 3563 Laonieo
2961 3508 3223 3561 vocabula
3265 3506 3503 3576 prepria.
3529 3502 3664 3571 Quis

2087 3598 2434 3655 Cudunidam
2497 3600 2768 3670 cogitaret
2804 3613 2929 3654 esse
2976 3596 3339 3659 Culionidem,
3372 3595 3477 3648 nisi
3509 3595 3665 3647 valde

2090 3693 2302 3760 peritus
2333 3706 2522 3744 eorum
2557 3698 2870 3759 temporum
2910 3687 3155 3741 historiae
3185 3686 3208 3738 ?
3236 3684 3666 3739 Bartholoutzeus

2092 3786 2136 3837 is
2188 3794 2336 3837 certe
2396 3782 2673 3836 Colliontts
2729 3789 2867 3844 erat,
2924 3781 3125 3834 nobilis
3173 3780 3280 3832 dux
3328 3778 3662 3846 Bergomas:

2092 3877 2253 3946 cujus
2288 3877 2451 3929 etiam
2499 3876 2732 3940 gentiles
2759 3875 2801 3927 si
2832 3884 2990 3926 natos
3016 3872 3141 3940 quis
3184 3871 3331 3924 dit-at
3360 3884 3422 3923 ex
3458 3869 3664 3923 familia

2090 3970 2157 4024 de
2206 3967 2642 4026 (iollisiouihus,
2687 3968 2812 4034 quis
2874 3965 3123 4018 divinare
3156 3976 3276 4015 tuos
3322 3956 3529 4031 posset,
3565 3960 3665 4013 ltos

2091 4071 2243 4115 ortos
2274 4059 2479 4112 familia
2508 4057 2773 4111 nobilium
2802 4056 3207 4125 Bergomatutu,
3238 4055 3434 4121 quibus
3466 4066 3664 4105 nomen

2090 4155 2159 4207 sit
2192 4168 2222 4205 a
2281 4150 2622 4206 Collionibns
2657 4150 2681 4202 Ἰ
2713 4148 2788 4203 Ita
2830 4149 3089 4201 nimirum
3144 4154 3401 4212 corrupta
3458 4158 3556 4197 vox
3591 4143 3665 4197 le-

2091 4248 2235 4319 gitur
2270 4248 2325 4301 in
2352 4249 2461 4301 vita
2492 4245 2682 4300 Karuli
2724 4242 2905 4311 quarti
2956 4242 3207 4312 Augusti,
3238 4256 3398 4311 quam
3431 4237 3666 4295 Reinec-

2089 4342 2207 4394 eius
2239 4349 2423 4395 noster
2452 4339 2768 4409 publicavit.
2800 4338 2879 4391 Ad
2915 4335 3194 4389 annalium
3231 4342 3548 4388 nostrorum
3580 4346 3665 4387 se-

2090 4432 2225 4485 rietn
2262 4441 2319 4485 ut
2378 4432 2685 4491 redeamus,
2732 4438 2855 4483 erat
2911 4427 2960 4480 id
2993 4426 3255 4495 temporis
3282 4423 3485 4479 Ardelii
3516 4423 3664 4491 regio

2091 4527 2263 4591 (nunc
2308 4522 2543 4592 ngaris
2578 4521 2724 4576 Ertel
2756 4520 2956 4575 dicitur
2980 4522 2997 4585 )
3023 4515 3200 4587 Jango
3228 4514 3481 4571 Cboniati
3512 4529 3665 4569 com-

2012 4622 2255 4687 Dmissa
2322 4619 2679 4686 creditaque,
2733 4614 2877 4669 sicut
2930 4611 3204 4667 Laonicns
3257 4609 3384 4664 ait:
3443 4608 3494 4661 id
3559 4619 3663 4669 est,

2082 4712 2279 4768 Joanni
2320 4709 2576 4776 ﬂuniadi,
2625 4710 2788 4779 longe
2832 4704 3214 4760 illustrissimo
3243 4701 3393 4768 duci,
3426 4699 3689 4775 Matthias

2086 4806 2232 4876 regis
2264 4801 2515 4871 Ungarite
2549 4799 2689 4871 patri
2723 4816 2737 4852 :
2785 4813 2949 4867 quem
2978 4794 3265 4851 Geufrmus
3296 4789 3529 4845 laneum
3566 4791 3669 4844 lia-

2085 4913 2215 4953 num
2238 4896 2490 4966 appellat,
2516 4892 2794 4947 vocabulis
2826 4889 2966 4945 inl'ra
2996 4885 3360 4944 declarandis.
3386 4882 3485 4938 Hic
3510 4880 3673 4937 Nesi-

2087 5002 2195 5047 tem
2225 4989 2508 5043 Romanis:
2539 4986 2954 5056 beglerbegutn,
2984 4992 3211 5037 auctore
3240 4978 3519 5039 Boniinio,
3546 4992 3668 5029 eunt

2089 5084 2277 5155 viginti
2303 5081 2542 5137 millibus
2563 5078 2867 5135 Turcorum
2889 5077 3045 5140 ludit,
3064 5074 3296 5134 caecidit,
3326 5071 3623 5125 interemit.

2124 5180 2247 5235 ιθι.
2285 5175 2507 5242 Saphia,
2538 5173 2581 5228 Τ
2582 5174 2765 5296 ἔωσεηῇ
2793 5172 3005 5293 chpia,
3041 5167 3322 5231 Sardacin,
3359 5164 3608 5229 Snrdicu,

2770 5252 2859 5295 ’τω
2904 5253 3033 5294 ttztt.

2770 5252 3033 5295 'rtaattztt.

2168 5342 2314 5396 Satis
2341 5350 2532 5395 notum
2562 5346 2645 5393 est
2676 5336 2895 5407 Sophia:
2921 5347 3145 5391 nomen.
3187 5327 3373 5398 oppidi
3407 5323 3673 5394 Bulgaria:

2095 5436 2274 5507 magni
2305 5444 2360 5486 et
2390 5431 2667 5502 populosi,
2710 5431 2836 5484 licet
2870 5427 3018 5480 nulla
3070 5424 3142 5477 sit
3182 5437 3244 5474 ex
3296 5427 3447 5488 parte
3493 5418 3674 5469 muni-

2095 5536 2231 5582 tum.
2271 5526 2346 5579 lbi
2389 5501 2530 5578 diem
2577 5537 2677 5576 nos
2712 5534 2883 5573 unum
2932 5525 2987 5569 et
3020 5515 3248 5567 alterum
3282 5508 3559 5563 bmsimus.
3593 5501 3673 5554 Ad

2097 5617 2397 5689 marginem
2438 5608 2897 5678 Chalcocondylis
2933 5606 3047 5659 haec
3099 5600 3356 5669 ascripsit
3397 5597 3673 5661 interpres

2099 5686 2299 5763 verba:
2335 5704 2560 5771 Sophia,
2602 5713 2745 5753 nttuc
2771 5695 2986 5765 Scopia.
3023 5690 3346 5746 Manifestus
3383 5686 3467 5738 hic
3512 5694 3674 5736 error

2096 5813 2201 5868 est,
2234 5814 2355 5854 cum
2391 5796 2584 5850 urbem
2623 5792 2821 5859 Scapia
2850 5789 3052 5843 diserte
3094 5784 3361 5837 Laonicu.
3411 5779 3464 5832 in
3500 5778 3675 5831 Mare-

2099 5865 2263 5952 donia
2290 5891 2540 5950 collucet.
2571 5884 2704 5940 Vide
2732 5892 2912 5938 notata
2949 5878 3178 5933 inferius
3204 5874 3383 5945 capite
3411 5867 3529 5925 l69.
3561 5865 3673 5920 Ma-
