4218 6308
473 423 582 485 803

1718 426 2049 488 JOANNIS
2091 427 2566 490 LEUNCLAVH

3666 431 3779 499 8οι

475 547 594 598 tius
621 544 786 615 Niger
813 542 1077 613 Sophiam
1117 543 1394 598 veteribus
1436 543 1761 613 appellatam
1797 553 1951 612 putat
1975 541 2065 595 Ti-
2096 551 2137 603 Α
2171 555 2327 613 ruptc
2355 545 2686 601 Cat-amburit
2712 558 2890 611 vorat,
2948 548 3218 605 Laonicus
3251 549 3557 605 Cbasanem
3579 595 3595 619 ,
3628 553 3779 607 sicut

475 639 702 693 biscam.
741 637 1028 692 Boolinius
1064 638 1179 700 ait,
1236 636 1430 692 urbem
1461 654 1489 690 a
1520 640 1748 706 templo,
1771 637 1918 706 quod
1955 652 2074 690 ma.

470 729 671 796 gnitico
711 737 934 798 sumptu
961 725 1308 783 Justinianus
1329 729 1684 792 exstruxcrit,
1703 745 1899 782 nomen
1921 744 2076 781 acre-

472 825 639 890 pisse.
668 824 831 892 Atqui
871 823 1085 877 nullout
1128 823 1219 879 hic
1250 821 1510 892 templum
1540 822 1647 878 tale
1679 822 1761 875 vel
1791 823 1919 876 olim
1951 822 2076 888 fuit,

477 916 556 968 \el
612 916 772 968 hodie
829 915 1012 970 saltim
1073 931 1138 970 ex
1181 917 1460 985 aliquibus
1500 918 1674 971 ruinis
1707 918 1932 988 agnosci
1977 935 2075 984 po-

468 1015 574 1061 test
605 1047 633 1079 ,_
668 1017 722 1061 et
765 1023 794 1062 a
842 1009 1044 1080 templo
1103 1007 1751 1081 Constantinopolitano,
1788 1011 1932 1080 quod
1979 1009 2078 1064 Ju—

469 1102 746 1153 stiniauus
773 1098 990 1155 Sanctae
1013 1100 1233 1170 Sophia:
1264 1104 1381 1156 sive
1409 1104 1499 1156 Dei
1531 1102 1825 1174 Sapientiae
1854 1106 2076 1160 nomine

467 1194 973 1261 splendidissimum
1023 1195 1308 1260 condidit,
1344 1197 1449 1251 hoc
1479 1198 1764 1267 oppidum,
1802 1209 2079 1268 quatuor-

467 1286 643 1338 (lecim
702 1286 784 1339 vel
833 1287 1149 1360 quindecim
1203 1288 1417 1342 dierum
1491 1289 1685 1344 itinere
1739 1290 1996 1344 dissitom
2047 1304 2078 1343 a

464 1377 972 1449 Constantinopoli,
1005 1389 1259 1434 vocatum
1314 1379 1506 1446 fuisse,
1529 1381 1651 1448 quis
1687 1381 1899 1435 credat?
1931 1381 2076 1435 Idem

466 1467 990 1532 :nlilit,-Sardaciam
1029 1471 1170 1525 hanc
1203 1471 1333 1526 olim
1363 1473 1537 1527 fuisse
1566 1472 1791 1534 dictam.
1825 1489 1852 1524 a
1883 1471 2078 1528 Sardis

463 1571 521 1614 et
554 1562 710 1616 Dacis
735 1602 748 1625 ,
790 1562 896 1616 hoc
935 1572 1041 1628 est,
1074 1580 1104 1616 a
1141 1564 1390 1634 gentibus
1426 1565 1746 1635 longissimo
1794 1577 2070 1619 terrarum

466 1658 647 1722 spatio
706 1665 760 1711 et
829 1657 948 1724 ipso
1009 1672 1233 1727 quoque
1293 1664 1432 1713 mari
1489 1659 1770 1716 discretis.
1831 1660 2069 1728 Subjicit

466 1751 689 1814 deinde,
749 1749 1084 1805 celebratam
1129 1750 1205 1805 ibi
1267 1751 1434 1805 fuisse
1485 1752 1763 1820 quondam
1804 1754 2073 1824 synodum

2180 648 2234 691 et
2264 635 2430 692 Turci
2463 655 2476 691 :
2504 641 2648 709 quod
2682 656 2868 695 verum
2901 643 2948 696 ei
2983 657 3177 696 nomen
3219 644 3386 698 luisse
3413 645 3772 709 crediderim.

2182 737 2237 783 ct
2274 732 2505 785 alterum
2557 746 2889 803 cognomen,
2928 750 2954 788 a
2989 734 3316 804 nigredine:
3366 737 3508 791 sicut
3539 748 3592 792 et
3620 739 3773 794 aliud

2181 822 2428 892 Celepini
2469 838 2775 895 cognomen
2804 827 2980 880 eidem
3011 828 3202 880 tribuit
3231 825 3513 882 Bonlinius
3549 846 3576 884 a
3612 831 3775 885 nobi-

2181 915 2358 971 litate.
2396 915 2556 971 'l'urci
2589 918 2832 983 tradunt,
2871 918 3151 975 Romaniae
3171 922 3286 978 sive
3305 919 3527 977 Graecia:
3556 923 3772 994 begler-

2186 1010 2384 1078 begum
2418 1012 2562 1064 hunc
2594 1011 2789 1077 fuisse,
2815 1012 3093 1069 Laoiiicus
3120 1016 3348 1083 EurOpa:
3375 1019 3594 1083 durem,
3624 1019 3772 1088 quod

2186 1103 2327 1158 idem
2355 1113 2461 1159 est.
2487 1104 2769 1161 Bonliuius
2789 1122 2918 1162 vero
2948 1106 3180 1163 Natolia:
3205 1105 3336 1163 iacit
3360 1110 3770 1182 heglerbcgum,

2184 1206 2240 1251 et
2270 1199 2456 1265 c0pias
2489 1199 2595 1254 huc
2632 1215 2663 1254 e
2695 1198 2908 1256 Natolia
2945 1202 3262 1257 traduxisse
3298 1214 3594 1271 memorat,
3619 1207 3769 1275 quod

2185 1307 2316 1346 vero
2350 1309 2456 1356 non
2499 1295 2558 1346 lit
2586 1294 2787 1349 simile.
2822 1292 2958 1348 Nam
2993 1307 3052 1351 ut
3084 1297 3219 1350 nihil
3247 1297 3316 1352 de
3356 1313 3626 1354 consensu
3667 1299 3770 1352 lto-

2183 1400 2304 1440 rum
2329 1388 2609 1442 annalium
2639 1402 2765 1442 cum
2794 1388 3034 1444 Laonico
3052 1388 3257 1457 dicam,
3287 1405 3420 1446 sane
3451 1392 3771 1448 credibilius

2180 1490 2285 1546 est,
2345 1482 2497 1538 hunc
2551 1482 2775 1539 Greene
2806 1487 2885 1538 vel
2921 1484 3152 1552 Europae
3182 1487 3566 1557 beglerbegum
3604 1485 3775 1558 539

2180 1576 2374 1643 fuisse,
2404 1577 2498 1647 qui
2533 1579 2717 1634 occiso
2775 1580 2846 1633 ab
2877 1579 3132 1634 lluniade
3156 1583 3361 1636 scacbo
3391 1581 3623 1636 Abediui
3653 1580 3772 1635 ito-

2183 1672 2382 1725 maniz
2410 1671 2740 1743 beglerbego
2770 1673 3130 1740 successerit,
3162 1683 3215 1729 et
3240 1690 3271 1729 e
3300 1676 3610 1745 propinquo
3640 1692 3769 1731 cum

2181 1763 2416 1833 Europe
2449 1767 2628 1836 copiis
2657 1766 2805 1822 hosti
2829 1770 3177 1824 occurrerit:
3215 1784 3341 1824 cum
3370 1771 3641 1825 Anatoliaa
3673 1772 3768 1827 be~

468 1838 885 1894 Sardaciensem
913 1841 993 1893 vel
1040 1839 1483 1897 Sardaicensem.
1523 1844 1664 1899 Hinc
1691 1859 1822 1897 vero
1856 1846 2076 1900 tandem
2114 1854 2155 1908 Β
2186 1858 2479 1928 glerbegus
2506 1859 2578 1915 ab
2625 1858 2778 1916 hisce
2813 1861 3130 1932 regionibus
3158 1861 3376 1932 longius
3411 1875 3652 1922 remotus
3677 1882 3768 1920 es-

467 1931 814 2001 intelligitur,
836 1931 904 1985 de
935 1932 1164 1988 Sardiea
1199 1934 1347 2000 loqui
1380 1933 1716 2002 Bonllnium,
1757 1935 1846 1990 ubi
1881 1936 2072 1990 Sardio

471 2024 653 2077 censis
705 2024 892 2077 habita
925 2027 1172 2094 synodus
1205 2025 1333 2092 fuit,
1396 2028 1499 2082 sub
1532 2027 1761 2097 imperio
1827 2030 2068 2084 ﬁliorum

462 2115 808 2168 Constantini
839 2115 1041 2186 Magni.
1080 2119 1156 2173 Ea
1196 2134 1327 2174 vero
1361 2135 1471 2173 non
1500 2121 1590 2175 hic
1623 2123 1942 2192 quaerenda,
1967 2137 2071 2177 nec

467 2207 629 2260 hodie
666 2205 870 2275 Saphia
905 2211 1130 2276 dicitur,
1150 2213 1248 2264 sed
1271 2211 1548 2266 Triaditza
1577 2231 1588 2266 :
1613 2215 1759 2282 quod
1785 2215 1835 2268 ei
1868 2229 2069 2270 nomen

465 2303 634 2354 etiam
669 2310 830 2356 aetate
862 2318 960 2355 sua
995 2304 1188 2369 luisse,
1221 2303 1420 2373 Glycas
1459 2315 1645 2359 noster
1677 2309 1925 2375 scripsit.

465 2395 587 2450 105.
615 2393 814 2449 Scaclti
839 2396 1090 2450 Abedinis
1116 2399 1383 2518 (κινειῖξέίο
1407 2397 1616 2467 infelix.
1635 2397 1839 2454 Jaucus
1868 2401 2066 2457 Turres

1167 2486 1257 2518 Cd’t
1283 2485 1299 2518 ι
1330 2508 1345 2518 .

1167 2485 1345 2523 εανηιι.

529 2560 666 2614 Cum
727 2561 815 2615 hic
881 2560 1100 2616 dicatur
1157 2545 1442 2630 ablegatus
1480 2562 1656 2617 fuisse
1700 2565 2064 2636 beglerbegus

464 2649 766 2715 ltoinanize,
793 2653 897 2705 hoc
925 2663 1010 2706 est
1043 2653 1268 2722 Europae
1291 2694 1305 2711 .
1337 2654 1572 2708 smcbus
1605 2651 1902 2720 Abedines,
1936 2672 2060 2710 cum

460 2743 737 2797 universis
805 2742 1094 2797 Romaniae
1167 2742 1366 2812 Copiis,
1402 2755 1458 2798 et
1487 2747 1751 2811 acanziis,
1804 2756 1858 2799 et
1907 2749 2062 2819 geni-

459 2836 601 2889 xaris
626 2875 640 2886 .
679 2836 822 2890 haud
861 2835 1028 2892 dubie
1089 2853 1325 2906 magnus
1359 2839 1430 2889 illi
1465 2854 1495 2892 a
1528 2837 1739 2892 Muratc
1770 2840 1928 2893 datus
1960 2840 2064 2894 fuit

455 2929 731 2984 exercitus
755 2969 772 2994 ,
805 2945 968 2999 quem
1037 2929 1320 2984 Bonilnius
1349 2914 1680 2986 xstiinatum
1715 2934 1885 2986 luisse
1921 2935 2060 2987 seri-

458 3022 842 3091 bitoctoginta
899 3018 1207 3076 'l‘urcorum
1279 3024 1564 3079 millibus:
1601 3024 1746 3093 quod
1802 3025 2058 3093 equidem

457 3116 739 3167 annalium
794 3115 959 3170 verba
1007 3118 1397 3183 considerans,
1442 3133 1575 3172 vero
1609 3128 2045 3173 consentaneum

456 3216 592 3277 puto
630 3227 641 3262 :
686 3212 944 3277 quamvis
1005 3211 1228 3280 adjiciat
1293 3209 1601 3274 Bonliuius.
1663 3213 1713 3265 id
1756 3227 1862 3266 non
1889 3213 2047 3268 facile

459 3303 619 3355 tidem
658 3303 976 3357 admittere.
1003 3305 1287 3358 (lusorum
1335 3315 1484 3358 certe
1529 3320 1793 3360 numerus
1822 3307 1870 3359 ei
1899 3306 2061 3361 (idem

456 3392 637 3444 fatere
702 3391 976 3456 debebat,
1016 3408 1142 3446 cum
1213 3394 1451 3447 fateatur
1487 3395 1708 3464 triginta
1749 3393 2053 3450 Turcorum

455 3485 625 3536 millia
665 3483 846 3551 fuisse
886 3496 1019 3539 tunc
1057 3482 1365 3551 interfecta,
1399 3496 1553 3556 capta
1583 3488 1826 3557 quinque
1861 3489 2051 3544 millia.

458 3575 804 3642 Expeditioni
835 3591 1060 3630 causam
1101 3576 1332 3645 praabuit
1367 3587 1481 3632 tum
1526 3577 1731 3633 Ilesitis
1757 3579 1936 3635 bassa
1961 3595 2058 3635 ca-

453 3667 695 3733 lamitas,
729 3666 890 3734 paulo
935 3680 1063 3721 ante
1093 3684 1217 3722 cum
1253 3669 1369 3722 suis
1395 3670 1462 3723 ad
1491 3669 1932 3745 internecionem
1961 3671 2054 3728 de-

455 3761 585 3818 leti;
621 3771 734 3814 tum
771 3763 1062 3832 utriusque
1095 3760 1369 3816 Valacbiae
1399 3760 1802 3834 (lel‘ectio,quae
1826 3775 2055 3821 auctore

451 3852 667 3909 Joanne
733 3854 1007 3920 iluniade,
1069 3853 1382 3912 Turcorum
1445 3874 1476 3912 a
1530 3859 1634 3914 (ide
1694 3859 2050 3916 discesserat.

463 3946 619 4000 llunc
654 3948 804 4002 enim
840 3950 1068 4003 annales
1102 3951 1424 4019 intelligunt
1462 3952 1618 4006 Janci
1653 3954 1898 4014 nomine,
1941 3971 2051 4025 quo

455 4040 711 4112 gentibus
765 4041 872 4097 iiiis
929 4040 1172 4098 Joannes
1220 4045 1449 4100 dicitur.
1487 4043 1761 4103 Laonicus
1799 4051 1885 4117 (ut
1912 4047 2053 4101 indi-

453 4131 663 4200 catum)
721 4130 959 4202 Jangum
1017 4133 1366 4199 Cltoniatem,
1436 4135 1832 4207 Spandugiuus
1906 4148 2052 4193 recte

449 4221 685 4276 laneum
725 4223 1018 4280 Vaivodam
1055 4229 1290 4296 appellat
1326 4270 1339 4293 ,
1377 4228 1631 4285 videlicet
1681 4232 1882 4285 Erdelzi
1935 4233 2051 4286 sive

455 4313 946 4381 Transsvlvaniae,
1017 4319 1306 4376 Geut'raens
1357 4319 1586 4376 Jancum
1661 4322 1918 4378 llanutn:
1987 4328 2053 4379 de

453 4410 656 4474 quibus
687 4406 992 4463 ciliciorum
1030 4428 1094 4467 ac
1123 4414 1453 4483 dignitatum
1499 4414 1552 4467 in
1588 4408 1848 4484 Ungariie
1883 4430 2052 4484 regno

454 4501 855 4568 priecipuarum
881 4504 1215 4570 nominibus,
1249 4508 1448 4573 partim
1480 4507 1661 4575 capite
1694 4517 1952 4562 notarum
1980 4509 2042 4562 7i

451 4591 717 4660 diximus,
753 4595 950 4665 partim
997 4597 1140 4651 intra
1176 4599 1376 4652 dicturi
1415 4615 1628 4655 sumus.

454 4709 584 4765 106.
641 4709 905 4765 Vladislni
938 4715 1078 4783 regis
1113 4711 1364 4782 (Iugario:
1398 4717 1572 4784 prima
1619 4728 1805 4770 contra
1855 4721 2050 4772 Turcos

408 4790 426 4804 π·
1149 4790 1438 4867 expeditio.

523 4896 660 4953 Ante
691 4901 876 4954 omnia
911 4900 1270 4956 declaremus
1320 4904 1408 4958 hic
1439 4904 1744 4972 positarum
1777 4906 1829 4959 in
1866 4920 2049 4961 anna-

450 4993 596 5050 libus
636 5011 999 5063 persouarum
1040 5000 1252 5068 aliquot
1280 5001 1526 5053 nomina.
1557 5000 1671 5055 Rex
1707 5001 2054 5071 Ungarorum

450 5082 836 5148 expeditionis
867 5085 1027 5153 hujus
1063 5100 1256 5142 auctor
1293 5086 1608 5144 Vladislaus
1637 5101 1754 5145 erat
1785 5108 1847 5146 ex
1892 5093 2053 5148 Polo-

452 5173 556 5225 nia:
586 5191 772 5243 regum
805 5175 1117 5246 Jagellonia:
1145 5182 1332 5250 stirpis
1386 5184 1594 5236 lamilia
1620 5201 1631 5235 :
1655 5200 1814 5246 quem
1849 5184 2052 5255 ngari

453 5265 696 5333 plerique
726 5271 943 5321 deserto
981 5267 1235 5325 Ladislao
1267 5275 1562 5329 Austriaco
1590 5279 1793 5329 Alherti
1826 5280 2053 5332 secundi

451 5361 681 5427 Augusti
703 5364 997 5429 postliunio
1015 5367 1164 5432 regni
1185 5369 1649 5424 administrationi
1674 5370 2049 5438 prmlecera'nt.

448 5452 758 5521 Jancusqui
795 5457 1129 5523 nominatur,
1159 5459 1401 5514 Joannes
1424 5474 1506 5516 est
1537 5464 1833 5532 llttoiades,
1877 5467 2052 5522 Laza—

453 5544 612 5613 iooli,
647 5550 760 5599 sive
806 5549 952 5602 {ilius
992 5549 1208 5617 Lalari,
1249 5553 1455 5609 Set-tia:
1498 5562 1722 5627 despota
1759 5558 2050 5629 Georgius,

448 5640 658 5692 (ira-iris
676 5647 945 5696 cuiusuis
967 5645 1227 5714 Stephani
1253 5650 1417 5715 titius,
1444 5650 1634 5704 Lazari
1661 5668 1853 5722 nepos.
1873 5653 2053 5707 Casan

451 5736 532 5786 vel
551 5734 744 5787 Casam
775 5740 927 5792 liassa
953 5740 1146 5794 Turris
1168 5746 1444 5808 scribitur,
1467 5763 1624 5815 quem
1647 5749 1926 5802 (ii-ult'LL-us
1945 5749 2053 5802 Ca-

453 5828 767 5894 t'atttlit‘gttiu
804 5833 1072 5893 nominat,
1095 5846 1144 5884 et
1178 5837 1694 5904 ltigt‘tmidomitium
1726 5842 1838 5894 sive
1860 5844 2049 5895 tlllt‘Clll

451 5915 892 5986 interpretatur:
947 5924 1231 5997 Philippus
1279 5930 1653 5988 Callimachus
1706 5935 1880 6005 magis
1932 5952 2049 5990 cor-

2178 1963 2282 2019 set,
2316 1967 2418 2007 nec
2452 1968 2582 2008 cum
2639 1956 2889 2011 exercitu
2938 1964 3050 2012 tam
3093 1956 3241 2013 facili
3273 1968 3556 2014 momento
3582 1972 3766 2030 ponet

2176 2045 2592 2117 Hellespontum
2645 2051 3074 2107 transmittere:
3126 2062 3185 2106 ut
3246 2052 3469 2109 interim
3527 2062 3763 2120 taceam,

2173 2151 2444 2211 quantum
2473 2141 2705 2212 periculi
2747 2145 2910 2199 rebus
2949 2146 3215 2204 Anatolize
3248 2158 3541 2206 creaturos
3569 2149 3768 2206 fuisset

2173 2234 2484 2306 beglerhcgi
2536 2239 2818 2293 discessus
2863 2239 2917 2294 in
2953 2240 3245 2310 Europam,
3293 2243 3527 2298 necdum
3559 2244 3629 2297 ab
3661 2242 3765 2300 Os-

2172 2330 2411 2386 manidis
2460 2346 2726 2400 Oppressa
2773 2331 3090 2403 Carsmani,
3153 2337 3329 2393 hostis
3393 2339 3663 2408 perpetui,
3710 2348 3767 2394 et

2172 2423 2407 2478 aliorum
2443 2427 2707 2494 potentia.
2741 2425 2901 2492 Quod
2928 2444 3108 2484 caesus
3141 2429 3315 2487 fuisse
3346 2449 3472 2488 com
3509 2436 3625 2490 suis
3655 2435 3761 2490 Ca—

2173 2532 2337 2572 sanes
2368 2519 2424 2572 in
2458 2520 2752 2575 annalibus
2799 2520 3020 2592 legitur,
3081 2541 3190 2582 non
3236 2528 3318 2584 sic
3353 2530 3761 2600 accipiendum,

2174 2624 2238 2664 ac
2267 2612 2316 2666 si
2359 2611 2528 2666 fuerit
2581 2613 2934 2672 interiectus.
2979 2616 3232 2675 Tradunt
3272 2622 3418 2678 enim
3461 2626 3762 2693 scriptores

2171 2704 2522 2758 historiarum
2553 2721 2751 2775 magno
2802 2724 3074 2766 consensu
3101 2712 3429 2782 (praesertim
3479 2716 3761 2773 Boniinius

2165 2806 2220 2850 et
2249 2796 2637 2864 Callimachus,
2671 2803 2767 2870 qui
2800 2811 2896 2856 aut
2935 2815 3085 2871 tunc,
3134 2815 3226 2862 aut
3273 2823 3379 2862 non
3412 2811 3582 2866 multo
3636 2822 3760 2880 post

2167 2889 2325 2954 vixit,
2359 2902 2413 2945 et
2432 2890 2675 2948 Polonia
2699 2895 2940 2962 regibus,
2961 2895 3161 2953 Joanni
3182 2904 3485 2968 praesertim
3508 2903 3759 2971 Alberto,

2168 2978 2453 3038 familiaris
2496 2983 2646 3053 fuit),
2682 2985 2829 3041 hunc
2875 2988 3093 3042 bassam
3130 3005 3236 3045 non
3288 2994 3533 3048 occisum
3563 2993 3756 3062 luisse,

2165 3073 2260 3127 Sed
2294 3084 2539 3142 captum.

2076 3197 2123 3257 α
2178 3164 2302 3219 107.
2365 3162 2593 3219 Οιὸεαηε
2619 3167 2927 3257 ‘Isl‘adincl:
2981 3169 3495 3257 ξιοέίιξαηρτίπίε
3556 3175 3755 3232 Osnttts

2610 3238 2832 3308 ﬂuvius.
2885 3240 3021 3308 Capi
3049 3242 3303 3299 Derbent.

2238 3326 2484 3385 Clisuras
2509 3331 2645 3396 dixi,
2681 3333 2904 3389 nomine
2936 3334 3146 3393 Graecis
3176 3338 3424 3395 historiis
3458 3352 3609 3405 noto,
3639 3344 3757 3397 vias

2166 3423 2285 3477 sive
2323 3423 2594 3478 transitus
2629 3436 2892 3496 angustos
2921 3433 3245 3497 admodum,
3303 3447 3401 3503 per
3425 3435 3542 3489 loca
3599 3452 3758 3491 mon-

2164 3527 2494 3584 tuosa,quae
2536 3517 2750 3574 Latinis
2798 3522 2929 3575 olim
2991 3525 3163 3580 furca:
3215 3527 3645 3585 nominabantur
3702 3543 3758 3585 et

2163 3609 2376 3665 fauces.
2413 3609 2505 3665 Sic
2534 3611 2849 3666 Justiniano
2894 3613 3201 3672 ﬂinotmito
3229 3618 3542 3687 Cedrinus;
3579 3623 3633 3675 in
3671 3641 3757 3676 re-

2164 3701 2285 3755 ditu
2319 3701 2439 3770 ejus
2472 3704 2804 3758 obsederant
2827 3703 3048 3775 Bulgari
3086 3707 3205 3763 vias
3240 3710 3295 3764 in
3328 3723 3568 3781 angusto
3590 3713 3758 3765 eliso-

2163 3805 2262 3847 ra.
2293 3793 2556 3861 Exposuit
2592 3804 2645 3848 et
2699 3796 2942 3850 restituit
2967 3800 3170 3855 alicubi
3222 3814 3409 3856 vocem
3471 3802 3756 3872 Cuiacius.

2159 3889 2577 3960 jurecoiisultus
2594 3891 2963 3954 clarissimus,
2983 3894 3288 3949 derivotam
3305 3911 3336 3950 ε
3355 3899 3520 3954 verbo
3536 3896 3753 3961 Graeco.

2165 3983 2311 4050 quod
2349 3983 2674 4036 occludendi
2707 3985 3171 4052 significationem
3227 3989 3413 4044 habet.
3489 3989 3754 4046 lsladinas

2165 4091 2294 4129 vero
2334 4077 2572 4130 eiisuras
2603 4077 2693 4131 hic
2725 4077 3041 4147 intelligunt
3076 4082 3264 4148 Turci,
3321 4099 3443 4152 qua:
3475 4086 3529 4138 in
3580 4083 3754 4140 Thra-

2162 4167 2305 4219 ciam
2351 4181 2416 4218 ex
2450 4166 2703 4235 Bulgaria
2741 4170 3081 4235 proiecturis
3125 4171 3180 4225 in
3218 4171 3406 4227 Ha'mo
3437 4187 3628 4228 monte
3659 4191 3754 4228 oc-

2164 4270 2398 4313 currunt
2433 4275 2500 4312 eo
2535 4262 2681 4325 loco,
2707 4277 2818 4327 quo
2855 4279 3059 4332 parvus
3079 4267 3262 4320 amnis
3291 4267 3533 4322 Sladitza
3562 4268 3752 4324 subter

2161 4355 2594 4410 clisurasHa'mi
2632 4357 2857 4411 labitur.
2903 4355 3037 4411 Nam
3066 4362 3143 4415 nti
3175 4360 3460 4416 Bonllnins
3502 4365 3749 4432 scripsit,

2159 4463 2193 4504 ὃ
2227 4450 2430 4520 Sophia
2463 4453 2664 4521 duplex
2721 4452 2825 4507 iter
2869 4464 2956 4506 est
2986 4453 3054 4507 ad
3079 4455 3450 4523 soperandum
3504 4457 3750 4511 liminum

2164 4545 2216 4598 in
2244 4543 2537 4600 Thraciam
2563 4556 2616 4599 et
2643 4544 3023 4600 Hacedoniam
3058 4550 3342 4604 euntibus.
3378 4548 3534 4604 Unus
3568 4553 3752 4606 adius

2161 4653 2190 4692 ει
2217 4637 2458 4705 Tt‘ajntto
2484 4641 2759 4707 plerisque
2784 4650 3007 4708 putatur
3047 4641 3245 4703 factus.
3287 4643 3378 4697 ubi
3420 4644 3754 4712 adbucqua-

2159 4733 2319 4784 drato
2375 4729 2554 4800 lapide
2602 4743 2759 4801 porta
2810 4734 3049 4788 maxima
3109 4746 3414 4803 spectatur.
3463 4739 3624 4791 Alter
3681 4741 3749 4792 ad

2159 4837 2392 4892 parvum
2423 4836 2506 4877 cst
2538 4840 2779 4890 atnnem,
2832 4842 2993 4896 quem
3030 4828 3332 4882 Sladitzam
3367 4829 3583 4900 Βυξεπί
3652 4847 3749 4883 vo-

2157 4920 2303 4970 ca‘nt.
2360 4915 2518 4970 Prius
2553 4919 2653 4971 iter
2720 4935 2822 4974 nos
2878 4922 3226 4983 tenebamus,
3273 4921 3328 4974 in
3368 4938 3481 4991 quo
3532 4932 3747 4992 portam

2157 5007 2306 5061 illam
2342 5015 2667 5077 reperimus,
2699 5013 2765 5065 ad
2829 5029 3023 5079 pagum
3062 5013 3409 5081 liulgarii-um
3467 5015 3651 5069 sitam.
3686 5017 3751 5070 Et

2158 5099 2340 5153 locum
2378 5103 2524 5154 hunc
2556 5101 2720 5158 Turei
2741 5107 2972 5159 comites
2997 5108 3176 5161 nostri
3217 5109 3581 5161 nominabant
3607 5110 3744 5176 Capi

2160 5191 2416 5258 Derbent,
2445 5195 2548 5246 hoc
2571 5206 2675 5259 est,
2708 5207 2920 5265 portam
2966 5199 3205 5255 lanciunt
3234 5203 3313 5254 vel
3343 5209 3745 5269 angusuarum.

2158 5287 2307 5338 Alter
2342 5290 2523 5341 aditus
2558 5300 2641 5343 est
2679 5291 2788 5355 ille,
2818 5295 2886 5346 de
2922 5309 3033 5360 quo
3069 5295 3160 5347 hic
3193 5294 3434 5362 agimus,
3471 5309 3524 5351 et
3581 5312 3744 5368 quem

2157 5379 2454 5434 lsladinutn
2494 5385 2722 5437 annales
2751 5399 2969 5449 vocant,
3006 5405 3032 5440 a
3071 5387 3309 5445 Sladitza
3338 5391 3589 5448 ﬂuviolo.
3641 5394 3745 5451 Ce-

2156 5474 2351 5527 drinus
2386 5477 2473 5530 hic
2499 5494 2714 5532 amnem
2765 5482 2987 5534 Osmum
3046 5486 3224 5552 ponit,
3280 5502 3446 5554 quem
3506 5489 3747 5543 arbitror

2155 5582 2279 5621 esse
2313 5566 2638 5623 Sladitzant.
2678 5572 2859 5626 Locus
2886 5583 2968 5627 est
3007 5577 3058 5628 in
3088 5578 3193 5630 vita
3219 5578 3566 5634 Constantini
3631 5581 3744 5636 Mo-

2159 5657 2411 5708 nomaebi
2445 5657 2563 5711 sive
2606 5660 2962 5719 Gladiatoris.
3001 5664 3274 5720 Basilina:
3335 5687 3536 5729 nomen
3599 5676 3745 5740 apud

2157 5745 2488 5813 Laouicum,
2524 5753 2577 5805 in
2610 5757 2951 5822 expositione
2980 5760 3153 5816 cladis
3183 5765 3346 5830 hujus
3402 5765 3742 5832 'i'urcorum,

2158 5840 2355 5894 vitiose
2379 5846 2647 5913 scriptum
2684 5849 2770 5899 vix
2829 5850 3068 5917 dubito;
3139 5857 3264 5910 licet
3333 5875 3439 5912 non
3493 5860 3742 5928 ignorem

2158 5935 2294 5990 velle
2329 5933 2662 6006 chirwum,
2723 5940 3013 5999 Basilitzcu
3066 5964 3209 6005 novo
3269 5955 3534 6008 vocabulo
3601 5968 3743 6007 nunc
