4218 6308
513 389 620 452 807

518 509 583 560 ad
611 507 979 574 Calliopolint,
1040 508 1120 559 vel
1163 507 1331 560 alium
1366 506 1698 577 Hellespont:
1761 512 1942 562 lor-um
2019 511 2110 564 ille
2145 515 2180 570 Α
2218 509 2438 562 Achelo.

518 598 862 663 transiit-cret
884 599 906 649 ?
938 615 1038 650 cur
1075 600 1202 652 inse
1255 601 1476 668 culpam
1509 601 1672 653 tacite
1696 602 1950 654 confert."
2001 617 2098 654 cur

516 693 822 746 oscitantuc
847 693 1204 759 semetipsum
1227 703 1451 746 accusat
1475 693 1612 752 ἸξΑἰι
1643 697 1816 758 enim,
1871 695 1936 747 ad
1973 694 2097 747 Cal-

518 784 760 851 ltopolim
794 785 1168 838 transmisisse
1207 784 1496 849 Moralem,
1562 801 1590 838 a
1622 801 1731 853 quo
1796 787 2096 854 transiet-tu

519 875 927 942 ipseMuratem
983 893 1174 930 arcere
1231 877 1425 944 jussus
1486 880 1680 931 fuerat.
1735 878 1810 930 Ex
1863 881 2098 932 adverso

517 970 766 1022 scribunt
799 969 987 1034 Τοιςὶ,
1019 972 1250 1024 classem
1308 971 1553 1024 Italicam
1605 976 1656 1024 in
1689 983 1932 1041 leinpore
1959 971 2100 1025 Cal-

516 1063 760 1128 li0politn
789 1065 1082 1131 appulisse,
1127 1063 1504 1131 Muratemque
1538 1065 1912 1134 prmpediisse,
1961 1080 2100 1130 quu-

518 1155 704 1209 Ininus
758 1154 870 1210 illic
925 1157 1304 1210 transmittere
1358 1160 1618 1226 poluerit.
1685 1145 1986 1210 Audiamus
2042 1166 2098 1208 et

518 1243 845 1310 Laonicum,
875 1249 968 1316 qui
998 1263 1092 1316 per
1123 1249 1295 1301 otium
1351 1247 1630 1318 traiecisse
1654 1247 1922 1302 Moralem
1971 1263 2097 1300 nar-

517 1349 622 1399 rat,
661 1352 781 1390 cum
812 1341 1044 1391 adverso
1073 1348 1231 1392 vento
1254 1339 1448 1392 diebus
1467 1340 1678 1409 aliquot
1707 1339 1962 1402 durante,
1996 1338 2098 1391 im-

511 1431 828 1497 pedirentur
861 1431 1000 1492 Itali,
1033 1431 1330 1500 quominus
1359 1447 1424 1486 ex
1465 1433 1802 1500 Propontide
1859 1434 1910 1485 iu
1969 1432 2094 1485 llcl-

510 1521 822 1591 lesponlum
855 1535 1048 1580 contra
1084 1525 1346 1579 Muratem
1388 1528 1575 1580 venire
1606 1536 1849 1595 possent.
1880 1526 2093 1579 Interea

511 1629 638 1667 vero
665 1614 927 1668 Moralem
957 1618 1023 1668 ad
1065 1618 1259 1670 turrim
1299 1631 1537 1678 sacram,
1578 1632 1699 1684 quae
1728 1618 1782 1670 in
1844 1616 2090 1671 Asiatico

509 1707 691 1762 littore
723 1708 823 1761 sita
849 1710 1006 1762 silad
1037 1711 1488 1774 angustissimum
1529 1712 1580 1762 in
1616 1710 1950 1779 Propontide
2013 1711 2093 1764 lo-

508 1817 656 1864 cum,
695 1803 1092 1856 transmisisse.
1129 1801 1368 1858 Evcusal
1392 1804 1480 1857 hic
1503 1821 1722 1872 quoque
1752 1803 2089 1859 cardinalem

507 1894 700 1948 classis
731 1893 1072 1964 przefcclum,
1098 1905 1153 1948 el
1177 1897 1269 1948 ubi
1331 1895 1701 1963 transjecerit,
1741 1911 1837 1948 sua
1869 1895 2089 1962 quidem

508 1988 785 2054 opinione,
809 1985 1070 2053 Murates,
1098 1988 1332 2052 iudicat,
1368 1989 1472 2043 nisi
1503 1988 1650 2057 quod
1706 2003 1802 2057 per
1848 2002 2093 2042 errorem

509 2081 703 2134 scribit
739 2082 1033 2150 interpres,
1073 2085 1278 2136 laetum
1315 2084 1419 2138 hoc
1449 2084 1514 2136 ad
1549 2084 2003 2152 augustissimum
2037 2084 2092 2135 in

509 2174 838 2242 Proyontide
870 2177 1049 2229 locum
1086 2194 1097 2228 :
1139 2192 1237 2244 pro
1262 2193 1396 2245 quo,
1429 2179 1480 2230 in
1519 2177 1907 2246 Hellesponto,
1947 2177 2094 2232 dicc-

510 2282 569 2319 re
601 2268 850 2322 debebat.
875 2267 1192 2336 Bosphorus
1221 2270 1367 2321 enim
1399 2272 1691 2338 angustias
1726 2271 1910 2336 habet,
1943 2287 2091 2324 cout-

511 2358 702 2412 modas
729 2359 795 2412 ad
838 2361 1330 2428 transjiciemlum;
1381 2362 1683 2431 Pr0ponlis
1722 2379 1851 2416 vero
1889 2365 2092 2429 nudas,

512 2451 742 2520 nisiqua
775 2451 827 2503 in
861 2449 1108 2521 Ega'um
1146 2467 1299 2516 mare
1340 2471 1433 2523 per
1467 2452 1884 2525 Hellespontum
1914 2472 2094 2510 crum-

512 2559 668 2612 pcns,
701 2559 728 2595 a
766 2541 1053 2613 Calliopoli
1089 2561 1262 2613 usque
1295 2548 1361 2600 ad
1388 2561 1566 2612 arces,
1600 2564 1741 2616 quas
1793 2546 2093 2604 Dardanelo

511 2641 593 2693 los
627 2650 847 2704 vocant,
870 2641 1049 2710 spatio
1083 2642 1272 2711 viginti
1297 2654 1504 2712 Septem
1537 2644 1880 2708 milliarium,
1923 2645 1976 2695 in
2007 2660 2084 2696 at-

510 2741 622 2784 tum
642 2732 880 2801 cogitur,
915 2741 973 2784 ut
1003 2741 1163 2785 antea
1196 2734 1372 2802 rapite
1430 2745 1693 2788 notarum
1722 2735 1791 2788 24
1825 2737 2092 2791 diximus.

509 2824 568 2877 In
601 2824 700 2877 hac
732 2840 862 2892 ergo
903 2827 1283 2880 narrationum
1325 2827 1647 2882 diversitate
1704 2830 1837 2883 nihil
1870 2830 2094 2884 invenio

509 2919 868 2986 probabilius,
897 2935 1063 2988 quam
1133 2920 1279 2990 quod
1324 2923 1622 2978 annalibus
1679 2924 1764 2978 his
1809 2925 2093 2979 memoria:

509 3011 764 3078 proditur
800 3031 813 3064 :
851 3011 1120 3068 Muratcm
1164 3014 1376 3068 scilicet
1402 3015 1472 3068 ab
1501 3014 1652 3070 Italis
1681 3016 2000 3086 impeditum
2025 3018 2091 3071 ad

504 3101 873 3174 Calliopolim,
903 3122 965 3159 ea
1003 3106 1221 3166 relicta,
1250 3122 1469 3161 sursum
1497 3107 1627 3179 (non
1665 3111 1947 3170 deorsum,
2000 3111 2088 3164 ubi

505 3195 672 3249 situm
704 3207 823 3249 erat
852 3197 984 3252 illud
1027 3197 1214 3253 Diana:
1278 3199 1466 3252 fanum
1529 3204 1608 3254 vel
1667 3203 1884 3266 hieron,
1943 3197 2159 3272 quodC

506 3286 650 3339 male
675 3288 870 3340 turrim
908 3301 1122 3342 sacram
1156 3288 1390 3342 reddidit
1419 3291 1713 3359 interpres)
1749 3308 1876 3345 cum
1931 3308 2088 3347 cicer--

505 3376 616 3429 cilu
652 3391 744 3445 per
776 3377 1086 3447 B.thyuiam
1109 3379 1438 3447 profectum,
1472 3399 1502 3434 e
1528 3382 1748 3449 regione
1782 3381 2088 3447 illiusloci,

505 3483 616 3538 quo
681 3472 800 3524 loco
847 3485 993 3524 nunc
1057 3472 1201 3524 arcis
1260 3486 1410 3526 nova:
1479 3481 1756 3527 stiuctura
1810 3485 2084 3536 cernatur,

509 3575 883 3618 mercatorum
913 3564 1150 3634 navigiis
1181 3565 1230 3616 in
1282 3563 1609 3619 Romani-am
1646 3569 1760 3621 site
1796 3566 2086 3622 Thraciam

506 3657 886 3727 transiecisse.
924 3653 1060 3710 Nam
1097 3659 1223 3711 hinc
1263 3657 1562 3712 manifesto
1614 3673 1787 3727 paret.
1834 3677 1958 3713 eum
1990 3678 2088 3714 nec

506 3754 571 3805 ad
599 3750 962 3820 Calliepolim,
1003 3766 1102 3805 nec
1140 3752 1204 3804 ad
1257 3751 1631 3814 Dardanellos,
1686 3772 1784 3810 nec
1844 3757 1907 3808 ad
1950 3757 2087 3811 ullas

505 3849 640 3902 alias
685 3846 1023 3916 Hellesponti
1079 3846 1237 3918 ἀάι
1319 3850 1600 3918 angustias
1657 3861 2083 3904 transverlum:

502 3941 597 3996 sed
625 3955 788 4008 supra
813 3939 1372 4008 Constantinopolim,
1433 3957 1626 3994 versus
1665 3955 1892 4011 pontum
1922 3943 2089 3996 Euxi-

506 4034 741 4095 num,in
810 4048 872 4086 ea
927 4031 1151 4100 Bospori
1201 4041 1374 4101 parte,
1425 4050 1536 4101 qua
1573 4036 1617 4087 is
1644 4036 1956 4088 altissimus
2003 4044 2088 4089 rst

504 4130 646 4183 inter
673 4129 855 4182 Asiam
887 4135 938 4181 el
966 4126 1260 4196 Europam,
1302 4137 1355 4180 et
1393 4128 1481 4181 ubi
1545 4137 1834 4197 propterea
1892 4144 2084 4182 novam

503 4239 685 4277 arcem
722 4219 1081 4290 (Neocaswon
1135 4221 1308 4275 Gra‘ci
1364 4231 1582 4286 vocant,
1634 4234 1690 4277 ut
1749 4225 1910 4291 paulo
1967 4233 2088 4292 post

503 4317 908 4383 dicetllrt‘apitc
938 4313 1060 4375 P28,
1105 4311 1170 4366 ad
1228 4329 1398 4367 unutn
1429 4330 1592 4383 snpra
1621 4315 2086 4387 Constantinpo-

507 4409 597 4459 lim
627 4407 862 4460 tnilliare
889 4405 1302 4472 Germanicum)
1329 4405 1557 4459 Muralis
1581 4407 1725 4462 filius
1764 4409 2079 4466 liluchenlc-

505 4510 584 4554 tes
608 4500 901 4562 exstruxit,
932 4511 989 4551 ut
1017 4499 1105 4550 hic
1139 4514 1203 4551 ex
1259 4499 1386 4552 Asia
1420 4500 1471 4553 in
1510 4499 1802 4568 Europam,
1839 4504 1921 4558 vel
2006 4507 2075 4560 vi-

1752 393 2076 454 Jt).\NNlS
2117 388 2588 451 LEUNCLAVII

3688 387 3794 449 808

2510 506 2740 559 Barnatn
2789 504 3035 555 sei-ibunt
3097 503 3556 572 tlbalcomndylis
3613 502 3789 556 inter--

2205 608 2408 669 prcles,
2439 608 2492 650 et
2525 599 2666 668 apud
2708 597 3004 652 Cedrinum
3043 606 3154 647 tum
3203 594 3459 658 llaruam,
3497 604 3612 647 tum
3654 594 3786 647 Bar-

2208 709 2305 746 nas
2337 709 2566 748 numero
2596 692 2965 746 multitudinis
2989 731 3002 754 ,
3067 690 3427 745 doctissimus
3479 688 3786 757 Xylander,

2208 786 2387 844 nobis,
2416 786 2545 837 dum
2585 785 2812 848 viveret,
2865 782 3258 835 amicissimus.
3297 781 3375 834 Ad
3433 778 3668 842 Varnas,
3709 781 3785 832 ait

2203 876 2499 938 Cedrinus,
2529 889 2710 930 castra
2737 877 2955 944 Bulgari
2986 885 3309 943 pOsttertttll.
3346 872 3503 936 Item,
3526 873 3788 929 Catacan

2205 971 2408 1038 (inquit
2441 968 2735 1033 Cedrinus)
2768 967 2999 1020 sitarum
3037 967 3104 1018 ad
3141 964 3341 1018 Istrum
3379 965 3594 1018 urbium
3639 964 3787 1016 loco-

2204 1075 2435 1131 rumque
2466 1076 2692 1129 pra-ses,
2716 1077 2841 1114 cum
2874 1060 3066 1114 "ossis
3090 1060 3424 1113 occurrisset
3445 1057 3602 1126 juxta
3632 1059 3786 1112 littus

2207 1153 2420 1218 Varna',
2445 1168 2608 1223 quam
2638 1155 2709 1208 ita
2747 1162 2964 1217 vocant,
2995 1168 3329 1220 tusnumque
3380 1153 3782 1210 coostruissct,

2201 1263 2298 1300 eos
2337 1249 2388 1300 in
2425 1247 2606 1314 fugant
2652 1248 2784 1316 egit.
2825 1247 2922 1299 llic
2957 1246 3158 1300 littoris
3204 1244 3501 1298 Varnensis
3545 1245 3601 1296 fit
3633 1259 3787 1296 men-

2200 1345 2300 1403 tio,
2343 1341 2713 1396 Callimachus
2743 1342 2908 1396 etiam
2958 1344 3142 1393 sinunt
3200 1343 3372 1393 matis
3407 1349 3462 1392 et
3501 1349 3780 1407 stagnum,

2202 1433 2483 1486 Boutiuius
2516 1434 2765 1502 paludem
2799 1435 3072 1488 nominat.
3124 1433 3246 1488 ΙΙεο
3280 1433 3630 1502 pactionibus
3664 1430 3784 1497 regi

2204 1523 2476 1580 Vladislao
2511 1527 2691 1580 dedita
2726 1527 2848 1590 fuit,
2884 1537 2936 1580 ut
2971 1526 3194 1594 scripsit
3228 1524 3545 1578 Laonicus:
3598 1522 3784 1576 Calla-

2201 1635 2292 1672 rra
2333 1635 2457 1672 vero
2509 1619 2554 1670 vi
2607 1629 2788 1688 capta,
2857 1619 3019 1686 cujus
3053 1619 3140 1671 hic
3181 1619 3234 1671 in
3289 1617 3578 1670 annalibus
3633 1614 3785 1667 nulla

2201 1715 2424 1768 mentio.
2460 1714 2742 1768 Bonfinius
2781 1724 2965 1768 tamen
2999 1729 3116 1768 rant
3153 1714 3378 1768 silentio
3422 1727 3528 1765 non
3563 1721 3785 1780 praeter-

2202 1806 2305 1866 iit,
2367 1814 2422 1859 ct
2474 1807 2614 1860 male
2659 1804 2990 1858 Callacriuni
3052 1803 3275 1874 scripsit
3329 1819 3345 1854 :
3402 1816 3600 1854 nomen
3680 1797 3789 1849 hoc

2199 1899 2404 1950 addens
2429 1897 2631 1965 oppido
2661 1898 2876 1961 datum,
2932 1912 2960 1950 a
2986 1896 3162 1952 Gallis
3191 1909 3253 1948 ex
3312 1894 3464 1956 Asia,
3506 1908 3562 1946 re
3599 1889 3786 1944 infeli-

2205 1989 2345 2042 citer
2375 2000 2550 2058 gesta,
2591 1992 2832 2045 reversis
2875 2006 2890 2042 :
2923 1997 2981 2042 ιιι
3011 1987 3346 2042 Callaerium
3405 1985 3563 2054 quasi
3599 1982 3788 2037 Calla-

2198 2083 2375 2136 crium
2407 2085 2708 2139 diceretur.
2767 2083 2935 2152 Atqui
2961 2083 3214 2136 Caliacra
3248 2082 3520 2152 significat
3575 2079 3786 2132 Graecis

2200 2173 2405 2229 bouutu
2435 2176 2522 2229 vel
2575 2176 2797 2244 elegans
2847 2175 3308 2245 promontorium.
3372 2171 3544 2226 Mario
3593 2168 3784 2237 Nigro,

2199 2266 2520 2320 hodiernam
2588 2265 2912 2321 Graecorum
2979 2267 3480 2336 promtutiatioucm
3537 2273 3781 2326 seculo.

2197 2360 2487 2415 Chaliacra
2527 2374 2776 2416 vocatur.

2422 2474 2541 2530 H4.
2572 2475 2761 2547 Pugna
2815 2475 3121 2542 Varnemis,
3154 2475 3296 2531 Cara
3327 2474 3568 2530 Micltaif.

2272 2591 2386 2645 lloc
2421 2594 2608 2661 praelio
2644 2592 2954 2647 Vladislaus
2987 2609 3076 2646 rex
3123 2605 3400 2662 pugnasse
3455 2592 3660 2645 dicitur
3712 2593 3783 2644 ab

2201 2702 2309 2739 UtIO
2360 2686 2552 2750 latere,
2591 2686 2674 2739 vel
2726 2688 3030 2741 secundum
3077 2685 3405 2748 Laonicum,
3465 2687 3521 2739 in
3585 2685 3784 2739 dextro

2198 2796 2368 2833 cornu
2403 2798 2414 2832 :
2447 2778 2590 2832 Cara
2623 2782 2736 2834 sive
2759 2778 2924 2846 Niger
2951 2781 3180 2835 Michael
3208 2781 3262 2835 in
3291 2782 3542 2845 sinistro,
3575 2781 3642 2835 de
3669 2795 3783 2852 quo

2199 2883 2379 2926 latuen
2435 2873 2582 2924 aliud
2635 2885 2896 2941 praetcrea
2964 2873 3098 2925 nihil
3167 2874 3447 2928 memoria:
3501 2875 3781 2942 proditum

2200 2966 2433 3032 reperio.
2481 2965 2768 3018 Botifiuius
2799 2965 2991 3020 eadem
3025 2969 3090 3019 de
3132 2965 3300 3036 Nigro
3336 2965 3602 3022 Michaele
3626 2983 3781 3021 eom-

2199 3066 2486 3118 memorat,
2541 3073 2603 3111 ac
2644 3059 2846 3111 diserte
2907 3059 3214 3126 protilelur,
3275 3075 3339 3114 ex
3379 3060 3685 3116 Tureorum
3720 3077 3780 3117 se

2201 3151 2606 3205 narrationibus
2661 3153 2750 3204 illa
2809 3163 3075 3219 repetere.
3140 3169 3206 3206 no
3274 3155 3497 3208 verlrulo
3552 3156 3773 3224 quidem

2197 3244 2498 3309 attingens,
2529 3245 2655 3311 quis
2687 3243 2851 3298 fuerit
2899 3243 2998 3296 iste
3059 3241 3314 3295 Michael.
3353 3242 3632 3297 Laonieus
3666 3249 3767 3306 ait,

2196 3335 2370 3389 Dacos
2425 3337 2474 3388 in
2523 3338 2752 3391 sinistro
2793 3353 3026 3392 curasse
3059 3354 3255 3404 cornu,
3293 3339 3492 3406 quibtts
3542 3339 3776 3394 fortasse

2195 3428 2422 3482 Michael
2464 3428 2704 3499 'Ialagius
2741 3441 2990 3500 prater-at,
3023 3432 3183 3501 cujus
3212 3446 3460 3486 SOI'uer
3498 3431 3776 3487 liuniadcs

2195 3523 2429 3574 habebat
2473 3541 2520 3574 Ill
2578 3525 2953 3577 matrimonio.
3011 3521 3279 3592 Equidem
3331 3527 3497 3580 alium
3530 3527 3779 3580 divinare

2195 3611 2535 3678 Μιι-Ιιιιειριη,
2573 3614 2622 3666 id
2661 3615 2925 3683 temporis
2975 3613 3117 3686 apud
3182 3613 3431 3685 [iurgares
3477 3616 3776 3680 celebrem,

2194 3721 2300 3758 non
2329 3720 2574 3774 possunt.

2196 3839 2321 3894 115.
2351 3838 2572 3893 Laonici
2607 3844 2752 3894 lorus
2779 3842 3086 3895 emendatus
3110 3853 3157 3896 ct
3184 3845 3474 3911 eIpOsfllts.
3499 3843 3774 3908 Claust'lar,

2871 3913 3038 3966 l’itezi
3051 3953 3062 3965 .

2265 4025 2321 4078 In
2361 4025 2537 4092 primo
2569 4023 2823 4079 conflictu
2847 4041 3021 4081 ca-sus
3056 4027 3224 4081 fuisse
3259 4026 3500 4082 refertur
3524 4044 3589 4082 ex
3624 4040 3778 4099 parte

2192 4117 2420 4170 Muralis
2475 4117 2745 4171 Anatolio:
2821 4119 3200 4187 brglerbegus.
3279 4123 3775 4191 llancinlerempli

2191 4213 2462 4264 Aoatolite
2502 4213 2809 4281 beglerbegi
2873 4213 3105 4279 gloriam
3163 4212 3434 4268 Laonicus
3506 4215 3775 4275 Huuiadi,

2190 4301 2497 4357 fortissimo
2526 4303 2675 4365 duci,
2714 4306 2926 4357 tribuit.
2967 4306 3081 4357 Hoc
3118 4317 3296 4359 autem
3331 4306 3452 4359 loco
3497 4304 3774 4360 facturunt

2192 4411 2280 4450 me
2311 4406 2544 4465 pretium
2601 4412 2781 4463 opera.-
2825 4413 3005 4466 spero.
3051 4398 3095 4450 si
3136 4398 3299 4451 verba
3333 4387 3582 4469 quaetlain
3641 4400 3682 4454 L
3717 4417 3776 4456 οδ

2194 4490 2304 4543 uiri
2347 4492 2548 4558 partim
2585 4501 2872 4557 corrupta,
2906 4494 3101 4559 partim
3169 4493 3426 4557 obscura,
3480 4498 3778 4548 restituero

503 4594 687 4646 rissim
716 4607 780 4645 ex
804 4592 1017 4662 Europa
1049 4591 1102 4644 in
1129 4592 1312 4645 Asiani
1335 4594 1632 4662 transjertu
1658 4595 1801 4650 facili
1828 4613 1890 4653 ac
1914 4600 2086 4667 brevi,

2197 4597 2246 4636 et
2276 4583 2649 4637 illustravero.
2680 4584 2751 4637 Ea
2798 4600 2926 4635 vero
2980 4594 3086 4638 tam
3123 4586 3261 4652 apud
3295 4584 3576 4646 Latinum,
3608 4597 3775 4655 quam

503 4687 721 4756 quoties
754 4686 1028 4751 libuisset,
1102 4687 1321 4739 nemine
1373 4689 1716 4756 prohibente,
1780 4707 2090 4747 cumexer-

502 4781 613 4833 cilu
644 4790 826 4849 posset
857 4779 1250 4832 transmittere.
1310 4780 1584 4849 Quidquid
1612 4781 1757 4834 dicat
1787 4782 2088 4851 Laonicus,

503 4874 765 4944 quidquid
805 4872 1098 4941 scripsisse
1126 4872 1484 4934 cardinalem,
1540 4877 1680 4928 male
1709 4876 1960 4932 fortassis
2021 4883 2089 4933 ab

504 4968 950 5034 exploratoribus
984 4965 1335 5026 instructum,
1385 4965 1669 5021 Boulinius
1695 4980 1944 5035 asserat,
1977 4973 2089 5026 ha‘c

513 5062 696 5129 potius
727 5075 829 5127 ego
856 5074 979 5109 tera
1013 5067 1165 5125 puto.

651 5152 772 5205 “3.
818 5149 1016 5213 Vat-na,
1049 5148 1311 5216 Stagnum
1345 5148 1631 5215 Vornense,
1675 5152 1942 5206 (Totidem.

575 5243 783 5298 Civitas
824 5256 906 5295 est
947 5243 1013 5295 ad
1063 5245 1237 5296 l'ontu
1268 5261 1293 5290 ιι
1356 5244 1628 5297 liuxinum
1671 5246 1867 5311 \arna,
1921 5262 2085 5315 quam

503 5337 746 5392 Ortelius
798 5338 1062 5391 Odessnm
1135 5337 1350 5403 priscis,
1421 5340 1502 5391 vel
1558 5338 1831 5407 Odyssum
1879 5342 2083 5394 dictam

505 5431 691 5494 tradit,
747 5429 840 5482 alii
891 5428 1308 5499 Dionysopolim
1356 5429 1589 5481 faciunt.
1638 5433 1937 5484 Anchialos
1968 5446 2087 5485 esse

504 5526 570 5577 dc
599 5524 758 5577 Curci
793 5532 1063 5578 sententia
1099 5523 1306 5591 nequit,
1337 5538 1457 5575 cum
1485 5540 1545 5576 ea
1576 5535 1854 5590 superstes
1882 5526 2086 5580 Achelo

505 5629 653 5666 nunc
683 5614 916 5675 dicatur,
955 5614 1174 5664 nomine
1206 5628 1315 5665 non
1352 5614 1645 5666 admodum
1685 5620 1913 5669 recenti.
1957 5617 2083 5669 Nam

507 5720 555 5760 et
581 5707 816 5760 Cedriuo
845 5707 1145 5760 Acheloum
1187 5717 1433 5770 vocatur,
1470 5722 1515 5761 ct
1555 5709 1696 5777 apud
1762 5707 2083 5777 Symeonem

507 5813 829 5870 magistrum
881 5802 1186 5853 officiorum
1240 5803 1289 5850 ii.
1335 5802 1560 5853 historia
1627 5801 1864 5855 net-dum
1941 5803 2085 5855 edita

511 5897 733 5964 legitur,
772 5894 1097 5949 Anchialum
1136 5895 1430 5949 recentiori
1487 5896 1751 5950 vocabulo
1812 5897 2082 5950 nominati

2199 4674 2465 4730 Gallicum
2532 4677 2911 4744 interpretem,
2951 4677 3268 4744 huiusmodi
3297 4688 3428 4732 sunt
3465 4696 3477 4728 :
3533 4677 3776 4734 Joannes

2191 4766 2487 4820 Chouiatcs
2512 4767 2720 4822 habens
2757 4766 2996 4830 Phazon,
3038 4771 3087 4820 id
3124 4781 3208 4822 cst
3235 4785 3332 4823 eos
3369 4771 3464 4840 qui
3492 4768 3773 4825 Bitaxides

2195 4869 2482 4922 vocantur,
2548 4859 2660 4912 ibat
2709 4859 2764 4912 in
2808 4862 2951 4913 Asia:
2985 4862 3205 4914 ducem.
3264 4859 3472 4930 Opinor
3506 4861 3774 4916 aliishaec

2196 4952 2505 5020 legentibus
2541 4952 2682 5005 idem
2714 4952 2988 5014 accidere,
3025 4955 3169 5022 quod
3219 4953 3379 5007 initio
3428 4954 3560 5006 tnihi
3598 4955 3773 5008 conti-

2193 5048 2336 5114 gisse
2360 5046 2603 5098 memini.
2660 5045 2931 5098 Nimirum
2972 5055 3278 5099 monstrum
3323 5047 3596 5113 quoddam
3628 5049 3776 5102 arbi-

2195 5140 2377 5193 trabar
2422 5153 2543 5191 esse
2577 5137 2816 5203 Phazen,
2852 5154 2914 5192 ex
2951 5154 3063 5207 quo
3115 5153 3224 5191 uno
3271 5154 3393 5193 mox
3445 5143 3631 5210 plures
3680 5157 3776 5200 ne—

2191 5233 2303 5285 scio
2342 5232 2433 5296 qui
2471 5231 2768 5290 Bitaxiiles,
2803 5233 2949 5284 velut
2975 5248 3040 5286 ex
3075 5249 3219 5302 equo
3269 5232 3510 5301 Trojano
3545 5235 3768 5300 prodi»

2194 5328 2321 5378 iiut.
2359 5325 2433 5376 Ne.
2465 5327 2669 5379 diutius
2694 5327 2911 5380 avidum
2945 5327 3168 5382 lectoris
3198 5330 3444 5382 animum
3470 5330 3769 5390 detineam.

2192 5421 2313 5472 dico
2343 5421 2420 5471 sic
2459 5421 2559 5472 ista
2591 5419 2816 5484 legenda
2851 5435 2863 5470 :
2917 5419 3155 5475 Joannes
3211 5421 3511 5477 Choniates
3566 5422 3775 5481 habens

2192 5529 2377 5566 secum
2408 5514 2637 5574 Chazes,
2676 5514 2725 5565 id
2759 5520 2842 5564 est
2892 5529 2985 5567 cos
3019 5515 3112 5582 qui
3175 5513 3445 5570 \‘itelth-s
3481 5529 3771 5581 vorantur,

2195 5609 2304 5658 ibat
2335 5623 2386 5658 ιιι
2414 5608 2556 5657 Asia:
2585 5607 2801 5657 ducem.
2823 5605 2953 5670 Qua:
2987 5607 3150 5659 verba
3183 5607 3353 5660 lector
3395 5620 3451 5662 ut
3484 5610 3771 5681 intelligat,

2193 5699 2384 5754 Turcis
2416 5699 2584 5752 Chazi
2630 5699 2775 5752 norit
2825 5699 3138 5766 significare
3175 5710 3459 5754 strenuum
3519 5704 3773 5769 militem,

2191 5811 2309 5864 quae
2338 5811 2437 5847 vos
2469 5809 2700 5847 numero
2729 5793 3096 5846 multitudinis
3121 5793 3376 5848 Chazilar
3419 5795 3501 5849 eis
3526 5797 3773 5860 effertur,

2192 5891 2398 5947 ercis
2435 5890 2667 5955 (ltiazes,
2731 5889 2832 5944 hoc
2882 5896 2990 5954 est,
3037 5889 3247 5943 strenui
3314 5890 3534 5944 milites.
3608 5890 3774 5944 tidem
