4204 6300
460 429 563 492 809

1607 432 1755 493 PAN
1768 406 2027 493 msch
2045 430 2246 493 HIST.
2284 430 2579 493 TURCIC.

3601 431 3705 493 810

460 558 590 597 vero
623 544 806 616 lingua
866 545 1136 617 Ungarica
1199 545 1461 600 dicuntur
1495 544 1668 607 Vitez,
1714 559 1771 602 ut
1804 546 2024 600 Gvrma-
2053 551 2103 606 Α
2132 546 2258 599 vt-lit
2290 562 2305 599 :
2335 545 2498 600 anci
2534 562 2663 599 veto
2697 544 2993 599 Chezcrem
3027 547 3334 599 nominent.
3363 546 3515 613 Quod
3547 554 3703 617 prius

459 634 578 686 nica
610 632 938 693 Ritterslettt.
992 638 1065 692 Ex
1108 640 1212 692 hoc
1249 648 1428 692 autem
1486 637 1633 692 Vlltl
1685 641 2025 692 tlhalcocon—

457 723 609 795 dyles
658 741 808 782 more
857 729 1046 785 Graeco
1075 729 1333 788 formavit
1366 730 1666 788 Vitezides.
1712 731 1827 785 Hoc
1870 728 2030 782 modo

458 817 591 873 nihil
644 818 698 872 in
739 818 964 876 Lsoniei
1029 824 1210 880 verbis
1255 827 1477 883 obscuri
1535 834 1723 881 restat.
1787 821 2031 876 Gallicus

458 909 730 980 interpres
755 910 1149 984 [legarit-arum
1195 934 1379 974 rerum
1428 920 1736 989 imperitus,
1770 916 1878 970 alio
1908 916 2029 970 loco

462 999 733 1060 Bitczides
758 1020 881 1061 cum
918 1006 1180 1065 llnssaris
1231 1011 1549 1073 confundit.
1594 1011 1688 1078 qui
1722 1009 1858 1064 levis
1888 1006 2027 1076 apud

461 1091 717 1164 Ungaros
759 1109 1059 1156 armaturae
1122 1116 1256 1157 sunt
1305 1103 1546 1175 equites.
1594 1105 1784 1158 Solent
1842 1111 2029 1155 autem

458 1194 771 1265 huiusmodi
816 1194 1088 1253 Chazilari
1120 1206 1176 1251 et
1222 1195 1395 1253 Vitezi
1448 1207 1557 1253 tam
1608 1200 1752 1268 apud
1792 1198 2028 1263 Turcos,

456 1302 621 1358 quam
680 1287 971 1359 Ungaros,
1037 1290 1241 1346 habere
1295 1303 1478 1346 certas
1526 1294 1791 1361 quasdam
1846 1301 2030 1354 notas,

464 1381 666 1451 quibus
689 1381 791 1450 ipsi
821 1396 933 1451 pra
963 1385 1183 1438 caeteris
1224 1384 1494 1440 militibus
1522 1383 1812 1451 conspicui
1850 1395 1975 1437 sunt
2012 1401 2024 1434 :

456 1482 515 1527 et
544 1474 596 1526 in
629 1474 822 1536 primis
856 1482 937 1527 tot
966 1483 1185 1543 gestant
1206 1473 1498 1529 urticarum
1521 1474 1574 1527 in
1599 1476 1775 1542 capite
1800 1489 2030 1542 pennas,

455 1579 586 1635 qum
620 1566 808 1621 hostes
840 1566 923 1619 vel
950 1567 1003 1620 ιιι
1034 1565 1256 1635 prtelils,
1310 1568 1393 1619 vel
1427 1566 1645 1625 duellis,
1672 1582 1791 1634 qua:
1814 1566 2032 1628 utrique

456 1655 608 1724 genti
654 1656 1107 1726 frequentissima
1166 1666 1321 1718 sunt,
1378 1657 1728 1711 occiderunt.
1768 1655 1861 1711 His
1901 1670 2031 1723 ergo

457 1746 726 1801 militibus
780 1748 1024 1801 strenuis
1074 1747 1311 1816 stipatus
1368 1743 1692 1811 Hnniadcs,
1758 1745 2030 1802 Anatolite

455 1838 838 1910 beglerbeguut
866 1839 1090 1903 invasit,
1128 1851 1182 1895 et
1217 1856 1339 1893 cuin
1368 1840 1485 1895 suis
1516 1839 1745 1893 occidit.

455 1952 582 2008 HG.
617 1953 866 2007 Precibus
897 1954 1121 2009 Muralis
1149 1964 1355 2007 imitata
1405 1955 1574 2017 pra-lii
1609 1955 1795 2020 facies.
1860 1951 2026 2004 Inan-

627 2026 799 2079 ditunt
826 2027 1015 2095 pignus
1046 2026 1172 2094 ﬁdei
1209 2042 1367 2079 causa
1412 2025 1613 2077 illm-nti
1645 2025 1849 2077 datum.

454 2172 457 2173 ,
526 2114 644 2169 Non
688 2135 716 2170 ιι
747 2116 950 2172 Turcis
991 2120 1372 2171 tantummodo
1426 2118 1702 2170 memoriae
1757 2116 2027 2183 proditum

452 2220 558 2272 est,
589 2208 949 2262 constitutum
1003 2210 1056 2262 in
1106 2210 1346 2261 tuasimo
1407 2208 1727 2261 discrimine
1758 2207 2026 2261 Horati-in

455 2302 721 2358 auxilium
792 2301 1017 2357 coalitus
1072 2300 1418 2370 implorasse,
1495 2316 1682 2353 verum
1738 2299 1905 2353 etiam
1961 2307 2029 2353 ab

457 2395 738 2449 historicis
788 2393 1121 2449 Christianis
1196 2393 1339 2447 idem
1399 2394 1631 2447 relatum
1683 2392 1739 2446 in
1793 2392 2028 2453 litteras,

454 2502 690 2556 quorum
719 2486 889 2555 aliqui
914 2500 1027 2540 rem
1066 2501 1175 2539 non
1209 2493 1416 2541 temere
1443 2485 1665 2539 silentio
1701 2492 2029 2551 praetereun-

455 2580 578 2632 dam
636 2584 895 2647 produnt.
941 2577 1154 2647 Quippe
1207 2586 1697 2639 commemorant,
1766 2586 2030 2644 poscente

455 2668 667 2723 Murate
690 2676 900 2724 certum
931 2667 1152 2736 aliquod
1178 2680 1210 2721 ι
1249 2665 1520 2720 Vladislao
1582 2682 1705 2735 rrge
1746 2668 1897 2733 pacis
1946 2665 2030 2718 iti-

454 2760 791 2815 violnbiliter
851 2758 1213 2812 observanda:
1267 2755 1662 2811 documentum
1701 2797 1717 2819 ,
1797 2756 2029 2826 prolatio

453 2852 620 2924 “2
660 2853 1028 2920 quorumdam
1062 2849 1296 2907 consilio
1325 2849 1582 2904 traditam
1618 2848 1670 2904 ei
1704 2848 1877 2905 fuisse
1903 2850 2031 2904 hos-

459 2947 614 3007 tiam,
650 2943 1024 2997 ecclesiastico
1065 2942 1173 2997 ritu
1230 2950 1610 2997 consecratam
1644 2959 1659 2995 :
1708 2956 1777 2996 ne
1817 2941 2030 2996 scilicet

459 3038 573 3090 ullo
604 3038 765 3090 modo
787 3036 855 3090 de
882 3035 985 3092 llde
1024 3034 1417 3102 voluntatequc
1455 3033 1621 3103 regis.
1663 3042 1893 3103 accepto
1917 3043 2027 3086 tam

454 3136 689 3196 augusto
724 3128 979 3197 pignore,
1011 3126 1310 3181 dubitaret.
1344 3122 1536 3178 Postea
1568 3138 1696 3178 vero
1740 3124 2029 3193 perturba-

454 3226 528 3277 tis
557 3226 644 3294 (ut
668 3224 899 3290 dictum)
942 3221 1197 3285 induciis,
1223 3237 1347 3274 enni
1386 3221 1451 3273 ad
1484 3236 1635 3272 arma
1670 3220 1902 3273 deducta
1941 3234 2028 3273 res

454 3324 628 3380 esset,
655 3331 721 3370 ac
741 3316 933 3386 praclio
967 3313 1229 3368 Varnensi
1270 3314 1427 3368 caesis
1458 3315 1511 3365 in
1571 3321 1808 3381 utroque
1854 3327 2025 3365 cornu

455 3407 756 3470 Iluratais,
792 3408 848 3463 in
894 3416 1146 3461 extremo
1185 3420 1271 3460 res
1339 3402 1648 3459 Turcorum
1706 3402 2028 3458 discrimine

453 3510 810 3556 versarentur
837 3513 855 3553 ε
888 3499 1155 3555 Ιίιιηωιιι
1182 3515 1213 3555 e
1241 3499 1365 3554 sinu
1416 3499 1622 3567 prolata
1688 3496 2029 3552 Christiano-

456 3610 582 3649 rum
610 3594 810 3659 hostia.
855 3602 911 3649 et
933 3595 1134 3649 erectis
1166 3593 1232 3648 ad
1265 3594 1465 3649 coelum
1512 3594 1710 3655 oculis,
1751 3594 1805 3646 in
1839 3592 2029 3662 hujus-

459 3685 610 3740 modi
644 3686 892 3755 quaedam
931 3684 1251 3755 prorupisse
1292 3685 1454 3739 verba
1486 3700 1502 3740 :
1533 3683 1771 3749 Christe,
1807 3682 1852 3737 si
1890 3685 2030 3737 Deus

454 3794 541 3845 es,
583 3789 645 3833 ut
672 3777 967 3833 Christiani
1000 3778 1078 3831 tui
1103 3778 1170 3832 de
1207 3788 1259 3830 te
1288 3777 1597 3846 perhibent,
1634 3778 1847 3829 vindica
1868 3778 2033 3845 perti-

456 3872 603 3925 diam
627 3879 871 3936 tuorum,
901 3869 996 3940 qui
1035 3880 1088 3922 te
1119 3870 1252 3924 mihi
1302 3868 1505 3923 dedere
1546 3868 1782 3939 pignori.
1829 3868 2031 3921 nihilo-

462 3976 572 4032 que
619 3962 805 4018 minus
861 3962 998 4016 adeo
1050 3961 1304 4030 religiose
1366 3962 1634 4016 saucium.
1689 3975 1875 4029 νειειτιιι
1936 3974 2032 4029 per

461 4066 741 4109 summum
782 4052 960 4108 scelus
983 4050 1278 4106 violarunt.
1301 4049 1512 4117 Quibus
1535 4049 1590 4104 iii
1634 4049 1778 4104 hunc
1808 4048 2029 4104 modum

463 4148 535 4202 ab
564 4146 686 4216 ipso
710 4146 941 4218 prolatis
969 4160 1032 4200 ea
1072 4144 1287 4200 scilicet
1314 4144 1625 4206 evenerint,
1657 4158 1779 4213 qua:
1826 4150 1932 4193 tam
1964 4144 2033 4196 ab

460 4241 739 4305 hostibus,
788 4254 951 4309 quam
1010 4253 1043 4291 a
1093 4237 1296 4293 nostris
1363 4242 1682 4291 recitantur.
1750 4232 2034 4302 Philippus

460 4338 644 4387 tamen
680 4330 1052 4385 Callinnehus
1084 4330 1224 4382 hanc
1262 4342 1373 4381 rem
1424 4336 1532 4381 tam
1583 4336 1799 4380 secreto
1828 4325 2034 4378 referre

460 4421 679 4476 videtur
701 4432 904 4485 actam,
938 4420 1075 4473 nihil
1106 4432 1165 4473 ut
1190 4418 1327 4474 certi
1357 4422 1426 4475 de
1456 4418 1659 4473 tradito
1688 4416 1781 4471 tali
1806 4415 2032 4485 pignore

456 4517 620 4588 vulgo
638 4523 937 4569 constaret.

461 4629 586 4685 “7.
610 4626 824 4690 Chaer.
849 4636 899 4681 et
920 4625 1107 4680 Clteter
1118 4626 1416 4697 tumidam.
1437 4622 1721 4697 Yledislao
1742 4623 1849 4692 regi
1869 4628 2026 4688 caput
2065 4592 2108 4646 θ

809 4707 1072 4763 amputat.
1109 4694 1387 4761 Elpiorum
1418 4695 1650 4763 familia.

531 4788 771 4846 Narrant
794 4789 1038 4845 Annales
1077 4790 1125 4843 ei
1154 4794 1249 4858 qui
1288 4785 1563 4841 Vladislao
1594 4787 1705 4857 regi
1757 4795 2029 4856 prostrato

458 4891 625 4951 caput
649 4880 969 4948 ainputarit,
1003 4888 1058 4934 ct
1098 4879 1294 4934 Murati
1320 4879 1599 4940 obtulerit,
1629 4892 1829 4931 nomen
1860 4878 2028 4930 fuisse

456 4972 665 5030 Cheser
698 4971 823 5039 beg,
883 4969 1252 5037 eamdemque
1303 4979 1488 5023 natum
1535 4984 1599 5021 ex
1656 4966 1810 5035 Elpia
1857 4968 2027 5022 fuisse

460 5065 693 5119 familia.
767 5060 1232 5131 Chalcmzondyles
1291 5072 1472 5113 autem
1524 5060 1766 5127 scripsit,
1825 5074 2023 5111 nmnen

460 5158 772 5226 peregrino.
800 5156 894 5221 qui
930 5153 1127 5207 Murali
1156 5164 1320 5220 caput
1351 5151 1667 5221 interempti
1704 5153 2024 5205 Pannonuni

460 5249 606 5317 regis
632 5246 877 5299 attulerit
908 5244 1080 5297 luisse
1104 5241 1368 5296 'l‘lierizes
1404 5258 1419 5296 :
1447 5242 1542 5310 qui
1568 5241 1785 5295 virtutis
1816 5240 2028 5309 insigne

460 5341 747 5409 praemium
774 5354 805 5391 a
833 5353 957 5407 rege
976 5346 1307 5392 consecutus
1326 5336 1421 5391 sit.
1447 5334 1546 5389 Hic
1567 5334 1708 5388 inter
1730 5348 1791 5388 se
1811 5333 2025 5387 diversa

459 5436 571 5489 duo
631 5434 850 5488 recitari
898 5430 1169 5485 videmus.
1225 5428 1470 5483 Primum
1522 5438 1632 5489 est.
1676 5425 2026 5496 peregrinum

460 5523 701 5578 Laonico
736 5522 928 5585 fuisse,
975 5521 1070 5591 qui
1119 5530 1285 5589 caput
1315 5519 1461 5591 regis
1493 5519 1761 5581 attulerit,
1813 5518 1919 5569 hoc
1943 5525 2026 5567 est

456 5616 700 5684 Azepuni
743 5614 859 5668 sive
908 5618 1143 5681 peditem
1181 5610 1631 5679 stipendiarium,
1666 5623 1765 5677 pro
1785 5624 1895 5675 quo
1930 5610 2024 5660 be-

460 5727 587 5779 gum
621 5717 921 5778 posuerunt
953 5704 1217 5757 Annales.
1253 5701 1316 5755 Et
1354 5705 1615 5771 begorum
1648 5699 1868 5753 nomine
1903 5714 2028 5767 pro.

462 5817 618 5856 ceres
642 5801 784 5869 apud
810 5801 1021 5852 'l‘urcus
1068 5797 1430 5864 appellantur.
1465 5793 1734 5856 Alterum,
1787 5792 2028 5844 nominis

463 5895 635 5965 ipsius
654 5891 1038 5961 discrepantia,
1064 5904 1187 5943 cuni
1203 5887 1293 5943 ille
1319 5886 1607 5941 Therizem
1629 5883 1832 5939 dictum
1855 5882 2028 5938 fuisse

779 5992 1051 6052 Ινιιτιιοιι.
1098 5990 1214 6047 Gn.
1252 5981 1453 6044 CLIX.

2135 638 2352 702 attinet,
2400 641 2580 708 potius
2628 640 2883 706 equidem
2933 639 3131 693 'l‘ureis
3187 639 3497 695 habendam
3538 644 3697 696 tidem

2131 730 2390 793 arbitror.
2428 742 2483 785 ut
2506 748 2571 783 ex
2598 746 2883 799 procerum
2936 748 3170 785 numero
3199 732 3369 786 fuisse
3418 737 3698 801 credatur,

2132 823 2223 892 qui
2256 821 2535 892 Elpiorum
2575 822 2780 878 latiiilia
2818 834 2980 877 natus
3016 834 3155 877 erat.
3188 822 3338 880 lianc
3369 826 3514 879 enim
3544 829 3700 880 initio

2131 914 2523 970 declarationis
2553 917 2717 985 hujus
2762 915 2933 970 videri
2964 917 3214 970 eamdem
3248 932 3374 971 esse
3402 932 3527 972 cum
3552 916 3698 989 Ogu-

2132 1005 2236 1067 zia,
2269 1008 2603 1060 monuimus.
2636 1007 2686 1060 ls
2722 1022 2856 1076 ergo
2883 1009 2995 1077 regi
3029 1018 3191 1077 caput
3218 1010 3549 1077 amputavit,
3577 1026 3700 1064 cum

2131 1097 2272 1150 alios
2308 1097 2533 1167 quidam
2565 1113 2631 1153 ex
2666 1107 2971 1168 Achorum
3003 1102 3119 1153 sive
3162 1100 3404 1167 peditum
3445 1119 3699 1167 numero.

2132 1185 2320 1239 incisis
2369 1188 2492 1255 equi
2546 1187 2677 1256 regii
2715 1188 3055 1250 temlinibus,
3087 1205 3212 1243 cum
3247 1207 3369 1244 cum
3421 1192 3542 1261 ipso
3575 1208 3703 1262 rege

2133 1275 2283 1329 httmi
2330 1281 2744 1345 prostravisst-t,
2775 1291 2833 1332 ut
2865 1279 3031 1333 Turci
3066 1281 3333 1337 referunt.
3389 1283 3447 1337 In
3483 1286 3704 1339 nomine

2133 1382 2238 1418 non
2264 1384 2456 1437 magna
2485 1369 2774 1423 diversitas
2800 1381 2907 1433 est,
2942 1371 3047 1424 nisi
3069 1372 3213 1439 quod
3239 1372 3510 1429 Laonicns
3539 1377 3704 1446 vulgo

2134 1470 2320 1513 notum
2351 1473 2406 1514 et
2436 1462 2744 1515 mutilatum
2776 1463 2979 1530 posuit.
3007 1463 3219 1534 Quippe
3243 1466 3451 1521 Cheser
3478 1470 3700 1536 elegan-

2134 1552 2244 1606 tius
2276 1554 2420 1621 apud
2459 1554 2674 1609 Turcos
2715 1556 3068 1624 loquentibus
3131 1560 3275 1613 idem
3332 1571 3416 1614 est
3455 1577 3578 1615 cum
3637 1578 3705 1616 co

2134 1645 2278 1710 quia
2307 1645 2465 1712 vulgo
2498 1650 2885 1715 pronuntiatur
2936 1650 3167 1712 Cheter,
3217 1667 3280 1704 ex
3313 1669 3421 1720 quo
3447 1654 3705 1709 Clteteris

2131 1752 2333 1789 nomen
2375 1737 2646 1791 Launicus
2692 1740 2795 1792 sub
2822 1740 2982 1794 ﬁnem
3029 1742 3210 1796 octavi
3251 1743 3371 1797 libri
3411 1744 3538 1797 fecit
3573 1763 3586 1797 :
3617 1747 3707 1799 hic

2134 1826 2423 1880 'l'ltrrizetn
2459 1828 2704 1881 mutilate
2732 1831 2977 1898 scripsit.
3005 1848 3104 1901 pro
3138 1833 3440 1891 Clteterize.
3479 1837 3553 1889 De
3585 1837 3705 1905 ipso

2062 1892 2101 1945 Β
2137 1917 2394 1973 Vladislai
2429 1920 2571 1989 regis
2600 1892 2880 1989 amputato
2905 1892 3087 1993 capite
3112 1927 3245 1994 quid
3280 1927 3481 1981 factum
3517 1892 3705 1997 postea

2134 2007 2319 2071 fuerit,
2361 2010 2549 2077 paucis
2599 2008 2838 2067 Thomas
2891 2012 3235 2070 Ebendorl‘ns
3294 2016 3346 2070 iu
3399 2018 3706 2073 Austriat-is

2131 2102 2248 2153 suis
2279 2102 2796 2173 exposuit.tCaput,
2828 2103 3022 2172 inquit,
3060 2103 3343 2170 Vladislai,
3366 2122 3492 2162 cum
3514 2111 3702 2174 armis,

2131 2205 2185 2246 et
2217 2194 2431 2253 dextra.
2464 2196 2636 2248 fertur
2671 2212 2768 2265 pro
2793 2196 3064 2262 jocalibus
3090 2198 3164 2263 (id
3214 2209 3318 2264 est,
3357 2200 3702 2258 citneliorunt

2132 2286 2275 2355 loco)
2308 2288 2417 2357 regi
2445 2287 2765 2342 Tatarorutn
2799 2290 3097 2344 oblatnnm
3140 2288 3407 2347 Nimirum
3450 2295 3503 2348 in
3530 2296 3708 2350 vindi-

2135 2390 2285 2433 ctam
2322 2381 2561 2447 pertitlize
2594 2380 2786 2433 dextra
2816 2397 3033 2451 quoque
3067 2395 3285 2439 mortuo
3324 2387 3550 2454 priet-iss
3577 2388 3701 2453 fuit,

2132 2491 2238 2539 qua
2274 2474 2435 2527 ﬁdem
2461 2472 2707 2528 dederat.

2133 2587 2256 2641 H8.
2289 2585 2726 2656 lnteremptorum
2779 2592 3246 2674 utrinquepmlt'o
3301 2594 3560 2651 Varnensi
3599 2617 3701 2654 nu-

2737 2676 2911 2714 merus
2947 2673 3139 2719 variat.

2202 2750 2328 2805 Dies
2361 2751 2449 2805 ille
2474 2766 2583 2819 quo
2614 2760 2910 2820 pugnatum
2946 2754 3011 2804 ad
3066 2751 3334 2817 Varnam,
3400 2757 3637 2812 traditur
3668 2778 3696 2811 ιι

2131 2842 2337 2897 nostris
2374 2843 2544 2897 fuisse
2593 2843 2837 2897 decimus
2890 2843 3096 2899 mensis
3150 2842 3497 2913 Novembris,
3554 2866 3705 2906 anno

2134 2935 2293 2990 NH.
2323 2933 2605 2989 Continuus
2635 2935 2982 2987 undecimum
3016 2937 3228 2991 statuit.
3255 2938 3537 2995 Bontinins
3559 2960 3699 3000 eam

2135 3028 2365 3095 prodidit
2421 3025 2854 3079 Christianorum
2906 3026 2972 3079 ad
3022 3027 3238 3092 £0,000,
3274 3028 3579 3086 Tui-corum
3635 3040 3700 3087 ad

2136 3120 2357 3185 50,000.
2399 3119 2665 3173 Numerus
2716 3118 2972 3180 militum,
3006 3120 3099 3186 qui
3148 3124 3291 3188 regis
3336 3125 3390 3177 in
3453 3130 3697 3183 exercitu

2056 3243 2102 3302 ε
2137 3213 2322 3273 fuerit,
2360 3229 2387 3264 a
2435 3209 2683 3264 Bonlinio
2730 3210 2941 3279 positus
2974 3211 3272 3278 plurimum
3308 3214 3585 3287 discrepat
3633 3224 3702 3275 ab

2132 3324 2197 3359 eo
2221 3321 2383 3374 quem
2408 3305 2570 3359 Turei
2600 3319 2929 3362 memorant.
2956 3306 3088 3362 Nam
3116 3309 3255 3365 ltide
3274 3311 3450 3365 80000
3474 3315 3702 3384 loquun-

2135 3407 2243 3462 tur,
2281 3398 2368 3452 ille
2399 3402 2779 3453 tantummodo
2812 3404 2878 3455 de
2906 3401 3103 3459 16000.

2135 3536 2263 3593 H9.
2302 3537 2544 3593 Eliadum
2577 3540 2755 3601 bassa,
2793 3540 3209 3618 Semisse__aspri
3243 3554 3455 3600 auctum
3480 3550 3704 3618 geniza-

2619 3626 2799 3663 rarum
2829 3613 3169 3680 stipendium.

2204 3720 2376 3788 Quem
2436 3722 2523 3777 hic
2582 3724 2821 3779 Annales
2873 3726 3047 3779 nostri
3101 3726 3438 3781 Chadnmem
3485 3732 3701 3783 bassam

2133 3824 2350 3878 vocant,
2375 3813 2615 3869 Laenieo
2642 3815 2945 3870 Phatumcs
2965 3826 3073 3879 est,
3102 3821 3263 3887 regia:
3290 3821 3485 3873 domus
3508 3822 3701 3889 judcx.

2136 3902 2249 3959 Hoc
2278 3905 2402 3959 ideo
2439 3906 2570 3960 duxi
2608 3905 2929 3967 notandum,
2963 3908 3091 3975 quia
3122 3910 3416 3961 conﬁrmat
3453 3909 3504 3962 id
3554 3912 3701 3978 quod

2136 3998 2299 4066 paulo
2322 4008 2451 4051 ante
2489 3998 2689 4066 scripsi
2717 4014 2951 4051 numero
2984 3999 3106 4063 “5,
3152 3999 3366 4053 Pliazen
3423 4000 3551 4054 alibi
3588 4019 3703 4053 ttttl-

2134 4091 2359 4144 tandum
2394 4093 2446 4144 in
2482 4092 2714 4153 Chazcs.
2746 4101 2803 4143 ut
2841 4091 2930 4145 hic
2967 4089 3263 4145 Phatumcs
3300 4093 3352 4144 iii
3382 4093 3703 4157 Chatltmes,

2134 4184 2280 4252 quod
2324 4184 2463 4237 idem
2527 4195 2611 4238 est
2672 4201 2795 4238 cum
2831 4185 3160 4239 Chadumcs.
3213 4184 3269 4237 ld
3320 4201 3448 4238 vero
3502 4201 3703 4240 nomen

2131 4271 2376 4327 Chadum
2421 4276 2500 4328 vel
2555 4272 2789 4339 lladtttn,
2817 4285 3118 4328 castratum
3157 4276 3238 4326 vel
3284 4276 3595 4327 eunucho-ni
3630 4278 3705 4328 si-

2133 4365 2374 4434 gniﬁcat.
2413 4366 2540 4421 Inde
2572 4370 2715 4432 quod
2751 4368 2973 4429 dicitur,
3017 4369 3281 4437 adiecisse
3308 4369 3697 4422 Mnchemetem

2133 4456 2408 4531 stipendio
2440 4457 2829 4511 Gcnizarorum
2880 4460 3165 4514 semissem
3202 4462 3347 4528 aspri
3384 4477 3492 4513 :ex
3548 4476 3703 4513 more

2139 4546 2442 4603 'l'utcorum
2478 4552 2707 4621 intelligi
2746 4551 2927 4614 debet,
2966 4553 3060 4620 qui
3095 4569 3122 4604 a
3172 4554 3391 4605 sultano
3416 4568 3518 4607 suo
3552 4555 3704 4605 diur-

2139 4662 2237 4698 nas
2272 4659 2521 4700 annonas
2547 4646 2867 4714 accipiunt:
2907 4662 3014 4697 non
3055 4657 3361 4710 menstrua,
3397 4661 3495 4699 nec
3520 4662 3700 4698 annua

2132 4737 2353 4797 Salaria,
2385 4753 2507 4807 qua:
2531 4737 2811 4805 principes
2841 4737 3012 4790 nostri
3059 4738 3190 4790 dare
3235 4737 3430 4791 solent.
3481 4738 3693 4790 Causas

2134 4830 2374 4883 revocati
2403 4847 2428 4880 a
2462 4830 2639 4883 bassis
2662 4831 2728 4881 ad
2764 4829 3220 4898 gubernationem
3248 4829 3497 4893 Muralis,
3531 4832 3696 4883 Chal-

2134 4919 2463 4989 coeondyles
2492 4920 2773 4989 exposuit.

2417 5035 2539 5090 120.
2583 5033 2816 5096 llareas.
2843 5032 3079 5098 Cereme,
3105 5034 3387 5090 Tzaconia.

2209 5148 2443 5211 Morcas.
2468 5165 2668 5219 genere
2699 5152 2970 5215 masculo,
2992 5150 3240 5205 dit-itura
3270 5152 3475 5207 (ἐι-ποις
3515 5155 3700 5218 hodie,

2128 5260 2250 5313 qua:
2284 5243 2691 5313 Peloponnesus
2736 5246 2864 5299 olim
2908 5247 3226 5299 vocabatur.
3264 5245 3470 5301 Nomen
3501 5248 3702 5314 ipsum,

2138 5335 2284 5400 quod
2324 5337 2465 5405 apud
2497 5338 2893 5391 Damascenum
2929 5336 3201 5389 Studitani
3256 5340 3549 5406 reperitur.
3599 5339 3699 5391 de-

2128 5427 2309 5481 rivant
2341 5428 2513 5482 Crmci
2556 5445 2702 5482 nunc
2733 5429 2803 5482 ab
2835 5431 3031 5482 arbore
3061 5445 3236 5485 moro.
3293 5433 3434 5494 quod
3463 5440 3575 5483 tota
3608 5449 3695 5483 re-

2131 5521 2289 5592 gione
2316 5521 2523 5574 scilicet
2550 5522 2714 5573 arbor
2739 5522 2851 5572 luet:
2882 5520 3139 5586 t'rctpteus
3158 5520 3245 5574 sit.
3279 5521 3376 5573 "lC
3422 5538 3703 5591 expugna-

2133 5622 2240 5665 tam
2277 5629 2304 5664 ιι
2355 5611 2564 5665 Mnrate
2602 5610 2892 5675 Geremen,
2937 5612 3264 5679 excidioquc
3322 5615 3526 5675 datam,
3585 5626 3702 5667 tra-

2132 5705 2267 5758 dunt
2296 5706 2535 5759 Annales
2566 5722 2578 5755 :
2614 5719 2778 5771 quam
2806 5704 3048 5757 arbitror
3091 5720 3213 5758 esse
3249 5716 3488 5759 veterem
3536 5704 3706 5760 Gere-

2134 5800 2281 5851 niam
2342 5797 2741 5865 Peloponnesi,
2803 5797 2951 5863 quod
3029 5798 3293 5864 oppidum
3373 5798 3705 5853 Ptolomaeus

2136 5890 2191 5943 in
2226 5904 2291 5944 ea
2316 5887 2674 5957 Peloponnesi
2706 5895 2861 5955 parte
2881 5886 3273 5958 collecat,qn:e
3292 5889 3519 5947 Laconia
3560 5891 3699 5947 dice-

3275 5984 3351 6043 fit}
