4218 6308
479 402 588 467 8H

1683 412 2008 471 JO’iNNIS
2056 414 2524 477 LEIINCIAVH

3646 423 3756 487 Si?

484 524 646 577 batur
713 522 865 583 olim,
924 538 1069 575 nunc
1126 522 1422 591 Tlaconia,
1470 541 1573 578 non
1622 528 1879 594 Sacattia,
1929 532 2069 582 sit-ut
2100 538 2142 591 Α
2174 549 2336 597 supra
2370 534 2831 591 deNt-mt-tsassiis
2852 538 3105 605 capiteTl
3141 540 3513 608 exposuimus.
3544 539 3752 595 Atrati-

484 615 723 669 Urtclius
756 628 926 685 prave
960 616 1210 681 scripsit.

480 707 606 763 121.
647 707 831 760 Ibanis
851 724 940 762 seu
971 707 1197 762 Joannis
1222 711 1377 773 ditio.
1400 710 1734 773 Cotziacum.
1754 716 1856 769 sive
1883 716 2059 776 Gcit'a,

628 777 874 842 Iscodar,
902 776 1104 834 Scodra
1139 779 1466 845 Sauariam,
1506 783 1789 837 Ischendrr
1821 789 1935 856 beg.

547 889 788 945 Annales
821 892 874 945 lti
914 891 1179 947 ditionem
1222 893 1454 952 Joannis
1490 907 1710 964 vocant,
1747 916 1911 969 quant
1947 900 2063 953 Iba-

480 983 566 1037 nis
598 984 878 1053 regionem
922 983 1065 1040 dixit
1140 986 1444 1043 Laonicns.
1482 989 1701 1045 lvanem
1745 1007 1875 1044 vero
1927 1000 2061 1046 scri-

478 1074 611 1130 bere
632 1076 824 1130 debuit
867 1077 1166 1149 interpres.
1211 1080 1430 1136 Etenim
1486 1082 1767 1138 Servianis
1801 1086 1969 1149 Iwan,
2004 1100 2061 1141 ut

478 1163 643 1219 hodie
668 1164 861 1222 Bessis
897 1183 1124 1237 quoque
1150 1166 1390 1225 Joannes
1425 1186 1672 1226 vocatur.
1733 1174 2062 1243 lutclligitur

477 1266 662 1311 autem
726 1256 967 1315 Joannes
1018 1260 1326 1317 Casttiotes
1379 1266 1461 1317 vel
1494 1263 1821 1330 Castriotus,
1888 1273 2060 1336 partis

473 1350 721 1404 Albania:
746 1353 1024 1421 princeps,
1100 1367 1257 1423 pater
1316 1356 1536 1427 Georgii
1588 1358 1913 1421 Cesti-intis.
1966 1365 2056 1427 qui

477 1445 867 1497 nominabatur
892 1459 923 1499 ι
957 1445 1155 1501 Turcis
1194 1448 1492 1502 lscltettder
1519 1452 1641 1518 beg.
1686 1452 1735 1503 id
1763 1461 1843 1504 est
1880 1454 2059 1507 domi-

476 1550 580 1589 nus
613 1537 947 1603 Alexander,
979 1554 1044 1593 ex
1073 1554 1183 1607 quo
1209 1538 1371 1610 ω
1420 1542 1871 1614 Scanderbogum
1913 1548 2055 1599 ieco-

472 1638 603 1682 runt
635 1630 753 1702 alii,
786 1646 1157 1701 magnumque
1195 1637 1568 1689 Alexandrum
1620 1654 1726 1691 non
1782 1650 1932 1692 recte.
1974 1642 2053 1692 in-

476 1723 756 1790 terpretati
817 1736 969 1777 sunt.
1031 1724 1362 1793 Corruptius
1436 1730 1692 1783 eumdem
1773 1728 2055 1788 Bonlinius

474 1814 967 1871 Sandorobcchnm
1031 1819 1345 1888 appellavit.
1402 1819 1675 1877 Laonicus
1719 1823 2049 1882 Scenderetu

2170 636 2275 675 tem
2310 626 2435 678 vieti
2473 628 2721 681 Saxones
2758 630 2932 683 nostri
2957 647 2985 682 a
3019 629 3224 683 Karulo
3256 635 3745 703 magnoAugusto,

2167 720 2633 783 quemadmodum
2669 721 2720 773 itt
2755 722 3095 789 Flandriatn,
3117 726 3197 779 sic
3228 726 3393 779 etiam
3415 727 3469 781 in
3497 728 3613 783 [nec
3643 726 3734 781 Er-

2167 806 2291 858 deiii
2331 808 2447 861 loca
2482 812 2732 865 translati
2775 813 3002 877 fuerint,
3035 816 3179 883 quod
3215 815 3492 885 aliquibus
3523 833 3741 887 persua-

2167 913 2286 951 smn
2317 900 2473 952 video
2509 919 2521 954 :
2554 919 2662 956 non
2695 904 2860 972 hujus
2885 917 2972 961 est
3003 908 3129 972 loci,
3155 908 3429 975 prolixius
3451 910 3729 963 discutere

2168 988 2295 1043 Mihi
2320 992 2536 1058 quidem
2572 996 2659 1047 vix
2696 1012 2823 1051 vero
2849 998 2906 1051 ﬂt
2934 998 3138 1065 simile,
3175 1001 3267 1068 qui
3294 1000 3469 1055 sciam
3498 1016 3611 1055 uno
3636 1019 3747 1056 stt--

2164 1081 2291 1135 culo
2324 1081 2570 1147 Saxones
2622 1099 2746 1140 ante
2787 1086 3051 1141 Karttlutn
3085 1106 3340 1158 magnum
3378 1092 3431 1144 in
3462 1089 3750 1146 Pannonia

2163 1187 2288 1226 cum
2318 1174 2454 1244 ipsis
2476 1174 2653 1232 fuisse
2680 1180 2896 1233 civibus
2915 1182 3032 1234 suis
3058 1179 3438 1254 Longobardis
3463 1201 3478 1251 ;
3500 1194 3560 1238 ut
3587 1186 3747 1237 omit;

2167 1273 2272 1318 tam
2305 1266 2434 1330 alia,
2462 1282 2583 1337 qua:
2610 1286 2742 1325 sane
2770 1272 3004 1339 plurima
3056 1284 3280 1343 possent
3311 1274 3366 1329 in
3395 1277 3632 1330 medium
3666 1280 3750 1330 at-

2164 1355 2315 1411 ierri.
2346 1356 2531 1427 Capim
2560 1372 2901 1427 nostrorum,
2922 1379 3059 1435 quas
3083 1365 3245 1421 Turci
3281 1367 3552 1422 maximas
3579 1369 3751 1423 fuisse.

2161 1450 2374 1518 dicunt,
2410 1454 2692 1507 hominum
2738 1455 2929 1524 viginti
2971 1457 3081 1510 duo
3110 1458 3278 1512 millia
3328 1462 3691 1516 cootinebant
3734 1481 3747 1515 :

2161 1553 2358 1609 praeter
2388 1545 2655 1603 Valacltos
2683 1556 2886 1614 tamen,
2930 1551 3004 1603 uti
3037 1551 3329 1606 Boniinius
3366 1554 3638 1611 meminit.

2163 1661 2287 1716 125.
2329 1660 2546 1717 Valachi
2578 1683 2607 1717 α
2634 1663 2821 1720 Turcis
2849 1668 2988 1730 (tesi,
3007 1668 3157 1731 justo
3171 1666 3382 1734 judicio
3415 1669 3747 1725 vindicatum

2747 1738 2801 1789 in
2828 1740 3157 1808 transfugas.

2233 1826 2398 1880 Aiunt
2448 1827 2713 1892 Annai‘es,
2764 1845 2942 1885 cat-sos
2992 1846 3020 1884 tt
3070 1832 3468 1903 limitotrOphis
3537 1834 3749 1904 aliquot

473 1908 713 1976 scripsit.
739 1908 831 1978 qui
868 1924 1004 1977 puer
1037 1911 1089 1963 in
1125 1912 1323 1981 latinas
1351 1915 1493 1981 regis
1532 1916 1759 1979 venerit,
1816 1917 1919 1973 hoc
1945 1931 2051 1983 est,
2086 1895 2127 1949 Β
2161 1919 2481 1986 proceribus
2524 1919 2773 1975 Turcicis
2803 1921 2978 1978 fuisse
3022 1923 3286 1981 Valacltos
3318 1938 3449 1983 ante
3478 1932 3746 1985 comitiis-

472 2002 540 2052 ad
576 1998 796 2055 Portam
829 2001 1146 2057 Osmanidte
1198 2005 1495 2074 principis;
1552 2018 1605 2061 et
1642 2008 1763 2063 hoc.
1809 2019 2056 2078 tempore

469 2091 737 2149 Muratem
773 2096 826 2150 ei
881 2095 1085 2150 bellum
1120 2096 1318 2152 iecisse
1351 2112 1771 2157 commemorat.
1823 2102 2055 2157 Cltalco-

467 2186 719 2256 condylis
778 2188 1055 2258 interpres
1097 2188 1198 2241 hoc
1258 2188 1378 2243 loco
1416 2192 1650 2261 margini
1692 2194 1919 2249 Calcioli
1952 2213 2051 2250 no-

470 2295 594 2334 men
627 2280 905 2349 ascripsit,
968 2296 1068 2350 pro
1124 2282 1347 2337 nomine
1394 2284 1675 2340 Castrioti.
1731 2286 2050 2346 Cotziacntn

467 2373 524 2426 in
570 2372 732 2441 hujus
762 2372 888 2427 belli
940 2373 1283 2436 narratione.
1340 2374 1480 2430 libro
1532 2381 1768 2448 septimo
1799 2379 2049 2447 Laoniei,

460 2462 621 2516 (ictia
651 2475 913 2519 vocatur:
944 2466 1121 2518 vicina
1147 2464 1303 2519 (ἐι-ιω
1361 2467 1600 2536 (Crojam
1635 2472 1807 2524 nostri
1839 2473 2048 2538 dicunt,

465 2557 533 2609 de
570 2571 679 2626 qua
706 2556 863 2624 plura
895 2556 1056 2624 paulo
1098 2559 1271 2625 post).
1308 2574 1469 2624 quam
1503 2573 1623 2629 post
1653 2564 1890 2627 Getiatn,
1925 2566 2051 2619 licet

467 2650 699 2712 frustra,
733 2647 975 2705 Murates
1008 2650 1239 2705 adortus
1277 2650 1400 2706 fuit.
1460 2654 1790 2726 Iscodarbeg
1847 2658 2051 2714 Turcis

465 2754 548 2799 est
592 2744 817 2800 Scodra:
863 2745 1124 2801 dominus
1171 2748 1288 2801 sive
1333 2749 1609 2819 princeps,
1672 2753 1927 2809 videlicet
1963 2758 2048 2809 hic

466 2840 584 2906 ipse
628 2837 896 2906 Georgius
950 2837 1285 2901 Castriotus.
1319 2841 1514 2910 dequo
1553 2843 1781 2900 dictum.
1838 2844 2046 2906 Scodra

464 2944 597 2983 vero
620 2930 829 2985 Grtvcis
852 2940 938 2985 est
984 2930 1194 3000 integra
1248 2944 1383 2988 voce
1442 2932 1782 2990 Scutarium.
1837 2936 2048 2996 Plinius

466 3032 648 3077 tamen
684 3021 888 3077 alicubi
929 3019 1196 3076 Scodram
1229 3031 1411 3088 vocat.
1435 3032 1491 3079 et
1540 3024 1595 3079 itt
1655 3026 1879 3083 Novella
1912 3030 2046 3083 Leu-

464 3116 553 3170 nis
579 3115 810 3185 Augusti
838 3114 907 3168 de
930 3114 1145 3168 tltronis
1170 3115 1333 3170 etiam
1363 3116 1668 3172 Scodarum
1693 3122 2045 3191 episcopatus

462 3210 567 3264 sub
598 3209 977 3279 Dyrrhachlna
1007 3208 1295 3278 metropoli
1328 3211 1619 3280 reperitur,
1650 3215 1742 3283 qui
1768 3231 1902 3269 sane
1930 3232 2037 3270 non
2071 3233 2117 3292 ρ

463 3302 721 3357 diversus
759 3310 842 3356 est
866 3305 933 3355 ab
965 3302 1085 3371 ejus
1113 3302 1355 3357 civitatis
1385 3306 1727 3373 episcopatu,
1759 3307 1921 3378 cujus
1955 3311 2041 3365 ltic

459 3397 520 3445 tit
554 3394 782 3447 mentio.
817 3392 1042 3447 Fallitur
1080 3393 1354 3448 Barletius
1385 3436 1400 3459 ,
1453 3410 1576 3448 cum
1619 3396 1815 3454 Turcis
1870 3400 2040 3455 Scan-

458 3486 634 3539 driam
664 3485 773 3539 dici
798 3497 971 3553 putat,
1001 3488 1158 3554 quasi
1183 3486 1597 3547 Alexandriam.
1632 3489 1768 3544 Nam
1820 3494 2039 3547 lscodar

457 3594 569 3632 non
623 3587 707 3632 est
763 3577 1032 3631 Scandria
1065 3617 1080 3641 ,
1148 3593 1249 3633 nec
1296 3578 1631 3634 Alexandria
1687 3592 1917 3639 vocatur
1958 3589 2038 3640 eis

454 3670 743 3731 Srattdria.
772 3670 869 3723 sed
904 3669 1240 3724 Ischendrie.

507 3782 633 3838 122.
673 3782 911 3837 Saxones
937 3784 990 3835 in
1019 3785 1284 3855 lluuiadis
1316 3788 1576 3841 exercitu.
1611 3786 1783 3850 Sazii,
1814 3788 2007 3855 Sassii,

1126 3853 1339 3908 Sassia.

525 3945 718 3999 Mirum
768 3944 927 4000 alicui
970 3945 1238 4008 videatur.
1275 3962 1375 4003 cur
1413 3948 1654 4004 Annales
1692 3952 2031 4006 mentionem

448 4037 730 4091 Saxonum
767 4036 855 4091 hic
905 4053 1154 4091 seorsum
1188 4037 1418 4101 faciant,
1457 4056 1581 4095 eum
1640 4044 1821 4095 statim
1858 4045 1909 4097 in
1940 4061 2031 4112 ge-

451 4146 579 4183 m-re
614 4130 1013 4184 Germanorum
1074 4146 1270 4184 nomen
1333 4133 1650 4201 subjiciunt,
1720 4152 1829 4204 quo
1861 4139 2032 4189 Saxo-

450 4239 545 4275 nes
576 4223 740 4273 etiam
765 4222 1137 4274 eontinimtttr.
1157 4221 1287 4285 Eius
1308 4224 1580 4277 eximendi
1607 4227 1848 4293 scrupuli
1866 4243 2031 4279 causa

456 4317 605 4372 dtco,
630 4328 735 4365 non
770 4313 858 4364 ltic
890 4325 1077 4365 nostro
1097 4312 1148 4365 in
1178 4312 1468 4367 Getmattia
1496 4314 1740 4370 Saxones
1774 4318 2031 4386 intelligi:

453 4405 545 4458 sud
569 4402 819 4457 Saxones
840 4402 1266 4461 Trattssilvattire
1302 4406 1383 4457 vel
1410 4405 1631 4471 Erdelii,
1664 4408 1747 4461 vel
1782 4407 2028 4477 Septem-

445 4498 745 4552 castrensis
775 4497 828 4553 itt
864 4497 1097 4565 Ungaria
1139 4498 1381 4566 regionis
1419 4500 1652 4565 incolas,
1680 4502 1771 4569 qui
1810 4500 2030 4556 Sassios

2160 2024 2282 2065 sunt
2352 2012 2405 2065 itt
2450 2012 2673 2080 planitie
2733 2015 3024 2072 Cosovana
3073 2021 3346 2088 prmlium.
3407 2023 3748 2079 Cltalcocon-

2159 2102 2310 2171 dyles
2349 2118 2476 2156 vero
2506 2105 2693 2169 tradit,
2741 2106 3016 2163 Valacltos
3060 2109 3132 2163 ab
3164 2109 3404 2181 ngaris
3443 2124 3498 2167 et
3526 2118 3747 2168 exteris

2156 2194 2485 2250 Christianis
2519 2199 2584 2251 ad
2614 2196 2883 2253 Muratotn
2916 2202 3019 2255 sub
3051 2200 3225 2271 ipsam
3279 2204 3547 2261 defecisse
3574 2206 3747 2262 (Σοδο-

2160 2298 2352 2339 vanam
2386 2286 2797 2342 dimicationem
2830 2306 2845 2343 :
2878 2288 3056 2358 deque
3091 2294 3363 2347 sententia
3390 2293 3617 2347 Muralis
3653 2312 3747 2348 ar-

2159 2391 2245 2429 ma
2267 2379 2684 2448 ponerejussos,
2721 2382 2773 2432 itt
2802 2383 3081 2436 exercitus
3100 2386 3389 2453 utriusque
3414 2399 3743 2454 conspecm.

2156 2483 2371 2523 summa
2424 2486 2550 2526 cum
2610 2472 2859 2529 omnium
2910 2474 3299 2541 admiratione.
3336 2494 3434 2533 ceu
3501 2480 3745 2548 perﬁdos

2157 2561 2473 2632 transfugas
2517 2579 2581 2619 ac
2611 2566 2944 2633 desertores,
3000 2569 3309 2625 trucidatos
3361 2572 3550 2629 fuisse.
3580 2571 3741 2639 Quod

2154 2648 2407 2713 equidem
2442 2653 2752 2719 exemplum
2780 2655 3080 2725 singularis
3107 2658 3160 2710 itt
3193 2658 3408 2715 Murate
3435 2663 3744 2717 severitatis

2153 2750 2217 2789 ac
2239 2739 2489 2806 justitiam,
2527 2742 2865 2809 praeteritum
2901 2761 2931 2799 a
2958 2736 3158 2802 Turcis
3188 2764 3315 2804 esse
3351 2752 3596 2816 silentio,
3627 2769 3742 2809 non

2153 2830 2253 2882 abs
2281 2845 2339 2885 re
2374 2831 2567 2886 miror.

2153 2942 2279 2997 ηι.
2323 2946 2507 3030 Annus
2538 2950 2716 3030 prtelii
2746 2950 3051 3030 Cosoenni,
3080 2967 3331 3013 numerus
3362 2962 3610 3030 utrinque
3634 2976 3742 3016 ca-

2208 3030 2411 3072 surum.
2450 3019 2531 3071 Au
2565 3020 2785 3075 Morava
2814 3019 3175 3090 ﬂuvius'idem
3210 3045 3328 3083 cum
3362 3019 3661 3085 Seltititiza.

2222 3107 2545 3166 Notavimus
2569 3114 2619 3166 in
2645 3118 2890 3186 margine
2912 3120 3035 3173 libri
3055 3136 3260 3175 annum
3284 3122 3737 3181 Mahametanum

2150 3199 2277 3258 855.
2316 3217 2426 3269 quo
2476 3217 2772 3273 pugnatum
2822 3211 2873 3262 in
2902 3210 3193 3266 Cosovana
3239 3216 3478 3283 planitie,
3510 3232 3739 3286 respon-

2148 3293 2276 3346 dete
2306 3292 2625 3350 Christiano
2660 3297 2801 3355 “48
2831 3318 2845 3353 :
2874 3316 2986 3371 quo
3015 3301 3301 3360 Bonlinius
3316 3310 3479 3363 etiam
3506 3310 3739 3366 diruit-a-

2144 3395 2259 3437 tum
2296 3386 2538 3454 scripsit.
2575 3389 2724 3444 Idem
2764 3392 2939 3458 addit,
2968 3396 3203 3461 periisse
3253 3401 3535 3457 continuis
3578 3405 3736 3459 hisce

2143 3476 2487 3534 conﬂictibus
2526 3482 2834 3539 Turcorum
2864 3488 2932 3540 ad
2983 3490 3214 3561 triginta
3243 3506 3482 3560 quatuor
3536 3497 3733 3561 millia.

2141 3568 2585 3627 Christianorum
2622 3591 2753 3631 vero
2785 3578 3053 3635 duntaxat
3083 3593 3209 3638 octo
3238 3585 3436 3647 millia,
3465 3595 3734 3658 quemad-

2145 3666 2363 3716 modum
2417 3664 2665 3722 Murates
2701 3671 2819 3737 ipse
2845 3675 2963 3727 suis
2995 3676 3046 3727 itt
3086 3676 3282 3732 litteris
3311 3678 3377 3731 ad
3409 3680 3731 3739 Corinthios

2141 3753 2320 3808 lassus
2348 3756 2533 3811 fuerit.
2566 3759 2841 3816 Cancrum
2883 3766 2986 3818 hoc
3023 3766 3147 3821 loco
3172 3772 3457 3838 praeterire
3505 3775 3732 3829 silentio

2140 3863 2245 3899 non
2275 3863 2523 3916 possunt,
2556 3868 2641 3907 me
2673 3856 2927 3923 superius
2954 3874 3185 3915 numero
3222 3874 3478 3919 notarum
3505 3866 3575 3921 ιε
3606 3872 3730 3938 pol—

2140 3938 2349 3993 lii-itum
2419 3943 2841 4011 explicationem
2901 3954 3243 4019 quaestionis.
3310 3973 3378 4011 an
3436 3961 3726 4017 Schitniza

2139 4029 2335 4084 ﬂuvius
2366 4033 2506 4086 idem
2528 4038 2747 4091 sitcum
2801 4039 3041 4096 Morava.
3088 4046 3180 4099 Sic
3230 4050 3378 4101 enim
3416 4053 3561 4108 hunc
3596 4072 3727 4109 cum

2119 4126 2334 4179 incolis
2366 4140 2519 4190 voco,
2546 4128 2638 4196 qui
2667 4131 3123 4207 Cltalcocottdylis
3154 4141 3436 4207 interpreti
3472 4144 3727 4203 ﬂorabas

2138 4216 2418 4271 scribitur.
2461 4217 2733 4278 Cedrinus
2768 4224 2967 4281 alicubi
3002 4228 3279 4287 Moravetn
3315 4247 3424 4288 tam
3470 4238 3720 4305 ﬂuvium,

2136 4324 2299 4374 quam
2334 4312 2622 4365 castellum
2655 4315 2722 4366 ad
2746 4316 2867 4385 ejus
2900 4320 3070 4384 ripam
3094 4323 3355 4388 positum.
3388 4343 3498 4384 non
3531 4334 3725 4399 procul

2135 4416 2164 4451 a
2205 4400 2528 4471 Beligradis,
2584 4410 2869 4462 nominare
2927 4412 3163 4467 videtur.
3212 4415 3489 4483 Pervenit,
3522 4422 3722 4489 inquit.

2138 4509 2312 4563 usque
2343 4498 2410 4549 ad
2450 4496 2725 4554 Moravem
2766 4512 2822 4555 et
2860 4504 3176 4574 Bclegrada,
3212 4526 3335 4577 quae
3385 4521 3561 4567 castra
3590 4525 3723 4569 sunt

443 4590 559 4644 sive
585 4590 830 4643 Saxones
862 4591 1129 4657 hodieque
1158 4606 1216 4644 se
1251 4592 1599 4658 proﬁtentur,
1636 4588 1691 4647 et
1725 4609 1754 4646 a
1780 4593 2019 4657 Cecnlis,
2052 4596 2104 4655 Β
2136 4592 2449 4659 l’attnoniaz,
2487 4595 2543 4647 itt
2575 4594 2986 4653 Transistriatta
3022 4603 3247 4670 regione
3296 4605 3424 4669 sita,
3466 4617 3522 4661 ct
3569 4609 3719 4664 Crali

441 4670 684 4747 ejusdem
712 4682 949 4750 regionis
982 4681 1204 4747 incolis,
1230 4694 1339 4735 tam
1371 4684 1578 4751 lingua,
1601 4700 1765 4752 quam
1794 4685 1919 4739 aliis
1945 4703 2027 4738 re-

442 4774 565 4832 bus.
598 4773 854 4825 omnibus
880 4772 1162 4827 diﬂ‘erunt.
1189 4774 1327 4826 llittc
1350 4774 1638 4827 Bonlittius
1667 4775 1719 4828 itt
1747 4773 2027 4829 Transsil-

442 4867 600 4917 vania
645 4865 763 4918 sita:
800 4866 1121 4919 Saxobattite
1152 4867 1484 4919 mentionem
1516 4868 1665 4930 facit,
1695 4869 1890 4937 pagina
1920 4869 2026 4921 61:3

440 4966 728 5024 postrema:
751 4954 1231 5011 Francot'urtensis
1254 4958 1533 5019 editionis,
1555 4973 1720 5025 quam
1745 4957 2024 5012 Sambucu

439 5056 626 5101 nostro
649 5048 958 5101 clarissittto
987 5049 1247 5100 debemus
1288 5063 1301 5098 :
1336 5048 1492 5116 cujus
1527 5052 1779 5118 eqtttdettt
1819 5051 2019 5104 mortui

441 5138 758 5192 memoriam
783 5154 907 5190 cum
932 5138 1305 5191 benevolentia
1328 5152 1556 5207 usurpo,
1573 5150 1625 5192 et
1644 5151 1837 5208 praeter
1860 5145 2021 5194 tueri-

440 5238 551 5281 tum
575 5243 605 5280 a
628 5229 864 5297 quodam
894 5227 1210 5282 excellentis
1237 5228 1444 5295 ingenii
1469 5229 1845 5300 doctrinaque
1876 5232 2017 5294 viro.

438 5323 590 5377 nobis
610 5322 795 5375 itidem
820 5322 1023 5383 amico,
1045 5336 1167 5375 mox
1194 5338 1223 5373 a
1247 5332 1422 5375 morte
1442 5322 1607 5391 paulo
1634 5331 1832 5375 tactam
1861 5323 2019 5376 incle-

435 5417 693 5481 mentius,
752 5418 931 5469 doleo.
971 5418 1033 5469 Et
1067 5417 1266 5471 ibidem
1301 5418 1609 5471 Sambucus
1638 5419 1872 5488 margini
1916 5436 2011 5472 tto-

430 5522 558 5562 men
594 5508 720 5571 Saz,
758 5509 826 5561 ad
862 5508 1234 5562 Saxobauiam
1293 5512 1549 5577 ascripsit
1587 5524 1603 5563 :
1636 5526 1747 5579 quo
1797 5514 2008 5581 signiti-

428 5616 557 5654 t-are
591 5600 780 5662 voluit.
814 5597 1008 5653 ltatte'a
1041 5600 1217 5654 Saziis
1254 5604 1366 5653 sive
1419 5601 1630 5655 Sasziis
1669 5605 1746 5656 sic
1780 5602 2006 5657 dictatn.

428 5693 629 5748 Notum
661 5708 810 5756 vero,
845 5693 1091 5747 Saxones
1115 5710 1146 5745 a
1176 5691 1491 5754 Germanis,
1524 5710 1661 5761 quos
1690 5696 2009 5761 superiores

428 5794 647 5849 vocant,
675 5786 749 5838 ita
771 5788 1040 5839 nominari
1073 5803 1085 5837 :
1121 5801 1246 5837 cum
1282 5788 1382 5853 ipsi
1433 5796 1662 5853 patrtattt
1696 5800 1853 5838 suam
1884 5788 2008 5837 Sas-

428 5882 587 5935 stam.
620 5892 783 5939 scene
818 5878 1035 5934 Sassios
1077 5878 1384 5945 iudigitent.
1426 5877 1517 5931 llis
1553 5877 1842 5948 rottjnngo,
1882 5894 2003 5947 qua:

2132 4681 2351 4738 Turcite
2375 4688 2573 4741 vicina.
2599 4689 2811 4754 Quibus
2842 4693 3025 4748 verbis
3051 4695 3259 4751 ultimis
3287 4696 3474 4753 Crales
3501 4700 3721 4757 Turcite

2130 4777 2402 4845 signiﬁcat
2426 4777 2679 4847 ngarire
2713 4799 2918 4851 regem.
2948 4788 3164 4855 Saepius
3206 4791 3351 4843 enim
3394 4795 3588 4861 repetit
3614 4795 3719 4849 Cc-

2130 4872 2343 4929 drtnus,
2380 4869 2569 4926 Unnos
2604 4885 2658 4927 et
2699 4874 2910 4944 ngros
2931 4878 3039 4931 dici
3071 4878 3303 4935 ancos.
3341 4882 3485 4937 Idem
3525 4885 3623 4939 hos
3664 4889 3715 4942 iu

2129 4960 2408 5014 Pannonia
2437 4962 2648 5019 Turcos
2684 4969 3051 5023 occidentales
3078 4974 3341 5028 discernit
3369 4991 3399 5027 a
3428 4979 3625 5042 positis
3665 4981 3718 5033 itt

2132 5054 2326 5105 vicinia
2375 5056 2665 5110 Persarum
2712 5058 2908 5112 Turcis
2958 5062 3348 5119 orientalibus.
3392 5067 3457 5120 Et
3517 5069 3715 5123 Turcia

2126 5145 2306 5198 Persis
2357 5146 2631 5216 hodieque
2688 5151 2949 5205 dicuntur
2998 5152 3273 5223 MOgores,
3309 5160 3455 5227 quod
3509 5174 3711 5215 nomen

2122 5238 2268 5303 genti
2297 5252 2413 5293 sua:
2439 5254 2585 5293 nunc
2620 5244 2784 5297 etiam
2818 5246 3066 5299 tribuunt
3099 5245 3324 5315 Uttgari.
3366 5254 3506 5306 sicut
3542 5251 3708 5321 Egin-

2124 5328 2314 5381 hat-tus
2364 5345 2587 5401 quoque
2651 5334 2840 5389 Karnli
2899 5335 3079 5406 Magni
3153 5349 3400 5410 tempore
3463 5344 3708 5411 scripsit.

2119 5417 2286 5491 444
2327 5421 2504 5490 Ugros
2541 5427 2629 5479 vel
2676 5426 2887 5496 Uttgros
2920 5441 2975 5483 et
3027 5430 3274 5499 Magores
3305 5435 3530 5489 eosdem
3564 5452 3707 5490 «βεεν.

2122 5513 2257 5566 Nota
2295 5529 2396 5569 vox
2434 5514 2803 5587 Ungarortttn.
2853 5522 3093 5592 Maggior
3135 5526 3347 5579 utudra.
3380 5527 3484 5580 Sed
3523 5529 3710 5582 κάνεια

2121 5620 2245 5658 mus
2282 5608 2349 5659 ad
2408 5608 2706 5666 Moravatn.
2760 5614 3043 5667 Gt'llfl’iBIIS
3078 5615 3355 5669 Moravam
3406 5621 3537 5671 olim
3589 5620 3706 5675 Mo-

2117 5698 2309 5750 schum
2362 5698 2530 5753 fuisse
2600 5704 2939 5757 nominatum
2989 5718 3162 5776 putat.
3225 5709 3475 5763 Meminit
3524 5722 3707 5767 autem

2120 5786 2414 5854 Laonicus,
2436 5780 2683 5860 sepultos
2711 5794 2881 5867 fuisse
2902 5794 3141 5861 Turcos,
3167 5798 3270 5851 hoc
3297 5804 3483 5868 praelio
3509 5818 3703 5867 caesos,

2116 5881 2182 5933 ad
2216 5880 2386 5948 ripam
2422 5884 2650 5939 Morava:
2685 5887 2947 5941 ﬂuminis.
2977 5888 3261 5946 Bontittius
3322 5908 3452 5948 vero
3515 5910 3705 5963 proce-
