4204 6300
398 411 504 477 813

1560 411 1955 476 PANDECTE
2002 412 2198 474 lllST.
2244 412 2541 472 'l'URClC.

3544 409 3647 470 8H

396 548 485 587 ies
521 531 595 582 ait
628 528 824 587 ibidem
880 530 1148 598 sepultos,
1199 529 1477 597 gregatios
1525 528 1578 581 in
1618 532 1970 596 proﬂuentem
2004 540 2045 593 Α
2078 542 2157 584 tes
2209 533 2288 585 bis
2327 531 2559 594 obsedit,
2600 545 2709 598 quo
2756 528 2821 582 de
2855 542 2998 583 nunc
3033 528 3247 596 agimus
3277 544 3289 579 :
3322 535 3376 579 et
3421 542 3544 579 cum
3586 542 3649 577 ea

398 620 729 673 Schitnizam
777 620 1079 687 coniectos.
1136 620 1273 672 Hinc
1331 633 1517 688 parere
1544 619 1780 677 videtur.
1820 620 1965 673 idem

397 729 518 766 t's'Sc
568 713 792 773 ﬂumen,
848 710 1183 764 Scliitnizatn
1244 722 1297 763 et
1339 714 1632 766 Noravam.
1683 710 1790 763 Sed
1842 726 1965 763 cum

395 806 647 873 equidem
698 805 971 857 recordari
1016 804 1227 866 videar,
1282 807 1506 857 comites
1571 812 1788 856 nostros
1843 803 1967 856 istie

395 914 566 951 unum
591 896 863 950 Moravam
887 896 1201 949 nominasse
1228 910 1243 948 :
1280 906 1447 948 restat
1472 905 1529 947 ut
1546 893 1971 957 concludamus,

401 989 735 1042 Scltitnizam
763 989 1026 1041 hactenus
1056 996 1381 1041 conservato
1413 987 1655 1049 nomine,
1684 995 1969 1054 postquam

397 1099 457 1135 se
490 1083 719 1141 Morava:
740 1080 985 1144 miscuit,
1014 1079 1220 1133 amisso
1239 1080 1404 1145 priori
1426 1079 1973 1146 vocabulodcineeps

397 1175 519 1227 solo
549 1173 781 1225 Morava:
819 1173 1042 1223 nomine
1073 1172 1310 1234 censeri,
1344 1171 1519 1225 donec
1545 1171 1619 1222 ita
1643 1170 1971 1239 coniunctus

399 1277 629 1332 uterque
652 1263 849 1316 ﬂuvius
884 1265 936 1314 in
963 1260 1266 1317 Danubium
1301 1263 1539 1315 labatur.
1574 1260 1794 1315 Memini
1831 1264 1973 1316 vado

401 1372 502 1410 nos
550 1355 782 1409 transire
842 1354 1141 1419 Moravatu,
1181 1368 1375 1421 magna
1437 1352 1703 1407 mensium
1765 1352 1974 1420 aliquot

398 1446 642 1501 siccitate
674 1447 965 1516 plurimum
1001 1446 1302 1500 deminutis
1335 1445 1458 1515 ejus
1486 1446 1645 1512 aquis
1679 1463 1693 1497 :
1725 1445 1819 1499 sed
1842 1458 1977 1497 nus-

398 1556 564 1607 quam
628 1540 697 1593 ab
726 1540 806 1593 eis
834 1539 1027 1593 incolis
1054 1539 1354 1599 Schitniza,
1394 1539 1595 1607 ubique
1623 1537 1838 1592 Morava
1879 1552 1976 1589 no-

400 1632 732 1695 minabatur,
795 1641 986 1685 cottlra
1024 1630 1341 1698 interpretis
1384 1629 1575 1686 Gallici
1631 1629 1970 1697 opinionem.

404 1764 533 1819 125.
565 1762 721 1816 Feri:
748 1761 859 1830 beg,
888 1760 1113 1831 Gargani
1142 1763 1247 1814 sire
1279 1759 1679 1830 Chrysonirum,
1714 1757 1973 1810 Anatolia'

717 1865 725 1872 -
1048 1848 1315 1884 mammia.

472 1945 680 1999 Nomen
738 1943 1044 2013 beglerbegi
1083 1940 1388 2002 Bouiania,
1421 1940 1515 2011 qui
1557 1938 1850 2009 Gergouim
1885 1954 1971 1991 ar-

399 2054 517 2095 cem
542 2039 622 2093 vel
650 2038 913 2109 oppidum
948 2035 1429 2101 iustanrarejussu
1460 2033 1689 2087 Muralis
1721 2032 1973 2092 debebat.

403 2128 644 2184 Annales
702 2130 802 2196 ipsi
842 2142 948 2179 non
999 2132 1406 2195 expresserunt.
1450 2121 1735 2176 Bonlinius
1789 2130 1974 2172 autem

401 2221 645 2290 scripsit,
667 2220 812 2275 hunc
843 2219 1171 2301 appellatum
1200 2216 1372 2271 fuisse
1399 2214 1803 2284 Frigihcchum,
1828 2213 1975 2280 quod

402 2314 588 2367 Italica
644 2313 1087 2382 pronuntiatione
1124 2310 1461 2366 tantumdem
1513 2308 1677 2368 valet,
1706 2322 1769 2360 ac
1803 2304 1978 2359 Frisi-

402 2405 525 2473 bcg.
558 2402 719 2457 Τυτυὶ
751 2402 922 2457 Ferisi
953 2404 1074 2472 beg,
1110 2412 1204 2457 aut
1233 2400 1390 2456 Feris
1412 2401 1512 2471 bcg
1540 2398 1851 2452 enuntiant.
1873 2394 1979 2451 Re-

401 2499 612 2567 peritur
652 2497 801 2549 enim
849 2497 1105 2564 supr-rius
1139 2494 1243 2547 tale
1273 2495 1391 2562 begl
1429 2492 1717 2561 cujusdam
1748 2490 1977 2545 alterius

403 2604 624 2651 nomen,
657 2589 811 2641 initio
846 2591 967 2639 vita:
1016 2586 1266 2651 Bajasitis
1301 2585 1482 2651 primi,
1511 2584 1603 2650 qui
1659 2596 1980 2650 progressus

400 2697 524 2733 rum
550 2681 721 2747 copiis
751 2682 817 2732 ad
852 2680 1157 2731 Danubium
1196 2693 1389 2745 usque,
1424 2678 1637 2742 primus
1672 2677 1799 2725 istic
1831 2671 1980 2723 Vtili-

403 2789 529 2825 nam
574 2788 876 2845 occupasse
911 2771 1167 2825 traditur.
1198 2768 1464 2837 Oppidum
1518 2766 1751 2834 Gergoui
1782 2764 1980 2819 Turcis

401 2866 630 2928 dictum,
690 2864 973 2918 Bonﬁnius
1011 2863 1414 2933 tlhrysonicum
1471 2861 1739 2914 nominat.
1799 2856 1977 2911 Situm

401 2958 566 3010 estin
612 2956 854 3009 Roxiana
890 2956 1004 3010 sive
1054 2955 1322 3008 ltasciana
1366 2952 1701 3006 Servianave
1734 2952 1975 3019 regione,

401 3051 467 3102 al
501 3049 779 3102 Moravam
807 3047 1054 3101 ﬂuvium.
1090 3036 1358 3098 Anatolize
1392 3053 1653 3097 montana
1683 3039 1849 3095 Tui-ci
1884 3055 1979 3092 vo-

399 3150 531 3196 cant
558 3141 661 3195 hoc
693 3145 836 3203 loco,
874 3142 1020 3193 sicut
1079 3139 1208 3192 alibi
1240 3151 1461 3206 quoque
1484 3135 1708 3202 sa-pius,
1739 3142 1976 3187 montem

400 3228 867 3303 Olyntpum,'sivc
898 3230 1314 3295 Calogeroruin,
1370 3230 1422 3281 in
1462 3226 1740 3295 Bithynia,
1805 3238 1974 3292 prope
2004 3246 2049 3304 ο

400 3325 678 3378 civitatem
729 3323 957 3377 Prusam
996 3324 1111 3377 :de
1145 3336 1256 3391 quo
1306 3320 1509 3374 dictum
1560 3330 1741 3379 antea,
1798 3318 1974 3384 capite

402 3426 655 3471 notarum
694 3417 779 3497 Π.

402 3550 527 3609 126.
559 3552 896 3621 Beligrodum
921 3551 1181 3612 Albmu'a',
1212 3549 1568 3621 Cruatliroa,
1591 3549 1976 3621 (λαίφει-ομ,

540 3619 845 3693 principum
885 3622 1240 3683 Grajunorum
1275 3620 1329 3673 iu
1379 3619 1563 3691 Belgio
1597 3620 1833 3690 familia.

476 3742 624 3795 [dem
648 3755 775 3794 eum
808 3738 1097 3806 superiori,
1130 3736 1196 3789 ad
1240 3734 1367 3791 Savi
1394 3734 1739 3805 Danubiique
1768 3738 1978 3791 conﬂu-

397 3842 556 3888 entes
585 3832 693 3886 sito
724 3828 986 3899 Belgrado
1015 3827 1241 3892 Servi»,
1282 3843 1479 3881 nomen
1512 3829 1677 3884 habet
1729 3829 1835 3883 hoc
1887 3834 1980 3883 AI-

400 3921 578 3977 bania:
607 3920 690 3974 vel
723 3918 979 3974 Arbaniae
1009 3918 1178 3987 (sicut
1215 3917 1411 3986 vulgus
1439 3915 1761 3972 Graecorum
1797 3923 1975 3988 vocat)

410 4011 778 4081 Beiigradum,
840 4010 942 4061 hoc
974 4019 1077 4074 est,
1110 4022 1208 4061 arx
1240 4007 1385 4061 alba.
1416 4006 1633 4077 Quippe
1682 4009 1976 4077 conjuncta

401 4118 528 4156 cum
584 4100 785 4169 oppido
841 4114 937 4153 arx
968 4108 1075 4162 est,
1114 4113 1237 4167 qua:
1272 4114 1301 4151 a
1360 4095 1588 4163 Valona,
1621 4101 1976 4154 celeberrima

400 4205 550 4247 nunc
595 4193 759 4245 etiam
810 4188 959 4258 Epiri
992 4188 1216 4245 civitate
1269 4186 1405 4258 (Leo
1451 4185 1753 4258 iniperator
1810 4191 1979 4244 Aulo-

404 4283 573 4347 niam,
595 4291 805 4338 veteres
832 4282 1099 4337 Aulonem
1129 4281 1436 4350 dixerunt),
1458 4283 1624 4337 unius
1660 4281 1854 4337 itinere
1871 4284 1976 4337 diei

400 4375 591 4429 distat.
648 4373 921 4428 Caeterum
976 4372 1323 4427 dissimulare
1377 4389 1485 4428 non
1533 4373 1728 4435 debeo,
1765 4374 1971 4429 nullam

401 4463 617 4519 obsessi
655 4480 687 4518 a
722 4462 937 4518 Hui-ate
1001 4465 1167 4533 paulo
1229 4471 1357 4517 ante
1414 4473 1646 4517 mortem
1702 4463 1974 4533 Beligradi

404 4557 738 4609 mentionem
765 4554 1016 4624 reperiri,
1047 4555 1130 4609 vel
1164 4554 1307 4623 apud
1340 4552 1636 4609 Martinum
1679 4553 1973 4609 Barletium

2082 4552 2293 4654 adjecta
2327 4596 2410 4641 est
2451 4604 2466 4641 :

402 4651 787 4713 Scodrensem,
816 4664 999 4702 rerum
1027 4663 1056 4701 a
1088 4647 1471 4719 Scauderbego
1500 4660 1775 4717 gestarum
1802 4665 1975 4719 scrip-

328 4767 337 4775 -
402 4753 598 4804 torem,
654 4742 738 4794 vel
788 4742 932 4809 apud
982 4740 1313 4805 Bouilnium,
1363 4744 1448 4794 vel
1480 4740 1795 4795 Geul'raeum
1828 4760 1843 4795 :
1874 4742 1972 4797 sed

398 4833 674 4887 obsidium
696 4830 874 4897 Crojze
898 4829 1169 4882 duntaxat
1188 4828 1256 4882 ab
1285 4829 1369 4883 his
1388 4831 1609 4898 exponi,
1635 4846 1798 4900 quam
1821 4833 1973 4899 prius

399 4926 561 4977 etiam
595 4933 752 4990 capto
787 4923 1045 4974 L'otziaco
1083 4922 1199 4974 sive
1225 4919 1406 4981 Getia,
1438 4930 1674 4989 quatuor
1713 4932 1840 4976 ante
1871 4924 1973 4977 hoc

400 5024 612 5081 tempus
646 5012 829 5075 annis,
863 5013 1022 5064 irrito
1048 5021 1248 5063 conatu
1284 5020 1634 5065 tentaverat:
1668 5022 1728 5066 ut
1754 5016 1973 5081 St'ripsil

400 5102 692 5163 Laontcns,
728 5103 820 5170 qui
856 5103 1056 5153 (lruam
1094 5101 1365 5165 nominat,
1409 5103 1600 5154 urbem
1634 5101 1971 5157 Albanorum

404 5197 743 5265 primariam.
792 5194 1014 5247 Novella
1063 5191 1265 5247 Leonis
1302 5192 1554 5260 Augusti,
1608 5210 1774 5261 quam
1810 5198 1971 5249 toties

397 5290 654 5348 eitamus,
699 5288 843 5338 velut
866 5287 1092 5336 alteram
1117 5284 1407 5351 quamdam
1443 5286 1659 5352 imperii
1694 5287 1971 5340 Constan-

398 5379 744 5447 tinopolitani
799 5378 1071 5436 uetitiam,
1118 5390 1349 5430 numero
1395 5379 1765 5434 multitudinis
1800 5381 1971 5434 Croas

396 5472 655 5540 appellat,
678 5480 732 5522 et
762 5470 953 5522 barum
984 5470 1295 5538 episcopum
1321 5468 1698 5539 Dyrrbacliino
1729 5471 1969 5539 subjicit.

400 5565 544 5617 Idem
569 5563 619 5614 ei
646 5576 841 5613 nomen
864 5570 949 5614 est
968 5561 1108 5628 apud
1136 5569 1420 5628 praetorem
1445 5559 1672 5613 Graacia:
1697 5572 1970 5615 nostrum.

396 5653 674 5707 Barletius
705 5649 925 5717 Crojam
957 5660 1135 5710 vocat,
1168 5649 1332 5719 idque
1363 5666 1560 5703 nomen
1619 5650 1970 5719 Epirotarum

396 5745 582 5813 lingua
609 5740 812 5795 fontem
860 5744 1171 5811 signiticnre
1202 5742 1335 5795 dicit
1365 5757 1378 5792 :
1415 5743 1558 5809 quod
1595 5743 1734 5797 intra
1791 5744 1970 5797 muni-

396 5841 608 5891 tionem
634 5835 781 5902 jugis
808 5850 961 5903 aqua-
991 5838 1168 5889 l'ontcs
1202 5834 1333 5889 sint.
1362 5834 1574 5890 Primus
1602 5835 1743 5889 banc
1782 5835 1963 5890 Mura-

2074 624 2236 693 potiri
2268 625 2501 678 secunda
2559 622 2971 691 oppugnatione
3013 636 3118 673 non
3158 628 3361 686 posset,
3413 620 3465 669 in
3500 632 3648 670 mor-

2075 718 2199 771 bum
2261 716 2510 771 lcthalein
2556 730 2668 784 pra:
2730 713 3100 781 indignatione
3158 711 3365 776 lat-sus,
3398 707 3644 762 rabidam

2074 811 2347 864 exhalavit
2365 810 2627 862 animam.
2652 807 2900 861 Imitatus
2927 814 3009 859 est
3034 814 3240 873 patrem
3270 799 3645 869 persequendo

2072 902 2363 963 (ὶιιδιι-ἱυιμ,
2391 900 2744 965 vexandaqne
2765 897 2953 966 Croja,
2982 897 3348 948 Mncbemeles
3368 892 3645 947 secundus

2077 995 2218 1047 ‘ilius
2245 1013 2258 1047 :
2291 993 2382 1064 qui
2408 994 2685 1047 continuis
2706 989 3106 1045 munitionibus
3141 985 3382 1053 undique
3405 984 3650 1040 circum-

2072 1086 2276 1151 datant,
2299 1098 2353 1139 et
2380 1086 2687 1139 arctissime
2704 1085 2970 1144 clausam,
2991 1096 3189 1149 capere
3216 1089 3397 1134 tamen
3423 1091 3529 1130 non
3553 1090 3650 1142 po-

2077 1180 2200 1241 tuit,
2227 1179 2642 1246 Scandcrbegns
2677 1180 2894 1231 tandem
2926 1187 3124 1244 sponte
3154 1172 3379 1227 Venetis
3399 1186 3521 1227 eam
3549 1170 3652 1222 do-

2078 1280 2231 1326 navit
2261 1284 2387 1325 ante
2416 1282 2669 1332 mortem,
2724 1288 2791 1325 ne
2823 1278 2992 1324 tantae
3044 1267 3356 1333 reipublitw
3389 1265 3653 1319 destituta

2078 1363 2355 1432 priesidio.
2384 1363 2693 1417 Turcorum
2753 1363 2808 1416 in
2876 1375 3070 1414 manus
3105 1374 3226 1412 utex
3278 1373 3308 1410 a
3346 1364 3521 1409 morte
3554 1357 3652 1407 ilc-

2078 1459 2315 1509 tensoris
2347 1458 2579 1509 veniret.
2619 1453 2809 1509 Obiter
2839 1456 2940 1507 hoc
2968 1452 3244 1518 adjicitor,
3274 1451 3342 1503 ab
3363 1450 3464 1501 hac
3489 1447 3651 1516 Croja

2077 1564 2273 1603 nomen
2300 1549 2496 1605 tulisse
2531 1548 2911 1603 nobilissimos
2944 1544 3112 1614 Belgii
3155 1557 3409 1612 proceres
3455 1538 3650 1607 Croja-

2077 1657 2200 1701 nos.
2238 1642 2332 1708 qui
2377 1641 2600 1710 Crojam
2632 1639 2931 1709 aliquando
2964 1638 3275 1707 possedisse
3308 1634 3596 1688 traduntur
3632 1649 3645 1683 :

2077 1735 2220 1786 sicut
2246 1734 2299 1786 in
2332 1734 2524 1788 iisdem
2556 1732 2798 1785 Albaniae
2827 1730 2962 1785 locis
3002 1739 3057 1784 et
3088 1727 3403 1784 Karlovitaii
3445 1723 3649 1793 princi.

2080 1840 2197 1893 pes,
2215 1824 2428 1897 origine
2454 1824 2616 1887 Galli,
2646 1823 2713 1878 de
2736 1824 2935 1890 quibus
2958 1822 3164 1877 dictum
3189 1821 3365 1889 capite
3393 1818 3483 1880 66,
3512 1815 3646 1886 Dyi—

2004 1895 2047 1952 B
2079 1895 2364 1972 i'haehium
2390 1931 2493 1974 suo
2511 1932 2636 1972 cum
2668 1930 2800 1987 agro
2829 1922 3157 1969 tenuerunt:
3191 1923 3246 1965 et
3264 1911 3483 1965 Achaize
3505 1922 3655 1974 prm-

2073 2010 2229 2079 cipes
2261 2010 2314 2062 in
2366 2012 2554 2063 eadem
2590 2007 2788 2063 vicinia
2850 2021 3031 2060 rerum
3084 2000 3381 2071 aliquando
3429 2001 3654 2052 fuci-unt

2078 2101 2260 2168 potiti,
2285 2099 2809 2155 Sabaodosaxonica
2859 2097 2973 2151 nati
3006 2096 3234 2151 familia.
3273 2091 3349 2146 Ex
3397 2090 3653 2159 Crojanis

2080 2191 2284 2260 tegnlis
2313 2206 2540 2246 summa:
2595 2191 2699 2246 l‘uit
2734 2190 3079 2247 auctoritatis
3126 2190 3267 2258 apud
3309 2185 3573 2242 Karulunt
3613 2182 3649 2236 V

2082 2288 2392 2353 Augustum
2453 2283 2786 2347 Hadrianus,
2850 2282 3061 2337 Cliiurii
3116 2280 3392 2334 dominus.
3449 2274 3651 2330 Eadem

2079 2377 2262 2431 editus
2293 2384 2457 2445 gente
2487 2375 2591 2430 fuit
2644 2376 2920 2430 Antonius
2974 2376 3228 2445 princeps
3268 2371 3558 2425 Pot-tiauns
3599 2369 3653 2421 in

2079 2469 2277 2524 Gallia.
2339 2468 2497 2523 Nunc
2555 2469 2699 2539 apud
2759 2466 2954 2537 Belgas
3002 2470 3329 2534 superstites
3365 2472 3494 2519 sunt
3544 2463 3657 2531 duo

2084 2558 2303 2621 fratres.
2337 2558 2448 2616 dux
2484 2562 2875 2626 Arescotanns,
2914 2569 2968 2613 et
3005 2558 3346 2613 llaurei-hius
3383 2560 3652 2616 marchio.

2080 2673 2204 2705 cum
2231 2655 2480 2722 principe
2511 2652 2757 2709 Chimaao
2794 2652 3113 2705 Arescotani
3146 2650 3276 2702 lilio.

2082 2772 2206 2825 H7.
2247 2769 2460 2835 Gulala,
2512 2768 2696 2829 Ceras,
2730 2766 2894 2822 Sinus
2922 2765 3222 2827 Ccrolinua,
3264 2765 3423 2831 Pera,
3455 2765 3627 2836 Syra',

2660 2837 2821 2893 Scala
2858 2836 3078 2904 Sycena.

2154 2930 2297 2986 Urbs
2323 2930 2513 2986 Galata
2542 2930 2706 2999 vulgo
2727 2930 2892 2982 etiam
2914 2938 3039 2983 nota
3066 2938 3171 2993 est,
3195 2944 3226 2982 e
3258 2928 3480 2997 regione
3512 2926 3657 2981 Cun-

2081 3023 2513 3088 stantinopoleos
2551 3022 2682 3087 sita,
2712 3030 2866 3075 trans
2898 3020 3104 3083 sinum,
3154 3035 3315 3089 quem
3341 3019 3509 3073 Ceras
3539 3022 3657 3074 sive

2079 3111 2288 3173 Cornu,
2307 3118 2362 3163 et
2383 3113 2697 3167 Ceratinum
2729 3110 2847 3165 sive
2886 3108 3214 3171 Cornutum,
3242 3118 3455 3165 veteres
3486 3112 3651 3163 etiam

2083 3216 2348 3259 vocarunt
2380 3222 2394 3257 :
2432 3205 2578 3274 quod
2614 3204 2789 3260 instar
2823 3220 2993 3258 cornu
3045 3204 3252 3258 cervini
3306 3204 3536 3273 sparsim
3569 3219 3659 3257 ra-

2083 3300 2188 3351 mis
2215 3297 2372 3366 quasi
2396 3297 2727 3363 quibusdam
2748 3297 2905 3351 littus
2939 3307 3235 3364 utrumque
3265 3298 3650 3366 amplectatur.

2085 3388 2236 3440 l‘atct
2263 3388 2317 3439 in
2361 3389 2568 3442 ambitu
2608 3398 2756 3443 totus
2784 3388 2871 3443 hic
2904 3391 3060 3443 sinus
3088 3390 3412 3446 milliaribus
3445 3391 3651 3448 Graecis

2082 3481 2295 3549 viginti.
2337 3481 2561 3537 Galatas
2595 3483 2758 3537 hodie
2816 3486 3062 3536 masculo
3099 3485 3532 3554 genere-Graecis
3575 3486 3657 3542 ef-

2083 3574 2276 3633 fertur.
2310 3575 2454 3627 sicut
2484 3584 2536 3626 et
2570 3576 2788 3642 praatori
2825 3574 3051 3630 Graeciae
3086 3587 3296 3643 nostro,
3351 3579 3444 3648 qui
3476 3580 3654 3634 Phru-

2083 3668 2203 3719 rion
2249 3667 2368 3721 sive
2412 3666 2697 3721 castellum
2734 3677 2913 3722 vocat.
2948 3667 3149 3722 Eadem
3179 3681 3234 3724 ct
3272 3671 3405 3725 Pera
3437 3672 3647 3728 dicitur

2078 3768 2133 3810 t-t
2168 3756 2347 3811 Perara
2373 3758 2574 3813 Nieeta:
2605 3759 2898 3825 historico,
2921 3762 3067 3829 quod
3099 3764 3238 3816 ultra
3268 3764 3449 3818 sinuin
3475 3767 3655 3834 posita

2080 3851 2170 3903 sit.
2198 3850 2423 3904 Veteres
2452 3852 2522 3904 ab
2544 3853 2803 3905 arborum
2829 3852 2962 3906 licos
2983 3851 3276 3907 ferentium
3303 3853 3467 3928 “5
3495 3862 3652 3925 copia

2082 3942 2251 4011 Syeas
2276 3944 2657 4004 nominabant,
2677 3959 2800 4014 qua:
2832 3960 2933 3997 vox
2957 3945 3098 4013 apud
3128 3944 3406 4000 Zosimnm
3433 3965 3655 4017 quoque

2081 4046 2325 4091 nostrum
2387 4035 2604 4102 legitur.
2642 4034 2917 4107 Xylander
2963 4039 3104 4107 apud
3155 4038 3448 4093 Cedrinnm
3518 4041 3655 4095 licus

2082 4131 2488 4197 interpretatur,
2524 4138 2579 4183 et
2625 4130 2953 4184 suburbium
3002 4147 3124 4184 esse
3175 4132 3310 4185 dicit
3345 4133 3591 4203 Byzantii
3631 4151 3647 4187 :

2081 4234 2205 4273 cum
2255 4227 2437 4272 tamen
2470 4221 2795 4273 intermedio
2838 4223 2973 4274 mari
3000 4223 3069 4276 ab
3102 4228 3236 4276 urbe
3280 4225 3650 4295 tiisjtlttgaltlt'.

2082 4310 2196 4375 Qua
2226 4310 2704 4382 Constantinopoli
2754 4312 3001 4368 Galatam
3038 4315 3399 4385 transjicitur,
3434 4316 3651 4372 Scalam

2081 4401 2348 4470 Sycenam
2401 4404 2556 4473 ponit
2613 4411 2773 4457 vetus
2834 4405 2987 4460 urbis
3034 4405 3655 4476 Constantinopolitana-

2081 4495 2402 4564 descriptio.
2451 4511 2572 4564 qua:
2626 4496 2769 4550 libro
2824 4495 3041 4552 Notitize
3116 4501 3403 4568 utriusque
3458 4503 3649 4571 imperi

2520 4595 2574 4641 et
2627 4590 2832 4642 scalam
2880 4590 2935 4643 in
2990 4589 3283 4645 Portoiano
3324 4608 3428 4648 suo
3476 4595 3655 4653 Gravi

2076 4676 2346 4747 hodieque
2380 4679 2571 4732 dicunt
2601 4695 2725 4732 eum
2763 4682 2967 4744 locum,
3010 4697 3121 4750 quo
3155 4698 3321 4739 naves
3351 4686 3635 4754 appellunt

2074 4780 2132 4823 et
2176 4770 2269 4824 ubi
2314 4772 2689 4826 exscenditur.
2719 4769 2864 4826 Usus
2889 4784 2972 4828 est
3001 4774 3103 4828 hac
3135 4789 3262 4828 voce
3294 4776 3564 4832 Cedrmus
3595 4780 3652 4832 in

2074 4858 2443 4930 Copronymo,
2474 4879 2598 4914 cum
2633 4877 2837 4928 narrat,
2875 4880 3044 4916 unutn
3073 4865 3262 4934 glaciei
3288 4868 3651 4935 fragmentum

2077 4968 2199 5005 cum
2240 4953 2445 5021 impetu
2468 4955 2705 5008 delatum
2741 4968 2794 5008 et
2831 4958 3126 5023 impactum
3160 4960 3214 5013 in
3250 4963 3453 5014 scalam
3481 4968 3654 5016 Acro-

2075 5044 2283 5111 poleos,
2324 5044 2375 5097 id
2417 5056 2498 5098 est
2557 5045 2703 5099 arcis
2737 5046 3069 5117 Byzantina),
3096 5050 3163 5102 de
3192 5066 3297 5117 qua
3328 5054 3504 5120 capite
3530 5053 3651 5118 139,

2074 5150 2197 5187 cam
2228 5137 2642 5191 eomminuisse.
2680 5136 2941 5191 Latitudo
2982 5140 3134 5193 sinus
3169 5142 3311 5194 inter
3355 5144 3493 5195 hanc
3534 5159 3655 5197 sca-

2079 5226 2185 5278 lam
2220 5237 2275 5280 et
2305 5229 2565 5294 oppidum
2614 5226 2884 5293 Galatam,
2942 5231 3018 5282 vel
3052 5232 3193 5285 inter
3230 5240 3421 5286 ambas
3469 5238 3653 5302 potius

2080 5317 2279 5383 scalas,
2311 5335 2341 5371 e
2368 5320 2591 5389 regione
2623 5322 2851 5389 positas,
2884 5321 2950 5374 ad
2973 5338 3170 5392 passus
3199 5324 3305 5378 500
3334 5334 3500 5395 patet.
3544 5325 3655 5379 Ga-

2082 5410 2189 5463 lata
2216 5408 2588 5466 Genueusium
2621 5412 2839 5466 colonia
2887 5421 2992 5478 est,
3039 5415 3204 5469 etiam
3252 5416 3411 5471 hodie
3454 5420 3651 5482 majori

2075 5519 2140 5556 ex
2185 5511 2341 5571 parte
2390 5518 2419 5556 a
2455 5504 2785 5559 Christianis
2813 5503 3139 5573 inhabitata,
3168 5513 3468 5577 pricscrtint
3499 5524 3649 5565 mer-

2077 5594 2380 5649 catorilius.
