4218 6308
576 387 681 446 815

1769 395 2096 455 ΙΟᾹΝΝΙΒ
2133 390 2603 451 LEUNCLAVH

3726 396 3838 457 816

584 503 703 554 1‘38.
739 500 1082 566 Neori'tslron,
1113 506 1315 559 Ilumri‘i
1338 507 1548 571 (Iliisnr,
1574 511 1784 564 Aniiloli
1809 516 2000 562 thisur
2027 531 2037 561 :
2061 512 2134 563 Cit

2272 516 2489 574 gustum
2529 506 2694 558 maris
2753 521 3015 570 meatum,
3074 517 3295 574 propter
3339 508 3730 560 monasterium
3792 521 3852 561 ει

650 574 857 625 stellam
898 576 1102 648 Lethes,
1139 577 1329 648 'l'im'es
1360 581 1544 647 nigrir,
1581 583 1875 632 llcrnni'nni
1909 600 2157 648 pronum-

651 648 867 718 toriuui,
900 643 1124 708 La'mus,
1159 643 1512 710 luenti-copia,
1543 649 1765 718 Bognzi,
1800 643 2002 715 Iloilvazi
2027 653 2120 700 (λιι
2142 678 2154 688 -

661 732 771 772 sur,
801 713 1088 780 Bosporus.
1150 718 1431 768 Brriclii'nm
1494 720 1549 772 S.
1583 713 1827 789 Georgii:
1868 713 2005 773 Iioru
2053 721 2156 773 llo-

647 800 875 856 spurcitia
909 787 1310 856 tantEnropa'i,
1367 807 1524 856 quam
1562 787 1785 843 Asiuticr
1843 794 2076 852 littoris,
2125 809 2156 844 it

646 854 1108 922 Constantinopoli
1141 873 1301 922 u-que
1335 854 1400 908 ait
1445 860 1649 913 Euxini
1711 865 1874 914 muris
1935 873 2151 923 ostium,

648 925 896 990 (Induere,
936 924 1332 995 Syriiplegazies,
1363 928 1622 982 Μιλησίαν.

646 1060 839 1111 Arcem
911 1061 1368 1128 munitissimam,
1431 1081 1593 1130 quain
1657 1082 1684 1118 a
1755 1075 1908 1134 tergo
1949 1066 2157 1120 Galatae

573 1150 944 1206 Muchetnetes
975 1153 1041 1217 ll,
1072 1154 1137 1206 ad
1175 1171 1345 1218 mare,
1383 1159 1432 1209 id
1493 1169 1597 1222 est,
1654 1160 1718 1211 ad
1765 1161 2066 1228 Bosporum
2128 1178 2158 1212 e

575 1245 708 1296 mari
769 1242 980 1298 Euxino
1062 1246 1447 1314 proﬂuentem,
1503 1252 1813 1304 condidisse
1859 1264 2153 1314 narratur;

572 1335 746 1388 Graeci
779 1336 1138 1396 Neocastron.
1174 1341 1276 1391 hoc
1307 1352 1408 1398 est.
1457 1353 1700 1394 castrum
1735 1359 1933 1398 novum
1990 1360 2157 1396 voca-

574 1439 719 1490 runt,
754 1438 886 1482 utet
925 1430 1089 1483 Turci
1115 1431 1248 1484 Geni
1282 1436 1502 1496 Chisar,
1531 1435 1690 1502 cujus
1725 1447 1780 1489 et
1810 1451 1976 1504 supra
2009 1452 2157 1487 incn-

572 1521 649 1572 tio
686 1519 825 1572 facta
856 1519 1036 1588 capite
1062 1531 1313 1575 notarum
1367 1523 1490 1578 lli.
1544 1525 1714 1579 lidem
1773 1534 1950 1579 tamen
1998 1529 2158 1581 nobis

569 1613 736 1664 etiam
764 1610 983 1666 Rumeli
1011 1613 1210 1667 Chisar
1242 1615 1508 1682 appellari
1569 1617 1848 1683 dicebant,
1895 1633 2017 1670 cum
2059 1619 2160 1673 hac

573 1705 1104 1773 praeterveherentur
1132 1708 1198 1759 ad
1233 1705 1466 1762 Pontum
1503 1709 1795 1773 Euxinum,
1858 1711 2004 1780 quod
2067 1730 2152 1763 ar-

575 1816 694 1851 cem
725 1798 1006 1852 Romaniae
1037 1798 1119 1852 vel
1154 1800 1386 1869 Europae
1421 1802 1726 1868 signiﬁcat:
1755 1803 1899 1857 sicut
1927 1806 2156 1858 alteram

2260 600 2436 652 ardctn
2485 595 2673 650 Sancti
2723 597 2940 664 Georgii
2998 598 3390 666 Manganoruin
3459 599 3660 651 dictam
3713 600 3855 652 Prii-

2260 689 2466 758 pontidi
2498 704 2557 741 se
2584 691 2889 742 miscentis.
2933 689 2986 741 l‘d
3039 699 3325 758 propterea
3355 691 3682 756 notandum,
3709 694 3852 762 quia

2259 782 2570 848 complures
2604 781 2655 833 iii
2687 782 2789 834 hoc
2811 783 3233 835 liallucinaiitor
3267 782 3394 835 dum
3425 786 3598 837 sancti
3622 783 3852 852 Georgii

2260 872 2550 926 brachium
2621 875 2686 924 ad
2753 875 2972 926 Sestum
3021 883 3074 924 et
3128 873 3374 943 AbyJum
3438 875 3744 928 collocant:
3786 889 3854 927 ιιι

2265 962 2670 1023 Volaterranos,
2703 978 2863 1031 quem
2897 967 3032 1017 citat
3071 965 3313 1016 Orteliiis
3343 967 3395 1018 in
3432 981 3562 1019 voce
3615 967 3833 1021 llelles-

2261 1061 2484 1121 pontus,
2528 1062 2583 1104 nt
2620 1053 2921 1114 Ceul'i'wus.
2961 1065 3016 1106 ut
3053 1053 3294 1109 Thomas
3357 1055 3749 1119 Poreacchius,
3786 1069 3853 1110 ut

2260 1144 2377 1198 alii.
2421 1145 2623 1198 Saltem
2683 1148 2886 1199 rectius
2951 1147 3053 1198 hoc
3115 1151 3198 1200 vel
3243 1162 3308 1200 ex
3373 1149 3520 1201 hisce
3570 1146 3849 1201 Viiiccntii

2260 1234 2608 1291 Belvacensis
2637 1239 2814 1292 verbis
2851 1240 3173 1292 didicissent
3203 1255 3216 1292 :
3261 1238 3372 1294 lloc
3402 1251 3488 1295 est
3543 1257 3692 1295 mare
3724 1257 3849 1294 ina-

2260 1344 2424 1398 gnum
2455 1330 2530 1396 (id
2571 1341 2674 1392 est,
2712 1330 2921 1384 Pontus
2950 1330 3219 1391 Euxinus,
3279 1348 3424 1385 nunc
3483 1335 3648 1385 etiam
3694 1332 3850 1386 Italis

2263 1437 2412 1474 mare
2441 1423 2639 1490 majus)
2675 1425 2739 1475 ile
2771 1441 2878 1491 quo
2919 1422 3202 1476 brachium
3239 1423 3426 1477 Sancti
3456 1422 3671 1494 Georgii
3704 1425 3848 1484 exit,

2263 1516 2338 1580 (id
2373 1523 2484 1577 est,
2521 1512 2662 1582 Bosp
2685 1529 2818 1583 iriis)
2853 1517 2998 1584 qqu
3030 1517 3084 1569 in
3132 1514 3668 1584 Constantinopolim
3750 1531 3848 1567 va-

2261 1607 2358 1658 dit.
2385 1605 2528 1675 Ergo
2569 1605 2752 1661 Sancti
2779 1607 2996 1678 Georgii
3031 1610 3314 1662 brachium
3349 1618 3431 1663 est
3489 1623 3650 1678 supra
3710 1607 3855 1661 Con-

2263 1699 2700 1766 stantinopolim,
2733 1704 2799 1753 ad
2833 1700 2991 1768 cujus
3022 1699 3343 1753 orientalem
3375 1704 3659 1768 angulum,
3712 1699 3853 1753 sub-

2265 1797 2346 1839 ter
2409 1789 2583 1858 ipsam
2636 1795 2985 1844 sultaiiorom
3054 1807 3259 1854 arcem,
3330 1793 3382 1844 in
3452 1791 3846 1860 Propontidem

575 1893 704 1946 huic
733 1893 1041 1960 oppositam
1069 1893 1126 1945 in
1169 1894 1412 1950 Asiatico
1454 1895 1658 1958 littore,
1693 1912 1840 1951 nunc
1874 1899 2149 1950 ruinosam

2269 1879 2544 1950 Bosporus
2609 1884 2875 1937 illabitur.
2949 1885 3207 1954 Adeoque
3269 1902 3297 1939 a
3380 1887 3555 1939 sancti
3617 1884 3848 1951 Georgii

571 1984 806 2038 Anadoli
835 1985 1054 2046 Chisar,
1091 1985 1146 2038 id
1196 1994 1302 2048 est,
1336 2001 1518 2040 arcem
1569 1986 1840 2042 Anatolia:
1872 1989 1953 2042 vel
2009 1990 2156 2045 Asia:

574 2079 986 2148 nuncupabant.
1044 2077 1384 2134 Neocastron
1444 2083 1640 2150 vulgus
1733 2083 2154 2138 occidentalium

569 2170 1036 2236 Christianorum,
1067 2173 1371 2240 priesertim
1404 2171 1689 2234 Germani.
1723 2174 1926 2228 Turres
1973 2177 2156 2245 nigras

570 2265 788 2317 dicunt.
824 2263 997 2318 Abest
1027 2278 1056 2315 a
1085 2263 1565 2334 Constantinopoli
1605 2267 1673 2320 ad
1707 2283 1876 2320 unum
1925 2269 2157 2324 inilliare

571 2355 748 2421 majus
773 2353 1194 2418 Germanicum,
1226 2355 1401 2415 locus
1423 2371 1558 2410 sane
1584 2358 1854 2421 munitus,
1925 2374 1978 2413 et
2047 2361 2156 2414 for-

568 2447 845 2499 midabilis
887 2447 1185 2499 admodum
1243 2449 1460 2502 miseris
1520 2450 1797 2518 captivis,
1851 2456 2153 2521 pi‘msertiin

568 2541 824 2594 lautioris
849 2539 1124 2594 fortunae:
1153 2542 1244 2610 qui
1279 2543 1379 2595 hos
1414 2542 1553 2594 intra
1586 2560 1836 2599 carceres
1885 2549 2152 2608 conclusi,

568 2645 854 2696 nunquam
915 2628 1029 2682 fere
1099 2630 1410 2684 libertatem
1489 2633 1802 2702 rccipiunt:
1863 2651 2038 2705 raque
2091 2641 2156 2691 de

568 2735 733 2770 causa
799 2718 1083 2773 castellum
1145 2718 1250 2773 hoc
1303 2718 1501 2774 Lethes
1555 2726 1633 2777 vel
1685 2725 1977 2780 oblivionis
2022 2731 2154 2782 olim

568 2826 787 2875 quoque
851 2821 1102 2863 voeatuni
1163 2820 1314 2881 puto.
1351 2813 1510 2882 cujus
1541 2815 1595 2868 in
1649 2816 1938 2884 Bosphoro
1993 2820 2153 2888 positi

568 2901 841 2971 Gl't‘gtll'ﬂs
916 2902 1190 2965 meminit,
1225 2904 1296 2957 ab
1349 2919 1419 2959 eo
1445 2905 1600 2970 dicti,
1664 2909 1810 2976 quod
1865 2924 2154 2978 perpetuos

565 2993 633 3043 ad
668 3006 916 3044 carceres
949 2991 1332 3046 damnatorum
1367 2995 1512 3047 nulla
1561 3006 1739 3050 exstet
1773 3000 2011 3067 amplius
2037 3015 2153 3052 inc-

567 3086 766 3136 inoria.
795 3084 1025 3138 Constat.
1049 3096 1257 3148 autem,
1299 3087 1469 3141 fuisse
1497 3088 1619 3142 istic
1647 3091 1810 3142 etiam
1868 3103 1994 3144 ante
2037 3091 2152 3144 Mu-

565 3178 866 3230 ehemetem
896 3176 936 3230 Il
973 3179 1086 3244 illa,
1123 3195 1244 3248 quae
1266 3180 1526 3242 diximus,
1557 3181 1611 3234 in
1668 3194 1907 3253 utroque
1965 3185 2150 3240 littore

564 3270 791 3324 Castella
823 3285 837 3322 :
870 3271 963 3322 sed
995 3271 1389 3339 imperatorum
1447 3272 1757 3328 Graecorum
1815 3277 2022 3331 incuria
2069 3281 2149 3333 sic

564 3367 835 3432 neglecta,
871 3367 1004 3418 nulli
1045 3375 1105 3417 nt
1138 3365 1259 3417 usui
1287 3368 1562 3418 servirent
1615 3369 1704 3420 alii
1755 3385 1918 3437 quam
1952 3381 2140 3424 custo-

561 3459 780 3510 utendis
812 3456 1066 3524 captivis.
1094 3455 1307 3510 Causas
1357 3458 1626 3509 condendi
1689 3458 1976 3513 Neocastri
2025 3461 2143 3514 Mu-

563 3551 842 3604 chcnietes
870 3549 1080 3612 habuit,
1115 3560 1173 3624 ut
1199 3549 1517 3617 transjicere
1553 3561 1660 3602 tam
1692 3551 1744 3603 in
1779 3554 2142 3620 Asiainqnam

564 3643 842 3711 liuropam
873 3642 1038 3693 lihere
1068 3649 1249 3709 posset
1283 3659 1297 3694 :
1328 3657 1396 3694 ne
1427 3641 1726 3696 Christiani
1761 3644 1994 3698 navibus
2030 3646 2147 3697 suis

563 3735 1026 3787 ii'ansvectioiicin
1089 3733 1366 3787 exercitus
1401 3733 1778 3802 prohiberent,
1817 3746 1878 3788 ut
1910 3737 2145 3805 denique

558 3823 1037 3890 Constantinopoli
1077 3825 1360 3892 capiendae
1385 3825 1638 3877 serviret.
1661 3823 1938 3880 Laonicus
1962 3842 2143 3880 arcem

558 3918 634 3969 ita
667 3915 979 3983 descripsu,
1022 3923 1079 3967 ut
1118 3915 1280 3969 hodie
1319 3917 1682 3986 conspicitur.
1711 3917 1801 3970 Ait
1837 3934 1956 3972 eain
2013 3935 2147 3973 con-

558 4017 704 4061 stare
738 4009 914 4061 tribus
950 4009 1198 4062 turribus
1224 4008 1456 4078 magnis,
1489 4025 1724 4078 quarum
1763 4027 1867 4064 una
1893 4015 2146 4082 superior

559 4105 614 4152 in
646 4099 836 4152 acclivi
871 4098 1009 4152 colle
1046 4102 1379 4167 preeminet:
1417 4101 1640 4169 reliqua:
1677 4102 1800 4154 duae
1829 4105 2146 4158 consistunt

562 4192 791 4247 inferius
830 4191 893 4244 ad
948 4191 1124 4260 ipsimi
1187 4194 1339 4246 littus
1413 4194 1675 4263 Bospori:
1728 4212 1840 4266 quo
1896 4199 2145 4250 videlicet

563 4286 766 4338 hiiicin
792 4299 958 4336 naves
997 4285 1443 4354 pra-terlegenti-s
1477 4298 1717 4354 impetus
1771 4292 1886 4342 lict'l
1946 4294 2138 4358 possit.

562 4378 766 4429 llaruin
799 4376 1035 4430 duarum
1075 4392 1179 4428 una
1207 4381 1443 4430 maxima
1468 4391 1571 4431 est.
1603 4379 1766 4433 Tecta
1800 4393 1929 4436 sunt
1966 4384 2143 4452 plum-

561 4468 682 4520 bea.
713 4467 900 4521 Murus
929 4465 1100 4520 ambit
1131 4484 1312 4520 arcem
1361 4485 1582 4522 crassus
1639 4472 1805 4539 pedes
1843 4475 1932 4526 22.
2004 4474 2143 4527 Tur-

2263 1975 2490 2028 hrachio
2536 1975 2648 2028 sive
2680 1977 2943 2044 Bosporo,
2969 1994 3061 2045 per
3099 1978 3483 2046 l'iopontidem
3555 1987 3607 2031 et
3643 1976 3848 2030 Helles-

2259 2076 2508 2135 pontum,
2549 2064 2765 2120 Sestum
2801 2082 2855 2122 et
2887 2069 3136 2139 Abydum
3179 2085 3352 2137 usque
3382 2070 3485 2123 l80
3520 2069 3841 2122 milliarium

2258 2158 2574 2213 Grazcoruni
2612 2173 2692 2214 cst
2724 2162 2844 2214 iter.
2870 2160 3111 2216 Gallicus
3150 2165 3423 2233 interpres
3477 2161 3701 2217 Laonici
3733 2161 3842 2214 mi-

2260 2251 2408 2304 ritice
2433 2252 2679 2320 profecm
2707 2255 2942 2319 cicciitit,
2975 2270 3037 2309 ac
3079 2255 3410 2325 sibhnetipsi
3448 2254 3841 2307 contiadicens

2258 2345 2333 2394 ait
2361 2358 2374 2393 :
2403 2341 2760 2395 ileehemetcs
2796 2359 2976 2395 arcem
3006 2343 3361 2410 Licinocopia:
3401 2344 3635 2398 condere
3671 2345 3842 2408 cmpit

2260 2433 2313 2486 in
2347 2449 2445 2488 ora
2476 2433 2846 2503 Propontidis,
2887 2451 2951 2488 ex
2989 2446 3141 2504 parte
3181 2437 3428 2505 Euwp:e,
3474 2437 3526 2488 in
3583 2452 3648 2489 eo
3710 2450 3839 2502 pro-

2260 2527 2379 2594 prio
2407 2525 2548 2591 ioco,
2598 2532 2689 2593 qui
2747 2525 3023 2595 Bosporus
3063 2528 3390 2596 appellatur.
3465 2527 3532 2580 Et
3583 2527 3841 2597 ascripsit

2261 2612 2515 2688 margini,
2554 2619 2731 2672 verbis
2761 2620 2844 2672 liis
2874 2622 3054 2673 locum
3107 2621 3430 2690 sgniticari,
3497 2635 3605 2690 quo
3645 2618 3838 2674 Sestus

2260 2711 2390 2763 olim
2419 2713 2520 2764 sita
2552 2711 2719 2764 fuerit
2751 2728 2763 2762 ;
2801 2730 3038 2784 eumque
3066 2713 3296 2767 Turcica
3340 2715 3524 2783 lingua
3574 2712 3682 2767 dici
3729 2711 3836 2765 Ba-

2259 2817 2508 2870 gazasar,
2569 2802 2685 2856 sive
2721 2804 3101 2872 ριίευὶδιυιιεειι
3159 2803 3323 2876 446
3384 2807 3643 2858 laue’ium.
3693 2804 3836 2869 Quid

2260 2897 2431 2961 magis
2468 2895 2702 2948 absurde
2743 2897 2851 2949 dici
2903 2899 3187 2966 potuisset,
3221 2914 3384 2967 quam
3441 2898 3717 2953 conditam
3765 2901 3834 2952 ad

2261 2987 2571 3056 Bosporum
2650 3005 2853 3054 arcem,
2920 2992 3148 3062 intelligi
3185 2994 3382 3046 debere
3438 2993 3595 3045 sitam
3642 2994 3833 3047 eodem

2259 3083 2538 3154 loco,qiio
2568 3085 2762 3142 Sestus
2822 3087 2954 3139 olim
3013 3087 3324 3141 esstiterit?
3381 3088 3543 3140 Cette
3599 3086 3836 3140 NeoCas-

2261 3187 2404 3229 trum
2437 3180 2538 3231 hoc
2579 3179 2933 3236 liluchemetis
2964 3196 2992 3232 a
3045 3179 3187 3234 Sesti
3222 3181 3421 3234 veteris
3471 3181 3592 3233 loco
3663 3193 3836 3248 prope

2253 3270 2358 3320 ξίου
2385 3271 2714 3325 ιωιιιπιιιυε
2744 3271 2948 3326 ϐιέιτοιδ
2979 3273 3164 3338 distat,
3201 3283 3488 3342 totumque
3535 3271 3835 3341 Proponti-

2252 3364 2338 3413 dis
2372 3372 2426 3414 et
2475 3360 2809 3432 Hellesponti
2871 3364 3109 3430 spatium
3165 3364 3250 3416 his
3317 3361 3661 3431 inteijectuin
3722 3370 3830 3413 est.

2252 3452 2405 3517 Quod
2446 3465 2627 3508 autem
2653 3455 2804 3522 dicit,
2846 3471 2968 3509 eum
3007 3455 3185 3508 loeum
3224 3455 3408 3524 lingua
3476 3453 3705 3509 Turcica
3736 3467 3834 3505 vo-

2253 3551 2364 3600 cal‘i
2414 3549 2729 3617 Bajazasar,
2789 3552 2903 3605 sive
2937 3551 3314 3620 praecisionem
3359 3550 3639 3602 faucium:
3667 3547 3722 3600 in
3759 3563 3830 3601 eo

2251 3653 2469 3706 quoque
2526 3640 2738 3692 t'allitur
2792 3651 2845 3694 et
2890 3642 3218 3694 vocabulum
3276 3653 3599 3711 corruptum
3651 3639 3828 3708 ponit.

2251 3728 2384 3781 λειω
2421 3733 2660 3785 scribere
2698 3735 2888 3787 debuit
2918 3735 3114 3805 Bagazi
3147 3734 3366 3799 Chisar,
3399 3743 3452 3787 et
3481 3736 3831 3802 interpri-tari

2254 3837 2442 3876 arcem
2473 3825 2738 3878 faucium.
2811 3825 3170 3896 Lacinocopite
3204 3828 3425 3895 quidem
3467 3825 3653 3881 Gtzcca
3702 3839 3828 3890 vox,

2251 3929 2359 3982 qua
2400 3913 2674 3970 Laonicus
2705 3918 2894 3980 utitur,
2923 3919 3223 3973 incisurain
3257 3919 3498 3973 faucium
3533 3918 3829 3985 signiﬁcat,

2254 4009 2354 4058 hoc
2389 4015 2472 4057 est
2504 4005 2705 4069 locum,
2737 4007 2828 4059 ubi
2863 4008 2986 4061 linis
3019 4022 3105 4062 est
3161 4012 3356 4060 harum
3419 4005 3647 4075 Bospori
3712 4004 3832 4058 fau-

2247 4113 2416 4161 cium,
2447 4099 2541 4164 qui
2572 4099 2832 4169 deinceps
2866 4103 2919 4152 in
2965 4101 3139 4153 multo
3171 4101 3515 4168 capaciorem
3577 4095 3830 4164 Propon-

2250 4191 2376 4242 tidis
2406 4194 2586 4243 sinum
2623 4207 2818 4260 magna
2862 4210 2988 4245 cum
3044 4194 3310 4246 undarum
3361 4192 3618 4246 violentia
3659 4202 3834 4246 semet

2251 4283 2661 4338 elIunitit.Cum
2697 4297 2879 4339 autem
2915 4289 3170 4356 superius
3226 4291 3404 4356 capite
3446 4297 3698 4340 notarum
3757 4285 3831 4339 26

2249 4375 2368 4430 loca
2405 4379 2570 4430 tonus
2608 4377 2940 4447 llellespOnti
3000 4390 3053 4432 et
3086 4379 3466 4448 Propontidis,
3505 4381 3628 4432 inde
3659 4395 3830 4447 usque

2252 4483 2282 4519 a
2311 4470 2648 4524 Bard-anellis
2690 4472 2770 4524 vel
2801 4471 3042 4535 arcibus,
3099 4470 3206 4525 hoc
3243 4481 3346 4535 est,
3408 4487 3435 4522 a
3471 4475 3830 4525 cadaveribus

561 4559 706 4613 rium
764 4559 1045 4611 crassities
1110 4560 1176 4610 ad
1237 4560 1304 4613 '50
1341 4562 1503 4627 pedes
1561 4565 1895 4619 extenditur.
1949 4567 2144 4623 Pen-us
2178 4592 2220 4644 υ
2252 4563 2392 4616 Sesti
2423 4575 2477 4617 et
2507 4565 2704 4633 Abydi,
2743 4568 2807 4616 ad
2837 4565 3027 4618 urbem
3081 4565 3611 4635 Constantinopolim
3652 4576 3706 4620 et
3761 4568 3826 4620 ad

562 4652 791 4722 Cyllins,
838 4653 1145 4704 illustratur
1179 4654 1331 4705 urbis
1387 4665 1440 4707 et
1482 4655 1707 4723 Bospori
1740 4658 1994 4728 diligens,
2047 4681 2145 4715 an-

560 4745 1070 4814 tiqiiisllcinuemn
1139 4744 1242 4796 hoc
1297 4745 1418 4799 loco
1480 4760 1915 4816 promontorium
1975 4757 2146 4810 luisse

560 4840 772 4894 statuit.
837 4838 1086 4908 Bosporo
1125 4839 1311 4892 datum
1369 4856 1564 4895 nomen
1603 4853 1688 4897 est
1725 4861 1755 4898 a
1798 4857 2143 4905 transnatatu

559 4934 734 4991 bovis.
760 4941 856 4986 aut.
881 4931 1094 4985 bucula:
1125 4934 1207 4984 vel
1234 4933 1482 5004 juvenea:
1507 4935 1711 5000 potius,
1745 4939 1995 4994 videlicet
2024 4945 2139 5010 liis,

560 5022 748 5077 Inachi
788 5025 930 5093 regis
959 5024 1287 5090 Argivorum
1325 5023 1470 5086 ﬁliai,
1499 5025 1563 5076 de
1588 5041 1691 5092 qua
1725 5040 1807 5081 est
1855 5031 1907 5081 in
1943 5032 2143 5087 fabulis

561 5116 863 5170 historicis.
928 5114 1005 5166 lta
1065 5113 1323 5166 nimirum
1404 5116 1456 5168 in
1506 5117 1820 5186 Originibus
1895 5123 2140 5193 Byzantii

560 5206 769 5260 Graecis
818 5205 1209 5273 manuscriptis
1273 5205 1524 5275 legimus.
1576 5205 1780 5264 Nullibi
1857 5214 2141 5283 Bosporus

563 5297 848 5367 angustior
871 5307 978 5360 est,
1014 5312 1180 5364 quam
1234 5299 1376 5349 inter
1418 5297 1777 5355 Neocastrum
1829 5318 1886 5358 et
1929 5311 2142 5363 Attatoii

556 5392 775 5444 Cliisar.
812 5389 956 5442 ldem
989 5387 1199 5458 Gyllius
1257 5400 1448 5441 auctor
1496 5403 1600 5455 est,
1639 5393 1941 5466 Bosporum
1993 5401 2142 5454 ϐινητ-

559 5484 639 5534 cis
671 5482 858 5533 vocari
915 5477 1160 5542 Lamion,
1225 5478 1422 5532 Turcis
1490 5479 1709 5550 Bogazi,
1772 5505 1894 5557 quae
1942 5508 2142 5545 nom-is

559 5576 895 5630 suntfauces
928 5575 1011 5628 vel
1036 5576 1304 5645 angusti-.2
1329 5576 1518 5639 maris,
1549 5589 1605 5630 ut
1642 5581 1808 5634 etiam
1843 5583 1893 5635 in
1921 5586 2142 5639 homine

559 5670 746 5724 fauces
793 5670 1138 5740 appellantur
1202 5667 1434 5722 Laenius.
1518 5671 1659 5725 [line
1749 5674 2141 5748 [acinocopiain

557 5760 828 5814 Laonicus
855 5763 957 5814 hoc
1013 5764 1131 5817 loco
1161 5768 1360 5831 posuit.
1420 5766 1600 5820 Nostri
1633 5769 1935 5841 Bosporum
1977 5775 2140 5828 etiam

555 5855 731 5907 sancti
791 5853 1010 5923 Ceut’gii
1068 5858 1351 5912 biachium
1423 5863 1796 5930 nominarunt,
1838 5870 1983 5920 Velut
2044 5886 2145 5920 an-

2252 4658 2429 4723 ipsoin
2506 4656 2645 4710 adeo
2703 4658 2908 4710 sultaiii
2959 4657 3238 4718 saraium,
3309 4657 3396 4710 ubi
3453 4658 3728 4728 Buspmus
3773 4658 3828 4709 in

2256 4749 2644 4816 Propontidem
2691 4749 2956 4818 prazcipiti
3032 4749 3270 4803 maxime
3341 4765 3508 4804 cursu
3559 4751 3828 4814 illabitur,

2250 4839 2796 4894 eiinaieraveriinus:
2832 4840 2964 4892 libet
2992 4853 3021 4890 a
3047 4843 3229 4892 Saraio
3258 4840 3458 4892 sultani
3510 4855 3702 4893 iursus
3745 4840 3831 4891 in-

2249 4935 2528 5000 cipiendo,
2577 4949 2799 4988 sursum
2827 4933 2985 5001 quasi
3045 4935 3244 4987 mentis
3295 4933 3640 5000 navigatione
3692 4949 3827 5002 qua-

2247 5029 2371 5080 dain
2407 5030 2472 5080 ad
2509 5028 2682 5095 ipsum
2744 5042 2919 5096 usque
2980 5026 3147 5080 maris
3195 5025 3392 5079 Euxini
3452 5028 3651 5079 ostium
3703 5040 3829 5092 pro-

2253 5124 2403 5190 gredi
2431 5133 2482 5174 et
2524 5123 2779 5189 utrinque
2820 5124 2923 5174 sita
2973 5121 3114 5184 loca,
3145 5136 3269 5176 cum
3316 5126 3381 5175 ad
3436 5120 3712 5174 dexteram
3769 5121 3824 5173 in

2256 5218 2491 5270 Asiatico
2515 5215 2716 5282 littore,
2755 5228 2868 5269 tum
2894 5217 2961 5270 ad
2994 5219 3276 5271 sinistram
3308 5216 3357 5267 in
3409 5214 3697 5282 Enroparo,
3729 5228 3830 5266 no-

2249 5310 2489 5362 minibus
2531 5311 2726 5377 partim
2755 5310 2977 5376 priscis,
3004 5311 3198 5379 partim
3233 5324 3381 5362 nunc
3437 5321 3682 5370 usstatis,
3735 5330 3827 5358 m-

2248 5403 2374 5454 dine
2409 5418 2697 5456 recensere
2727 5420 2740 5455 :
2773 5407 2852 5457 sic
2908 5413 3112 5468 tamen,
3146 5413 3204 5456 ut
3255 5405 3419 5456 nimis
3479 5403 3822 5470 scrupultm,

2250 5512 2398 5549 more
2418 5495 2694 5566 Cylliiino,
2725 5511 2964 5560 vetusta,
2994 5508 3212 5567 cognitu
3250 5513 3443 5567 parum
3490 5500 3825 5567 necessaria,

2251 5607 2356 5645 non
2399 5593 2730 5645 inseramus.
2773 5651 2783 5661 ,

2323 5681 2492 5750 Igitur
2533 5682 2734 5750 angulo
2758 5680 3020 5735 sultanini
3077 5679 3243 5736 saraii
3313 5682 3608 5752 respondet
3643 5697 3675 5736 e
3739 5697 3826 5737 re—

2248 5773 2410 5844 gione
2435 5775 2750 5828 Scutarinm
2786 5776 2836 5828 in
2872 5775 2998 5827 Asia
3055 5776 3348 5845 disjunuis
3387 5791 3417 5830 a
3462 5791 3523 5828 se
3585 5777 3820 5828 invicem

2244 5868 2388 5924 locis
2445 5867 2595 5923 hisce
2655 5869 2924 5923 duntaxat
2976 5884 3085 5922 uno
3137 5867 3358 5923 milliari
3401 5867 3615 5925 Grato.
3684 5873 3825 5927 Ante
