4204 6300
363 333 471 400 $417

1519 340 1915 403 PANDECTE
1950 338 2152 398 IIIST.
2190 342 2234 399 T
2250 340 2500 401 URClC.

3491 328 3602 392 813

359 473 512 518 vero,
545 469 708 524 quam
756 455 1080 520 transjcctus
1115 455 1202 509 hic
1226 467 1531 525 suptrctur,
1592 456 1831 509 necutrit
1878 454 1929 505 in
1966 452 2007 507 Α
2107 456 2148 507 Α
2178 452 2376 507 Stauro
2431 454 2581 506 locus
2618 451 2668 503 in
2701 449 2907 519 Anaplo
2976 448 3075 514 (sic
3110 447 3252 499 enim
3299 446 3605 511 lthucnIt-r

359 551 495 613 ipsis
548 549 706 616 aquis
760 556 1003 601 extructa
1052 549 1297 615 quasdam
1358 565 1454 601 arx
1518 564 1701 617 parra.
1769 560 1927 616 quam

359 640 580 694 Turrim
614 639 955 694 Scutarinam
983 639 1156 694 Graeci
1182 651 1399 707 vorant,
1433 641 1593 694 Tlll't'i
1628 640 1928 701 lii-aculam,

360 732 463 785 hoc
495 742 599 793 est,
634 745 814 784 arcem
858 730 1109 799 virginis,
1176 747 1241 786 ex
1277 745 1442 785 causa
1496 731 1731 799 quadam
1797 730 1927 784 alibi

360 822 705 889 exponenda.
739 821 811 875 De
843 821 947 875 hac
996 837 1122 877 arce
1154 831 1284 877 sunt
1336 822 1681 891 intelligenda
1733 822 1933 877 Niceta:

363 916 548 979 verba,
584 914 719 969 libro
749 930 825 979 tv,
854 932 976 970 cum
1004 919 1081 970 ait
1110 934 1124 970 :
1154 916 1236 970 Ab
1290 916 1393 969 hoc
1450 917 1776 984 imperatore
1819 916 1931 969 Ma-

368 1005 525 1059 nucle
576 1006 745 1059 turris
809 1005 897 1059 illa
963 1005 1254 1074 (potuisset
1306 1019 1485 1059 arcem
1546 1003 1775 1072 vertere)
1824 1019 1932 1057 non

364 1098 555 1165 procul
604 1111 633 1150 a
694 1098 1011 1151 continente
1057 1097 1109 1150 in
1144 1096 1280 1150 mari
1330 1103 1607 1150 exstructa
1659 1102 1765 1157 cst,
1813 1109 1937 1161 qua?

370 1186 606 1241 Damalis
638 1189 887 1257 pridem.
951 1204 1096 1243 nunc
1149 1187 1341 1241 Arcula
1398 1186 1719 1243 diciturzet
1765 1185 1935 1239 altera

370 1283 858 1350 turriseregiOpe.
907 1283 1062 1349 juxta
1138 1280 1487 1351 Manganium
1542 1280 1935 1335 monasterium

368 1372 603 1442 (scilicet
647 1373 830 1427 Sancti
871 1374 1113 1443 Georgii)
1148 1390 1214 1429 eo
1240 1374 1494 1438 consilio,
1547 1382 1608 1426 ut
1646 1372 1821 1426 ferrea
1854 1388 1940 1425 ca-

370 1474 494 1518 tena
566 1466 827 1530 utrinque
880 1476 1130 1533 extensa,
1182 1466 1429 1519 barbaris
1483 1465 1708 1518 naribus
1759 1465 1940 1517 aditus

372 1553 427 1606 in
454 1554 570 1608 loca
604 1555 755 1610 urbis
781 1558 893 1609 arci
926 1557 1125 1616 vicina.
1165 1565 1219 1611 et
1250 1564 1482 1610 tractum
1514 1555 1667 1609 illum
1716 1571 1938 1610 omnem

372 1664 548 1715 usque
597 1650 664 1704 ad
734 1648 1110 1704 Blacherniam
1170 1651 1397 1719 regiam,
1466 1649 1938 1703 intercluderetur.

373 1741 589 1808 Quibus
627 1743 680 1797 i-n
707 1742 888 1794 verbis
942 1741 1156 1797 Arcula:
1204 1757 1397 1794 nomen
1456 1741 1762 1811 signiﬁcare
1812 1751 1942 1810 puto

376 1850 597 1903 parvam
621 1849 826 1887 arcem.
882 1831 1027 1887 ldum
1078 1844 1203 1902 post
1262 1833 1469 1901 inquit:
1540 1834 1840 1903 Imperator
1884 1836 1937 1888 in

375 1926 579 1997 palatio
605 1927 669 1979 ad
694 1925 983 1991 Damalim,
1010 1928 1155 1994 quod
1190 1925 1505 1980 Scutarium
1549 1925 1770 1989 dicitur,
1821 1942 1943 1979 ver-

376 2017 622 2072 sabatur.
652 2016 828 2072 Distat
849 2032 877 2070 a
917 2017 1224 2071 continenti
1256 2016 1454 2070 Asiana
1477 2014 1784 2071 Scutarium
1817 2034 1943 2072 ceu-

378 2119 494 2161 tum
546 2107 819 2175 passibus.
878 2106 1086 2160 Nomcu
1171 2107 1369 2176 oppido
1426 2107 1605 2162 vicino
1655 2108 1829 2170 dedit.
1888 2120 1945 2162 ut

377 2198 582 2255 Graecis
619 2200 778 2254 hodie
803 2199 1138 2259 Scutarium,
1164 2199 1357 2254 Turcis
1403 2199 1625 2255 lscodar
1685 2202 1896 2256 dicatur
1929 2220 1944 2257 :

378 2292 510 2346 olim
538 2308 642 2346 non
678 2291 1010 2355 Chalcedon,
1052 2292 1357 2355 utiJorius,
1396 2293 1691 2354 Pcucerus.
1744 2294 1943 2349 Busltc-

380 2382 560 2449 quius,
594 2383 794 2452 aliique
844 2383 1017 2445 magni
1076 2385 1173 2437 viri
1240 2394 1501 2453 putarunt
1565 2383 1947 2449 (Chalcedonis

380 2475 526 2526 enim
556 2474 747 2527 rudera
787 2473 850 2528 10
881 2474 1207 2530 milliarihus
1240 2477 1306 2529 ab
1327 2476 1539 2543 Augnlo
1568 2478 1830 2531 sultanini
1856 2495 1948 2531 sa-

383 2564 482 2618 raii
526 2581 719 2620 versus
761 2568 1085 2621 Astacenutu
1141 2566 1343 2631 sinum,
1409 2568 1475 2621 ad
1521 2570 1949 2637 promontorium

387 2658 746 2721 Damalicum,
794 2658 946 2727 juxta
1001 2668 1216 2728 portum
1273 2657 1535 2726 Eutropii,
1587 2658 1692 2713 sita
1754 2663 1950 2729 sunt),

385 2753 479 2805 sed
508 2752 890 2823 Chrysopolis.
925 2747 983 2805 Id
1025 2760 1204 2805 autem
1238 2751 1436 2821 oppido
1471 2765 1667 2805 nomen
1724 2752 1953 2807 inditum

385 2844 555 2912 :tliqtti
596 2853 807 2910 putant,
839 2850 899 2897 ut
927 2842 1044 2897 auri
1095 2844 1288 2898 civitas
1344 2843 1634 2907 diceretur,
1672 2845 1740 2898 ab
1796 2860 1954 2911 auro,

387 2935 533 3003 quod
560 2933 690 2988 olim
726 2934 1120 3005 antiquissimis
1150 2934 1487 3003 temporibus
1538 2951 1634 3005 pro
1667 2935 1957 2991 Persarum

390 3028 610 3095 regibus
642 3027 727 3081 hic
750 3028 938 3081 tributi
966 3027 1183 3081 nomine
1211 3028 1430 3092 congeri
1459 3044 1522 3083 ex
1555 3028 1680 3083 Asia
1706 3039 1816 3085 tota
1867 3046 1959 3083 so-

392 3121 549 3173 litum
575 3118 757 3173 fuerit.
783 3118 890 3173 Sed
928 3118 1169 3187 origines
1224 3119 1373 3172 urbis
1428 3119 1740 3189 Byzantina:
1787 3121 1949 3174 aliam
1987 3143 2027 3200 ο

395 3211 632 3267 nominis
652 3211 934 3276 rationem,
966 3211 1142 3265 verbis
1164 3210 1383 3271 Graecis,
1414 3211 1466 3264 in
1499 3212 1641 3267 hanc
1691 3212 1804 3267 fere
1830 3229 1957 3267 sen-

396 3302 620 3357 tentiam
652 3301 911 3355 referunt.
954 3300 1258 3370 Conspecta
1308 3303 1611 3373 (inquiunt)
1668 3304 1958 3359 confestim

400 3395 605 3463 aquila,
649 3408 743 3446 cor
794 3393 1028 3446 victimae
1087 3393 1250 3462 rapit.
1315 3402 1369 3447 et
1426 3394 1479 3447 in
1527 3396 1959 3461 promontorium

398 3485 646 3555 liosporii
677 3486 874 3538 littoris
900 3484 1092 3547 'Jel'ert,
1117 3499 1147 3537 e
1195 3485 1415 3554 regione
1436 3484 1855 3555 Chrysopoleos,
1876 3488 1963 3540 cui

395 3580 633 3650 Chryses
664 3576 1091 3646 Agamemnonis
1144 3592 1210 3629 ex
1274 3576 1568 3647 Chryseide
1624 3576 1787 3641 (ilius,
1846 3589 1967 3643 post

401 3688 590 3727 necem
624 3672 813 3740 patris,
836 3670 1264 3740 Clytzemnestrze
1297 3669 1507 3734 fugiens
1535 3668 1781 3735 insidias,
1806 3680 1859 3724 et
1898 3670 1965 3724 ad

398 3763 748 3833 quaerendum
800 3762 1134 3830 Iphigeniam
1217 3774 1537 3829 properans,
1592 3775 1786 3814 nomen
1863 3762 1969 3817 hoc

400 3858 545 3925 apud
575 3856 780 3910 incolas
821 3854 1061 3922 reliquit,
1090 3854 1383 3920 sepultum
1410 3868 1523 3905 sum
1558 3865 1967 3907 monumentum

403 3966 527 4003 cum
551 3948 672 4002 i5tic
705 3950 866 4001 tinem
896 3947 1108 4000 vivendi
1159 3945 1400 4000 fecisset.
1440 3945 1651 4010 Quibus
1704 3946 1757 3999 in
1792 3947 1972 4001 verbis

408 4038 839 4107 promontorium
897 4036 1142 4103 Bosporii
1172 4036 1390 4095 littoris.
1427 4034 1556 4089 illud
1608 4034 1787 4105 ipsum
1821 4033 1974 4088 intel-

410 4129 615 4197 ligitur,
646 4130 699 4181 in
719 4143 827 4197 quo
855 4143 998 4181 nunc
1025 4127 1263 4181 saraium
1301 4126 1648 4179 sultaninum
1708 4126 1974 4179 oricutale

408 4223 574 4277 situm
603 4230 707 4275 est.

481 4316 523 4365 Α
545 4312 863 4383 Chrysoizoli
896 4310 1007 4364 sive
1067 4308 1333 4373 Scutario,
1377 4308 1526 4363 littus
1555 4307 1849 4362 Asiaticum
1888 4306 1978 4381 .le-

410 4406 690 4474 gentibus,
746 4405 983 4459 oceurrit
1033 4403 1264 4471 primum
1345 4416 1536 4471 pagus,
1600 4402 1693 4468 qui
1752 4400 1978 4454 Stauros

2039 548 2288 603 historici
2312 545 2483 599 Graeci
2518 552 2711 598 vocant
2748 543 2859 596 huic
2889 543 2954 595 ab
2989 552 3218 608 utroque
3274 539 3437 590 latere
3465 540 3602 596 lora.

2037 661 2158 713 qua:
2192 659 2410 696 sursum
2451 641 2519 695 ad
2563 640 2831 694 Euxinum
2888 652 3035 691 mare
3066 634 3443 703 navigantibus
3477 647 3606 683 cen—

2038 734 2361 805 spit-iuutur)
2398 734 2678 803 proximus
2709 733 2866 786 estin
2892 732 3080 785 eodem
3111 728 3349 781 Asiatico
3399 728 3605 777 littore.

2038 825 2367 879 tuonztsterio
2393 822 2669 893 quondam
2724 821 2920 887 insigni
2980 818 3250 881 celebris,
3318 815 3409 882 qui
3461 827 3607 865 nunc

2038 917 2310 971 Akimitns
2331 915 2534 971 Grmcis
2561 914 2779 966 dicitur.
2819 911 2957 965 Olim
2993 909 3211 963 Akimiti
3248 907 3606 961 vocabantur,

2039 1009 2259 1070 hocest,
2307 1004 2557 1059 monachi
2611 1000 2918 1071 pervigiles,
2956 1011 3205 1067 totasque
3256 1008 3441 1050 noctes
3488 992 3608 1048 sine

2039 1112 2232 1150 somno
2272 1095 2527 1162 precibus
2558 1102 2609 1146 et
2641 1092 2857 1163 hymnis
2883 1087 3129 1145 dicendis
3162 1088 3460 1155 exigentes.

2113 1188 2193 1239 Ab
2222 1186 2460 1241 Akimito
2510 1184 2750 1253 pergitur
2811 1183 2875 1234 ad
2922 1178 3388 1250 Chrysokerama,
3433 1176 3609 1231 locutu

1993 1282 1997 1287 ⁷
2039 1279 2108 1331 ah
2134 1278 2412 1329 aedasaeta
2437 1276 2665 1337 dictum,
2698 1275 2893 1343 tegulis
2923 1272 3053 1326 olim
3080 1270 3341 1325 inauratis
3392 1279 3581 1321 ornata
3600 1305 3612 1318 .

2111 1368 2562 1437 Chrysukeratnis
2585 1366 2823 1420 vicinum
2846 1377 2929 1421 est
2950 1362 3191 1419 Anatolis
3236 1360 3479 1416 Castelli.
3522 1359 3614 1413 Sic

2041 1464 2213 1519 Graeci
2247 1479 2388 1517 nunc
2418 1461 2604 1514 mutile
2630 1469 2847 1522 vocant,
2879 1464 3023 1527 quod
3080 1469 3289 1525 Integre
3343 1453 3614 1508 diceretur

2044 1555 2291 1609 Anatolis
2319 1554 2445 1619 (hoc
2468 1560 2569 1613 est,
2591 1550 2756 1609 Asiae)
2791 1549 3107 1605 Castellion.
3153 1548 3219 1603 Et
3267 1545 3428 1615 paulo
3486 1552 3615 1597 ante

2047 1648 2415 1710 meminimus,
2441 1646 2581 1700 idem
2610 1642 2807 1698 Turcis
2833 1642 3024 1698 eodem
3057 1640 3365 1709 signiﬁcatu
3428 1637 3612 1691 vocari

2049 1740 2277 1796 Auadoli
2300 1738 2516 1793 Chisar.

2118 1853 2269 1909 Ultra
2298 1850 2592 1906 Castellion
2622 1846 2864 1902 Auatolis
2923 1854 3008 1900 est
3033 1842 3425 1913 Megalocarya,
3449 1838 3614 1910 5&7

2050 1945 2261 2013 magnis
2313 1960 2341 1996 a
2406 1941 2640 1995 nucibus
2689 1938 2951 1995 arellanis
3003 1936 3186 1989 dicta:
3220 1947 3385 2001 quam
3412 1931 3617 1984 rectius

2050 2038 2223 2093 Cra-ci
2270 2036 2459 2091 volunt
2484 2036 2549 2089 ad
2576 2042 2793 2087 sanctos
2821 2031 3046 2101 angelos
3079 2029 3370 2084 nominari.

2124 2151 2299 2220 Supra
2357 2148 2784 2218 Megalocaryam
2835 2144 3171 2212 conspicitur
3226 2153 3381 2195 vetus
3432 2139 3619 2192 hierou

2054 2245 2153 2312 (sic
2174 2252 2227 2294 et
2256 2240 2419 2294 Tun-i
2442 2253 2565 2293 eum
2592 2235 2795 2291 Grtecis
2826 2234 3066 2303 vocant),
3091 2233 3267 2294 idest,
3294 2230 3476 2284 fanum
3507 2226 3623 2281 sire

2056 2335 2343 2404 templum,
2393 2346 2422 2383 a
2469 2328 2831 2383 Constantino
2894 2326 3087 2395 Magno
3142 2322 3460 2377 conditum:
3512 2316 3623 2386 quo

2057 2435 2301 2492 tempore
2337 2419 2588 2476 confecto
2627 2418 2767 2471 bello
2794 2417 3046 2483 Gothico,
3090 2428 3349 2471 reversus
3401 2411 3526 2475 luit,
3565 2420 3626 2462 ut

2057 2516 2229 2572 ϐηηεί
2261 2528 2407 2568 nunc
2437 2513 2612 2566 aiunt.
2639 2511 2868 2565 Constat
2887 2520 3090 2571 tamen,
3124 2507 3229 2561 hoc
3256 2506 3386 2560 olim
3406 2519 3627 2573 quoque

2062 2609 2179 2661 loco
2229 2605 2400 2660 fuisse
2426 2602 2767 2673 temporibus
2803 2599 3203 2668 antiquissimis
3231 2597 3491 2666 templum
3523 2595 3627 2646 Ar-

2062 2708 2421 2768 gonautorum
2446 2696 2589 2765 quod
2611 2694 2942 2764 appellatum
2974 2692 3074 2746 fuit
3098 2690 3281 2744 hicron
3300 2690 3412 2742 sive
3431 2686 3617 2739 fantiu-

2062 2788 2212 2843 Juvis
2239 2787 2376 2850 Urii,
2413 2786 2518 2841 hoc
2551 2794 2659 2848 est,
2694 2784 2975 2853 largientis
3009 2790 3197 2833 ventos
3220 2778 3509 2833 secundos.
3564 2773 3633 2829 Et

2067 2892 2252 2934 notum
2277 2888 2381 2944 est,
2412 2877 2603 2932 solitos
2630 2876 2988 2944 imperatores
3021 2872 3367 2927 Christianos
3421 2875 3633 2920 mutare

2066 2972 2269 3041 templa
2305 2983 2642 3040 paganorum
2677 2969 2730 3021 in
2763 2965 2933 3019 nostri
2970 2964 3107 3017 ritus
3133 2960 3419 3015 ecclesias.

2140 3085 2384 3140 Ulterius
2408 3081 2687 3135 castellum
2723 3078 2972 3145 Argyron
3001 3075 3167 3125 situm
3201 3080 3286 3125 est
3320 3069 3464 3138 quod
3494 3067 3633 3122 Cas-

2065 3176 2243 3231 taldus
2271 3174 2434 3228 etiam
2470 3171 2673 3241 posuit,
2700 3169 2952 3238 Algyrutn
2983 3180 3202 3219 vocans.

2135 3293 2410 3347 Hactenus
2450 3290 2503 3341 in
2540 3284 2800 3342 Asiatico.
2834 3282 2949 3336 sive
2999 3279 3191 3335 dextro
3221 3276 3412 3345 Anapli
3437 3276 3634 3335 latere,

2065 3387 2167 3443 sita
2192 3387 2306 3439 loca
2331 3379 2758 3437 nttmeravitntts.
2795 3373 2951 3428 Nunc
2997 3373 3136 3426 idem
3171 3372 3273 3425 iter
3302 3369 3369 3420 ab
3404 3371 3514 3421 imo
3552 3381 3639 3419 re—

2068 3477 2307 3549 petituri,
2352 3475 2504 3529 littus
2547 3471 2867 3539 Europmum
2899 3467 3142 3533 legamus
3176 3451 3259 3516 ad
3291 3460 3501 3522 larvam,
3536 3458 3640 3511 do-

2070 3586 2168 3625 nec
2196 3568 2381 3623 itidem
2419 3566 2484 3616 ad
2540 3562 2740 3619 ostium
2781 3557 2939 3612 Ponti
2978 3555 3180 3609 Euxini
3232 3552 3638 3623 perveniamus.

2139 3680 2327 3750 Itaque
2364 3676 2553 3734 Galata
2575 3671 2889 3729 Ceratiuum
2910 3670 2976 3723 ad
3009 3668 3189 3722 sinum
3216 3665 3424 3721 relicta.
3456 3673 3638 3716 trans-

2071 3774 2310 3828 eundum
2372 3769 2550 3839 primo
2606 3761 3067 3834 promontorium.
3111 3760 3292 3812 saran
3336 3754 3639 3816 sultaniuo,

2073 3883 2103 3920 e
2145 3864 2365 3933 regione
2394 3869 2545 3913 trans
2567 3856 2746 3911 sinum
2769 3860 3055 3908 cornutum
3092 3851 3221 3913 sito,
3257 3845 3597 3915 respondens
3619 3863 3635 3896 :

2073 3968 2127 4011 ct
2158 3970 2285 4008 mox
2320 3952 2513 4006 olIeret
2535 3963 2653 4003 sese
2681 3944 2953 4011 Caravoli,
2980 3944 3132 3997 locus
3177 3939 3325 3993 omni
3362 3937 3639 3991 variorum

2075 4047 2429 4102 aediﬁciorum
2452 4051 2502 4096 et
2523 4042 2804 4094 hortorqu
2827 4035 3061 4096 cultura,
3088 4047 3155 4086 ne
3178 4029 3393 4098 templis
3424 4026 3641 4097 quidem

2077 4137 2325 4196 Turcicis
2349 4131 2748 4193 deﬁcientibus,
2794 4125 3250 4181 amoenissimus:
3281 4120 3372 4174 ubi
3399 4120 3645 4174 diverso-

2082 4233 2223 4286 rium
2254 4226 2571 4298 Anglicana:
2618 4222 2819 4290 regina:
2870 4219 3049 4289 legato
3107 4214 3449 4279 assignatum
3503 4220 3644 4295 erat,

2081 4337 2206 4377 cum
2255 4334 2355 4373 nos
2414 4315 2538 4371 istic
2587 4327 2856 4369 essemus.
2905 4288 3108 4364 ibidem
3165 4305 3320 4359 .luliae
3374 4288 3648 4357 Pesceniie

2091 4426 2326 4467 marmor
2350 4410 2595 4465 Grmcum
2620 4414 2705 4460 est
2720 4402 3204 4473 elegantissimum.
3224 4398 3383 4466 cujus
3417 4393 3648 4463 inscrip-

410 4498 617 4556 Gracis
650 4496 869 4560 dicitur,
907 4499 972 4548 ab
998 4509 1167 4547 aurea
1197 4509 1382 4555 cruce,
1414 4507 1579 4560 quam
1614 4492 1670 4544 in
1705 4492 1890 4560 templi
1919 4492 1984 4544 ab
2017 4473 2060 4527 θ
2093 4503 2293 4555 fume,“
2327 4498 2612 4552 habemus,

413 4608 474 4645 se
496 4589 694 4645 ibidem
721 4583 1159 4643 conditivertice
1203 4581 1593 4637 Constantinus
1654 4580 1982 4646 Maguusiu-

415 4681 643 4751 signiter
669 4689 916 4733 ornatam
959 4673 1310 4728 constituisse
1341 4670 1677 4740 perhibetur.
1723 4669 1813 4722 Sic
1836 4670 1977 4720 enim

415 4772 607 4828 audire
643 4772 709 4825 de
739 4768 1053 4823 Theodosio
1084 4764 1398 4835 Zygomala,
1450 4759 1801 4831 patriarchali
1864 4776 1986 4823 ιη’οι

418 4863 711 4922 touotario,
773 4861 927 4911 valde
988 4861 1150 4912 doeto
1205 4855 1319 4908 viro
1390 4851 1632 4906 memini.
1701 4850 1766 4905 Et
1816 4851 1985 4919 ipsius

420 4957 602 5024 templi
636 4954 825 5007 ruinas
846 4948 1214 5021 amplissimas
1237 4945 1528 5014 aliquando
1560 4956 1687 4998 cum
1749 4941 1988 4993 admira-

421 5050 587 5111 tione,
647 5044 937 5101 comitibus
1000 5040 1332 5109 llicronytuo
1377 5034 1673 5095 Arconato,
1707 5041 1760 5085 ct
1817 5030 1986 5084 Paulo

424 5139 586 5201 Rosa,
611 5154 676 5191 ex
698 5153 765 5189 eo
796 5146 1040 5204 tempore
1086 5131 1172 5199 pie
1206 5137 1439 5189 mortuo,
1475 5126 1608 5177 viris
1664 5122 1883 5192 optimis
1934 5131 1985 5175 et

421 5230 792 5289 amicissimis,
817 5226 1025 5292 iuSpexi
1052 5236 1216 5276 zeum
1253 5219 1468 5287 navigio
1491 5215 1789 5271 transvecti
1824 5214 1986 5266 Chal-

422 5319 783 5386 cetlonem,itt
842 5315 1082 5385 Eutropii
1138 5322 1377 5382 portum,
1424 5321 1567 5362 terra
1628 5304 1825 5358 deinde
1859 5320 1985 5370 pro-

425 5416 756 5470 montorium
817 5409 1147 5462 Damalienm
1207 5402 1431 5473 pedibus
1511 5398 1883 5455 ctnetiretnur.
1935 5395 1985 5444 iu

425 5522 533 5577 quo
555 5508 747 5559 rudera
776 5500 953 5568 templi
980 5508 1178 5553 sanetm
1208 5492 1522 5564 Euphcmim
1571 5487 1803 5541 concilio
1826 5485 1985 5539 Chal-

425 5594 718 5652 cedoucnsi
757 5592 979 5653 nobilis,
1011 5590 1065 5643 in
1119 5588 1279 5641 horto
1330 5582 1564 5652 quodam
1599 5585 1901 5648 superant:
1936 5585 1988 5628 et

437 5692 503 5745 ad
536 5689 679 5743 hunc
704 5685 896 5739 deinde
931 5697 1121 5754 pagum
1148 5681 1423 5741 Staurum,
1458 5673 1671 5743 altaque
1720 5673 1833 5725 loca
1868 5686 1990 5739 pro.

440 5781 712 5850 gtcdcrcnt
724 5792 807 5829 ur.

2157 4611 2407 4667 Caravoli
2440 4608 2718 4679 proximus
2747 4613 2844 4658 est
2873 4603 3025 4655 locus
3057 4614 3087 4652 a
3121 4597 3182 4651 S.
3226 4596 3422 4650 Phoce:
3449 4595 3650 4663 templo

2087 4701 2417 4757 Christianis
2449 4698 2772 4767 appellatus,
2806 4690 3086 4749 Ortaehioi
3139 4686 3356 4743 Turcis.
3404 4685 3649 4741 Arcbion

2090 4795 2285 4865 priscis
2314 4792 2520 4846 dictum
2551 4788 2719 4842 refert
2754 4783 2985 4855 Gyllius.

2163 4905 2312 4961 Ultra
2348 4903 2407 4957 S.
2459 4900 2696 4955 Phocam
2737 4893 3110 4961 Archangelus
3137 4899 3240 4952 est,
3295 4889 3447 4944 locus
3478 4888 3555 4943 sic
3586 4889 3653 4942 ab

2091 4996 2413 5065 archangelo
2435 4992 2690 5047 Michaele
2705 4990 2903 5042 dictus.
2932 4984 3156 5039 Veteres
3195 4983 3530 5051 Catascepeu
3558 4996 3655 5031 uo-

2091 5092 2352 5149 tniuasse,
2378 5094 2523 5154 patet
2543 5099 2607 5137 es
2638 5083 2724 5135 his
2757 5079 2959 5134 Nicetze
2992 5078 3170 5131 verbis
3219 5092 3233 5131 :
3267 5073 3653 5127 Monasterinm

2093 5182 2144 5234 iu
2178 5180 2333 5234 Ponti
2370 5174 2786 5236 fancibuslnco,
2815 5170 2907 5239 qtti
2950 5170 3242 5233 Cataseepe
3308 5166 3526 5226 dicitur,
3557 5180 3655 5215 cx-

2090 5269 2292 5325 struxit
2323 5264 2633 5319 archiducis
2664 5258 2940 5315 Michaelis
2985 5255 3227 5309 nomine.
3270 5251 3473 5305 Vocant
3512 5268 3657 5304 nunc.

2091 5365 2256 5418 etiam
2288 5359 2460 5415 Grreci
2488 5358 2812 5415 Asomaton,
2837 5360 3122 5418 propterea
3159 5345 3305 5412 quod
3329 5343 3504 5411 angeli
3536 5357 3653 5395 cor-

2094 5456 2243 5527 poris
2280 5458 2532 5520 cxpertes
2554 5446 2687 5501 sint.

2164 5568 2292 5621 lude
2330 5561 2645 5633 pervcnitur
2675 5556 2742 5611 ad
2801 5550 3201 5621 Diplokionion,
3244 5549 3322 5603 sic
3357 5548 3565 5600 dictum
3624 5561 3654 5597 a

2096 5659 2326 5731 geminis
2350 5654 2646 5715 columnis,
2701 5652 2844 5717 quod
2875 5647 3036 5699 Turci
3080 5644 3343 5704 Iitrsictas,
3380 5644 3542 5696 veluti
3581 5643 3658 5691 la—

2099 5754 2274 5824 pttlcm
2308 5766 2571 5806 cunarum
2604 5755 2817 5798 Vocant.
2839 5742 2915 5795 lbi
2947 5747 3447 5793 mouumcntumcst
3478 5738 3659 5803 sepuh
