4204 6300
575 323 687 386 819

1776 323 2101 383 JUANNIS
2136 323 2604 384 LEUNCLAVII

3719 317 3823 379 830

574 449 714 496 tune
741 437 1086 493 Citairatlinis
1119 437 1318 500 Bassa‘,
1356 439 1443 491 cui
1479 441 1544 491 ah
1584 437 1734 493 Italis
1778 456 1976 493 notua-tt
2010 439 2143 492 B.rr-
2179 453 2220 504 Α
2253 438 2940 499 monstrabatArconatus,
2968 451 2995 488 a
3026 435 3204 504 Cillio
3231 451 3336 488 non
3369 433 3821 490 atrimadrersaru.

578 532 819 585 barossaa
849 530 1032 584 datum
1066 530 1185 584 fuit.
1215 529 1460 584 Meminit
1492 531 1578 584 hic
1597 547 1720 584 eum
1759 532 1974 599 seprrltu
1998 546 2047 582 m
2086 531 2148 583 li-

579 624 678 677 ber
707 626 819 692 ipse
848 622 1165 683 Annalium.
1207 623 1274 676 ad
1323 640 1530 678 annum
1559 623 1934 678 Christianum
1988 624 2144 676 1547.

581 712 958 780 Diplokionion
1008 714 1205 783 priscis
1239 714 1445 768 dictum
1484 723 1604 766 erat
1648 712 1954 767 Jaaoninrn.
1992 717 2149 766 tme-

577 805 682 857 lius
719 820 826 860 non
856 817 1006 862 recte
1027 807 1342 877 Diplociana
1381 808 1622 875 scripsit,
1649 822 1749 876 pro
1776 807 2111 873 Diplokinnio
2131 850 2143 868 ,

574 909 630 952 et
656 898 871 963 Bisitas,
909 914 1007 968 pro
1027 899 1288 956 Besictas.

646 988 796 1044 Ultra
839 989 1229 1058 Diplokioulou
1261 1000 1343 1046 est
1371 991 1448 1052 id,
1475 992 1542 1046 de
1589 1009 1699 1060 quo
1733 991 1944 1060 prolixe
2003 1005 2148 1043 nunc

573 1083 808 1152 egimus,
853 1081 1206 1139 Neocastron.

649 1178 784 1232 llinc
814 1179 924 1232 itttr
954 1181 1022 1232 ad
1049 1180 1250 1253 locum,
1280 1179 1467 1236 Stenia
1498 1195 1644 1232 nunc
1673 1181 1902 1236 dictum,
1927 1179 2150 1232 nomine

570 1277 835 1335 corrupto
865 1270 933 1322 de
973 1269 1286 1333 SOSllteltin,
1321 1272 1372 1322 ui
1408 1272 1588 1324 fallor.
1624 1274 1730 1324 Aut
1760 1273 1859 1323 hoc
1893 1270 2023 1322 illud
2064 1277 2151 1322 est

575 1356 803 1420 Stenon.
833 1356 1073 1413 Cedrino
1099 1369 1153 1412 et
1181 1359 1303 1416 aliis
1331 1361 1646 1429 frequenter
1675 1362 2040 1413 nominatum.

649 1448 907 1518 Sequitur
937 1448 1232 1510 Neochorr,
1266 1451 1409 1519 quod
1433 1453 1510 1506 sic
1547 1453 1867 1505 enuntiatur
1894 1467 1924 1502 a
1947 1450 2151 1503 Grzrcis

573 1539 758 1604 hodie,
794 1556 917 1596 cum
947 1544 1021 1597 sit
1055 1543 1425 1598 Ncochorion.
1452 1545 1736 1615 Signiﬁcat
1767 1553 1946 1597 autem
1969 1545 2147 1596 locum

569 1635 654 1686 Vel
697 1648 887 1702 agrum
919 1636 1254 1703 praerlinmve
1287 1651 1511 1689 novum.

649 1726 826 1794 Supra
857 1724 1206 1781 Neoclroriort
1240 1745 1410 1798 pagus
1439 1741 1528 1783 est
1562 1729 1852 1798 Pltarapia.
1883 1726 1973 1782 Sic
2002 1729 2147 1782 enim

573 1833 604 1870 a
646 1815 850 1873 Grtrcis
877 1817 1127 1887 cﬂ‘ertur,
1161 1835 1189 1872 a
1219 1823 1424 1877 nostris
1451 1821 1746 1890 Therapia.

650 1909 974 1966 Pervenitur
1005 1913 1132 1965 hinc
1161 1915 1225 1966 ad
1265 1911 1541 1982 Panagiatt
1572 1926 1660 1970 sto
1683 1929 1876 1969 mauro
1909 1914 2073 1978 molo,
2102 1915 2153 1969 id

575 2014 680 2066 est.
735 2005 804 2060 ad
843 2006 1249 2062 sanctissimam
1309 2008 1595 2076 Dciparam
1650 2010 1941 2077 virginem,
1992 2008 2152 2063 sitam

577 2097 644 2149 ad
674 2096 884 2166 nigram
928 2097 1124 2153 molem
1181 2109 1391 2167 portus.
1426 2101 1657 2164 Quidam
1715 2115 1746 2154 e
1779 2100 1942 2168 vulgo
1983 2098 2153 2151 nomi-

580 2200 739 2253 nant,
769 2190 834 2243 ad
860 2192 1265 2246 sanctissimam
1306 2191 1590 2261 Deiparam
1617 2195 1702 2246 die
1734 2210 1798 2245 xv
1827 2191 2080 2260 Augusti.

648 2285 851 2340 Ultima
889 2283 1080 2342 Turris
1116 2296 1198 2341 est
1227 2287 1292 2340 ad
1355 2288 1530 2354 ipsum
1589 2285 1746 2338 Ponti
1777 2286 2001 2348 ostium,
2028 2300 2153 2338 cum

577 2393 717 2446 pago
753 2394 782 2430 a
815 2377 1024 2433 Gracis
1073 2378 1398 2439 inhabitato,
1433 2381 1572 2433 sita:
1622 2379 1768 2432 sicut
1802 2387 1857 2431 et
1892 2379 2154 2430 hactenus

579 2469 948 2526 iudicatorum
977 2473 1266 2540 utriusque
1294 2471 1497 2526 littoris
1526 2473 1770 2525 locorum
1826 2471 2016 2524 incolae
2043 2469 2155 2522 fere

578 2563 754 2618 Grrcci
782 2573 929 2619 sunt.
967 2563 1101 2618 Eam
1147 2564 1340 2616 turrim
1393 2563 1740 2631 Busbequius
1793 2563 2031 2617 Pharum
2067 2577 2156 2612 vo-

580 2650 780 2704 cabulo
830 2651 1001 2704 veteri
1039 2651 1305 2712 nominat.
1339 2652 1432 2706 sed
1470 2654 1670 2707 accolre
1717 2652 2027 2707 l'lrarrariorr
2063 2666 2154 2718 ap-

579 2743 806 2810 pellant,
841 2759 868 2796 a
901 2741 1093 2799 Graeco
1129 2744 1297 2797 verbo
1323 2744 1568 2798 derivata
1595 2759 1750 2805 voce.
1786 2743 1929 2812 qrrod
1973 2744 2154 2795 Incen-

580 2834 639 2889 di
685 2834 1140 2904 signiﬁcationem
1177 2836 1362 2892 habet.
1402 2837 1615 2905 Quippe
1650 2848 1812 2890 noetu
1854 2835 2003 2889 faces
2058 2851 2155 2888 ac-

577 2927 892 2982 cenduntur
951 2927 1003 2980 itr
1035 2942 1289 2996 suprema
1349 2930 1518 2982 tur-ris
1550 2936 1724 2997 parte.
1767 2943 1932 2996 quam
1980 2925 2156 2980 animi

582 3035 750 3074 causa
784 3021 1231 3081 conscendimus.
1275 3031 1334 3074 ut
1366 3021 1432 3075 ad
1465 3021 1663 3074 ostium
1702 3020 1859 3072 Ponti
1897 3020 2158 3086 navigan-

581 3104 732 3166 tium'
771 3112 1134 3168 incolumitati
1189 3113 1530 3168 consulatur.
1582 3116 1624 3166 A
1677 3112 2151 3177 Constantinopoli

583 3207 748 3260 distat
784 3205 887 3260 hoc
910 3207 1109 3261 ostium
1142 3208 1308 3260 maris
1335 3205 1532 3259 Euxini
1562 3206 1892 3260 milliaribus
1951 3203 2156 3258 Grtccis

584 3299 708 3366 plus
732 3296 914 3352 minus
941 3299 1030 3352 55.
1055 3296 1279 3367 Scopuli
1312 3313 1448 3352 saxo
1471 3298 1592 3352 vivo
1623 3299 1708 3351 siti
1735 3298 1842 3351 duo
1876 3309 2004 3351 sunt
2033 3306 2158 3351 ante

584 3388 742 3446 Petili
779 3391 1004 3455 ostium,
1046 3407 1159 3462 quo
1217 3391 1271 3446 in
1313 3391 1617 3460 Bosporum
1653 3409 1849 3460 tnagna
1905 3393 1951 3443 vi
1986 3397 2160 3445 seruet

584 3496 870 3538 exonerat.
905 3483 998 3538 ηερ
1024 3487 1234 3540 scilicet
1273 3485 1379 3539 illa:
1425 3485 1660 3556 Cyaneas
1694 3485 1811 3538 sive
1842 3483 2159 3554 Symplega-

583 3574 704 3633 des.
737 3573 852 3627 sive
875 3573 1117 3630 Plancta:
1137 3590 1288 3640 sunt,
1316 3591 1455 3644 quas
1497 3578 1612 3644 ipse
1643 3575 1986 3643 anbequius
2022 3587 2159 3641 pene

583 3667 798 3734 putavit
826 3666 1128 3733 fabulosas,
1150 3679 1242 3721 aut
1280 3669 1525 3722 invenire
1555 3683 1614 3721 sc
1640 3668 1842 3728 saltim,
1874 3667 2022 3719 velut
2053 3665 2159 3718 alio

584 3761 895 3823 devolutas.
930 3763 1171 3830 potuisse
1202 3760 1437 3827 negavit.
1463 3760 1660 3816 Insula!
1681 3759 1878 3830 priscis
1904 3759 1985 3812 hac
2013 3759 2161 3811 dice-

586 3859 786 3907 bantur
813 3870 918 3908 non
967 3854 1108 3921 quod
1141 3851 1253 3907 sint
1290 3868 1516 3920 magum,
1577 3854 1676 3907 sed
1725 3851 1872 3920 quod
1919 3851 2160 3919 undique

585 3945 724 4000 mari
757 3947 902 4000 velut
928 3945 1181 3999 iusulillre
1205 3945 1287 3998 vel
1314 3945 1534 4012 nisidia,
1567 3945 1708 3999 sicut
1734 3942 1908 3997 Graeci
1935 3953 2156 4008 vocant,

587 4039 900 4094 alluautur:
925 4041 1172 4108 Cyanetr,
1222 4036 1366 4107 quod
1401 4052 1467 4091 ex
1501 4039 1789 4091 intervallo
1821 4051 2021 4106 magno
2060 4039 2158 4088 ad-

590 4132 974 4202 navigantibus
1025 4131 1316 4185 caaruleum
1360 4129 1426 4183 de
1462 4146 1522 4184 se
1577 4129 1813 4184 colorem
1854 4130 2156 4198 pra-beant:

589 4230 977 4300 Symplegades
1007 4235 1063 4281 et
1099 4226 1334 4281 Plancum
1365 4239 1393 4277 a
1439 4224 1903 4293 conquassatione
1946 4233 2159 4285 mutua,

589 4341 696 4393 qua
736 4323 1110 4393 spectantibus
1137 4334 1204 4373 ex
1236 4326 1446 4373 remoto
1470 4316 1647 4384 spatio
1697 4330 1803 4369 non
1847 4324 2069 4384 tangere
2103 4330 2162 4368 se

589 4427 804 4473 tantum
832 4415 1238 4476 existimantur,
1278 4426 1465 4464 verum
1494 4411 1657 4463 etiam
1689 4407 1809 4462 loco
1845 4406 2071 4469 moveri,
2112 4419 2165 4460 et

2255 531 2484 598 Sphingi
2517 531 2810 599 respondet
2865 528 3174 596 inscriptio,
3213 543 3373 594 quam
3406 527 3474 580 ab
3509 525 3633 581 aliis
3662 527 3826 582 omis-

2253 640 2368 677 sam
2399 639 2602 692 ponere
2633 624 2807 677 libuit.

2717 756 2838 794 DIVO
2873 757 3072 794 (ξιίὶςλῐιι
3137 755 3160 790 Α
3172 753 3372 790 νῦνείΤο

2829 828 2880 866 Ι..
2923 825 3234 863 (ζωκκιιιινς

2770 898 2819 935 ι..
2860 898 2908 934 1³⁸.
2947 896 3108 934 (ξω...
3146 895 3313 933 ΡΟΝῙΟ

2249 992 2416 1065 ἀῆε
2464 993 2573 1048 Nec
2608 1003 2790 1048 tamen
2839 994 3132 1047 defuerunt
3197 993 3287 1047 ltic
3339 993 3468 1046 olim
3516 994 3680 1047 ctiam
3723 994 3824 1048 Cn.

2254 1085 2493 1153 Pompeii
2527 1095 2902 1148 monumenta,
2940 1085 3131 1138 relicta
3165 1085 3217 1139 itt
3269 1085 3356 1139 his
3411 1085 3547 1139 locis
3581 1084 3709 1138 inde
3760 1084 3826 1137 ad

2253 1177 2361 1230 illis
2393 1192 2564 1244 usque
2595 1175 2958 1242 tcnrpOribus,
2999 1191 3125 1228 cum
3159 1176 3462 1243 imperator
3494 1175 3675 1242 populi
3715 1176 3824 1229 Ro-

2253 1267 2400 1321 ruani
2441 1277 2632 1320 contra
2690 1265 3082 1330 Mithridatem,
3143 1265 3296 1321 Ponti
3368 1282 3573 1334 regem,
3624 1267 3827 1321 bellum

2253 1368 2500 1427 gereret.
2562 1356 2754 1412 Exstat
2831 1375 2997 1412 unum
3059 1358 3239 1413 adhuc
3298 1359 3476 1413 liberti
3540 1359 3826 1425 cujusdam

2255 1449 2571 1518 Potrrpeiani
2631 1465 2896 1516 marmor,
2943 1451 3087 1519 quod
3125 1465 3231 1504 non
3275 1452 3462 1518 procul
3509 1467 3537 1502 a
3598 1449 3829 1504 Casanis

2255 1546 2430 1598 hassae
2489 1543 2710 1597 tncssita
2770 1539 3068 1610 (quondam
3121 1543 3314 1597 illustri
3378 1544 3438 1597 S.
3505 1541 3830 1596 Theodosia:

2254 1632 2483 1703 templo)
2518 1648 2682 1700 supra
2716 1633 2911 1688 navale
2942 1633 3290 1687 Sultaninum
3321 1634 3447 1696 sita,
3474 1633 3826 1701 conspicitur.

2253 1727 2309 1781 Id
2359 1727 2754 1794 pulcherrimis
2789 1735 3076 1781 exaratum
3129 1727 3327 1783 litteris
3391 1724 3671 1788 Romanis,
3714 1727 3829 1782 lrzec

2182 1825 2224 1878 Β
2257 1820 2420 1873 verba
2449 1821 2710 1873 continet.

2613 1967 2664 2005 ι’.
2722 1967 2809 2007 CN.
2861 1967 3145 2008 POIPEIVS.
3194 1967 3459 2007 PRILINVS.

2742 2038 2982 2077 PU.‘"'£UE
3037 2038 3353 2077 Νηιοιιεὶηι

2963 2108 3120 2147 Ριιιιε

2947 2179 3017 2219 ET
3041 2180 3142 2217 SIBI

2259 2276 2434 2332 liabet
2471 2279 2641 2333 lector
2681 2294 2790 2332 uno
2832 2281 3230 2348 coarprchetrsa
3277 2282 3451 2350 capite
3495 2297 3602 2334 nou
3635 2295 3828 2349 pauca,

2258 2373 2458 2438 quibus
2491 2380 2598 2424 tam
2633 2372 2844 2440 prolixe
2867 2371 3245 2435 recensendis,
3277 2374 3323 2426 si
3370 2382 3566 2442 prretcr
3594 2373 3828 2427 oﬂicium

2259 2479 2309 2516 et
2333 2465 2646 2517 institutum
2669 2465 2834 2519 alicui
2867 2463 3067 2519 fecisse
3088 2466 3312 2519 videbor
3332 2505 3347 2527 ,
3374 2467 3661 2518 excusabit
3685 2467 3830 2532 apud

2258 2573 2443 2627 aequos
2473 2575 2558 2612 me
2579 2558 2796 2628 judices
2823 2558 3051 2611 inﬁxum
3094 2560 3276 2612 animo
3306 2557 3517 2614 fervens
3557 2558 3831 2625 explicau-

2259 2650 2313 2704 di
2366 2666 2450 2703 res
2501 2649 2721 2704 Graecas
2765 2660 2820 2703 et
2868 2651 3130 2708 Turcicas
3181 2651 3445 2710 studium,
3478 2666 3600 2704 eum
3649 2667 3830 2704 rerum

2261 2743 2504 2810 ipsarqu
2560 2747 2828 2799 varietate
2889 2757 2998 2799 tam
3068 2747 3207 2807 utili,
3255 2761 3419 2815 quam
3467 2747 3691 2800 minime
3739 2755 3831 2798 ta:-

2258 2835 2408 2889 diosa
2419 2875 2432 2888 .

2338 2949 2468 3006 1‘19.
2511 2949 2731 3018 Tempus
2759 2967 2958 3006 certum
2983 2966 3152 3022 capta:
3181 2954 3726 3028 Constantiuoyoleoa.

2331 3041 2556 3096 Certum
2589 3053 2692 3102 cst,
2726 3056 2942 3112 captant
2983 3045 3519 3116 Constantinopolim
3550 3063 3578 3101 a
3613 3047 3834 3100 Muclrc-

2263 3143 2402 3185 mete
2433 3131 2474 3184 ll
2536 3135 2626 3186 die
2681 3134 2751 3189 29
2780 3138 2982 3190 mensis
3009 3137 3133 3202 Mai,
3171 3154 3332 3205 qncm
3384 3154 3434 3192 tv
3469 3139 3592 3191 Kal.
3641 3137 3833 3192 Jutrias

2264 3238 2543 3289 vocamrrs,
2569 3241 2713 3280 anno
2738 3227 3052 3283 Christiano
3093 3229 3252 3292 1453.
3304 3246 3410 3283 non
3455 3230 3604 3292 I452,
3645 3247 3836 3299 queat-

2258 3319 2548 3371 adtnodutn
2614 3320 2755 3388 apud
2807 3319 3037 3376 Aineam
3094 3324 3322 3377 Silvium
3360 3340 3453 3390 per
3483 3340 3725 3377 errorem
3773 3325 3837 3377 li-

2261 3409 2428 3464 brarii
2466 3411 2699 3467 fortasse
2725 3415 2992 3485 scriptum
3030 3417 3248 3486 legitur.
3292 3417 3476 3471 Potest
3521 3417 3624 3472 hoc
3671 3418 3834 3472 etiam

2259 3521 2321 3557 ert
2348 3504 2636 3558 collatione
2659 3505 3162 3562 MabnmetanOrum
3189 3524 3457 3563 annorum
3486 3509 3552 3564 ad
3571 3509 3838 3564 Christia-

2261 3612 2359 3650 tros
2385 3598 2587 3666 colligi.
2613 3599 2817 3654 Cretera
2848 3601 2915 3654 de
2937 3603 3205 3656 urbistam
3225 3604 3526 3663 obsidione,
3557 3619 3718 3672 quam
3745 3618 3838 3658 oc-

2261 3691 2572 3759 cupatione,
2599 3692 2718 3746 licet
2750 3695 2938 3761 parrcis
2955 3695 3198 3763 exposita
3229 3696 3338 3749 sint
3360 3697 3555 3759 verbis,
3575 3697 3698 3751 utin
3728 3699 3838 3751 An-

2262 3784 2480 3836 nalibus
2499 3785 2610 3837 licri
2653 3788 2809 3849 solet,
2834 3786 2898 3840 iis
2931 3795 3112 3840 tamen
3149 3801 3513 3842 consentanea
3547 3801 3692 3852 sunt,
3717 3804 3839 3859 qua:

2262 3878 2732 3948 ClralCocondylcs
2772 3880 3065 3949 prolixius,
3105 3889 3162 3933 ut
3193 3881 3247 3934 irt
3274 3881 3524 3945 historia,
3560 3883 3836 3934 memoriae

2266 3971 2526 4039 prodidit.

2303 4063 2424 4117 150.
2461 4065 2784 4128 Atrrrindart,
2836 4066 3079 4118 columna
3126 4071 3449 4135 serpentino,
3507 4077 3804 4121 statuarum

2909 4146 3196 4190 SliCIHOSBS.

2339 4229 2631 4280 Atmindan
2664 4226 2935 4294 signiﬁcat
2973 4227 3171 4282 Turcis
3200 4245 3327 4282 cum
3363 4228 3833 4298 Constantinopoli

2266 4320 2468 4383 locum,
2511 4337 2669 4388 quem
2705 4323 2772 4372 ab
2811 4335 3079 4386 equorum
3136 4339 3304 4375 cursu
3359 4321 3533 4375 Gt'nwi
3583 4322 3838 4374 dixerunt

2269 4411 2721 4479 llippodrntrrmn.
2777 4411 2913 4465 Natu
2952 4416 2993 4467 si
3035 4416 3259 4468 verbum
3298 4417 3460 4466 verbo
3497 4415 3717 4481 reddas,
3771 4417 3840 4468 At

595 4513 666 4564 ita
693 4507 860 4568 coire,
887 4506 1157 4559 duntaxat
1202 4519 1346 4556 unus
1397 4511 1456 4555 ut
1497 4515 1620 4555 esse
1663 4498 1941 4565 scopulus,
1997 4515 2162 4551 unum
2201 4523 2242 4576 ο
2273 4515 2325 4556 et
2366 4502 2583 4557 lllirrdan
2641 4505 2954 4573 signiﬁcant
2984 4522 3248 4574 cquoruru
3297 4507 3472 4560 locum
3505 4521 3758 4576 capacem
3785 4516 3840 4558 et

594 4601 860 4664 nisidion,
902 4601 1222 4653 videantur.
1252 4595 1406 4650 Hane
1458 4595 1775 4663 Opinionem
1807 4596 1874 4646 de
1933 4591 2166 4661 Cyaneis

593 4709 773 4752 meam
803 4690 1059 4762 Gregorte
1077 4690 1239 4745 verba
1265 4690 1401 4754 haec,
1439 4703 1468 4742 e
1497 4689 1637 4741 libro
1666 4687 2031 4741 Historiarum
2089 4703 2162 4748 tv,

593 4789 926 4846 conﬁrmant
951 4806 964 4842 :
993 4804 1012 4838 ι
1045 4781 1514 4845 Promontorium,
1549 4779 1747 4848 inquit,
1777 4780 1961 4847 templi
1996 4780 2167 4848 Argo-

593 4892 909 4943 nautarum.
929 4877 1074 4946 quod
1108 4875 1184 4932 0s
1214 4875 1372 4929 Ponti
1401 4874 1746 4942 appellatur:
1782 4872 1874 4926 ubi
1919 4870 2167 4942 Cyaneas

593 4985 650 5030 et
687 4973 940 5027 l’lanctaa
963 4984 1090 5025 esse
1132 4967 1305 5021 Graeci
1356 4966 1633 5032 qrrondaru
1671 4966 1964 5019 dixerunt:
2005 4966 2168 5018 ηἰηιί-

595 5083 717 5122 rum
747 5068 802 5120 in
831 5065 952 5135 ipso
986 5061 1142 5116 Ponti
1174 5061 1336 5115 ostio.
1357 5056 1483 5112 Haec
1504 5056 1686 5111 omnia
1725 5072 1855 5112 sane
1880 5057 2168 5126 diligenter

596 5159 870 5227 inspicere
916 5156 1005 5211 bis
1032 5153 1277 5216 memini,
1326 5163 1590 5218 praesente
1629 5149 1964 5218 Hieronymo
1998 5150 2172 5201 Areo-

598 5260 747 5316 nato,
776 5247 1081 5317 prmstantis
1113 5243 1314 5314 ingenii
1345 5244 1495 5298 viro:
1531 5242 1623 5311 qui
1663 5256 1774 5294 rem
1806 5240 2068 5293 memoria
2087 5239 2169 5292 di-

596 5358 758 5414 gnam
799 5341 885 5396 hic
919 5339 1050 5392 tttilti
1087 5338 1298 5407 primus
1329 5339 1675 5404 suggerebat.
1705 5335 1887 5388 Altera
1921 5333 2167 5403 Symple-

598 5437 820 5500 gadum,
856 5447 1019 5502 quam
1057 5429 1376 5499 simpliciter
1436 5443 1630 5482 saxum
1682 5425 2026 5495 Busbcquius
2072 5441 2171 5492 ap-

599 5528 840 5601 pellavit,
873 5524 1033 5578 habet
1061 5523 1373 5577 columnam
1405 5532 1645 5575 vetarent
1684 5535 1748 5574 ex
1779 5520 1901 5572 albo
1929 5533 2168 5572 marnroo

601 5640 681 5688 re,
721 5635 884 5689 quam
922 5617 1112 5685 vulgus
1136 5616 1259 5669 istic
1284 5613 1523 5682 Pompeii
1567 5613 1874 5667 columnam
1907 5610 2042 5666 {also
2077 5624 2170 5660 v0-

599 5727 712 5767 cal.
759 5712 817 5765 In
877 5711 978 5764 ltac
1007 5715 1204 5775 preter
1253 5707 1380 5770 alia,
1442 5719 1564 5773 qua:
1599 5703 1809 5774 Cyllins
1878 5704 2169 5774 dtligentcr

603 5804 846 5864 at‘rravit
908 5809 962 5854 ct
1019 5800 1330 5868 descripsit,
1387 5798 1618 5868 Augusti
1680 5796 1975 5865 Sphingem
2035 5795 2165 5847 mihi

2273 4597 2535 4664 amplum.
2561 4597 2830 4649 Columna
2854 4599 3172 4667 serpentino
3211 4617 3354 4654 nunc
3385 4601 3549 4653 etiam
3569 4610 3839 4668 superest,

2269 4703 2334 4740 ex
2375 4703 2481 4741 aere
2512 4685 2676 4748 facta,
2718 4688 2798 4741 sic
2825 4689 2893 4741 ab
2923 4689 3033 4741 iuro
3061 4691 3367 4744 convolutis
3400 4695 3541 4744 inter
3584 4707 3641 4745 se
3679 4691 3842 4758 spiris

2271 4778 2543 4845 serpentis
2577 4779 2830 4846 triplicis,
2891 4789 2951 4831 ut
3000 4779 3052 4831 in
3106 4788 3258 4847 parte
3309 4781 3580 4849 superiori
3623 4782 3840 4834 tandem

2272 4885 2392 4923 sese
2435 4881 2541 4922 trcs
2570 4871 2839 4932 cervices,
2873 4871 3082 4936 triaque
3132 4874 3443 4940 ser-pentina
3474 4874 3672 4942 capita,
3702 4873 3844 4925 divi-

2273 4963 2406 5013 dant
2447 4977 2509 5015 ac
2565 4973 2818 5030 separent
2851 4963 2903 5016 in
2962 4963 3191 5016 formam
3253 4965 3608 5032 triquetram:
3646 4966 3846 5031 quibus

2275 5055 2551 5121 quondam
2585 5055 2900 5122 accepimus
2932 5049 3249 5126 impositum
3284 5060 3351 5112 ab
3387 5059 3539 5111 urbis
3561 5060 3847 5113 conditore

2278 5148 2643 5202 Constantino
2688 5147 2884 5217 Magno
2921 5150 3087 5203 luisse
3122 5151 3421 5218 pluriurrrm
3463 5151 3682 5219 scriptis
3704 5153 3848 5206 cele-

2281 5240 2493 5292 braturu
2537 5241 2687 5293 illum
2722 5241 2988 5309 tripodem
3017 5241 3284 5310 Apollinis
3307 5242 3652 5310 Delphicum.
3689 5244 3845 5311 Quod

2277 5333 2373 5393 ait,
2410 5331 2662 5384 r-tl'cctum
2685 5331 2853 5387 fuisse
2886 5348 2984 5400 per
3014 5333 3117 5385 hoc.
3145 5333 3524 5400 simulacrum,
3553 5346 3612 5389 ut
3633 5353 3697 5390 eo
3749 5340 3851 5392 du-

2281 5434 2432 5476 rante
2455 5423 2635 5476 nullus
2657 5435 2798 5477 esset
2851 5424 2902 5476 in
2937 5425 3070 5479 urbe
3092 5440 3353 5494 serpens:
3403 5441 3468 5479 ex
3500 5429 3852 5496 opinionibus

2279 5512 2593 5566 Graecorum
2623 5513 2946 5568 Morzhemeti
2984 5516 3212 5569 relatum
3262 5517 3400 5571 fuit:
3442 5533 3672 5586 quorum
3697 5520 3752 5574 itt
3782 5521 3854 5574 li-

2275 5606 2371 5659 bro
2404 5609 2775 5673 manuscripto
2795 5610 2861 5659 de
2896 5608 3045 5662 urbis
3068 5609 3333 5674 tediticiis,
3359 5625 3520 5682 quem
3565 5614 3846 5678 habemus,

2280 5701 2585 5754 Sticltiosr-s
2633 5701 2900 5768 ejusmodi
2955 5704 3058 5767 (sic
3112 5706 3256 5756 enim
3301 5706 3594 5774 appellant)
3643 5717 3849 5761 statua-

2283 5809 2399 5844 rutn
2435 5793 2595 5846 variae
2626 5793 2901 5864 leguntur,
2929 5803 2983 5848 ct
3013 5795 3229 5864 quidem
3272 5800 3338 5852 ab
3387 5801 3669 5865 Apollonio
3699 5795 3844 5864 Tya-
