4204 6300
515 249 612 313 821

1669 251 2073 311 T’ANDEC'I‘E
2118 250 2316 315 lllST.
2355 253 2657 314 TUllClC.

3645 251 3748 311 829

515 385 617 419 ι.‹-υ
649 367 922 433 protectae,
956 368 998 416 si
1033 366 1251 434 quidem
1294 382 1419 418 vera
1448 377 1693 422 narrant.
1733 369 1890 421 Certe
1925 368 2072 434 quod
2106 368 2147 421 Λ
2180 366 2329 428 niad,
2368 381 2550 419 comes
2588 364 2959 439 Bistriccnsis,
2993 382 3046 420 xi
3079 367 3165 421 dic
3205 365 3452 434 Augusti.
3489 362 3622 417 Eum
3655 364 3748 414 dr-

512 461 695 513 statim
717 458 960 527 sequitur
981 458 1048 512 de
1077 467 1257 514 statua
1277 460 1513 527 equestri
1536 459 1743 513 ahenea
1771 461 2075 523 destructa,

511 566 619 610 una
653 551 787 620 pesti
810 551 1110 619 proicimus
1140 550 1306 607 fuerit
1331 551 1384 605 in
1410 553 1599 607 urbem
1636 552 1851 611 aditus:
1879 567 2074 621 super-

510 644 736 698 stitiosis
771 644 940 699 videri
967 653 1152 712 posset
1204 644 1443 714 aliquam
1472 644 1670 699 tuereri
1717 645 1898 709 Iidem,
1953 662 2074 700 cum

508 736 736 804 singulis
760 738 919 792 annis
935 751 1000 792 ea
1027 752 1174 794 nunc
1207 737 1352 792 foede
1391 738 1674 792 inensibus
1705 738 1909 793 mstivis
1941 738 2073 793 cali-

508 827 752 883 dioribus
775 837 1074 897 grassetur.
1110 827 1227 896 Qua
1261 844 1362 884 nos
1392 829 1535 884 istuc
1592 836 1765 884 astate
1800 830 2071 894 venimus,

508 923 883 991 absumpsisse
914 924 1236 979 credebatur
1269 924 1414 977 inter
1444 933 1682 993 quatuor
1717 937 1933 977 menses
1967 921 2067 976 lm—

509 1013 717 1068 Iuiuum
742 1015 808 1069 ad
877 1016 1110 1073 150000.
1147 1015 1256 1072 Nec
1299 1033 1446 1071 anno
1484 1017 1732 1086 sequenti
1785 1016 2072 1086 pauciores

507 1104 856 1160 interierunt.

710 1221 829 1276 151.
869 1222 1081 1289 Siurige
1129 1223 1559 1291 Spltetigradum,
1592 1223 1831 1291 Sphrtia.

577 1334 737 1389 Duxit
770 1337 823 1390 in
853 1339 1132 1393 Albaniam
1186 1340 1371 1407 copias
1400 1341 1767 1396 Muchemetes
1802 1346 2069 1398 adversus

505 1426 880 1482 lsi-benderem
933 1432 1144 1496 begun),
1202 1434 1316 1489 sive
1377 1432 1668 1504 Georgium
1713 1435 2068 1492 Castriotcm.

505 1517 930 1588 Siurigelingua
983 1522 1210 1576 Tureica
1257 1523 1532 1591 signiﬁcat
1588 1541 1768 1581 arcem
1829 1540 2067 1586 acutam.

501 1609 672 1664 Gz'mci
733 1613 976 1669 dicerent
1029 1616 1396 1688 Oxypyrgion.
1455 1620 1726 1674 Laonicus
1773 1618 2067 1689 Sphetiam

2181 456 2415 525 ploravit
2448 457 2539 510 Fr.
2576 456 2814 513 Joannes
2835 457 2904 512 de
2925 457 3270 527 Capistrano.
3310 453 3576 508 lluniadis
3597 470 3748 508 count-

2181 550 2389 604 miLto:
2418 567 2433 599 ι
2468 550 2649 613 Salve,
2673 551 2893 605 aureola
2918 551 3063 614 cmli,
3085 564 3206 618 qua:
3227 547 3494 612 cecidisti,
3518 561 3740 603 corona.

2182 639 2346 706 Regni
2401 644 2666 696 exstincta
2707 658 2769 697 es
2803 643 3048 698 lucerna.
3105 639 3266 698 Orbis
3309 648 3647 711 corruptum.
3680 654 3744 694 es

2180 731 2483 798 speculum,
2505 732 2560 787 in
2582 749 2691 802 quo
2712 749 2811 788 nos
2838 734 3044 788 diutius
3069 732 3340 800 inSpieere
3367 729 3745 800 sperabamus.

2178 835 2229 875 et
2260 824 2370 876 alii.
2402 823 2554 879 Nunc
2590 836 2646 879 tu
2687 825 2906 880 devicto
2949 825 3175 880 inimico
3215 824 3526 891 triumphas
3559 837 3743 878 coram

2179 916 2286 968 Deo
2303 925 2356 969 et
2372 917 2597 985 angelis.
2615 932 2646 972 ο
2669 917 2806 972 bone
2829 917 3085 972 Joannes.
3103 937 3121 967 ι
3147 915 3292 970 Sane
3311 931 3474 985 quam
3507 916 3742 980 fortiter,

2176 1018 2225 1059 ct
2266 1009 2556 1062 immortali
2588 1023 2710 1061 cum
2742 1010 2903 1064 laude
2931 1023 3055 1075 sua,
3103 1009 3156 1063 bi
3202 1010 3309 1062 duo
3339 1024 3398 1063 se
3434 1019 3743 1078 gesserunt,

2179 1099 2278 1152 hoc
2317 1100 2720 1169 propugnaculo
2751 1099 3187 1155 Christianorum
3237 1099 3599 1162 defendendo,
3633 1098 3745 1151 llu-

2180 1190 2364 1244 niadcs
2391 1198 2446 1244 et
2475 1189 2857 1259 Capistranus,
2887 1191 3196 1244 monachus
3225 1189 3439 1243 ordinis
3473 1186 3744 1242 Praedica-

2176 1293 2378 1338 torum.
2409 1281 2590 1336 clarus
2631 1282 2685 1334 in
2718 1281 2973 1337 historiis
3005 1280 3274 1336 Volonqu
3305 1294 3473 1335 cruce
3499 1281 3743 1350 signato-

2177 1389 2296 1424 rum
2340 1373 2474 1434 dux.
2540 1373 2630 1441 qui
2686 1382 2964 1428 mortuum
3002 1373 3307 1430 Huniadem
3368 1386 3574 1441 paucos
3603 1373 3742 1424 intra

2173 1464 2292 1517 dies
2317 1474 2540 1520 secutus
2566 1465 2687 1520 l’uit.
2714 1465 3080 1519 Mnehemetes
3109 1466 3162 1520 in
3193 1463 3598 1533 oppugnatione
3656 1463 3744 1516 die

2171 1557 2232 1609 21
2268 1555 2419 1619 Julii,
2443 1557 2599 1626 cujus
2627 1556 2971 1612 Ebeudorius
3005 1557 3278 1619 meminit,
3309 1555 3492 1610 lethali
3517 1562 3746 1622 accepto

2174 1647 2420 1710 vulnere,
2454 1646 2537 1699 vix
2593 1646 2884 1701 incolumis
2909 1648 3104 1702 evasit.
3163 1643 3389 1701 Obsidio
3427 1645 3605 1701 soluta
3640 1647 3742 1700 fuit

508 1713 657 1760 vorat
705 1708 1026 1777 appellatam
1055 1727 1084 1764 a
1129 1711 1368 1766 Barlelio
1402 1713 1848 1783 Sphctigradum,
1881 1716 2062 1787 lingua
2101 1723 2141 1778 Β

2101 1723 2141 1778 Β
2169 1736 2257 1791 die
2307 1739 2340 1789 ti
2376 1708 2628 1806 Augusti,
2664 1753 2825 1806 quem
2860 1736 3106 1793 Calixtus
3139 1735 3204 1790 Ill
3245 1736 3487 1806 pontifex
3551 1737 3738 1793 haberi

503 1798 812 1865 Slavoniea,
848 1816 1009 1870 quam
1043 1801 1186 1858 idem
1218 1819 1247 1857 a
1275 1802 1434 1877 Croja
1466 1805 1674 1860 distare
1715 1806 1783 1861 58
1818 1807 2069 1864 milliari-

502 1888 602 1942 ltus
636 1890 733 1946 ait.

504 2007 606 2062 tas
665 2010 830 2076 Nova,
877 2010 1387 2084 Nova,_t_Vovograd.
1445 2011 1624 2067 Novus
1660 2031 1807 2068 mam
1843 2014 2071 2078 Rau-iw,

1067 2081 1446 2154 Neopyrgium.

570 2191 719 2248 Nove
747 2194 959 2248 Croatis
983 2208 1029 2249 et
1068 2194 1345 2248 Servianis
1376 2198 1594 2258 dicitur,
1627 2215 1748 2265 quae
1781 2200 1868 2254 hic
1916 2199 2066 2255 Nova

502 2287 833 2351 rotititialur,
896 2291 1154 2356 oppidum
1210 2291 1411 2344 Serviae
1458 2293 1615 2361 cujus
1666 2303 1796 2346 tunc
1839 2293 2064 2360 doSpota

497 2379 764 2448 Georgius
791 2381 969 2434 adhuc
1003 2394 1286 2450 superstes
1313 2395 1457 2437 erat:
1495 2385 1586 2438 sed
1613 2400 1719 2440 non
1748 2387 1920 2439 multo
1943 2399 2064 2454 post

500 2473 754 2538 sumitur,
779 2472 1062 2542 impetrata
1097 2490 1228 2543 pace
1256 2492 1285 2528 a
1308 2476 1524 2532 sultano
1550 2477 1909 2539 Muchemete.
1930 2479 2066 2533 tilio-

496 2580 603 2633 que
637 2565 862 2619 minimo
881 2577 1008 2620 natu
1030 2566 1256 2632 Lazaro,
1281 2584 1600 2624 successore
1625 2579 1747 2639 post
1763 2587 1822 2624 se
1849 2570 2062 2625 relicto.

498 2655 820 2711 Notavimus
872 2672 1036 2724 supra
1103 2671 1225 2726 cap.
1295 2658 1418 2721 101,
1493 2658 1869 2728 Novogradum
1920 2675 2065 2714 nunc

496 2751 656 2821 vulgo
685 2752 813 2818 dici,
847 2752 994 2821 quod
1037 2768 1217 2805 arcem
1273 2767 1466 2806 novam
1498 2752 1787 2820 signitieat,
1823 2769 1932 2808 non
1959 2769 2062 2809 no-

496 2861 622 2899 vum
651 2855 911 2904 montem.
944 2853 1003 2899 ut
1036 2846 1317 2899 Bonﬁuius
1349 2846 1763 2914 interpretatur,
1802 2847 1930 2903 dum
1964 2864 2061 2903 uo-

497 2952 622 2990 \Ilm
666 2946 901 2990 montem
937 2937 1146 2991 Rasciae
1190 2948 1370 2991 vocat.
1425 2925 1580 3007 Apud
1627 2938 1923 2994 Laonicum
1956 2939 2061 2994 No-

2175 1831 2376 1885 fcstum
2399 1845 2461 1885 es
2489 1846 2555 1884 eo
2614 1839 2862 1899 tempore
2887 1832 3060 1885 voluit
3096 1831 3202 1886 sub
3237 1831 3457 1887 neruine
3497 1832 3740 1887 Transti-

2175 1921 2480 1990 gnrationis
2531 1922 2736 1976 Christi
2782 1922 2978 1987 :quod
3027 1932 3206 1977 tamen
3255 1922 3454 1978 festum
3512 1923 3604 1978 illo
3657 1926 3744 1978 die

2175 2015 2359 2068 inultis
2387 2023 2513 2070 ante
2537 2016 2755 2071 seculis
2810 2014 2984 2072 Grzeci
3011 2016 3290 2072 celebrare
3317 2027 3741 2081 consueverant,

2142 2108 2508 2174 appellantes
2579 2109 2632 2162 id
2701 2123 2915 2162 sacram
2975 2117 3222 2164 sanctam
3283 2110 3741 2179 metamorphosiu

2175 2197 2388 2251 Domini
2411 2208 2466 2254 et
2497 2198 2613 2263 Dei,
2647 2197 3066 2271 Servatorisque
3114 2201 3312 2264 nostri,
3353 2199 3480 2256 Jesu
3512 2200 3739 2256 Christi.

2169 2312 2292 2366 154.
2324 2313 2424 2364 Dai
2443 2311 2671 2368 Caratze
2691 2313 2880 2379 Bassa,
2907 2314 3185 2380 Bon/iuius
3215 2324 3264 2367 et
3294 2312 3742 2386 Clmlcocoudyles

2818 2386 3105 2438 emendati.

2241 2471 2337 2525 llic
2365 2473 2532 2530 Bassa
2559 2475 3050 2531 BootinioCaracia
3091 2491 3335 2539 vocatur.
3397 2475 3739 2531 Chalcocon-

2166 2563 2272 2632 tlyli
2293 2563 2595 2620 Caratzies.
2632 2569 2863 2635 Europa:
2898 2584 2966 2622 ne
2993 2569 3284 2638 beglcrbus
3302 2568 3487 2630 fuerit,
3511 2585 3578 2622 an
3595 2567 3741 2622 Ana-

2167 2656 2329 2718 tolim,
2366 2672 2472 2709 non
2495 2658 2815 2725 exprimitur
2839 2660 2890 2710 in
2917 2658 3239 2713 Annalibus.
3267 2660 3535 2715 Laonicus
3558 2669 3738 2714 tamen

2165 2747 2365 2801 diserte
2396 2751 2590 2802 ducem
2629 2747 2860 2818 Europa:
2891 2753 3162 2816 nominat,
3217 2768 3282 2805 ex
3317 2766 3428 2821 quo
3455 2753 3739 2820 corrigem-

2165 2837 2266 2890 dus
2297 2838 2597 2902 Boulinius,
2630 2841 2722 2909 qui
2747 2841 3098 2896 Asisedn'eem
3127 2841 3255 2897 fecit
3288 2857 3514 2907 ;crrore
3548 2845 3736 2896 cousi-

2164 2933 2277 2986 mili
2312 2949 2435 2988 cum
2463 2949 2551 2996 eo,
2583 2950 2743 3002 quem
2784 2953 2946 3003 supra
2972 2952 3200 2990 numero
3260 2935 3360 2990 106
3390 2937 3457 2991 de
3485 2937 3738 2991 Chasane

495 3044 790 3101 vopyrgum
816 3031 1067 3098 legimus,
1087 3045 1185 3098 pro
1199 3044 1308 3099 quo
1337 3028 1679 3099 Nenpyrgum
1704 3045 2058 3099 reponemus,
2091 3069 2132 3129 ο
2167 3024 2325 3078 bases
2351 3027 2676 3082 notavimus.
2719 3026 2893 3081 Verba
2919 3025 3136 3081 Laonici
3171 3029 3282 3082 haec
3312 3038 3471 3082 sunt:
3507 3027 3734 3096 Europae

497 3136 691 3177 nomen
725 3122 777 3176 id
805 3123 1007 3177 Graecis
1025 3139 1252 3188 sonans,
1277 3125 1424 3193 quod
1450 3124 1687 3180 Veuedis
1746 3122 2059 3196 Novograd.

495 3216 696 3268 Ibidem
723 3216 948 3284 margini
973 3219 1266 3284 ascriptum
1293 3215 1674 3274 Novohardum
1728 3221 2065 3275 mutabinms

495 3310 548 3359 in
599 3305 1002 3377 Novogradum,
1049 3309 1134 3363 vel
1172 3309 1352 3377 potius
1396 3308 1803 3379 Novogradum.
1857 3313 1946 3367 Ait
1977 3314 2063 3367 hic

496 3401 763 3455 Laoniens
817 3417 1072 3470 magnum
1099 3417 1220 3457 esse
1271 3404 1468 3458 metalli
1501 3415 1847 3468 proventum,
1900 3416 1955 3460 et
1984 3407 2064 3460 al-

497 3495 731 3546 luentem
784 3494 1044 3564 oppidum
1085 3495 1384 3559 Mor-aram,
1425 3494 1565 3549 lstro
1619 3496 1860 3554 misceri.
1922 3497 2060 3552 San-

494 3587 630 3651 piaci
663 3601 807 3641 nunc
837 3588 994 3640 sedes
1023 3596 1128 3652 est,
1152 3587 1315 3642 Buda:
1343 3588 1668 3659 beglerbego
1693 3589 1922 3645 subditi.

558 3724 678 3780 l35.
717 3723 970 3794 Belgradi
998 3721 1077 3778 uel
1104 3723 1252 3778 Alba!
1282 3724 1477 3779 Graeca
1509 3726 1739 3781 secunda
1763 3725 1988 3782 obsidio.

570 3839 643 3891 De
673 3839 936 3908 Belgrado
959 3847 1015 3892 et
1063 3837 1292 3891 Muralis
1323 3838 1605 3892 obsidione
1658 3838 1866 3892 dictum
1901 3847 2057 3891 antea

493 3946 726 3984 tmtncro
753 3931 878 3984 100.
909 3931 1062 3984 Nnnc
1083 3931 1283 3984 iterum
1301 3933 1525 3984 obsessa
1561 3931 1663 3985 fuit
1695 3947 1724 3983 a
1749 3930 2057 3985 Mneheme—

495 4034 547 4076 te
593 4022 817 4078 luratis
845 4020 982 4086 lilio,
1026 4023 1118 4092 qui
1146 4038 1266 4076 eam
1301 4025 1577 4087 repetebat
1614 4024 1681 4076 ab
1711 4021 1970 4090 Ungaris,
2003 4033 2063 4076 ut

497 4119 798 4170 membrum
817 4116 1020 4171 Sci-viz
1051 4130 1193 4169 nunc
1208 4118 1292 4170 sui
1313 4117 1452 4177 iuris
1472 4115 1700 4171 εσθαι.
1726 4115 1794 4169 de
1815 4130 2061 4185 quopro-

492 4213 602 4264 lixe
626 4218 916 4264 tractatum
941 4208 1182 4262 indicato
1209 4207 1407 4276 capite.
1440 4208 1514 4261 De
1539 4211 1637 4262 bac
1665 4206 1951 4261 obsidione
1974 4224 2059 4262 sco

490 4302 670 4357 runda
700 4303 940 4355 Thomas
969 4299 1336 4362 Ebendorl‘us,
1396 4302 1448 4354 in
1480 4303 1784 4357 Austriacis
1836 4301 2060 4356 Annali-

2166 3118 2272 3170 dux
2291 3117 2590 3182 Carauies,
2620 3118 2712 3183 qui
2737 3118 2901 3187 gloria
2922 3130 2974 3174 et
2997 3122 3193 3174 virtute
3220 3121 3518 3175 excellebat
3543 3137 3734 3177 on'mes

2164 3211 2255 3278 qui
2291 3211 2453 3280 regiis
2478 3212 2528 3266 in
2563 3211 2746 3280 januis
2781 3215 3112 3279 militabant,
3145 3215 3212 3268 ab
3253 3214 3543 3282 oppidanis
3572 3215 3732 3268 bom-

2166 3304 2347 3357 barda-
2383 3304 2542 3372 globo
2565 3306 2706 3360 ictus
2738 3308 3015 3363 occubuit.
3041 3305 3174 3360 Eunt
3199 3322 3291 3360 rex
3321 3306 3732 3376 (Mucltemctcs)

2165 3397 2392 3448 nmhnm
2419 3396 2654 3464 lugebat.
2689 3398 2782 3451 llis
2810 3399 2992 3453 verbis
3020 3397 3184 3451 etiam
3222 3399 3414 3452 mortis
3444 3413 3617 3467 genus
3651 3398 3734 3451 in-

2161 3491 2397 3554 dicatur,
2420 3505 2532 3560 quo
2559 3492 2739 3558 periit.
2773 3491 2829 3544 In
2863 3492 3149 3545 obsidione
3183 3507 3310 3544 vero
3343 3490 3732 3544 Constantino-

2166 3582 2405 3648 politana
2427 3591 2683 3651 corrupte
2727 3599 2924 3637 nomen
2997 3582 3158 3650 hujus
3207 3583 3479 3637 Saratzics
3513 3583 3732 3649 legitur,

2163 3684 2263 3736 pro
2288 3684 2398 3737 quo
2424 3672 2796 3740 reponendum
2855 3671 3160 3726 Caratzies.
3199 3673 3332 3726 lluic
3365 3675 3528 3727 etiam
3566 3675 3730 3740 perti-

2165 3771 2253 3812 net
2286 3762 2377 3814 ille
2439 3762 2660 3815 Laonici
2691 3764 2842 3816 locus
2895 3762 2962 3816 de
2993 3768 3394 3833 oppugnatione
3452 3766 3720 3835 Belgradi.

2160 3860 2449 3919 cxcerptus
2469 3861 2522 3904 et
2547 3852 2864 3905 emendatus
2893 3868 3079 3921 supra,
3107 3870 3220 3921 cap.
3264 3855 3352 3914 72.

2521 3943 2644 3998 155.
2678 3943 2788 3997 lica:
2820 3943 3038 3999 Bosime
3085 3944 3398 4016 Stephanus.

2235 4030 2308 4084 Ite
2357 4030 2675 4088 Semendria
2735 4033 2976 4087 diximus
3023 4049 3145 4103 cap.
3196 4039 3286 4097 91),
3331 4036 3726 4093 Bozinacorum

2160 4128 2314 4190 ovigo
2344 4125 2623 4180 declarata
2652 4124 2856 4192 legitur
2881 4127 3061 4194 capite
3119 4127 3211 4182 £9.
3270 4127 3545 4196 anlicem
3605 4146 3730 4185 esse

2122 4224 2127 4228 '
2162 4217 2442 4281 Bozinam,
2474 4214 2766 4272 docuimus
2791 4219 2968 4285 capite
2994 4217 3085 4272 95.
3107 4217 3210 4284 Qui
3267 4219 3478 4275 lloziua:
3523 4238 3611 4275 rex
3638 4221 3729 4276 hic

2161 4317 2518 4372 nit-moratur,
2548 4307 2858 4375 Stephanus
2884 4318 3019 4372 erat,
3040 4308 3107 4362 de
3124 4326 3232 4378 quo
3250 4310 3402 4378 plura
3430 4327 3536 4365 non
3560 4316 3727 4367 inulto

492 4395 595 4446 bus
627 4394 769 4455 suis,
798 4393 914 4446 hac
944 4393 1164 4446 retulit:
1201 4393 1358 4446 Anno
1398 4392 1556 4455 “55,
1596 4391 1807 4446 Turcus
1837 4394 2056 4447 Macbu—
2091 4405 2132 4458 υ
2163 4411 2301 4468 pnsl.
2334 4399 2386 4453 ls
2412 4409 2606 4468 sponte
2646 4413 2745 4454 sua
2794 4399 3122 4453 deditionem
3177 4400 3507 4456 Semcndrim
3536 4403 3728 4457 {scisso

492 4495 601 4540 met
624 4487 882 4541 secundis
909 4487 1084 4542 elatus
1118 4490 1374 4550 lortunis,
1407 4489 1690 4555 despmam
1737 4487 2054 4556 Georgium,

489 4579 693 4633 iiatzia:
724 4579 1052 4650 principem,
1079 4581 1132 4633 in
1162 4581 1278 4634 suis
1312 4582 1472 4635 terris
1506 4582 1779 4634 lt0.-.tiliter
1828 4581 2052 4640 invasit.

487 4685 539 4726 rt
581 4672 734 4740 plura
768 4673 1050 4726 hominum
1085 4674 1252 4726 millia
1281 4674 1575 4727 crudeliter
1617 4675 1886 4727 abduxit.
1918 4671 2055 4727 Hinc

487 4777 542 4818 et
593 4768 820 4833 despota
859 4780 1053 4823 versus
1083 4764 1402 4832 Ungariam,
1461 4770 1525 4821 ad
1563 4768 1752 4820 Albam
1787 4768 2052 4830 Graecam,

487 4877 614 4912 cum
644 4859 763 4912 suis
776 4861 1001 4912 secretis
1021 4873 1080 4912 se
1105 4857 1866 4931 contulit.£&9terramque
1899 4877 2051 4913 suam

488 4952 894 5017 gubernandam
915 4949 1115 5004 Joanui
1142 4953 1205 5003 de
1231 4951 1465 5013 lluniad,
1498 4951 1746 5019 Ungaria:
1785 4954 2054 5021 guberna-

488 5048 610 5104 lori.
639 5044 768 5098 dum
801 5042 1062 5097 Viennam
1081 5044 1169 5113 (ad
1197 5043 1529 5098 Fridericum
1557 5045 1620 5097 ιν
1644 5046 2050 5113 imperatorcn.)

487 5149 755 5207 pergeret.
782 5137 1209 5190 commendavit.
1247 5135 1374 5188 lmle
1404 5135 1772 5196 Nandoralba,
1801 5138 1965 5204 janua
1998 5151 2052 5191 ct

487 5231 738 5282 clausura
793 5228 944 5297 regni
1002 5225 1270 5295 Ungarim,
1302 5227 1583 5280 obsidetur
1641 5243 1669 5280 a
1718 5226 2049 5288 Mabumeto,

485 5333 630 5370 anno
681 5316 840 5382 M56,
893 5320 1302 5385 oppugnatione
1357 5320 1625 5371 acerrima
1663 5318 1802 5371 facta
1861 5319 1945 5372 die
1977 5320 2041 5371 ει

482 5408 636 5474 Julii,
663 5425 790 5464 cum
823 5409 974 5478 prius
1001 5410 1103 5463 hoc
1132 5411 1185 5463 iu
1234 5411 1429 5464 itinere
1446 5419 1694 5464 castrum
1724 5409 1783 5462 S.
1815 5410 2050 5464 Analrcm

484 5500 638 5567 (Nota
666 5499 896 5568 margini
926 5500 1220 5568 ascriptum
1253 5515 1449 5553 nomen
1475 5499 1868 5559 Senderovsaﬂ.
1903 5502 2047 5567 quod

484 5601 603 5644 erat
649 5589 868 5660 Georgii
908 5592 1172 5661 despair,
1231 5605 1524 5660 aggressus
1571 5593 1844 5645 incassum
1909 5595 2046 5645 luis-

485 5692 582 5734 set.
646 5681 832 5735 Soluto
892 5681 1203 5741 obsidione.
1266 5681 1779 5736 nuortuuslaanncs
1837 5686 1899 5735 de
1932 5683 2037 5736 Hu-

2165 4505 2436 4550 nni-ratur.
2460 4507 2624 4561 quam
2652 4507 2681 4545 a
2727 4503 2906 4546 morte
2937 4494 3115 4547 soceri
3156 4506 3538 4565 occupaverat.
3599 4498 3727 4551 Erat

2169 4596 2349 4636 autem
2389 4599 2527 4636 uxor
2557 4584 2683 4637 huic
2749 4582 2940 4636 Laza'ri
2989 4583 3303 4639 Bulcovitzii
3338 4586 3468 4648 lilia,
3506 4586 3723 4656 Georgii

2157 4678 2393 4743 despota
2423 4675 2621 4741 neptis.
2658 4674 3118 4742 qttemadmodum
3150 4676 3203 4729 in
3237 4677 3554 4747 genealogia
3592 4677 3721 4731 Bul-

2155 4767 2509 4820 covitziorum
2539 4767 2716 4833 capite
2739 4763 2810 4817 55
2862 4764 3242 4820 indicavimus.
3266 4764 3572 4835 Etapparet
3599 4767 3724 4822 hine

2155 4861 2420 4913 Lazarum
2444 4857 2648 4911 Servia:
2673 4856 2954 4924 despotam
3014 4855 3246 4927 Georgio
3279 4861 3441 4928 patri,
3474 4864 3566 4928 qui
3601 4859 3724 4916 diu-

2106 4994 2116 5001 .
2153 4954 2361 5005 tissime
2391 4951 2654 5017 regnavit,
2691 4964 2797 5000 non
2829 4948 2921 5001 diu
2944 4949 3290 5018 superstitem
3322 4949 3512 5006 fuisse.

2156 5065 2282 5119 136.
2312 5062 2666 5117 Tarabosanis
2705 5063 2989 5143 imperator
3012 5079 3046 5116 α
3112 5061 3434 5118 Huc/remote
3493 5066 3721 5120 σεσιωάο

2848 5144 3036 5185 ωεηω.

2225 5222 2296 5276 De
2327 5223 2658 5280 Castamone
2684 5225 2891 5279 dictum
2927 5225 3104 5293 capite
3133 5224 3222 5278 66.
3279 5224 3510 5296 Sinopes
3552 5227 3717 5282 etiam

2151 5316 2698 5384 hcquensbaetenus
2761 5315 2902 5369 {aeta
2945 5316 3171 5369 mentio.
3233 5316 3455 5371 Novella
3520 5316 3720 5376 Leonis

2152 5407 2516 5474 imperatoris,
2575 5408 2901 5475 cognomine
2970 5405 3260 5474 Sapientis,
3341 5407 3716 5477 episcopatum

2153 5502 2506 5568 Sinopensem
2546 5499 2850 5553 Amasiana:
2884 5498 3164 5566 metropoli
3228 5497 3451 5569 subiicit
3481 5500 3534 5553 in
3560 5498 3718 5553 llele-

2153 5602 2413 5660 nopouto.
2444 5589 2742 5659 Pordapam
2785 5589 2891 5642 dici
2923 5589 3085 5642 tradit
3124 5587 3413 5659 Laonicus,
3449 5605 3590 5644 novo
3617 5606 3718 5640 vo-

2154 5684 2363 5736 rabulo.
2391 5682 2516 5735 lit'ct
2545 5681 2630 5735 hic
2655 5682 2706 5733 in
2737 5679 3035 5734 Annalibus
3059 5694 3246 5744 parum
3275 5692 3485 5736 mutato
3521 5683 3714 5741 veleri,
