4204 6300
481 267 584 330 8323

1689 271 2015 330 JOANNIS
2054 272 2519 335 LEUNCIAVII

3627 265 3730 330 824

478 388 647 452 Sinap
679 384 969 436 svi-ibatur.
1004 382 1318 437 Tarabosan
1351 384 1545 438 Turcis
1599 394 1680 436 est
1744 383 2045 453 Trapeztls.
2080 400 2121 446 Α
2153 388 2327 453 capite
2354 398 2605 442 notarum
2640 389 2731 442 '52.
2768 387 2912 441 ldctn
2966 383 3434 451 Chaleorondylcs
3464 383 3728 437 Domlnici

478 486 603 530 nota
678 477 832 529 sedes
881 475 1284 530 Comneuorum
1332 477 1656 544 principum,
1711 477 1801 544 qui
1867 477 2053 528 audire

479 570 731 626 volebant
760 569 1134 636 imperatores.
1176 566 1542 634 UltimnSejus
1563 567 1757 638 gentis,
1786 584 1812 619 a
1837 566 2054 620 Mucheo

478 671 622 713 mete
652 658 979 721 victus,’l'nit
1003 660 1236 712 Davides
1289 660 1624 713 Comiti-nus.

479 775 600 828 137.
655 772 853 826 Draco!
885 771 1096 834 Weida,
1131 772 1351 854 Blrrdns,
1429 770 1618 833 Vladn,
1659 770 1907 824 Matt/tina
1942 768 2052 824 Un-

1113 860 1278 911 gartw
1309 859 1418 896 rex.

553 935 647 990 Hic
686 935 958 991 Valacltizc
995 936 1258 994 Vairoda.
1291 938 1382 1005 qui
1413 934 1607 987 Turris
1662 933 1849 985 [lt'aeol
1882 934 2054 984 neun-

479 1039 664 1093 natur,
697 1027 934 1081 Laonico
970 1027 1168 1083 Bladns
1207 1028 1429 1089 dicitur,
1484 1024 1727 1076 Dracula:
1785 1023 1948 1085 flius,
1985 1036 2048 1073 ex

477 1121 818 1174 immanitate
848 1121 1104 1184 celebris,
1132 1121 1197 1174 de
1227 1137 1334 1186 quo
1354 1121 1586 1188 plurima
1617 1131 2052 1169 commemoran-

477 1224 583 1274 tur,
616 1212 721 1266 huc
755 1229 864 1268 non
899 1213 1250 1284 pertinentia.
1286 1213 1431 1266 Bladi
1472 1227 1668 1264 nomen
1721 1226 1787 1264 ex
1843 1209 2052 1261 ratione

475 1309 863 1372 pronuntiandi
891 1306 1094 1360 Grtccis
1120 1307 1376 1360 familiari
1407 1305 1631 1357 Vladutn
1665 1304 1905 1357 srribere
1959 1303 2050 1351 de-

475 1398 665 1450 buerat
697 1397 984 1465 interpres.
1017 1397 1240 1451 Vladam
1272 1398 1551 1452 Boniinius
1576 1397 1831 1464 appellat,
1856 1405 1907 1446 et
1930 1403 2051 1460 post

473 1489 636 1541 etiam
672 1490 957 1544 Draeulatu
995 1501 1222 1560 paterno
1265 1491 1505 1544 nomine.
1565 1489 1937 1544 Callimachus
1968 1486 2050 1536 in—

475 1595 621 1652 tegre
664 1583 998 1638 Vladislaum
1057 1585 1347 1639 Draeulam
1415 1583 1657 1648 scripsit.
1728 1581 1883 1632 lluuc
1950 1577 2041 1646 qui

472 1677 1059 1745 conjecissediciturin
1089 1693 1362 1731 carcerem
1392 1693 1480 1731 rex
1504 1675 1778 1744 Ungui-us,
1799 1670 2049 1724 Mattliias

2157 477 2379 532 fratrem
2419 479 2548 533 facit
2579 479 2828 540 [.ucium,
2865 493 3024 547 quem
3085 477 3288 530 rectius
3338 492 3367 527 a
3425 473 3732 527 Sansovino

2157 570 2406 624 Turcieis
2432 573 2484 624 in
2519 571 2824 625 Annalibus
2849 569 3114 622 Dominiri
3161 568 3324 638 huius
3356 567 3722 637 propinquum

2155 664 2236 716 vel
2273 675 2529 732 agnatnm
2561 665 2828 718 nominari
2875 663 3129 716 arbitror.

2157 780 2280 834 139.
2318 778 2656 832 .llurhentetis
2685 779 2905 846 trdiﬁria
2946 773 3733 842 Constantinopolitano,Ceni-

2546 850 2718 912 sarai,
2757 847 3030 901 Eskisarai
3058 847 3322 900 lodicula.

2223 939 2340 993 Non
2371 939 2682 1006 exprimunt
2708 937 2943 990 Annales
2988 951 3240 1002 qutenam
3311 935 3536 989 aditicia
3590 933 3732 988 Con-

2153 1029 2504 1096 stantinopoli
2547 1028 2914 1081 atnc‘temctes
2972 1027 3329 1081 exstruxerit.
3394 1027 3524 1078 Ideo
3581 1026 3730 1080 lubet

2156 1121 2267 1171 lnec
2302 1121 2367 1172 de
2407 1118 2646 1172 Laonico
2674 1130 2727 1169 et
2759 1120 2880 1173 aliis
2913 1133 3182 1187 proruere.
3223 1118 3420 1171 Statim
3443 1117 3732 1186 enimpro—

2155 1216 2297 1269 xima
2332 1227 2446 1282 post
2469 1215 2702 1268 Lesbum
2727 1226 2938 1283 captant
2971 1216 3171 1278 hieme,
3202 1222 3389 1268 narrat
3417 1229 3541 1268 eum
3575 1215 3731 1282 quie-

2153 1310 2292 1361 visse
2320 1308 2609 1370 Laoniens,
2638 1309 2911 1360 intentum
2946 1305 3191 1360 adiﬁciis
3212 1303 3463 1366 urbanis.
3485 1305 3727 1373 templis,

2154 1401 2353 1464 navali,
2391 1400 2500 1452 arci
2535 1399 2862 1469 Byzantina),
2905 1413 3072 1467 quam
3114 1397 3356 1452 condidit
3410 1398 3563 1466 juxta
3599 1413 3728 1464 por-

2153 1505 2262 1548 tam
2291 1510 2320 1548 a
2345 1492 2550 1548 Graecis
2577 1495 2815 1547 Auream
2851 1499 3123 1555 vocatam,
3168 1492 3260 1545 ubi
3293 1501 3346 1545 et
3401 1501 3581 1544 turres
3608 1507 3726 1543 nta-

2152 1592 2325 1643 ximas
2354 1587 2632 1648 excitavit,
2658 1595 3017 1655 spectataque
3039 1585 3230 1655 dignas
3247 1595 3297 1636 et
3323 1586 3493 1652 ipsam
3522 1583 3726 1650 regiam

2155 1682 2386 1737 interius
2421 1682 2695 1748 eleganter
2725 1679 2965 1733 ornavit.
3007 1677 3284 1732 Hactenus
3315 1676 3726 1746 Chalcocondy-

472 1768 750 1822 lluuiades
772 1769 891 1830 fuit,
914 1769 1140 1824 Joannis
1168 1770 1331 1830 filius,
1350 1769 1617 1824 Austriaci
1645 1767 1896 1827 Ladislai.
1920 1765 2046 1814 1⁸1⁵³-
2083 1750 2122 1804 Β
2158 1777 2233 1830 les
2267 1774 2430 1844 paulo
2458 1773 2804 1827 commodius
2827 1770 3092 1836 redditus,
3142 1770 3196 1824 in
3217 1769 3371 1838 cujus
3420 1769 3601 1822 verbis
3629 1783 3725 1822 no-

469 1879 547 1926 gas
572 1860 748 1914 subito
778 1863 1056 1926 exstincti,
1111 1865 1375 1931 Ungarico
1402 1863 1452 1914 in
1518 1875 1681 1928 regno
1739 1871 2040 1911 Successor.

476 1955 865 2022 Murbetnctes,
898 1957 996 2009 ltoe
1029 1958 1094 2008 ab
1118 1956 1349 2025 Ungaris
1381 1953 1887 2022 capto,\'alacttiam
1915 1951 2042 2001 sub-

465 2050 664 2114 jt-cisse
731 2062 1004 2102 narratur.
1048 2050 1101 2101 ld
1162 2066 1290 2101 ιρι-ι)
1349 2049 1551 2100 factum
1617 2048 1796 2116 potius
1853 2044 2041 2096 existi-

473 2145 730 2197 mandum
760 2161 786 2195 ιι
819 2143 1049 2196 Dracula
1070 2143 1309 2207 juniore,
1367 2141 1625 2194 Vladislai
1691 2139 1858 2191 fratre
1899 2153 1912 2190 :
1947 2136 2038 2204 qui

471 2247 652 2290 tamen
686 2248 869 2304 postea
907 2251 986 2300 sc,
1037 2250 1159 2288 cum
1207 2236 1318 2302 ipsa
1383 2234 1624 2302 regione,
1682 2229 2041 2284 Mttebemetis

470 2325 998 2393 ittlpr‘l'it)$ﬂitmisil,
1049 2333 1270 2391 accepta
1334 2325 1576 2377 solvendi
1629 2322 1791 2374 annui
1851 2321 2038 2372 tributi

468 2420 817 2474 conditione:
850 2422 1132 2489 nihiloque
1161 2420 1339 2471 minus
1383 2432 1411 2468 a
1479 2415 1701 2468 Matthia
1756 2429 1879 2482 rege
1905 2429 2039 2465 con-

468 2513 720 2568 lirmatus
738 2515 790 2566 in
813 2515 1136 2584 principatu,
1162 2522 1297 2566 teste
1327 2510 1597 2571 Boutiuio,
1621 2508 1752 2570 fut;
1780 2520 2036 2573 tauquam

469 2609 537 2660 ab
562 2605 816 2677 Ungarite
840 2622 983 2675 rege,
1004 2605 1211 2660 directo
1227 2603 1530 2658 Valacbica:
1555 2604 1774 2654 ditionis
1794 2601 2038 2652 domino.

471 2703 561 2756 Sic
596 2701 853 2755 nimirum
885 2699 1036 2768 prius
1059 2699 1222 2752 etiam
1247 2705 1574 2751 convenerat
1607 2697 1744 2748 inter
1776 2693 2036 2746 .‘lluratem

469 2795 512 2847 ll
549 2792 962 2848 etVladislaum
998 2807 1176 2860 regem
1212 2806 1353 2843 anno
1377 2789 1694 2844 Christiano
1729 2787 1886 2849 1441,
1918 2794 2040 2854 post

470 2886 645 2939 victos
675 2883 740 2937 ad
767 2881 1034 2936 lsladinas
1060 2883 1244 2934 fauces
1294 2878 1523 2946 Turcos,
1558 2889 1614 2932 ut
1645 2877 1862 2930 Vaiachi
1901 2875 2040 2928 Tur-

467 2991 657 3030 eorum
685 2975 904 3044 quidem
946 2982 1128 3028 essent
1160 2972 1460 3032 tributarii,
1520 2970 1613 3024 sed
1677 2970 2041 3023 nihilominus

464 3071 530 3121 all
565 3065 817 3136 Ungaria:
849 3081 1097 3134 regnum,
1130 3065 1276 3118 velut
1305 3074 1482 3128 antea,
1514 3065 1869 3130 pertinerent.

2154 1866 2402 1929 tandum,
2429 1865 2652 1933 intelligi
2678 1863 3002 1932 templorum
3025 1870 3380 1923 structuram,
3402 1862 3467 1914 de
3481 1875 3730 1917 commu-

2145 1960 2482 2014 tatoCltristi
2531 1959 2622 2012 llei
2666 1959 2959 2025 Sapientia:
3013 1957 3212 2024 templo
3267 1953 3609 2009 Iustinianeo
3666 1955 3718 2005 in

2147 2052 2424 2107 messitam
2457 2051 2919 2116 Mahumetanam,
2943 2050 3119 2118 deque
3137 2048 3319 2101 diruto
3344 2046 3728 2115 antiquissimo

2143 2145 2586 2201 Christianorum
2618 2144 2844 2210 templo.
2873 2142 3016 2211 quod
3050 2140 3379 2196 aediﬁcatum
3407 2141 3724 2194 aCOItstalt-

2146 2236 2262 2290 tino
2289 2237 2482 2306 Magno
2505 2235 2830 2290 Sanctorum
2852 2233 3233 2301 Apostolorum
3251 2247 3444 2285 nomen
3469 2227 3723 2293 habebat,

2144 2331 2300 2395 cujus
2332 2330 2447 2398 ipse
2472 2329 2594 2381 loco
2614 2343 2768 2381 suam
2797 2327 2994 2379 struxit
3014 2341 3136 2381 cun:
3160 2324 3391 2377 imareto
3421 2323 3722 2385 mcssitam,

2145 2421 2503 2476 Turcicarum
2537 2419 2784 2472 omnium
2840 2418 2894 2470 in
2943 2418 3078 2470 urbe
3127 2417 3384 2484 primam,
3444 2423 3498 2465 et
3543 2410 3725 2481 operis

2145 2515 2446 2584 magniﬁci,
2508 2511 2968 2582 quemadmodum
3031 2510 3304 2579 hodieque
3361 2507 3722 2578 conspicitur.

2146 2604 2349 2659 Navale
2373 2603 2704 2658 Christianis
2733 2603 2802 2655 ab
2830 2602 3257 2672 imperatoribus
3287 2602 3587 2668 neglectum
3634 2600 3724 2653 in-

2145 2699 2431 2760 stauravit,
2463 2707 2716 2750 omatum
2742 2703 2797 2749 et
2822 2709 3111 2748 extensum
3143 2695 3431 2761 apostcris
3480 2708 3540 2746 ea
3591 2707 3725 2748 cura

2145 2806 2289 2844 nunc
2324 2801 2383 2843 ut
2422 2789 2826 2856 amplissimum
2865 2788 2957 2840 sit.
3023 2787 3196 2856 Supra
3245 2785 3491 2840 Galatatu
3554 2785 3722 2840 situm

2145 2893 2228 2938 est
2260 2885 2312 2936 in
2345 2885 2465 2937 sinu
2504 2883 2768 2944 Cornuto,
2805 2897 2992 2935 vet-sus
3025 2898 3195 2949 aquas
3213 2881 3425 2943 dulces,
3455 2881 3544 2933 ubi
3566 2879 3726 2932 nitui-

2146 2992 2267 3029 rum
2301 2976 2559 3029 celebrati
2592 2991 2620 3027 a
2664 2975 2859 3042 priscis
2889 2974 3119 3034 Πιινίυιί.
3165 2973 3410 3043 Cydarns
3441 2988 3586 3026 nunc
3609 2969 3724 3024 Ma-

2145 3070 2356 3132 cbleva,
2377 3080 2430 3122 et
2457 3069 2746 3140 Barbyses.
2773 3085 2916 3122 nunc
2947 3068 3329 3129 Cbartaricon,
3357 3077 3410 3118 et
3440 3084 3466 3116 a
3497 3065 3620 3118 vico
3645 3065 3726 3119 vi-

492 3187 655 3259 450
689 3186 808 3240 158,
855 3182 1086 3249 "tum",
1117 3182 1396 3240 gamma-3.
1435 3182 1516 3236 υει
1543 3182 1822 3245 Caietam,
1855 3181 2005 3236 Lesb,-
2064 3164 2107 3222 ς
2142 3164 2265 3216 cino
2300 3161 2748 3217 Pectinacboriou
2772 3163 2972 3223 dictus,
3010 3162 3064 3212 in
3097 3161 3277 3212 sinum
3309 3157 3721 3211 bnncinﬂuunt.

832 3256 1118 3322 principes,
1146 3257 1347 3322 urigine
1376 3255 1693 3308 Cannenses.

537 3351 772 3419 Mitylin,
838 3348 1288 3417 pronuntiatione
1351 3348 1562 3411 Grazca,
1619 3363 1742 3413 quae
1793 3347 2044 3418 Mitylene

467 3442 671 3498 nostris
695 3452 797 3499 est.
830 3453 1056 3494 voratur
1089 3461 1115 3491 a
1161 3441 1356 3493 Turcis
1418 3440 1591 3494 insula
1640 3439 1876 3500 Lcsbus,
1914 3443 2043 3509 ipsis

465 3534 629 3586 ctiam
659 3532 863 3587 Graecis
890 3536 1029 3585 bane
1059 3530 1578 3582 itanominantibas.
1599 3528 1867 3581 Cedrinns
1897 3536 2044 3580 certe

464 3624 700 3678 Lesbum
733 3623 932 3675 alicubi
997 3622 1285 3690 Mitylenen
1350 3620 1507 3678 dixit,
1566 3620 1633 3671 ab
1689 3621 1822 3670 urbe
1880 3620 2046 3670 totius

469 3717 658 3768 iuSuLe
690 3715 969 3784 primaria.
1001 3711 1204 3781 Vulgus
1263 3713 1570 3765 Italicorum
1612 3721 1902 3762 nautarum
1937 3710 2048 3764 Me-

466 3809 654 3863 tellino
687 3824 831 3861 nunc
865 3808 1115 3876 appellat.
1161 3806 1402 3859 Habebat
1448 3805 1641 3868 insula,
1694 3819 1816 3856 cum
1871 3819 2042 3870 oppr:-

468 3910 725 3969 t;uaretur
761 3916 790 3952 a
833 3899 1192 3958 Muchctm-tc,
1229 3898 1530 3966 principem
1561 3896 1908 3949 Dotninieum
1936 3897 2042 3949 (ὶςμ

470 3993 724 4048 talusium
760 3993 839 4046 vel
892 3993 1249 4050 (latelusiutn,
1310 4006 1470 4055 quem
1536 3989 1710 4042 (ii-:cci
1771 3988 2041 4059 Kyriacon

469 4085 761 4140 Vocabaut.
806 4084 1078 4151 Interpres
1109 4084 1324 4136 Laoniei
1359 4081 1639 4134 Nicolaum
1702 4082 2042 4136 Catelusium

470 4196 567 4248 pro
599 4177 899 4244 Dominico,
921 4179 1062 4230 baud
1098 4179 1212 4230 scio
1245 4178 1404 4244 cujus
1423 4177 1749 4229 auctoritate
1780 4175 1953 4228 fretus
1979 4191 2042 4227 cx

473 4270 755 4324 historicis
799 4270 1226 4339 antiquioribus.
1278 4270 1505 4334 margini
1567 4269 1845 4332 ascripsit.
1908 4265 2040 4318 Nam

469 4362 776 4424 Ceuirzeus,
807 4363 899 4430 qui
941 4377 1137 4414 nomen
1191 4362 1331 4413 idem
1395 4361 1580 4422 habet,
1631 4369 1906 4411 recentior
1937 4369 2039 4420 est,

471 4464 522 4505 et
555 4454 693 4506 alios
725 4468 959 4520 sequens
979 4452 1086 4505 falli
1117 4457 1313 4522 potuit.
1342 4454 1460 4520 Ipsa
1481 4453 1883 4504 Catelusiorum
1911 4467 2042 4515 gens

469 4547 681 4616 origine
703 4545 1004 4600 Genuensis
1034 4559 1167 4599 erat.
1202 4547 1475 4597 Oriundus
1513 4561 1576 4597 ex
1609 4560 1672 4595 ea
1717 4541 2044 4594 Franciscus

470 4640 805 4700 (Iatelusius.
843 4656 964 4694 cum
1001 4637 1266 4692 Joannem
1317 4638 1678 4706 Palmologum
1751 4637 2042 4704 imperato-

474 4751 609 4798 rem,
647 4751 674 4784 a
707 4734 943 4786 bonitate
958 4734 1348 4802 Calojoannem
1370 4733 1532 4798 vulgo
1558 4731 1794 4790 dictum,
1832 4732 2044 4782 Andro-

471 4828 580 4880 nici
623 4826 664 4880 11
697 4828 890 4888 lilium,
944 4826 1222 4878 Michaelis
1274 4824 1314 4877 ΙΙ
1356 4835 1630 4891 nepotem,
1689 4823 1980 4875 Andronici
2024 4823 2044 4876 1

473 4929 845 4987 pronepotem,
870 4917 1146 4972 Michaelis
1184 4919 1366 4986 primi,
1392 4921 1480 4984 qui
1509 4915 1755 4966 Flandris
1779 4916 2046 4968 Constan-

473 5014 755 5081 tinopolim
778 5014 995 5080 eripuit,
1023 5013 1368 5080 abnepotem.
1402 5010 1543 5063 bello
1565 5020 1752 5062 contra
1782 5008 2042 5061 lennnem

469 5105 932 5166 Cantacuzenum,
966 5114 1200 5159 tutorem
1223 5116 1276 5156 et
1293 5120 1567 5165 socerum,
1588 5113 1642 5156 et
1659 5116 2041 5170 usui-patorem

474 5200 709 5266 imperii,
742 5200 1028 5266 juvisset:
1087 5198 1260 5250 insula
1332 5195 1508 5249 Lesbo
1567 5197 1823 5255 donatus,
1878 5197 2040 5247 etiam

470 5290 820 5356 (Jalojoannis
857 5303 1098 5341 sororem
1137 5287 1191 5338 iu
1220 5285 1625 5337 matrimonium
1651 5286 1895 5352 accipere
1920 5303 2045 5350 pro-

469 5384 689 5436 meruit.
736 5382 1062 5434 Acciderunt
1095 5381 1205 5429 bzr-c
1230 5395 1372 5429 anno
1402 5378 1560 5429 i535.
1592 5379 1662 5428 lle
1727 5395 1837 5445 quo
1893 5379 2046 5429 colli—

468 5475 633 5539 gitur,
671 5490 776 5525 non
815 5481 954 5524 totos
1010 5471 1110 5525 400
1172 5486 1346 5521 annos
1409 5470 1460 5520 in
1520 5485 1711 5522 eorum
1781 5479 2043 5526 potestate

471 5563 706 5614 Lesbum
749 5563 933 5616 fuisse.
971 5562 1120 5615 anii
1161 5560 1448 5618 Catelusii.
1489 5561 1583 5628 qui
1622 5558 1748 5611 Αῐιιί
1785 5563 2039 5626 ιιι·ἱιιρ⁴·Ρ5

471 5656 524 5708 in
566 5656 794 5710 Thracia
838 5658 1015 5719 fuerit,
1047 5655 1186 5722 apud
1229 5653 1525 5705 Laonicum
1565 5652 1622 5702 fit
1649 5653 1856 5702 mentio
1893 5669 1905 5703 :
1937 5655 2044 5702 sic-

469 5757 530 5800 ut
565 5750 739 5803 ebitcr
773 5751 932 5802 etiam
986 5751 1260 5810 print-lues
1293 5746 1418 5800 .‘Eui
1465 5760 1631 5808 supra
1665 5754 2043 5799 memorantur

2148 3254 2402 3306 Centinet
2433 3254 2546 3320 jam
2581 3255 2770 3304 navale
2801 3254 2914 3304 loca
2942 3260 3327 3304 concamerata
3363 3249 3486 3312 187,
3524 3262 3721 3317 exper-

2151 3355 2294 3398 recta
2328 3345 2484 3414 longa
2512 3345 2672 3407 serie,
2707 3344 2995 3411 magnique
3020 3344 3326 3396 triremium
3378 3340 3590 3393 numeri
3628 3353 3722 3393 ca-

2150 3452 2249 3505 pax
2284 3449 2366 3491 est
2403 3455 2413 3489 :
2450 3439 2577 3492 licet
2607 3437 2749 3489 aliud
2793 3437 3137 3489 Sausorinus
3166 3450 3228 3488 ex
3293 3434 3518 3501 antiqua
3576 3431 3720 3485 rela-

2151 3529 2295 3581 tione
2318 3530 2548 3594 quadam
2578 3527 2779 3579 Veneta
2826 3542 3018 3596 parum
3042 3526 3298 3595 praesenti
3326 3541 3509 3578 rerum
3533 3522 3722 3577 forma:

2147 3630 2578 3673 consentaneum
2612 3622 2808 3671 tradat.
2852 3617 2977 3670 Fuit
3033 3629 3091 3671 et
3155 3618 3247 3670 illo
3291 3617 3560 3684 anndam
3605 3615 3722 3668 loco

2150 3717 2317 3778 regia,
2347 3729 2456 3781 quo
2489 3712 2610 3765 loco
2629 3711 2757 3764 dicit
2788 3711 3061 3764 Laonicus
3085 3725 3211 3763 eum
3228 3711 3494 3765 struxisse
3517 3708 3724 3779 Byzan-

2150 3811 2313 3860 tinam
2339 3823 2539 3865 arcem,
2582 3817 2799 3876 propter
2867 3808 3101 3861 Auream
3167 3815 3407 3876 portam,
3460 3821 3583 3873 quae
3645 3803 3714 3857 ab

2150 3918 2252 3954 una
2280 3911 2431 3968 parte
2457 3900 2738 3954 meridiem
2774 3916 2839 3954 ac
2881 3900 3293 3968 Propontidem,
3326 3897 3394 3953 ab
3435 3899 3602 3952 altera
3629 3912 3722 3950 so-

2148 3994 2253 4044 lem
2279 3994 2617 4046 occidentem
2651 3993 2891 4060 respicit.
2925 3992 3052 4045 "ch
3077 3993 3302 4046 :editicia
3328 3991 3721 4045 lueltcmetem

2148 4085 2484 4150 condidisse,
2523 4084 2792 4140 Laonicus
2839 4087 3081 4153 Scripsit.
3141 4084 3460 4138 Menavinus
3515 4095 3720 4148 autem,

2147 4178 2366 4232 sicutet
2391 4178 2506 4240 alii,
2543 4187 2654 4232 tres
2676 4180 2750 4232 ait
2779 4195 2984 4232 arccsa
3021 4178 3419 4232 Muebetetnete
3450 4175 3725 4231 Constan-

2148 4273 2370 4340 tinopoli
2408 4283 2687 4326 structas;
2741 4272 3149 4336 Genisaraium,
3207 4271 3607 4332 Eskisaraium,
3670 4279 3724 4324 et

2144 4360 2471 4418 .Iadiculam.
2511 4362 2592 4416 Ad
2625 4364 2892 4417 orientem
2914 4365 3084 4416 solem
3123 4379 3152 4415 e
3194 4364 3418 4432 regione
3485 4361 3720 4416 Scutarii

2149 4460 2264 4510 sive
2331 4455 2590 4510 Damalici
2623 4456 2985 4524 promontorii
3017 4457 3180 4508 situm
3215 4467 3298 4510 est
3339 4455 3720 4510 Gcnisaraiunt

2152 4550 2253 4612 (sic
2281 4549 2484 4603 dictum
2519 4549 2661 4616 quod
2704 4564 2903 4601 novum
2937 4548 3026 4605 sit)
3063 4551 3116 4600 iu
3176 4559 3426 4599 extremo
3446 4549 3598 4600 urbis
3626 4563 3721 4599 an-

2150 4642 2276 4710 gulo
2305 4643 2396 4709 qui
2426 4657 2455 4694 a
2489 4643 2691 4709 templo
2723 4638 3113 4706 vieino_Sancti
3158 4638 3420 4693 Demetrii
3455 4649 3719 4692 vocatur:

2152 4735 2241 4787 .tbi
2275 4734 2549 4802 Bosporus
2611 4734 2813 4802 impetu
2850 4735 3090 4785 maximo
3151 4735 3220 4786 ad
3253 4732 3427 4800 ipsam
3485 4730 3724 4797 crepidi-

2151 4842 2273 4879 nem
2314 4827 2471 4881 collis
2506 4827 2558 4880 in
2591 4843 2701 4894 quo
2735 4826 2973 4879 saraium
3008 4827 3088 4877 vel
3122 4840 3219 4877 arx
3275 4823 3452 4893 posita
3519 4832 3625 4883 est,
3669 4823 3720 4875 in

2150 4922 2534 4989 l‘ropontidetn
2565 4921 2745 4973 irruit.
2785 4919 2925 4973 Olim
2955 4918 3224 4972 Palatium
3288 4917 3644 4988 Byzantinutn
3673 4925 3726 4968 et

2149 5013 2431 5080 Acropolis
2482 5012 2777 5082 Byzantina
2806 5012 3110 5074 dicebatur,
3162 5011 3308 5064 velut
3360 5025 3456 5064 arx
3509 5026 3564 5063 tn
3616 5024 3724 5062 uno

2149 5109 2215 5158 de
2248 5108 2422 5158 tribus
2460 5110 2724 5159 extremis
2751 5106 2964 5174 angulis
2986 5105 3141 5158 urbis
3176 5106 3301 5166 sita,
3337 5120 3447 5173 quo
3479 5104 3599 5158 loco
3630 5102 3726 5172 By-

2149 5213 2242 5250 zas
2267 5197 2421 5248 initio
2455 5197 2770 5266 Byzantium
2801 5198 3034 5249 condere
3063 5198 3313 5265 cmperit.
3379 5196 3502 5249 llaec
3553 5196 3722 5248 sulta-

2150 5304 2342 5341 norum
2385 5289 2803 5342 Osinanidarum
2828 5291 3005 5351 sedes,
3030 5289 3130 5343 hoc
3155 5290 3489 5344 domicilium
3515 5299 3569 5341 et
3597 5289 3719 5340 aula

2149 5392 2257 5446 est,
2285 5398 2449 5451 quam
2479 5381 2607 5451 Capi
2644 5384 2758 5434 sive
2824 5381 3041 5436 Portam
3090 5382 3437 5436 Osmanieam
3502 5390 3717 5435 vocant.

2154 5475 2404 5542 Undique
2431 5478 2600 5525 muris
2632 5474 2721 5541 (de
2759 5475 2962 5543 quibus
2997 5473 3160 5539 inira,
3183 5490 3308 5540 cap.
3370 5473 3492 5540 H9)
3524 5489 3586 5526 ae
3615 5484 3723 5525 tur-

2153 5566 2305 5619 ribus
2330 5567 2561 5628 inclusa,
2587 5566 2757 5619 ttibus
2786 5566 2838 5617 in
2864 5567 3151 5618 circuitum
3175 5565 3496 5618 milliat'ibus
3520 5563 3722 5617 Grtreis

2152 5668 2316 5726 patet.
2347 5657 2524 5710 Voluit
2547 5657 2711 5725 hujus
2755 5658 2918 5711 saraii
2945 5657 3069 5711 novi
3099 5659 3319 5711 nomine
3352 5656 3720 5709 Muchennztes

2151 5760 2398 5815 posteros
2431 5759 2483 5802 et
2523 5764 2868 5805 successores
2900 5750 2954 5803 in
2997 5750 3224 5820 imperio
3291 5764 3420 5805 suos
3451 5747 3719 5818 obligatos
