4204 6300
400 347 509 410 8ἳὸ

1556 352 1958 413 PANDECTE
1993 352 2199 415 IllS’l’.
2242 357 2549 418 TURCIC.

3552 352 3659 416 8‘26

398 483 519 519 esse
551 464 824 517 solvendis
855 468 1085 519 mossitte
1109 483 1223 522 sua:
1263 485 1439 533 nova',
1471 471 1721 539 singulos
1746 472 1798 525 in
1826 470 1965 533 dies,
1998 474 2042 527 A
2071 484 2200 536 quc,
2228 482 2288 525 ut
2331 485 2505 527 nostri
2545 489 2805 529 numeros
2842 489 3110 528 annorum
3144 474 3211 527 ad
3278 472 3429 527 initia
3487 472 3655 527 bellu-

392 562 574 626 aspris
608 558 751 610 mille
783 575 796 611 :
829 576 947 627 qua:
968 577 1205 625 summa,
1234 564 1561 627 computatis
1590 578 1688 633 pro
1750 578 1861 617 uno
1888 573 1969 615 ta-

394 652 510 703 lero
540 650 868 705 Germanico
889 655 1174 719 .Ispristt),
1231 655 1475 722 quotidie
1531 656 1596 707 ad
1643 656 1711 708 25
1765 656 1966 707 talet‘os

392 745 659 798 evrrescit
689 762 703 798 :
733 745 785 795 in
820 759 994 799 annos
1051 762 1180 798 vero
1229 748 1494 817 singulos,
1557 764 1719 815 supra
1780 748 1968 801 novies

394 838 561 897 utilia,
587 848 807 891 centum
841 840 1044 894 talcros
1079 839 1243 892 eﬂicit
1278 841 1518 908 :quilms
1562 840 1700 892 alios
1752 857 1969 893 annuos

394 929 600 983 reditus
660 930 724 982 ad
762 946 1031 983 summam
1086 931 1320 995 130,000
1367 934 1691 987 duratorum
1751 930 1966 1000 adiecit.

394 1020 760 1076 Eskisaraium
783 1038 914 1078 voce
932 1023 1276 1092 signiﬁcante
1296 1027 1535 1079 saraium
1555 1035 1726 1085 vetus,
1746 1025 1797 1077 in
1819 1024 1972 1077 urbis

393 1114 692 1169 meditullio
711 1116 874 1170 situm
894 1125 1010 1173 cst:
1033 1121 1173 1172 sicut
1189 1121 1381 1172 etulim
1399 1119 1594 1174 ibidem
1616 1121 1669 1173 in
1691 1118 1840 1173 urbis
1855 1136 1973 1170 om-

390 1207 643 1271 phahvel
664 1208 920 1262 umbilico
933 1212 1233 1277 priscomm
1256 1223 1369 1265 erat
1394 1214 1778 1280 imperatorum
1798 1214 1971 1277 regia.

392 1298 591 1354 Vasilia
615 1312 670 1353 ta
696 1302 897 1371 megala
918 1302 1088 1357 Graeci
1117 1304 1390 1371 quondam
1419 1304 1793 1360 nominabant.
1816 1302 1972 1357 Nunc

394 1393 481 1443 illa
531 1392 907 1460 gyna-rouitidi
952 1394 1239 1446 sullanime
1276 1396 1545 1460 pnccirue
1588 1394 1775 1458 servit,
1797 1397 1973 1463 spatio

389 1482 575 1547 saraii,
598 1484 1105 1548 rationecircuitus,
1126 1488 1189 1537 ad
1212 1484 1320 1536 duo
1352 1502 1606 1553 passuum
1660 1486 1825 1538 millia
1875 1502 1969 1538 ex-

392 1587 660 1643 porrecto.
684 1575 924 1629 Jadicula
950 1575 1186 1645 denique
1205 1576 1546 1644 Propontidis
1569 1577 1619 1629 in
1643 1577 1821 1629 littore
1840 1592 1972 1629 con-

391 1670 504 1721 dita
521 1677 625 1731 est,
643 1668 709 1720 ad
734 1667 1142 1722 meridionalem
1160 1676 1214 1720 ct
1235 1668 1629 1722 occidentalem
1655 1668 1852 1737 partim
1875 1685 1970 1719 nr—

391 1759 472 1814 bis
489 1758 775 1827 angulum.
804 1774 992 1814 versus
1011 1760 1245 1814 Auream
1274 1771 1504 1826 portam,
1574 1774 1718 1814 nunc
1747 1759 1963 1827 quidem

389 1853 757 1922 superstitem,
791 1853 883 1907 sed
908 1854 1244 1907 obstructam
1273 1864 1476 1917 tamen,
1500 1868 1565 1906 ac
1600 1868 1790 1907 versus
1814 1853 1965 1905 urbis

388 1955 679 1998 terrestres
696 1943 853 2016 5.51
882 1960 1068 1999 muros
1108 1961 1122 1997 :
1157 1960 1262 2014 qua
1293 1944 1348 1999 in
1375 1945 1690 2008 Thraciam,
1716 1943 1964 1998 Macedo-

390 2035 563 2099 niam,
596 2035 908 2089 universam
938 2035 1175 2102 denique
1206 2033 1470 2090 Greciam
1503 2036 1628 2089 itur.
1660 2035 1752 2090 Sic
1782 2048 1962 2090 autem

386 2127 655 2196 appellata
690 2126 883 2181 Turcis
908 2137 991 2180 est
1017 2142 1046 2180 a
1081 2128 1183 2181 ledi
1211 2138 1264 2182 et
1318 2128 1477 2195 Gula,
1532 2145 1765 2197 quorum
1830 2129 1960 2181 illttd

384 2230 468 2276 cst
484 2229 711 2289 septem,
746 2221 848 2275 hoc
865 2222 1094 2273 turrium
1112 2221 1564 2290 signiﬁcationmn
1584 2220 1765 2275 habet.
1790 2220 1960 2275 Grzcci

385 2328 535 2367 nunc
568 2312 969 2384 Heptapyrgion
1007 2313 1219 2377 dicunt,
1248 2325 1340 2367 aut
1381 2312 1790 2385 Heptapyrgon,
1825 2330 1963 2383 puro

385 2413 516 2477 puto
542 2406 807 2460 vocabulo
837 2402 1027 2458 Grtcco
1051 2421 1066 2467 ;
1092 2406 1468 2462 semitnrcico.
1498 2407 1580 2459 vel
1604 2405 1832 2477 bybride
1863 2420 1960 2472 po-

385 2500 517 2562 tius,
550 2497 719 2567 llepta
748 2497 971 2566 gulades
1003 2514 1017 2551 :
1053 2511 1117 2549 ex
1153 2513 1262 2564 quo
1287 2500 1450 2552 etiam
1478 2500 1666 2552 obiter
1728 2498 1957 2565 intelligi

385 2599 579 2655 potest,
606 2588 748 2658 quod
768 2589 1037 2645 Africanae
1068 2591 1358 2647 Guletaesit
1387 2602 1605 2661 etymon
1640 2591 1753 2645 sive
1785 2590 1957 2643 notio.

382 2681 505 2750 Ipsa
534 2681 752 2749 quidem
788 2698 884 2736 arx
942 2684 1207 2738 custodia:
1258 2683 1530 2742 regiorum
1561 2684 1951 2737 thesaurorum

382 2790 463 2829 cst
493 2777 796 2847 adsignata,
833 2788 1231 2846 perpetuusque
1279 2778 1510 2830 militum
1539 2777 1799 2832 excubias
1851 2777 1953 2830 ba-

386 2870 497 2935 bct,
531 2871 623 2938 qui
658 2868 904 2923 feruntur
935 2884 1052 2924 esse
1076 2885 1303 2924 numero
1326 2870 1636 2940 quingenti,
1659 2870 1725 2924 de
1755 2868 1956 2939 quibus

380 2960 491 3014 alio
543 2960 682 3016 loco.

420 3097 543 3152 140.
577 3095 847 3151 ΜασΙιηηη
877 3096 1057 3163 basta,
1081 3098 1233 3152 varia
1265 3100 1522 3167 scriptura
1556 3098 1690 3150 rocis
1736 3101 1918 3153 unius.

452 3207 526 3262 De
563 3209 665 3262 hoc
725 3207 1068 3262 Machumetc
1101 3206 1376 3262 Laonicus
1437 3208 1588 3263 lure:
1638 3207 1950 3263 Mcchume-

381 3311 485 3358 tes.
523 3300 721 3368 inquit,
756 3298 887 3369 regii
940 3299 1125 3367 palatii
1156 3301 1264 3353 dux
1302 3303 1509 3369 (postea
1541 3300 1734 3352 ducem
1762 3300 1952 3368 janua-

380 3404 497 3446 rum
519 3392 693 3449 vocatl
708 3403 761 3446 et
780 3391 1007 3458 Europa
1020 3390 1331 3459 praefectus.
1352 3393 1495 3447 lilius
1514 3392 1958 3455 Michaelis,er

377 3500 502 3538 rus.
533 3485 597 3538 Et
617 3484 767 3536 addit
803 3482 1021 3537 Graecos
1043 3498 1240 3549 pueros
1259 3483 1593 3552 (Grmcorum
1619 3484 1755 3538 filios
1775 3486 1956 3540 dicere

375 3577 568 3632 debuit
598 3576 890 3643 interpres.
922 3574 973 3628 id
996 3575 1354 3642 est,Grzecos)
1374 3577 1465 3644 qni
1493 3577 1713 3630 abducti
1742 3576 1953 3648 Byzan-

377 3670 480 3726 tio.
514 3681 639 3719 cum
670 3680 799 3734 rege
827 3665 1337 3725 commorabantur.
1370 3684 1621 3736 magnam
1652 3671 1951 3738 potentiam

372 3758 480 3811 sibi
520 3756 822 3828 peperisse.
892 3756 1142 3813 Nominis
1203 3760 1555 3827 scripturam.
1591 3771 1700 3814 tant
1751 3762 1803 3815 in
1829 3763 1951 3827 hoc,

374 3866 540 3921 quam
559 3850 682 3905 aliis
700 3849 857 3912 locis,
876 3849 946 3904 ab
974 3850 1271 3920 interprete
1288 3852 1516 3906 Cassi-is
1534 3863 1806 3919 acceptam
1829 3852 1953 3906 Cul-

371 3944 553 4011 tlerio,
573 3941 1090 4010 retinui.Triplicent
1114 3958 1245 3998 sane
1265 3944 1461 4010 reperi,
1485 3946 1686 3998 nostris
1705 3945 1755 3997 in
1774 3943 1955 3998 Anna-

376 4037 553 4091 libus:
582 4036 871 4094 blttchtnct,
904 4034 1205 4095 blecltetuet
1222 4033 1512 4088 Macltmut.
1534 4035 1783 4089 lllSluriae
1805 4035 1954 4090 Grat-

376 4142 565 4181 corum
601 4136 656 4179 et
686 4136 996 4179 nostrorum
1036 4126 1320 4179 hominum
1358 4138 1618 4194 praetcrea
1668 4128 1952 4180 diversita-

375 4230 458 4272 tes
490 4218 625 4274 alias
659 4218 882 4276 habent.
916 4228 973 4269 ttt
1006 4216 1340 4276 Mucbumct.
1372 4216 1666 4281 Malmmet,
1726 4217 1950 4271 Maelio-

379 4311 832 4379 mct.Mabomet,
864 4311 1177 4371 Moltamed,
1232 4311 1378 4381 quod
1447 4311 1691 4365 Moamcd
1745 4311 1950 4367 Graecis

373 4414 481 4467 est,
517 4405 723 4473 absque
750 4404 1105 4473 aspiratione.
1144 4401 1462 4473 Stephanus
1511 4402 1780 4469 Ungarus,
1819 4421 1950 4459 sane

373 4497 585 4568 peritus
642 4498 918 4565 interpres
981 4496 1290 4565 linguarum
1353 4496 1618 4565 plurium,
1681 4496 1945 4561 'l‘nrcica’,
1984 4506 2024 4559 D

372 4591 639 4651 Arabicae,
672 4588 934 4653 Persicae,
972 4603 1138 4658 quem
1169 4588 1328 4643 nobis
1375 4589 1705 4657 iropetrante
1737 4589 1950 4658 magni-

375 4684 479 4735 tico
508 4683 732 4735 domino
765 4678 1100 4749 Hieronymo
1132 4677 1270 4733 Beck
1302 4695 1332 4733 a
1356 4678 1758 4748 Leopoldstorf,
1815 4694 1948 4732 con-

372 4773 553 4827 sulere
588 4771 656 4826 de
685 4771 873 4825 multis
927 4768 1098 4831 licuit.
1159 4778 1305 4823 recte
1368 4770 1595 4838 putabat.
1661 4769 1713 4821 in
1749 4784 1948 4839 genere

371 4874 484 4916 tum
513 4862 701 4924 scribi,
738 4873 853 4916 tum
879 4860 1178 4922 enuntiari,
1228 4859 1581 4913 Mobamtnct.

373 5000 497 5054 Ml.
533 4997 685 5051 Finis
713 4998 860 5062 regni
894 4995 1197 5048 Bozinensis
1218 5009 1237 5047 :
1276 4992 1597 5046 observanda
1627 4993 1948 5050 dircrsitatt’s

442 5084 700 5122 armorum
726 5069 862 5120 ratio
880 5083 899 5119 :
924 5066 1175 5127 Stephani
1200 5069 1331 5132 regis
1353 5064 1611 5116 excoriati
1634 5065 1947 5120 calamitas:

442 5138 698 5192 Maturius
733 5135 995 5207 Ungui-im
1016 5152 1105 5188 rex
1129 5136 1382 5207 Btizirtam
1413 5133 1588 5200 recipit
1612 5149 1630 5187 :
1658 5144 1706 5187 et
1736 5138 1945 5189 Mume-

440 5221 624 5264 mctem
652 5210 795 5280 [tanta
819 5205 934 5262 cola
969 5205 1137 5274 fugat.
1171 5205 1439 5259 Cocadza.

438 5345 647 5401 Bellum
675 5344 805 5407 hoc,
839 5342 982 5412 quod
1032 5339 1317 5395 Bozinensi
1382 5349 1491 5394 tant
1549 5356 1739 5407 regno.
1774 5357 1937 5411 quam

363 5432 777 5489 ducatuiﬂucm
830 5430 1031 5492 attulit,
1079 5428 1365 5485 Bonllnius
1394 5430 1559 5484 refert
1614 5432 1680 5485 ad
1736 5449 1937 5487 annum

362 5526 740 5581 Christianum
775 5522 931 5577 “63.
962 5522 1124 5574 'l'urci
1160 5538 1285 5574 vero
1325 5522 1567 5584 tradunt,
1608 5522 1713 5579 hoc
1778 5526 1940 5580 annis

363 5635 420 5674 ιι
444 5626 571 5687 post
598 5625 819 5685 captant
847 5613 1407 5682 .Constantinopolim
1474 5613 1645 5669 fuisse
1698 5627 1935 5685 gestum.

366 5710 441 5762 Ile
508 5726 619 5777 quo
677 5708 927 5777 sequitur
982 5707 1048 5761 ad
1093 5721 1296 5761 annum
1351 5706 1723 5761 Christianum
1794 5708 1934 5765 HM

362 5801 708 5857 rcl'ct'cmium
759 5815 903 5855 esse.
958 5799 1110 5854 Solet
1147 5800 1315 5853 etiam
1349 5800 1644 5856 usuvcnire
1686 5802 1928 5867 plerum-

2072 574 2191 612 runt
2228 559 2488 615 referant.
2535 564 2775 617 Annales
2799 580 2929 618 vero
2987 564 3202 618 'l‘urcici
3258 564 3418 621 finem
3473 580 3652 617 rerum

2076 661 2353 719 gestarum
2384 656 2704 723 respiciunt,
2741 657 2972 723 ideoque
3032 657 3143 710 fere
3189 655 3300 723 jam
3329 656 3495 709 rebus
3525 656 3655 723 ipsis

2072 745 2338 811 expositis
2396 762 2661 801 annorum
2722 764 2981 802 numeros
3040 750 3329 816 adiiciunt.
3380 747 3493 803 lloc
3530 748 3655 802 dili-

2077 845 2267 903 genter
2330 841 2624 893 obserVarc
2692 840 2949 896 lectorem
3018 841 3203 905 velim,
3257 857 3325 896 ne
3380 856 3464 896 me
3502 851 3655 909 putet

2076 928 2275 982 alicubi
2306 939 2509 985 temere
2540 942 2778 988 mutasse
2833 950 3093 988 numeros
3128 934 3196 988 ab
3252 934 3375 987 aliis
3421 935 3649 1001 pusitos.

2081 1020 2486 1092 Ilertzegovinzc
2522 1026 2625 1079 sub
2682 1026 2869 1095 jugntu
2935 1028 3116 1081 missa:
3151 1027 3371 1081 nomine
3416 1027 3652 1081 ducatus

2078 1113 2395 1169 Bozincnsis
2418 1118 2758 1188 intelligitur,
2792 1120 2934 1173 alius
2965 1137 2990 1170 a
3027 1135 3231 1188 regno:
3268 1121 3426 1187 cujus
3465 1119 3653 1172 interi-

2079 1217 2192 1259 tum
2242 1208 2499 1277 lit'lllCCllS
2545 1227 2773 1263 numero
2822 1220 3068 1265 notarum
3130 1211 3228 1266 162
3287 1226 3646 1280 exponemus.

2080 1299 2231 1365 Quod
2259 1312 2437 1353 autem
2488 1303 2711 1365 dicitur,
2752 1304 3143 1357 Muchemetcm
3202 1307 3415 1360 Bozinze
3465 1320 3643 1373 regem

2076 1407 2293 1458 captum
2337 1394 2627 1460 occidisse,
2693 1399 2856 1464 paulo
2911 1395 3294 1464 explicandum
3344 1397 3527 1461 latius,
3590 1408 3650 1451 ut

2075 1486 2292 1551 plenum
2340 1496 2445 1538 tam
2480 1488 2723 1541 barbara:
2764 1489 3001 1556 perfidia:
3054 1488 3429 1554 illucltemctis,
3478 1506 3641 1556 quam

2073 1576 2433 1630 immanitatis
2466 1578 2751 1634 horrenda:
2813 1579 3025 1635 facinus
3081 1590 3465 1651 cognoscatur.
3520 1582 3642 1635 Ste-

2074 1668 2288 1730 phanus
2319 1685 2450 1737 ergo
2486 1685 2579 1723 rex
2614 1670 2952 1733 Bozinensis,
3004 1679 3059 1725 et
3105 1672 3295 1726 uxorio
3348 1672 3470 1741 jure
3518 1673 3642 1741 (cett

2070 1758 2277 1813 dictum
2307 1762 2467 1829 paulo
2498 1762 2647 1828 ante)
2684 1762 2888 1817 Servis:
2919 1763 3195 1817 Rascimve
3220 1764 3471 1833 despota,
3500 1764 3643 1818 bello

2071 1853 2270 1921 petitus
2304 1868 2333 1906 a
2364 1854 2583 1907 sultano
2611 1855 2952 1909 Mnehemcte
2994 1857 3060 1918 ll.
3085 1865 3142 1911 et
3192 1859 3453 1912 obsessus
3503 1856 3645 1911 Jait-
3684 1854 3687 1857 ’

2070 1960 2167 2003 zze.
2208 1944 2489 1998 blanditiis
2526 1949 2740 2016 tyranni
2779 1963 2875 2016 per
2929 1948 3191 2018 quosdam
3251 1951 3317 2004 de
3369 1948 3641 2004 industria

2067 2037 2398 2091 subornatos
2426 2053 2453 2089 e
2480 2040 2708 2091 castello
2740 2037 2990 2094 .laitzano
3029 2054 3310 2102 evocatur,
3335 2052 3390 2094 et
3426 2041 3494 2095 ad
3526 2040 3643 2097 cul-

2069 2126 2313 2194 loquium
2366 2130 2686 2184 arcessitur.
2743 2130 2881 2184 Cum
2944 2133 3183 2187 barbaro
3216 2144 3421 2188 temere
3481 2135 3640 2189 iidem

2068 2218 2361 2282 habuisset,
2399 2235 2671 2287 manuque
2693 2224 2869 2287 capita
2898 2225 3046 2292 pacis
3080 2224 3224 2278 inter
3244 2244 3301 2280 se
3325 2242 3389 2279 ac
3423 2226 3646 2282 Muelle-

2066 2321 2261 2363 metem
2298 2310 2446 2364 inita:
2475 2324 2718 2381 gestans.
2752 2315 2804 2366 in
2869 2326 3047 2370 castra
3087 2320 3351 2379 venisset,
3388 2320 3641 2385 capitur:

2061 2414 2206 2465 cute,
2240 2404 2395 2467 jussu
2423 2404 2797 2471 Mucbemctis,
2832 2410 2990 2463 vivus
3024 2411 3284 2464 exuitur:
3314 2412 3464 2477 justo
3490 2412 3645 2465 deni-

2060 2509 2166 2561 que
2199 2492 2288 2546 Dei
2321 2493 2528 2562 judicio
2560 2510 2682 2547 cum
2723 2496 2830 2549 vita
2878 2512 3129 2566 regnum,
3164 2514 3275 2565 quo
3310 2497 3499 2552 fraude
3544 2514 3639 2567 pa-

2060 2594 2196 2639 trem
2221 2585 2364 2639 ﬁlius
2396 2586 2697 2640 sceleratus
2716 2598 3059 2653 excusserat,
3098 2591 3323 2645 amittit.
3376 2589 3493 2644 lloc
3521 2606 3641 2645 mo-

2057 2676 2129 2731 do
2159 2688 2270 2730 tum
2302 2677 2502 2733 Bozina
2530 2676 2750 2742 Rascia.
2775 2681 2981 2737 Servia
3012 2698 3207 2752 magna
3245 2698 3391 2751 pars.
3425 2682 3637 2735 Turco-

2058 2785 2177 2823 rum
2238 2770 2293 2823 in
2349 2780 2673 2841 potestatem
2724 2772 2892 2827 venit.
2960 2771 3215 2829 Matthias
3278 2785 3460 2829 tamen
3541 2789 3634 2830 rex

2059 2859 2316 2929 Ungarus
2361 2861 2588 2917 Jaitzam
2620 2880 2746 2918 cum
2776 2865 2847 2919 27
2893 2866 3108 2922 Bozinaa
3132 2868 3347 2937 oppidis
3400 2867 3635 2933 recepit:

2056 2974 2218 3025 quant
2245 2958 2478 3011 militum
2516 2974 2717 3012 corona
2750 2959 2947 3015 deinde
2981 2978 3201 3015 rursum
3262 2961 3636 3015 Mncbcmetes

2054 3050 2441 3117 circumdedit,
2482 3061 2537 3105 et
2561 3054 2935 3122 oppugnavit:
2962 3054 3463 3123 irritoquecouatu,
3492 3052 3637 3107 fama

1980 3170 2029 3232 ο
2062 3143 2325 3195 duntaxat
2350 3141 2697 3198 adventantis
2725 3144 2966 3199 Matthiae
2998 3146 3221 3199 territus
3273 3145 3341 3198 ab
3395 3144 3634 3197 obsidio-

2062 3252 2146 3290 ne.
2180 3234 2504 3304 Buzinzeque
2534 3234 2757 3299 finibus,
2789 3237 3069 3291 discessit.
3125 3237 3201 3291 De
3234 3238 3435 3307 oppido
3483 3235 3638 3291 Ilert-

2058 3327 2315 3393 zi-goviua
2377 3327 2578 3380 dictum
2615 3327 2891 3395 superius,
2955 3328 3130 3398 capite
3187 3330 3276 3385 95.
3326 3329 3633 3383 Covadzam

2058 3419 2219 3472 Tttt‘ri
2265 3434 2389 3473 cum
2451 3419 2735 3473 aninacis
2799 3428 2855 3473 et
2912 3421 3128 3475 Croatis
3178 3422 3462 3491 appellant
3514 3438 3637 3490 qua!

2056 3514 2226 3568 Jaitza
2262 3512 2550 3573 Bonilinio,
2622 3511 3042 3584 Chalcocoudyli
3099 3512 3302 3575 Gaitia.
3362 3515 3636 3583 pauloque

2058 3608 2261 3659 rectius
2283 3604 2473 3659 Gaitza
2508 3606 2844 3659 nominatur.

2057 3717 2179 3771 “2.
2204 3716 2391 3772 Plures
2408 3718 2462 3771 in
2477 3717 2701 3772 Albania
2717 3720 3009 3783 principum
3027 3718 3251 3772 ditiones
3268 3735 3288 3773 :
3312 3716 3630 3784 Ciolclu'sar,

2726 3787 2968 3856 ls'grr'pos.

2125 3879 2297 3935 Erant
2330 3880 2383 3935 itt
2418 3880 2648 3933 Albania
2680 3880 2862 3948 plures
2887 3881 3083 3950 reguli,
3111 3882 3202 3950 qui
3270 3897 3401 3937 suas
3436 3882 3632 3951 singuli

2055 3968 2293 4026 ditiones
2359 3971 2655 4024 habebant.
2705 3971 2850 4025 Inter
2912 3972 3007 4025 bas
3066 3981 3183 4024 erat
3240 3972 3447 4036 lhanis,
3517 3974 3634 4026 sive

2054 4059 2281 4117 Joannis
2306 4079 2321 4126 ;
2344 4062 2631 4117 Castriotze
2663 4064 2833 4131 regio,
2867 4064 2933 4117 de
2982 4080 3087 4132 qua
3119 4066 3373 4134 superius
3423 4066 3631 4118 dictum

2054 4157 2232 4225 Capite
2255 4156 2375 4212 121.
2410 4156 2560 4211 llanc
2592 4157 2760 4210 armis
2791 4173 2934 4212 nunc
2985 4159 3217 4228 imperio
3276 4157 3632 4214 Muchemctis

2054 4250 2288 4304 cessisse
2313 4249 2557 4302 referunt
2592 4248 2850 4313 Annales,
2880 4250 3024 4317 quod
3074 4250 3163 4302 alii
3211 4249 3415 4303 factum
3475 4251 3635 4305 dedi-

2055 4343 2203 4396 tione
2240 4351 2485 4394 narrant.
2519 4339 2787 4393 Laotdens
2822 4341 2922 4393 hac
2955 4342 3095 4395 serie
3143 4341 3381 4394 ditiones
3409 4359 3633 4398 enume-

2053 4442 2156 4487 rat.
2216 4429 2458 4483 Primum
2526 4431 2599 4482 ait
2648 4430 2899 4483 Sandalis
2949 4432 3001 4483 in
3035 4432 3179 4501 Epiri
3215 4434 3411 4485 vicinia
3470 4435 3630 4489 sitam

2052 4539 2176 4577 esse
2200 4525 2495 4591 regionem,
2554 4520 2643 4575 cui
2714 4522 2956 4577 ﬁnitima:
3018 4524 3127 4578 sint
3155 4522 3479 4579 Venetorum
3527 4528 3632 4583 ali-

2054 4628 2187 4685 quot
2224 4616 2408 4679 urhes,
2440 4617 2682 4668 Albanize
2714 4617 2995 4686 proximat.
3047 4614 3278 4672 Joannis
3312 4620 3437 4673 inde
3489 4619 3629 4676 Cas-

2054 4712 2237 4763 triotis
2267 4723 2455 4776 agrum
2490 4708 2804 4773 succedere,
2838 4708 2924 4761 cui
2951 4707 3023 4762 sit
3042 4707 3250 4761 adnexa
3283 4712 3431 4779 regio
3462 4712 3631 4767 Cotu-

2055 4796 2441 4849 ueniadaru‘m.
2481 4794 2619 4847 llinc
2658 4796 2818 4849 sitam
2866 4797 3099 4851 ulterius
3133 4798 3412 4861 Arianitat.
3465 4801 3631 4855 Corn-

2058 4889 2182 4942 neui
2213 4888 2329 4950 filii,
2367 4886 2627 4941 ditionem
2653 4902 2899 4955 asperam
2948 4898 3003 4941 et
3066 4902 3435 4945 montuosam.
3495 4893 3630 4961 bjns

2056 4979 2259 5047 regiam
2286 4978 2553 5031 vocabulo
2588 4993 2731 5030 nunc
2775 4980 2938 5032 etiam
2973 4988 3122 5039 noto,
3179 4979 3424 5035 Caunina
3475 4984 3628 5037 dice-

2055 5069 2208 5130 bant,
2242 5085 2468 5122 numero
2501 5070 2896 5124 multitudinis:
2952 5086 3074 5139 qua!
3139 5086 3304 5141 supra
3363 5072 3625 5129 Valonam

2053 5163 2136 5215 vel
2175 5160 2469 5214 Aulouiam
2534 5161 2585 5213 in
2623 5162 2840 5215 sublimi
2892 5162 3068 5229 posita
3124 5165 3480 5233 conspicitur.
3515 5167 3621 5221 Arx

2050 5256 2389 5309 Caramania:
2418 5254 2747 5316 Giolehisar,
2776 5255 2935 5323 cujus
2969 5257 3129 5324 paulo
3158 5270 3282 5328 post
3308 5260 3514 5313 mentio
3537 5262 3619 5317 tit.

2049 5345 2103 5398 in
2127 5344 2387 5397 Anatoliaa
2404 5344 2585 5397 tabula
2610 5346 3077 5414 chronographica
3111 5346 3375 5401 scribitur
3407 5348 3627 5400 Culchi-

2046 5452 2157 5488 sar.
2190 5432 2417 5503 Egripos
2446 5436 2619 5488 insula
2650 5433 2843 5490 Turcis
2868 5437 3085 5501 dicitur,
3118 5455 3283 5508 quam
3316 5440 3477 5510 vulgo
3501 5441 3615 5509 jam

2044 5525 2448 5597 Negropontutu
2482 5529 2778 5595 appellant,
2813 5532 2953 5583 sicut
2979 5543 3030 5584 et
3060 5532 3372 5598 primariam
3426 5532 3620 5585 insula:

2042 5617 2359 5672 civitatem:
2411 5634 2531 5686 quur
2586 5628 2773 5686 ponte,
2816 5622 2903 5672 cui
2960 5620 3244 5673 castellum
3300 5619 3618 5689 adjunctunr

2042 5717 2147 5773 cst,
2182 5724 2306 5763 cum
2339 5708 2555 5761 Achaiae
2582 5710 2881 5763 ccutiuenti
2932 5710 3187 5764 cohaaret.
3223 5708 3355 5765 Urbi
3412 5726 3613 5763 notnru

2041 5801 2182 5864 apud
2218 5801 2429 5866 priscos
2471 5811 2590 5858 erat
2634 5800 2878 5867 Chalcis,
2933 5804 3126 5859 insulae
3158 5820 3307 5869 vero,
3365 5803 3610 5858 Euhtra.
