4204 6300
533 267 641 333 8Ξ7

1745 270 1979 329 JOANN
2000 270 2065 323 l8
2103 265 2443 323 lJilINClA
2459 266 2565 323 ΥΠ

3671 253 3772 312 VEB

535 398 699 442 unam
724 383 906 450 Euripi
942 382 1114 436 [luxus
1148 385 1475 444 nobilitavit.
1536 395 1591 437 ut
1648 383 1906 449 Euripum
1952 384 2095 449 prinr
2129 382 2170 436 A
2204 389 2304 431 ιρι.
2347 378 2411 431 Et
2451 380 2578 446 quia
2602 378 2788 430 deesse
2825 394 2929 429 nou
2969 375 3168 429 soleret
3203 371 3397 429 nllicio,
3427 371 3476 418 in
3520 367 3773 419 Obscrva'

536 477 781 545 cepsille
807 478 1251 547 philosophorum
1285 480 1624 533 Aristoteles.
1692 478 1820 533 Nam
1874 483 1918 534 si
1976 496 2101 533 vera

538 580 686 624 sunt.
719 585 838 635 qu'e
876 570 942 623 de
974 570 1109 638 ipso,
1139 586 1333 624 causas
1386 583 1562 624 llittluS
1612 571 1793 639 Euripi
1848 576 2107 641 ρει-γεδιὶ-

539 670 717 723 ιεειηιθ,
756 661 1104 715 referuntur:
1362 679 1484 716 cum
1520 668 1735 717 tandem
1788 666 2107 720 Aristoteles

540 749 805 817 Euripum
832 767 1025 815 capere
1040 769 1146 806 non
1185 765 1386 821 posset,
1422 756 1565 822 cepit
1591 755 1826 824 Euripus
1843 759 2110 811 Aristote-

543 844 667 894 lem.
695 840 821 896 Erat
846 841 1071 906 Enbma,
1091 859 1211 898 cum
1232 861 1262 899 a
1296 847 1626 901 Incliemetc
1648 850 1787 902 bello
1817 859 2106 918 peteretur,

544 932 950 989 Venetorumin
981 947 1262 1003 potestate.
1316 938 1687 994 Defendehant
1736 958 1855 994 eam
1920 951 2110 996 contra

543 1025 751 1082 'l‘nrcos
783 1030 984 1083 acriter
1005 1031 1224 1083 nomine
1272 1031 1589 1098 reipublicm
1646 1033 1956 1087 Ludovicus
1989 1034 2113 1091 Cal-

546 1120 668 1184 bus,
699 1128 751 1175 et
781 1122 977 1175 Paulus
1012 1122 1259 1186 Erizzus,
1289 1126 1371 1176 vel
1404 1123 1667 1185 liriccins,
1699 1135 1896 1193 νιίιξιοι·
1951 1127 2114 1181 Chal-

545 1212 707 1277 tti-Iis,
744 1228 903 1280 quem
937 1223 1260 1281 potestatum
1289 1214 1476 1269 Veneti
1508 1218 1812 1272 nominant.
1839 1218 1943 1273 Sed
1975 1222 2116 1274 clas-

548 1322 606 1356 se
628 1306 825 1379 Veneta
862 1308 978 1361 suis
998 1324 1321 1363 succurrere
1354 1328 1461 1365 non
1498 1328 1655 1373 ausa,
1689 1318 1906 1368 tandem
1969 1315 2119 1383 oppi-

551 1399 619 1450 do
641 1414 738 1464 per
759 1398 862 1451 vim
884 1401 1036 1465 potiti
1068 1399 1219 1456 fuere
1244 1403 1433 1457 Turci.
1469 1403 1605 1459 Filia
1628 1405 1778 1460 Pauli
1843 1409 2117 1476 praetoris.

552 1488 687 1541 urbe
720 1502 896 1556 capta,
944 1503 1163 1562 propter
1224 1496 1491 1565 insignem
1547 1497 1736 1551 forma:
1776 1510 2115 1554 venustatem

552 1579 619 1631 ad
677 1581 957 1636 sultanum
1023 1582 1419 1641 Muchemetem
1473 1589 1726 1653 deducta,
1780 1593 2115 1646 memorabili

553 1674 802 1781 t’lsvtnpln
831 1677 1103 1743 pudicitia:
1129 1679 1267 1735 mori
1301 1681 1513 1744 maluit,
1543 1698 1704 1751 quam
1751 1684 1870 1750 ejus
1897 1701 1954 1740 se
1999 1687 2118 1739 lihi-
2149 1718 2194 1781 Β

555 1762 667 1814 dini
704 1768 1045 1832 prostituere.

560 1877 684 1932 H3.
719 1878 1128 1962 Usunfhnsan,
1163 1886 1384 1956 Ianthe
1418 1891 1528 1957 beg,
1564 1891 1905 1961 Hustapham
1950 1896 2121 1962 [ilium

868 1952 1219 2010 luchemetu
1251 1952 1581 2029 strangulari
1609 1952 1789 2026 iussil.

633 2040 706 2096 De
728 2043 884 2113 hujus
916 2046 1184 2104 Cbasanis
1222 2053 1430 2121 origine
1479 2054 1801 2111 licineeeius
1859 2060 2122 2128 exquisite

561 2132 801 2189 disserit.
833 2136 987 2191 Usun
1015 2155 1043 2191 a
1085 2138 1277 2197 Turcis
1306 2146 1375 2198 ob
1410 2154 1673 2200 staturam
1709 2152 1954 2217 carperis
2007 2151 2124 2201 exi-

565 2239 728 2326 miam
760 2228 1062 2285 dicebatur.
1089 2231 1223 2287 Nam
1276 2235 1423 2290 Usun
1449 2240 1528 2292 eis
1580 2239 1849 2306 signillCat
1904 2244 2123 2311 longum

563 2322 678 2369 sive
696 2332 1003 2385 procerum,
1035 2326 1123 2392 qui
1162 2322 1379 2380 Persica
1419 2328 1599 2395 lingua
1645 2330 1800 2385 Diras
1830 2332 2123 2387 diceretur.

564 2404 836 2465 l.:ionicns
864 2427 1083 2481 quoque
1106 2416 1405 2473 Chasnnem
1438 2419 1680 2487 Longum
1715 2424 1968 2494 appellat.
2001 2424 2129 2477 Joa-

564 2500 781 2555 rhimns
846 2502 1078 2569 Cureus,
1133 2507 1446 2563 Silesiorum
1512 2512 1826 2576 historicus,
1882 2516 2130 2571 nominat

566 2590 1004 2659 llnssancanum,
1030 2597 1109 2651 vel
1128 2612 1381 2669 corrupta
1402 2618 1551 2666 voce,
1570 2606 1652 2657 vel
1676 2606 1727 2658 in
1750 2603 1956 2662 Hassan
1976 2608 2125 2662 Chan

569 2684 847 2748 utiutands,
872 2686 1019 2755 quod
1059 2700 1205 2747 esset
1232 2690 1519 2760 IliSpanico
1565 2710 1735 2761 more,
1786 2697 1901 2751 Don
1947 2697 2126 2753 llasan

566 2774 654 2826 vel
674 2772 914 2833 Chasan.
939 2778 1042 2835 Sed
1098 2783 1241 2851 ipsos
1296 2784 1544 2841 Persicos
1604 2804 1756 2857 reges
1804 2806 1870 2845 co
1915 2793 2133 2847 nomine

572 2879 701 2919 usos
724 2882 834 2921 non
856 2872 1077 2926 memini
1097 2874 1182 2928 vel
1204 2876 1398 2944 legere,
1423 2879 1506 2931 vel
1532 2880 1752 2934 audire:
1782 2883 1923 2949 quod
1954 2892 2130 2935 tamen

572 2960 890 3027 proceribus
919 2963 1092 3018 eidem
1124 2968 1235 3036 regi
1262 2968 1496 3025 subditis
1531 2971 1693 3025 tribui
1725 2974 1859 3035 scio,
1890 2985 1942 3028 et
1972 2984 2128 3027 antea

2210 470 2509 538 tionejnris
2541 478 2595 522 ct
2624 468 2787 535 amni,
2823 468 2868 521 si
2899 466 3116 534 quidem
3155 465 3225 517 ita
3246 464 3452 516 libitum
3478 460 3525 511 ei
3563 458 3772 516 fuissrt,

2210 558 2423 611 misisse
2459 567 2580 627 post
2605 559 2839 610 triduum
2861 554 3151 625 quemdam
3181 568 3211 605 e
3260 552 3398 614 suis,
3431 549 3523 616 qui
3574 544 3775 598 Musla-

2210 652 2328 720 phac
2361 666 2529 704 nervo
2562 648 2762 715 injecto
2792 648 2979 702 fauces
3008 646 3162 714 jussu
3196 644 3361 712 patris
3396 640 3619 695 eliserit.
3652 638 3774 690 Ihm:

2213 743 2621 813 Spanduginus.
2640 740 2772 806 Quae
2800 754 2931 794 sane
2958 738 3003 790 si
3028 753 3153 791 vera
3186 744 3337 796 sunt,
3372 731 3686 801 utpturibus
3705 744 3770 780 ex

2212 837 2393 890 causis
2419 850 2538 889 esse
2564 834 2812 889 videntur
2832 876 2847 899 ,
2901 828 3252 887 memorabile
3280 826 3438 880 nobis
3469 822 3772 888 exemplum

2212 929 2426 1001 paterni
2475 927 2669 997 rigoris
2709 941 2835 994 erga
2866 924 3058 986 tilium,
3087 918 3373 988 casteroqni
3428 923 3772 987 pra-stantem

2214 1024 2419 1080 virum.
2444 1023 2499 1073 in
2522 1034 2586 1074 ea
2620 1027 2776 1087 gente
2807 1016 3049 1086 prabent
3078 1032 3090 1065 :
3120 1013 3277 1080 cujus
3307 1009 3506 1065 sultani
3539 1021 3667 1061 suos
3720 1006 3775 1056 in

2216 1111 2481 1166 vilissima
2512 1110 2808 1177 mancipia,
2866 1124 2934 1162 ne
2989 1106 3221 1161 maxima
3260 1102 3475 1171 quidem
3513 1098 3778 1163 dignitate.

2216 1202 2348 1254 viris
2395 1201 2692 1256 secundum
2754 1200 2901 1267 ipsos
2976 1196 3252 1266 principes
3324 1190 3775 1262 repugnantibus,

2217 1294 2433 1364 quidvis
2460 1293 2564 1348 sibi
2598 1294 2759 1346 licere
2783 1298 2994 1357 putant.

2520 1386 2641 1442 ιιι.
2678 1382 3022 1449 Carachissr,
3080 1379 3219 1439 Cha;
3269 1377 3471 1434 "erat.

2288 1481 2587 1534 Clauserns
2645 1478 2697 1530 in
2746 1473 3202 1543 Chalcocondylis
3256 1469 3614 1525 conversione
3685 1482 3783 1520 sua

2222 1588 2417 1631 nomen
2451 1572 2627 1635 urbis,
2660 1585 2823 1639 quam
2848 1567 3216 1622 Muchemetes
3244 1565 3297 1618 in
3320 1562 3586 1619 Chasanis
3606 1560 3786 1629 regio-

2223 1679 2345 1718 nem
2373 1678 2600 1731 pergens
2624 1660 2925 1727 occuparit,
2959 1674 3064 1711 non
3104 1666 3380 1726 repertum
3406 1656 3488 1721 (ut
3519 1649 3779 1707 arbitror‘

2229 1758 2279 1811 in
2305 1771 2403 1808 suo
2430 1755 2638 1818 codice,
2671 1752 2874 1806 omisit.
2908 1751 3214 1818 Ascriptntn
3242 1756 3421 1803 tamen
3454 1755 3540 1800 est
3588 1742 3787 1813 margi-

2229 1850 2279 1900 ni
2313 1846 2380 1899 de
2428 1846 2567 1900 libro
2619 1841 2960 1896 Gundeliano
3006 1837 3202 1909 ϐου-γσεὶ
3254 1853 3475 1901 nomen,
3529 1851 3593 1890 ac
3646 1846 3789 1889 recte

2229 1939 2468 2005 quidem.
2495 1934 2629 1989 Nam
2660 1934 2927 2002 Corycum
2952 1932 3119 2000 cepit,
3143 1945 3307 1998 quam
3339 1928 3501 1983 Turci
3531 1942 3686 1981 suam
3722 1927 3788 1983 ad

2233 2030 2469 2097 linguam
2507 2026 2750 2080 nonnihil
2778 2024 3283 2088 arcnmmodarnnt,
3322 2030 3379 2075 et
3429 2018 3793 2077 Charachisar

2235 2114 2833 2170 tli\erunt.Monuimus
2864 2112 3008 2165 enim
3060 2127 3246 2180 supra,
3285 2125 3407 2179 cap.
3464 2108 3550 2169 15,
3601 2105 3795 2161 Turcis

2233 2226 2354 2267 esse
2378 2210 2432 2262 in
2456 2226 2629 2273 more,
2653 2211 2733 2262 sic
2764 2210 2985 2276 antiqua
3007 2217 3220 2259 mutare
3245 2206 3468 2261 nomina
3489 2203 3793 2265 civitatum,

2234 2312 2927 2371 Castrorum,stagnorum.
2987 2300 3293 2362 ﬂuminum,
3354 2299 3673 2366 regionum:
3738 2303 3797 2346 ut

2238 2396 2539 2463 prismrum
2565 2394 2875 2448 afﬁnitatem
2900 2392 3209 2453 retinentia,
3237 2387 3592 2442 nihilominus
3619 2391 3669 2442 in
3695 2401 3792 2439 sua

2238 2485 2416 2554 lingua
2451 2485 2705 2553 quiddam
2754 2483 3078 2552 significent.
3136 2481 3214 2535 Ita
3246 2480 3313 2534 de
3342 2479 3547 2549 Coryco
3592 2477 3792 2532 factum

2235 2580 2581 2641 Cat-achisar,
2626 2577 2769 2648 quod
2834 2575 3063 2628 Turcice
3117 2580 3276 2628 sonat
3335 2584 3512 2625 arcem
3562 2570 3793 2640 nigram.

2237 2671 2391 2741 Apud
2430 2669 2695 2727 Ortelinm
2724 2670 2775 2723 in
2827 2667 3156 2736 Synonymia
3215 2662 3571 2734 geographica
3619 2662 3797 2715 Curcu

2237 2762 2408 2829 Nigri,
2432 2770 2485 2813 et
2514 2760 2719 2814 Corcos
2750 2774 2812 2811 ex
2842 2759 3119 2827 itinerario
3145 2752 3498 2819 Benjaminis,
3551 2750 3795 2804 admitto.

2240 2854 2559 2909 Mercatoris
2580 2868 2706 2908 vero
2726 2850 2978 2911 Chutam,
3009 2863 3134 2905 cum
3180 2847 3387 2901 Chutco
3415 2841 3632 2910 Josephi
3667 2842 3797 2892 Βην-

2240 2949 2379 3011 hari,
2424 2948 2558 3001 nihil
2609 2945 2675 3000 ad
2709 2946 2978 3014 Cerycum
3037 2940 3312 3013 pertinere
3368 2946 3519 3008 puto.
3567 2934 3801 2989 Mnratcs

573 3058 791 3105 notasse
827 3054 1112 3109 recordor.
1150 3027 1380 3112 Jusufze
1406 3059 1488 3113 vel
1537 3060 1763 3133 Jusufge
1798 3027 1992 3120 nomen
2048 3065 2134 3119 iti-
2158 3073 2206 3134 α

2128 3096 2134 3104 _
2158 3073 2206 3134 α
2241 3042 2349 3100 ille,
2372 3038 2645 3091 Romanis:
2671 3038 2750 3091 vel
2775 3037 3001 3103 Europre
3024 3032 3399 3102 beglerbegus,
3416 3027 3573 3098 cujus
3594 3039 3788 3078 nomen

572 3144 694 3197 dem
730 3143 932 3199 factum
956 3158 1041 3200 est
1071 3164 1100 3203 a
1132 3156 1364 3214 statura,
1392 3151 1562 3205 forma
1593 3155 1891 3209 deminuta.
1926 3155 2145 3227 Signifi-

573 3241 661 3284 rat
690 3234 835 3286 enim
857 3232 1237 3305 Josepbulum.
1276 3237 1466 3295 Jovius
1505 3242 1825 3312 simpliciter
1845 3246 2141 3315 Josephum

577 3324 846 3379 nominat.
882 3325 957 3381 De
990 3328 1191 3385 Tocata
1227 3333 1478 3400 superius
1513 3336 1759 3402 quaedam
1797 3336 1964 3391 habes
1996 3345 2143 3407 capi-

582 3426 634 3467 te
664 3415 755 3471 75.
791 3416 930 3475 Cum
964 3421 1169 3476 dicitur
1195 3437 1225 3475 a
1261 3435 1416 3492 patre
1440 3424 1753 3494 Mnstaphas
1814 3428 1983 3485 fuisse
2015 3447 2146 3499 prro-

581 3508 756 3565 fectus
784 3511 853 3566 iis
882 3512 1041 3577 locis,
1073 3515 1393 3587 intelligitur
1416 3520 1635 3575 Amasia
1659 3538 1675 3575 :
1698 3522 1767 3578 de
1812 3538 1919 3591 qua
1944 3525 2144 3578 dictum

582 3600 741 3654 initio
768 3600 1175 3671 declarationis,
1228 3608 1408 3677 capite
1462 3622 1711 3665 notarum
1745 3612 1800 3666 6.
1840 3613 2149 3684 Iustaphas

586 3694 675 3746 hic
695 3703 824 3747 ante
849 3709 1057 3764 patrem
1076 3702 1385 3755 exstinctus
1417 3701 1542 3770 fuit,
1570 3703 1694 3758 aliis
1722 3706 1993 3760 venationi
2022 3724 2150 3762 can-

586 3802 704 3841 sam
738 3789 932 3846 mortis
971 3792 1522 3856 ascribentibns,aliis
1569 3795 1753 3851 nimia
1775 3796 1989 3854 Veneri.
2043 3798 2151 3853 No-

588 3878 674 3932 bis
694 3892 761 3933 ea
796 3879 943 3936 lubet
970 3883 1372 3951 interpretando
1395 3878 1656 3953 adjicere,
1701 3904 1824 3957 qua:
1842 3890 2000 3959 digna
2035 3907 2151 3945 me-

588 3980 802 4024 moratu
826 3969 895 4024 de
920 3972 1092 4040 ipsius
1121 3974 1340 4028 interitu
1367 3976 1602 4045 prodidit
1627 3978 2033 4048 Spanduginus.
2064 3986 2153 4038 Ait

586 4058 761 4121 enirn.
816 4061 1131 4117 Achmetem
1183 4063 1425 4127 bassam,
1473 4080 1836 4135 cognomento
1892 4070 2149 4138 Didicem.

588 4155 656 4205 de
690 4169 801 4224 quo
833 4158 1018 4209 statim
1037 4155 1192 4225 plura
1218 4157 1419 4211 dicturi
1444 4175 1659 4224 smnus,
1689 4161 1945 4218 babuisse
1999 4165 2155 4221 femi—

590 4261 716 4299 nam
750 4246 925 4300 forma
955 4255 1326 4316 prmtantem,
1364 4247 1523 4317 cujus
1546 4266 1736 4307 amore
1778 4262 1971 4321 captus
1994 4253 2156 4311 fuerit

592 4332 910 4403 llnstapbas
939 4334 1048 4397 hic,
1070 4334 1429 4391 Ilucbemetis
1452 4337 1631 4393 filius:
1681 4355 1804 4394 cum
1860 4342 2153 4412 aliquando

2247 3134 2337 3187 hic
2395 3132 2709 3201 subjicitur,
2747 3134 3168 3197 cognominatus
3204 3123 3305 3181 fuit
3351 3120 3517 3185 Chas,
3552 3118 3653 3173 boc
3696 3124 3799 3180 est,

2244 3226 2463 3292 elegans
2486 3230 2582 3276 aut
2603 3230 2883 3275 venustus.

2274 3334 2400 3388 M5.
2443 3328 2858 3388 Usumchasanis
2881 3327 3023 3396 ﬁlius
3048 3322 3251 3379 Zeineli
3309 3335 3477 3375 emus
3507 3317 3562 3374 in
3596 3316 3778 3386 pretio

2732 3410 2918 3453 contra
2951 3396 3347 3450 Muchemctem.

2317 3494 2418 3561 Qui
2458 3496 2560 3549 hoc
2596 3493 2785 3562 prazlio
2822 3489 2924 3543 fuit
2954 3486 3269 3543 interfectus
3317 3481 3587 3539 Chasanis
3637 3478 3803 3545 Longi

2248 3592 2417 3653 ﬁlius,
2444 3589 2650 3643 nullum
2685 3587 2775 3639 hic
2820 3585 2873 3637 in
2908 3580 3209 3635 Annalibus
3269 3592 3470 3633 nomen
3510 3575 3688 3631 habet.
3714 3571 3807 3626 Se-

2248 3682 2518 3737 cretarius
2537 3689 2718 3733 autem
2749 3670 3083 3743 Sigismundi
3121 3669 3434 3727 Malatestte,
3460 3664 3633 3735 reguli
3686 3661 3809 3715 Ari-

2252 3773 2535 3832 niincnsis,
2562 3770 2654 3839 qui
2689 3781 2818 3823 tunc
2840 3766 2992 3828 vixit,
3032 3772 3088 3818 et
3110 3761 3382 3829 plerisque
3410 3758 3571 3812 rebus
3597 3755 3650 3809 id
3676 3764 3808 3808 tem-

2252 3867 2401 3933 poris
2420 3863 2472 3916 in
2498 3859 2707 3916 Graecia
2736 3867 2789 3912 et
2835 3855 3089 3911 Anatolia
3128 3852 3293 3924 gestis
3340 3865 3463 3905 cum
3510 3849 3643 3902 hero
3687 3860 3806 3906 suo,

2251 3968 2462 4023 magna:
2489 3953 2726 4016 virtutis,
2758 3960 2812 4004 et
2853 3949 3090 4004 nominis
3133 3945 3264 4000 clari
3314 3946 3475 4006 duce,
3525 3938 3807 3995 interfuit;

2253 4046 2527 4101 Zenialem
2552 4056 2727 4108 vocat,
2758 4044 2854 4114 qui
2891 4042 3046 4097 Jovio
3092 4039 3290 4111 Zeynal
3336 4037 3555 4092 dicitur.
3604 4032 3655 4085 Is
3685 4048 3813 4082 vero

2253 4141 2452 4195 Turcis
2475 4152 2560 4196 est
2579 4138 2809 4201 Zeineli,
2831 4134 3099 4191 vocabulo
3133 4131 3479 4204 significante
3513 4126 3810 4185 hominem,

2256 4233 2343 4287 cui
2392 4234 2583 4287 dentes
2619 4241 2714 4284 aut
2773 4228 3007 4282 maxilla
3056 4222 3405 4295 prcgrandes
3462 4228 3611 4272 sunt.
3660 4216 3812 4269 Illum

2258 4326 2430 4380 Latini
2461 4324 2742 4378 Dentatum
2762 4326 3049 4381 vocarunt,
3073 4319 3220 4372 hunc
3253 4313 3426 4371 Graeci
3449 4310 3811 4366 Gnathonem,

592 4426 648 4478 in
673 4426 875 4490 aulam,
900 4427 1059 4481 ollicii
1085 4440 1509 4491 causamunam
1536 4401 2153 4500 patrisexosculaturus,
2190 4419 2235 4473 Ῑ)

2150 4476 2153 4493 π
2190 4419 2235 4473 ι)
2260 4419 2481 4486 opinor:
2508 4415 2597 4485 qui
2624 4429 2695 4467 an
2727 4412 2917 4468 Latine
2955 4409 3262 4465 Iaxillatus
3301 4406 3408 4461 dici
3462 4406 3665 4474 possit,
3723 4401 3810 4453 alii

592 4518 852 4572 venisset.
876 4516 1006 4574 lnde
1035 4517 1263 4582 factum,
1293 4531 1352 4572 nt
1384 4520 1472 4572 illa
1497 4522 1733 4588 quodam
1753 4531 1994 4592 tempore
2041 4525 2158 4580 bal-

594 4626 759 4665 neum
789 4612 910 4681 (pro
937 4628 1089 4668 more
1118 4613 1350 4667 Turcico
1380 4614 1649 4683 ingressa,
1704 4614 2013 4682 Mustaphas
2059 4632 2157 4671 eo-

594 4701 717 4754 dem
748 4716 809 4755 se
836 4702 1136 4767 conferret,
1164 4713 1219 4756 et
1247 4703 1448 4758 nudam
1476 4704 1562 4771 (ut
1593 4703 1733 4772 erat)
1762 4703 1907 4756 nulla
1939 4706 2159 4773 pudoris

598 4792 784 4846 habita
814 4792 1047 4856 ratione,
1079 4793 1327 4847 violaret.
1360 4792 1645 4864 Indignum
1674 4795 1776 4848 boc
1804 4794 2017 4851 facinus
2034 4811 2158 4851 cum

595 4886 887 4940 Achmetes
924 4888 991 4939 ad
1021 4887 1297 4940 sultanum
1342 4884 1734 4939 Muchemetem
1765 4884 2019 4953 deferret,
2078 4888 2163 4941 di-

598 4976 959 5046 laceratisqne
1038 4977 1282 5032 vestibus
1394 4990 1461 5031 ac
1544 4976 1837 5045 tulipanto,
1923 4977 1992 5034 de
2053 4989 2161 5032 tam

602 5072 750 5139 gravi
800 5081 1122 5139 quereretur
1143 5069 1361 5139 injuria.
1398 5068 1689 5123 vindictam
1748 5068 1971 5123 sceleris
2003 5083 2168 5134 expo-

604 5181 773 5220 cens:
799 5166 1147 5233 resiiondisse
1204 5162 1625 5223 Mucheinetem,
1654 5175 1754 5214 cur
1810 5160 1879 5213 iis
1928 5162 2167 5228 querelis

608 5258 885 5313 uteretur?
913 5272 979 5311 an
1013 5257 1271 5320 nesciret,
1306 5254 1504 5308 sultani
1534 5268 1592 5307 se
1626 5252 1957 5321 mancipium
2003 5252 2167 5305 esse?

609 5355 665 5409 Si
708 5352 941 5409 maxime
963 5351 1125 5417 Illius,
1156 5349 1355 5418 inquit,
1380 5364 1533 5401 meus
1558 5344 1868 5413 Mustaphas
1898 5349 1951 5398 in
1985 5343 2171 5398 uxoris

612 5457 714 5500 tum
743 5444 1057 5511 complexus
1085 5444 1250 5506 venit,
1314 5457 1381 5493 an
1434 5455 1541 5493 non
1585 5454 1704 5491 meo
1733 5452 1855 5489 cum
1906 5436 2173 5501 mancipio

614 5555 728 5594 rem
776 5537 1001 5591 habuit?
1060 5534 1241 5589 Nihilo
1273 5540 1450 5584 tamen
1500 5532 1683 5584 minus
1732 5539 1938 5596 patrem
1970 5528 2037 5579 de
2082 5525 2171 5576 taii

615 5643 826 5697 patrato
851 5630 1090 5684 facinore
1116 5625 1284 5679 lilium
1309 5628 1694 5691 secretoquam
1714 5619 2175 5674 acerrimcincre-

620 5739 795 5793 passo,
827 5721 1190 5791 jussisscque,
1228 5729 1404 5772 utsuo
1436 5724 1729 5784 conspectu
1751 5712 1894 5767 illico
1927 5709 2173 5765 discede-

2262 4509 2511 4562 viderint.

2260 4621 2423 4693 453
2455 4621 2576 4676 ιω.
2605 4618 2889 4674 Ιιοωαιοὶω
2927 4612 3161 4754 Vq‘irofa
3194 4611 3393 4666 Turres
3432 4609 3634 4680 ingenti
3670 4602 3816 4659 clade

2952 4702 2984 4737 α
3039 4701 3086 4737 ct
3118 4724 3132 4738 .

2952 4701 3132 4738 αιιειι.

2340 4785 2623 4840 Moldaviac
2650 4779 2948 4835 Vaivodam
2971 4791 3096 4830 cum
3128 4776 3385 4840 dicimus,
3416 4786 3629 4839 semper
3669 4769 3821 4820 illum

2269 4878 2649 4946 intelligimus,
2676 4886 2841 4939 quem
2872 4887 2900 4923 a
2924 4869 3122 4923 Turcis
3152 4866 3450 4935 principem
3482 4860 3824 4925 Carabogda-

2271 4972 2374 5025 nia
2402 4968 2697 5028 nominari,
2731 4963 3044 5016 monuimus
3083 4974 3272 5027 supra,
3299 4971 3422 5024 cap.
3460 4954 3549 5008 7|.
3573 4952 3680 5018 Qui
3704 4966 3827 5002 vero

2272 5063 2473 5119 czcdem
2516 5061 2658 5115 banc
2681 5057 2984 5111 Turcorum
3012 5053 3282 5120 insignem
3312 5048 3503 5111 edidit,
3525 5044 3826 5115 appellatur

2273 5172 2303 5208 a
2326 5153 2572 5207 Bonl‘mio
2614 5161 2667 5205 et
2713 5148 2889 5203 Cureo
2920 5143 3253 5213 Stephanus,
3308 5152 3537 5207 magnus
3562 5150 3695 5189 sane
3722 5133 3823 5193 vir,

2276 5257 2328 5297 ct
2353 5242 2493 5296 bello
2516 5242 2643 5295 felix
2669 5256 2684 5294 :
2709 5240 2800 5308 qui
2836 5253 2941 5290 non
2974 5234 3183 5290 Turcos
3215 5233 3377 5287 modo
3404 5228 3617 5288 occidit,
3640 5237 3827 5278 verum

2276 5337 2438 5389 etiam
2474 5332 2670 5388 illustri
2717 5330 2787 5384 de
2816 5326 3033 5383 Tatsris
3062 5328 3264 5396 potitus
3297 5331 3383 5377 cst
3417 5319 3664 5375 victoria.
3700 5316 3832 5380 Qua

2280 5428 2473 5483 Turcis
2498 5424 2755 5479 lscodara
2786 5421 2857 5476 sit
2880 5460 2895 5485 ,
2930 5420 3259 5488 explicatum
3286 5423 3432 5477 ante,
3461 5423 3689 5464 numero
3709 5407 3830 5460 121.

2286 5544 2405 5597 Hi.
2443 5542 2636 5601 Geduc,
2681 5534 2942 5590 Achmetis
2989 5535 3157 5584 bassa
3196 5541 3498 5601 cognomen.
3540 5522 3682 5601 carie
3720 5536 3838 5572 car-

2394 5597 2632 5678 ruptum.
2660 5606 2917 5661 Achmctis
2951 5604 3185 5671 fortuna,
3219 5614 3322 5651 non
3355 5597 3524 5647 minus
3558 5597 3728 5645 traria.

2357 5704 2530 5769 Magni
2560 5702 2797 5758 nominis
2823 5698 2900 5749 vir
2924 5698 3024 5749 fuit
3060 5695 3340 5746 .lchmettrs
3370 5689 3454 5742 hic
3483 5688 3638 5739 bas-tt
3669 5723 3679 5742 .
3732 5695 3839 5733 iam
