4204 6300
465 355 571 415 8‘29

1626 366 2027 427 PANDECTE
2072 368 2118 425 ιι
2136 367 2272 428 IST.
2304 365 2613 427 TURCIC.

3617 361 3731 424 830

462 472 609 533 apud
666 473 939 526 sultanum
992 472 1393 534 Muchemetem
1448 479 1760 535 Secundum
1815 491 2047 551 patrem,
2082 494 2122 543 Α
2154 498 2274 549 qua:
2311 481 2558 549 profecto
2593 479 2995 549 limpidissima:
3023 491 3185 539 sunt.
3221 479 3312 533 sed
3347 495 3376 533 a
3406 478 3603 532 subitis
3635 475 3734 531 foe-

464 580 628 629 qnam
689 566 829 634 apud
890 566 1185 636 Bajasitcm
1244 572 1459 629 lilium:
1511 574 1579 628 de
1623 574 1783 642 cojus
1832 575 2042 643 origine

465 654 747 711 Genfrants
782 668 951 720 errat.
982 676 1107 715 cum
1140 662 1327 725 tradit,
1369 680 1493 717 cum
1523 664 1691 719 fuisse
1724 666 1891 719 filium
1923 666 2044 717 Sto-

469 749 655 814 phani,
714 765 822 802 non
885 754 1045 819 regis,
1095 757 1187 807 sexl
1226 755 1465 823 despotze
1511 756 1854 811 Bozinensis.
1906 756 2040 810 Nam

469 839 686 894 Fozina:
743 843 903 897 ducis
962 846 1109 900 [ilius
1162 845 1269 901 fuit
1325 847 1468 903 alios
1494 850 2045 903 ablioc.\elienietcs

472 933 654 998 bona,
686 935 773 988 (ξι-ἰ
807 951 1111 1004 cognomen
1166 951 1286 993 erat
1347 956 1455 992 non
1508 940 1717 1006 Geduc,
1759 943 1851 995 sed
1882 940 2045 995 Cher-

470 1031 701 1090 s-ogics,
736 1036 795 1081 ut
839 1042 967 1082 eum
1023 1031 1196 1085 nostri
1260 1044 1476 1094 vocant,
1522 1034 1589 1087 de
1621 1049 1729 1102 quo
1759 1034 2046 1092 infra.su0

476 1117 599 1168 loco
677 1119 912 1173 dicetur.
992 1120 1092 1174 llic
1151 1132 1332 1175 autem
1386 1122 1673 1178 Acbntctcs
1722 1125 2045 1179 Albauensis

471 1217 589 1262 erat
612 1208 843 1278 origine,
880 1210 963 1266 vel
1002 1210 1246 1281 Epirota.
1284 1211 1937 1282 Sigismumlialalatestas
1959 1231 2046 1269 se.

473 1302 743 1357 Cretan-ins
787 1303 1031 1373 scripsit,
1074 1320 1198 1360 eum
1237 1305 1409 1362 fuisse
1440 1308 1641 1362 virtute
1695 1308 1916 1362 militari
1954 1324 2047 1377 pa-

473 1408 588 1448 rem
646 1394 893 1465 antiquis
948 1398 1229 1456 ducibus:
1260 1401 1398 1455 adeo
1422 1402 1665 1469 quidem,
1708 1411 1768 1453 ut
1808 1400 1920 1454 sola
1951 1417 2050 1454 nu-

476 1486 642 1541 minis
684 1487 771 1543 sui
814 1489 977 1556 fama,
1013 1507 1342 1561 quocunque
1377 1508 1435 1547 se
1468 1493 1766 1559 conferret,
1792 1494 2048 1548 omnibus

475 1575 821 1633 formidinem
851 1596 914 1635 ac
943 1582 1360 1652 trepidationem
1399 1583 1681 1650 injiceret.
1722 1585 1910 1644 Addit,
1957 1601 2050 1638 eo-

474 1671 848 1739 gnotninstum
883 1676 1045 1742 vulgo
1072 1674 1314 1729 Gendieh
1343 1684 1653 1744 prapterea,
1672 1678 1814 1743 quod
1840 1678 1888 1730 ei
1913 1676 2048 1729 deus

2144 576 2340 642 disque
2396 574 2811 642 tempestatibus
2837 614 2852 639 ,
2907 588 3026 640 quae
3061 573 3210 640 prius
3243 572 3509 638 placidum
3548 586 3610 623 ac
3650 587 3738 623 sv-

2148 682 2366 731 rcnum,
2397 669 2558 735 paulo
2586 676 2863 719 momento
2898 666 3067 733 nigris
3100 666 3333 718 tenebris
3362 664 3661 717 involvunt.
3694 661 3736 714 Ε

2146 762 2366 814 diverso
2423 760 2885 813 nwditerraneum
2965 773 3134 821 mare,
3193 774 3300 811 non
3357 756 3527 811 tantis
3559 757 3733 808 obno-

2146 855 2294 908 xium
2330 853 2751 915 mutationibus,
2782 854 2875 904 sed
2918 851 3075 917 longe
3110 850 3385 911 sercnius,
3422 849 3528 903 illis
3560 849 3735 900 Aede-

2148 945 2255 997 nizi
2292 944 2532 1006 dicitur,
2588 944 2672 996 his
2729 948 2899 1009 Aspra
2958 943 3231 1003 thalassa,
3286 940 3337 993 id
3393 947 3478 992 est
3542 938 3735 992 Album

2150 1053 2317 1090 mare.
2391 1035 2506 1089 Itali
2564 1036 2899 1087 dissentiunt
2958 1035 3029 1086 ab
3088 1033 3356 1099 utrisque,
3408 1046 3473 1084 ac
3521 1029 3741 1083 anubis

2148 1130 2318 1182 etiam
2343 1127 2634 1182 Germanis
2655 1166 2670 1189 ,
2698 1130 2789 1195 qui
2831 1128 2929 1179 hos
2962 1134 3255 1192 sequentes
3284 1132 3338 1176 et
3370 1123 3469 1185 ipsi
3507 1120 3735 1190 Nigrum

2152 1238 2300 1274 mare
2360 1221 2733 1273 nominamus.
2775 1220 2985 1272 Etenim
3026 1218 3301 1285 appellare
3350 1216 3531 1271 solent
3593 1231 3740 1266 mare

2150 1311 2349 1377 majus,
2365 1309 2504 1373 quod
2536 1310 2671 1360 idem
2702 1318 2785 1361 est
2813 1324 2937 1361 cunt
2968 1307 3101 1360 mari
3129 1321 3347 1372 magno.
3373 1305 3426 1358 Id
3451 1305 3500 1359 ei
3538 1320 3735 1358 nomen

2152 1404 2241 1453 dat
2276 1399 2595 1452 Vincentius
2629 1399 3011 1459 llelvaeensis,
3045 1400 3123 1452 uti
3154 1413 3319 1466 supra
3360 1406 3607 1449 notatum
3636 1413 3732 1449 ca-

2152 1496 2260 1562 pite
2296 1493 2414 1546 19.8.
2451 1492 2582 1547 Coit:
2613 1492 2810 1547 Turris
2836 1494 3122 1554 sCribitur,
3162 1506 3285 1559 quae
3319 1489 3499 1557 Capita
3526 1488 3731 1542 nostris

2151 1594 2256 1639 cst.
2296 1586 2347 1637 in
2389 1583 2621 1637 Taurica
2677 1585 3024 1638 Chersoneso
3078 1592 3230 1635 trans
3292 1597 3443 1635 mare
3510 1581 3734 1650 Nigrum

2152 1678 2277 1738 sita,
2331 1675 2705 1727 Gennensinm
2756 1675 3032 1743 quondam
3086 1673 3325 1727 colonia.
3379 1670 3578 1725 Notum
3628 1683 3736 1725 esto

476 1778 617 1817 unus
639 1762 877 1820 deo-set.
903 1765 1076 1831 Quam
1104 1782 1230 1820 vero
1261 1782 1290 1819 a
1317 1770 1468 1820 tenui
1503 1767 1721 1821 fortuna
1758 1768 2045 1821 niaximum
2082 1784 2119 1836 ῃ
2148 1767 2276 1818 olim
2311 1767 2508 1818 dictum
2548 1764 2714 1819 fuisse
2768 1764 3153 1819 Thcodosiam.
3213 1762 3286 1816 De
3336 1762 3597 1825 Kerimis,
3619 1762 3738 1815 Cri-

475 1853 541 1907 ad
571 1853 892 1923 dignitatem
947 1858 1131 1911 subito
1173 1859 1508 1925 pervenerit,
1540 1858 1928 1929 Spaudnginus
1961 1862 2044 1912 his

473 1947 863 2016 propemodum
887 1948 1065 2003 verbis
1096 1951 1385 2014 exposuit:
1416 1949 1566 2011 Erat,
1600 1951 1798 2019 inquit,
1828 1952 2047 2005 suitauo

474 2036 793 2092 Mncbemeti
816 2040 1037 2095 satelles
1067 2040 1307 2109 (solacos
1335 2040 1497 2096 Turci
1524 2044 1744 2110 vorant)
1774 2043 1865 2109 qui
1896 2042 2047 2096 Bidic

474 2128 668 2183 Acmat
706 2146 771 2184 es
814 2147 880 2184 eo
936 2133 1320 2187 nominabatur
1354 2176 1367 2198 ,
1422 2136 1653 2201 quodin
1705 2136 1818 2188 oris
1868 2136 2044 2187 antica

474 2222 717 2277 dentium
770 2225 913 2281 serie
970 2225 1191 2280 dentem
1243 2242 1413 2281 unum
1456 2228 1757 2282 amisisset.
1792 2226 1892 2280 llic
1917 2243 2040 2280 eum

474 2315 768 2384 aliquando
794 2333 920 2372 cum
951 2320 1200 2389 principe
1233 2336 1336 2373 suo
1366 2321 1804 2388 colloqueretur,
1837 2330 1892 2372 ut
1927 2320 2043 2372 ﬁeri

475 2423 870 2478 nonnunquam
893 2408 1056 2476 solet,
1082 2412 1365 2466 asserebat
1394 2411 1539 2465 inter
1562 2412 1666 2465 alia
1692 2430 1707 2471 :
1741 2429 1849 2466 non
1883 2428 2045 2478 posse

475 2501 775 2571 principem
805 2517 995 2557 revera
1023 2518 1083 2558 se
1115 2520 1376 2572 maguum
1414 2507 1729 2573 pra-dicare,
1764 2506 1807 2558 si
1841 2522 1947 2558 non
1977 2522 2042 2558 cx

473 2606 643 2660 parvo
664 2608 916 2659 magnum
948 2602 1002 2649 et
1028 2596 1271 2651 vicissim
1293 2612 1359 2651 ex
1380 2611 1578 2663 magno
1612 2613 1838 2662 parvum
1868 2598 2049 2650 facere

475 2693 681 2753 posset.
704 2686 826 2741 Haec
852 2686 971 2757 ejus
994 2687 1157 2742 verba
1173 2697 1380 2741 tantum
1404 2688 1457 2741 in
1483 2688 1667 2742 animo
1692 2686 2048 2741 Muchrmetis

477 2779 787 2833 habuerunt
830 2780 1105 2838 efﬁcacia.
1133 2789 1192 2834 ut
1215 2778 1507 2834 Achmetes
1530 2781 1791 2835 hactenus
1816 2779 2037 2856 satelles

475 2870 544 2921 ab
566 2870 686 2937 ipso
710 2884 1033 2939 supremum
1053 2872 1119 2925 ad
1138 2871 1387 2939 primarii
1413 2874 1584 2927 hassze
1606 2873 1834 2941 gradum
1859 2886 2050 2940 prove-

479 2960 719 3014 heretur.
766 2959 906 3025 Quid
956 2960 1006 3013 ei
1058 2969 1182 3030 post
1237 2962 1351 3014 haec
1403 2962 1670 3025 evenerit,
1713 2977 1839 3014 cum
1872 2961 2045 3028 ipsius

478 3051 636 3103 uxori
680 3066 710 3104 a
754 3049 1061 3120 Hustopba,
1112 3052 1470 3106 Muchemetis
1501 3055 1635 3112 tilio.
1678 3061 1926 3120 stuprum
1964 3056 2046 3102 in-

2157 1859 2301 1919 miis,
2341 1856 2555 1912 Kcraiis
2583 1859 2685 1914 (sic
2718 1858 2951 1910 divorsis
2983 1856 3177 1910 iisdem
3209 1854 3527 1908 nominibus
3556 1855 3739 1922 appel-

2150 1950 2355 2014 lantur)
2401 1951 2858 2017 l)estensilmsque
2902 1947 3135 2012 Tataris,
3193 1945 3399 2001 dictqu
3461 1946 3738 2014 superius,

2156 2056 2389 2093 numero
2422 2051 2675 2093 notarum
2706 2040 2797 2093 45.

2224 2126 2348 2183 M9.
2376 2125 2724 2181 Mudtemetes
2751 2126 2976 2183 obsessa:
2996 2127 3320 2184 Semendria!
3346 2128 3632 2181 succurrit.

2213 2220 2646 2276 Obscuriuscule
2672 2225 2921 2291 quoniam
2964 2225 3054 2277 hic
3088 2222 3367 2285 dicuntur,
3397 2238 3517 2289 qua:
3545 2225 3625 2278 sic
3654 2224 3742 2276 in-

2153 2311 2460 2381 telligemla.
2513 2310 2882 2366 Muchcmctes
2918 2314 2983 2365 ad
3015 2311 3289 2365 Mor-aram
3341 2313 3560 2366 ﬂuvium
3616 2326 3744 2383 pt'o‘

2149 2383 2322 2459 fectus
2365 2413 2465 2469 est,
2513 2406 2615 2458 hoc
2644 2416 2749 2465 est.
2806 2406 2858 2459 in
2915 2404 3162 2460 Serviam
3192 2409 3306 2462 sive
3333 2407 3622 2468 Rasciam,
3673 2406 3741 2459 ad

2152 2496 2492 2565 invtropolim
2526 2496 2647 2563 ejus
2683 2498 2920 2565 regionis
2960 2497 3336 2553 Semcndriant
3362 2538 3378 2563 ,
3414 2498 3495 2552 vel
3529 2498 3741 2552 Scndc-

2152 2600 2381 2648 roviam,
2438 2588 2725 2642 obsidione
2790 2589 3157 2643 liberandam.
3199 2591 3414 2659 Quippe
3486 2588 3740 2645 Matthias

2150 2676 2400 2745 Ungarize
2424 2695 2541 2741 rex,
2569 2683 2643 2733 uti
2679 2679 2964 2735 Bontinius
2985 2683 3172 2746 refert,
3207 2682 3387 2736 hieme
3416 2683 3544 2736 aiini
3577 2684 3737 2741 H76.

2147 2771 2212 2822 ad
2255 2771 2655 2835 Semendriatn,
2684 2774 2921 2842 umlique
2949 2775 3212 2829 militibus
3229 2776 3505 2839 cinctam’,
3533 2776 3737 2830 exstrui

2150 2863 2369 2917 castella
2421 2864 2520 2916 tria
2581 2876 2909 2919 curaverat:
2946 2875 3007 2918 ιιι
3058 2868 3368 2922 arctissinie
3414 2868 3655 2921 clausam
3688 2869 3740 2921 in

2157 2965 2482 3022 potesmtcm
2511 2958 2795 3025 redigeret.
2821 2958 2988 3030 454
3015 2959 3086 3012 lis
3116 2975 3246 3013 vero
3275 2960 3516 3013 eastellis
3542 2960 3742 3028 potitus

2150 3044 2547 3112 Hucbemetes,
2581 3048 2929 3101 obsidionem
2981 3047 3178 3101 solvit.
3226 3048 3414 3101 Obiter
3455 3048 3542 3101 hic
3573 3048 3743 3103 lector

476 3141 737 3208 ferretur,
799 3143 964 3212 paulo
990 3152 1117 3197 ante
1145 3153 1449 3208 narratum,
1477 3143 1655 3212 capite
1688 3143 1812 3195 145.
1848 3141 2037 3196 Mortis
2062 3150 2108 3213 (ζ
2140 3138 2392 3191 observet
2418 3175 2435 3201 ,
2467 3154 2494 3190 a
2538 3138 2733 3192 Turcis
2767 3143 2928 3191 etiam
2960 3140 3189 3194 Morava:
3251 3156 3450 3194 nomen
3498 3130 3739 3195 retineri.

478 3252 671 3304 genus,
703 3245 1133 3290 consentaneum
1178 3236 1414 3288 fortuna:
1455 3235 1669 3298 subitae,
1697 3234 2038 3302 nimiumque

479 3327 800 3393 blandienti,
850 3342 953 3383 suo
1010 3328 1133 3381 loco
1188 3327 1448 3394 deinceps
1487 3328 2034 3393 commemorabitur,

478 3437 729 3479 nomero_
762 3428 1011 3474 notarum
1060 3419 1182 3474 l56.
1234 3418 1391 3474 Nunc
1436 3421 1723 3475 diversitas
1753 3419 2038 3474 indicanda

473 3512 843 3581 cognominis,
890 3522 944 3566 et
994 3529 1183 3567 verum
1247 3528 1555 3582 cognomen
1622 3514 2039 3566 ostendendum.

475 3605 722 3660 Diximus
752 3621 874 3659 eum
919 3620 949 3658 τι
999 3605 1353 3675 Spandugino
1404 3608 1585 3658 vocari
1626 3606 1798 3671 Bidic,
1825 3616 1877 3660 et
1912 3607 2040 3660 alibi

474 3693 689 3763 Vidich,
721 3713 752 3750 a
784 3699 1083 3752 secretario
1138 3696 1432 3751 Μιιιιιιρειιε
1487 3697 1812 3753 Ghendieh:
1872 3716 2040 3768 quant

474 3788 804 3854 scripturam
856 3785 1145 3841 Geufraens
1213 3786 1429 3842 retinet.
1478 3787 1726 3841 Nominis
1762 3790 2043 3842 notionem

477 3880 688 3947 priores
711 3877 821 3932 duo
845 3894 981 3945 pene
1012 3888 1215 3933 rectam
1248 3879 1540 3949 attingunt,
1569 3895 1694 3933 cum
1737 3881 1812 3932 ita
1861 3878 2035 3934 fuisse

478 3978 728 4024 vocatum
765 3968 835 4023 ab
880 3970 1086 4024 amisso
1125 3971 1289 4023 dente
1334 3969 1620 4026 referunt:
1672 3970 1962 4025 Geul'ra-os
1996 3972 2047 4023 in

477 4058 819 4128 expositione
841 4059 988 4113 vocis
1014 4058 1239 4123 fallitur,
1289 4074 1416 4112 cum
1442 4061 1520 4114 sic
1546 4061 1624 4113 ait
1679 4061 1852 4128 ipsum
1877 4079 1905 4113 ιι
1933 4078 2049 4112 ma-

477 4166 587 4218 gno
617 4151 779 4204 dente
828 4152 1193 4204 nominatum.
1242 4150 1525 4221 Scriptura
1574 4152 1681 4206 hoc
1728 4154 1891 4206 modo
1926 4168 2051 4204 mu-

478 4246 657 4311 lauda,
715 4255 772 4298 ut
819 4244 961 4313 apud
996 4243 1401 4313 Spanduginnrn
1434 4262 1531 4314 pro
1561 4244 1709 4300 Bidic
1740 4254 1795 4300 ct
1857 4244 2052 4298 Vidicb

474 4333 686 4404 legatur
733 4332 887 4389 Gidic
951 4354 965 4391 :
1024 4336 1165 4403 apud
1214 4336 1453 4404 reliquos
1516 4337 1656 4391 (Ιιιιιε
1727 4351 1825 4405 pro
1876 4335 2055 4388 (ἑὴνη-

472 4427 599 4481 dich
662 4425 870 4482 Gedic:
925 4430 1068 4495 quod
1136 4426 1275 4480 idem
1326 4437 1414 4483 est
1449 4442 1573 4483 cum
1626 4428 1846 4483 Gedue.
1904 4427 2056 4479 Peri-

2140 3244 2247 3282 non
2278 3228 2615 3282 Sebitnizam
2653 3245 2776 3284 cum
2828 3231 3043 3287 Morava
3082 3231 3372 3294 confundi,
3396 3232 3464 3284 de
3508 3247 3618 3300 quo
3650 3248 3742 3285 sn-

2142 3319 2325 3388 perius
2357 3331 2562 3381 actum,
2595 3321 2772 3389 capite
2808 3320 2930 3373 124.
2957 3322 3093 3375 Cum
3127 3322 3323 3375 deinde
3354 3335 3511 3374 muro
3544 3334 3737 3373 novata

2141 3426 2320 3466 arcem
2350 3411 2588 3466 cinxisse
2640 3409 2839 3466 dicitur
2870 3453 2885 3477 ,
2932 3412 3345 3482 intelligendum
3400 3412 3528 3465 illud
3575 3410 3742 3467 Geni-

2143 3506 2404 3569 sarainm,
2442 3506 2494 3560 in
2536 3506 2686 3560 urbis
2716 3507 2960 3560 orientali
2992 3506 3190 3576 angulo
3213 3504 3599 3570 conditum,de
3631 3515 3741 3574 quo

2144 3597 2306 3667 paulo
2333 3607 2478 3658 ante,
2524 3612 2753 3652 numero
2804 3597 2926 3651 159.
2982 3596 3252 3652 Praeterea
3313 3613 3511 3651 nomen
3565 3597 3741 3652 Sulci-

2148 3690 2323 3740 manis
2356 3686 2633 3741 Romanis:
2668 3689 2993 3756 beglerbegi,
3025 3691 3170 3758 quod
3200 3689 3384 3743 statim
3415 3688 3734 3757 subjicitur.

2150 3778 2434 3833 Borilinins
2470 3780 2763 3847 ignoravit,
2795 3780 3052 3833 Bassettm
3092 3779 3254 3832 modo
3290 3795 3515 3832 vocans.

2262 3872 2387 3925 150.
2427 3871 2660 3940 Insignis
2699 3872 2992 3926 Turcorum
3035 3872 3211 3924 clades
3244 3872 3298 3924 in
3334 3869 3596 3942 Unguria.

2223 3964 2507 4019 lionlinius
2560 3981 2726 4017 utinm
2779 3966 2881 4017 hac
2929 3964 3274 4032 expeditione
3304 3963 3607 4017 Turcorum
3635 3963 3733 4015 du-

2154 4073 2269 4111 cent
2307 4054 2605 4107 nominarit
2634 4052 2991 4107 Halibecbum
3024 4094 3038 4113 ,
3067 4054 3159 4121 qui
3194 4053 3486 4106 annalibus
3520 4063 3601 4107 est
3651 4053 3736 4106 Ali

2157 4152 2255 4217 beg
2294 4146 2598 4215 Michalogli
2627 4162 2642 4201 :
2675 4149 2741 4200 de
2771 4147 2995 4215 reliquis
3026 4146 3239 4200 duobus
3263 4185 3278 4209 ,
3312 4143 3390 4197 lsa
3424 4144 3557 4211 bego
3589 4143 3735 4198 Chu-

2158 4238 2386 4305 seinogli
2412 4280 2427 4301 ,
2455 4246 2509 4290 et
2538 4236 2653 4290 Bali
2686 4237 2822 4305 bego
2849 4235 3189 4305 Malcozogli,
3224 4235 3361 4289 nihil
3392 4248 3732 4301 compertum

2160 4331 2369 4386 habuit.
2400 4330 2705 4384 Turcorum
2737 4329 3036 4383 exercitum
3079 4330 3360 4398 seraginta
3396 4329 3561 4381 millia
3590 4329 3738 4382 a'sti-

2161 4434 2293 4477 mat.
2333 4423 2670 4491 Uogarnrnm
2705 4423 2871 4477 duces
2915 4425 3066 4476 luere
3116 4420 3429 4491 Stephanus
3461 4422 3734 4491 Batorius,

473 4521 643 4575 tiores
708 4518 958 4572 Arabicae
1017 4520 1212 4586 litigth
1262 4514 1442 4573 Gutue
1511 4520 1804 4573 enuntiarit
1862 4538 1957 4593 per
1991 4519 2027 4568 ν
2069 4514 2111 4566 ι)
2142 4517 2378 4570 Vaivoda
2415 4514 2966 4575 Transsilvaniensis,
3009 4525 3061 4568 et
3110 4515 3311 4569 Paulus
3341 4513 3608 4574 Kinisius,
3644 4528 3738 4565 ροη-

471 4611 766 4676 Gallicum,
792 4611 935 4679 quod
964 4626 1158 4679 parum
1191 4611 1344 4663 abest
1383 4627 1411 4663 a
1444 4610 1599 4664 Gidic
1627 4613 1740 4664 sive
1767 4612 1923 4664 Gitie.
1956 4610 2042 4663 Si-

473 4702 693 4769 goiticat
724 4712 902 4755 autem
955 4701 1276 4755 vocabulum
1339 4702 1443 4755 hoc
1507 4711 1760 4755 truncum
1812 4701 2045 4769 alicujus

471 4797 547 4850 rei
583 4796 788 4860 fracta,
840 4792 906 4847 de
943 4808 1054 4863 quo
1102 4791 1575 4853 animadvertitur,
1609 4794 1712 4846 hoc
1757 4793 1806 4847 ei
1859 4793 2043 4847 datum

473 4888 642 4942 fuisse
668 4901 966 4956 cognomen
999 4901 1028 4938 a
1065 4895 1264 4937 trimco
1299 4886 1502 4950 dentis,
1530 4888 1621 4955 qui
1660 4887 1843 4941 adhuc
1870 4888 1924 4940 in
1953 4904 2049 4940 ore

472 4977 684 5033 scilicet
721 4976 970 5043 reliquus
998 4974 1247 5027 hau-cret.

636 5068 761 5124 148.
807 5066 958 5122 Marc
989 5066 1240 5137 Nigrum,
1272 5078 1322 5121 et
1353 5068 1501 5122 Mare
1532 5068 1706 5137 majus
1743 5067 1890 5137 Core.

539 5156 745 5213 Pontus
776 5157 903 5211 olim
938 5157 1145 5211 dictutn
1186 5158 1438 5213 Euxinus
1472 5159 1553 5213 vel
1606 5161 1889 5228 hospitalis
1911 5202 1925 5225 ,
1958 5178 2052 5228 per

468 5250 806 5303 contrarium
864 5263 1115 5310 sensum,
1156 5249 1304 5303 velut
1334 5249 1553 5305 Axenus
1582 5259 1637 5304 et
1675 5251 2050 5317 inhospitalis,

471 5356 615 5395 nunc
638 5356 667 5393 a
689 5338 887 5395 Turcis
926 5339 1248 5395 Caradenizi
1285 5353 1536 5405 vocatur,
1571 5357 1599 5394 a
1634 5341 1838 5397 GﬁfCiS
1868 5343 2051 5397 Maura

471 5432 731 5496 thalassa,
766 5430 908 5485 idem
934 5440 1164 5499 utroque
1199 5435 1418 5487 nomine
1453 5434 1826 5503 signiﬁcante,
1863 5436 2054 5488 videli-

472 5531 558 5575 cet
588 5535 737 5574 mare
792 5518 1039 5588 Nigrum.
1068 5518 1212 5575 Usus
1277 5532 1362 5574 est
1424 5522 1523 5574 hac
1558 5523 1922 5590 appellatione
1950 5524 2051 5576 Da.

477 5624 769 5664 masc-enus
809 5607 1054 5663 Studites
1078 5611 1133 5664 in
1163 5612 1425 5665 thesauro
1453 5615 1780 5666 concionum
1808 5630 2053 5683 suarum,

474 5700 675 5768 scripto
719 5700 902 5767 lingua
951 5700 1137 5756 Grrcca
1178 5703 1411 5770 vulgari.
1452 5702 1664 5757 Nomen
1714 5705 1817 5761 hoc
1846 5706 1898 5760 ei
1957 5707 2053 5760 da-

475 5805 587 5856 ιιιιιι
627 5788 933 5858 perhibent,
992 5807 1098 5845 non
1134 5792 1277 5861 quod
1342 5808 1514 5862 aquas
1580 5794 1778 5850 habeat
1838 5797 2047 5865 nigras,

2152 4626 2268 4665 Incs
2296 4608 2778 4664 Temesvarensis.
2809 4608 3113 4662 Numerum
3150 4622 3415 4661 cursorum
3450 4606 3734 4660 Bonfinius

2151 4703 2291 4755 idem
2332 4702 2382 4753 in
2421 4701 2628 4755 litteras
2657 4700 2841 4753 retulit
2872 4737 2889 4760 ,
2942 4697 3250 4752 Turcorum
3313 4698 3536 4768 triginta
3571 4698 3738 4752 millia

2152 4791 2439 4849 duntaxat.
2474 4791 2689 4843 Annum
2725 4805 2942 4859 quoque
2970 4789 3152 4857 posuit
3187 4788 3342 4843 H80.
3376 4786 3532 4843 Unde
3567 4790 3739 4843 cnrri‘

2153 4882 2312 4951 gendi
2363 4889 2534 4949 captae
2566 4880 2837 4947 superiori
2876 4895 3024 4932 anno
3098 4879 3317 4934 Scodra:
3349 4880 3561 4933 numeri
3592 4880 3734 4951 apud

2154 4950 2508 5028 secretarium
2571 4972 2886 5036 Malatcstar,
2943 4986 3151 5042 proque
3207 4971 3369 5033 H77,
3435 4950 3735 5042 reponendi

2158 5065 2309 5119 mo.
3520 5139 3521 5143 γ

2185 5179 2305 5232 151.
2337 5176 2551 5232 Rhodus
2589 5198 2620 5230 α
2652 5178 2831 5232 Turcis
2863 5180 3089 5246 primum
3127 5179 3416 5234 obsidetur.
3438 5180 3700 5235 Amadeus

2391 5260 2731 5318 cognomento
2780 5248 2969 5304 Viridis
2992 5287 3008 5314 ,
3037 5266 3204 5303 comes
3234 5249 3539 5305 Subaudiw.

2234 5336 2618 5407 Sa-pcnnmero
2650 5338 2870 5407 quidem
2907 5349 3110 5392 tentata
3141 5337 3321 5392 fuerat
3353 5339 3637 5398 hactenus,
3674 5344 3731 5390 et

2159 5433 2381 5485 obsessa
2414 5428 2640 5483 Rhodus
2664 5446 2694 5483 a
2726 5429 3043 5490 Saracenis,
3068 5428 3230 5480 etiam
3265 5426 3333 5481 ab
3366 5427 3457 5478 illo
3488 5436 3733 5492 tempore

2162 5541 2271 5592 quo
2303 5524 2370 5575 ab
2419 5523 2699 5591 equitibus
2756 5521 3265 5591 llierosolymitanis
3294 5521 3476 5574 Sancti
3503 5517 3733 5573 Joannis

2164 5615 2420 5682 Baptista:
2470 5613 2710 5677 (Frerios
2750 5613 2931 5666 vocari
2984 5612 3175 5667 scribit
3226 5609 3464 5673 Nion-tas,
3523 5608 3730 5665 Gallica

2164 5711 2421 5763 nimirum
2453 5721 2589 5760 voce
2648 5706 2989 5775 signiﬁcante
3028 5701 3268 5773 fratres)
3304 5704 3725 5772 possidebatur:

2164 5811 2247 5871 ct,
2282 5810 2407 5855 ante
2462 5800 2599 5858 hanc
2654 5798 2938 5855 obsidione
2969 5795 3211 5861 proxima
3245 5794 3565 5850 liberaverat
3604 5808 3726 5848 cam
