4228 6298
492 345 595 407 831

1701 357 2024 417 ΙΟΛΝΝις
2068 358 2549 419 ιΕυΝρωνιῐ

3663 349 3770 412 832

489 474 674 514 comes
728 459 1016 518 Sabaudus
1068 463 1369 530 Amadeus,
1431 478 1794 534 cognomento
1855 471 2074 535 Viridis,
2110 477 2150 530 Α
2181 472 2309 523 dico
2339 471 2626 524 cltarilalis
2661 468 3017 525 Christianae.
3050 480 3170 535 qua:
3199 463 3403 516 frustra
3430 462 3483 515 in
3517 460 3596 514 eis
3626 477 3773 527 qum-

492 553 788 608 immortali
851 572 976 609 cum
1035 557 1192 612 laude
1249 561 1331 614 sui
1396 563 1652 616 nominis.
1681 563 1914 629 Ideoque
1946 582 2067 619 cum

494 647 617 701 alba
668 665 829 703 cruce
858 691 873 711 ,
909 651 959 702 in
990 667 1182 719 eampo
1208 656 1374 705 rubro
1405 656 1602 721 delita,
1631 674 1750 723 quae
1777 660 1951 728 ipsius
1977 678 2071 712 or-

492 739 636 794 dinis
667 741 907 808 equitum
935 744 1272 797 Rhodiorum
1313 748 1543 812 insignia
1579 762 1727 813 sunt,
1749 762 2069 820 perpetuum

493 847 555 883 ea
588 830 790 885 familia
839 835 1147 902 symbolum
1200 835 1379 891 Fiiﬂ'l‘
1413 841 1574 908 huius
1613 843 1833 897 Antadei
1873 846 2074 897 virtute

495 925 822 986 promeruit.
854 925 988 977 Nam
1014 943 1090 979 (ηιξ
1123 928 1318 981 littore
1353 931 1569 995 plenius
1587 935 1874 999 explicatae
1907 935 2077 1003 signi-

483 1017 677 1075 'licant,
726 1015 1009 1072 Fortitudo
1060 1020 1178 1088 ejus
1216 1021 1456 1075 Rhodum
1515 1023 1722 1079 Tenuit.
1773 1027 1878 1079 Sed
1912 1027 2075 1080 Turri

497 1109 631 1160 nihil
666 1111 731 1162 ad
772 1110 876 1164 hoo
921 1130 1094 1179 usque
1134 1129 1349 1178 tempus
1395 1117 1449 1167 in
1486 1133 1604 1169 eam
1643 1118 1824 1172 moliri
1862 1119 2079 1172 fuerant

495 1200 636 1261 ausi,
671 1202 797 1255 licet
826 1203 967 1258 Asiae
997 1204 1234 1272 quietam
1267 1223 1436 1273 prope
1470 1209 1875 1274 possessionem
1910 1211 2081 1263 inter—

495 1292 706 1345 turbari
750 1295 820 1348 ab
864 1296 1146 1364 equitibus
1186 1299 1294 1352 illis
1344 1298 1576 1352 Rhodiis
1638 1303 1927 1367 mgerriine
1969 1303 2071 1356 αὐτο

494 1394 650 1436 rent.
709 1383 866 1440 Nunc
920 1389 1137 1442 tandem
1203 1388 1453 1444 Rhodum
1516 1393 1668 1460 jussu
1722 1391 2082 1446 Mnebemetis

493 1491 784 1543 aggressus
818 1488 900 1533 est
933 1481 1153 1536 Mesites
1188 1485 1335 1537 vesir
1378 1485 1563 1551 bassa,
1592 1497 1752 1554 gente
1779 1487 2082 1554 l’alaeologa

494 1577 679 1624 natus.
733 1569 863 1624 Erat
919 1581 1049 1627 tunc
1106 1578 1363 1644 princeps
1411 1577 1645 1641 ordinis,
1705 1594 1863 1648 quem
1907 1578 2086 1633 Cra-ci

491 1657 740 1725 Megalen
776 1662 1016 1718 Mastora
1050 1668 1341 1731 vocabant,
1373 1672 1544 1723 nostri
1580 1686 1836 1740 magnum
1883 1672 2088 1742 magis-

491 1765 656 1813 trum,
715 1756 913 1811 Petrus
969 1757 1362 1820 Albussonins.
1427 1764 1648 1818 natione
1707 1767 1940 1831 Gallus,
1992 1763 2086 1836 qui

489 1856 675 1911 postea
711 1848 1007 1904 cardinalis
1043 1850 1302 1908 Ecclesia:
1338 1856 1601 1910 Romanae
1650 1872 1872 1914 creatus
1911 1861 2078 1915 fuisse
2113 1839 2152 1892 Β

493 1939 754 1993 traditur.
788 1941 836 1994 Is
863 1955 970 1994 tam
999 1943 1220 1997 l'ot'lilet'
1258 1947 1360 2000 hac
1391 1949 1682 2004 obsidione
1714 1967 1838 2004 cum
1875 1953 1990 2008 suis
2019 1967 2080 2007 se

491 2034 680 2100 gessit,
711 2043 768 2086 ttt
804 2049 911 2088 non
945 2037 1122 2090 solum
1153 2037 1349 2093 infecta
1378 2057 1460 2102 re,
1495 2059 1684 2097 verum
1718 2048 1884 2097 etiam
1920 2047 2078 2099 dam-

490 2127 579 2179 nis
637 2129 878 2195 acceptis
935 2130 1299 2196 gravissimis.
1363 2133 1487 2186 inde
1539 2135 1826 2190 discedere
1862 2136 2079 2194 Mesites

492 2226 801 2286 cogeretur.
851 2219 1062 2288 Quippe
1111 2238 1217 2274 non
1269 2227 1537 2279 revocatis
1575 2228 1641 2279 ad
1674 2230 1946 2282 calculum
1985 2233 2080 2285 de-

496 2309 768 2364 trimentis
801 2315 1018 2367 etetcris
1039 2356 1053 2377 ,
1089 2329 1225 2367 cassa
1253 2317 1464 2381 periere
1497 2317 1802 2373 Turrorunt
1858 2323 2077 2392 triginta

491 2401 684 2464 millia,
740 2413 798 2458 ttt
858 2407 1082 2474 quidam
1110 2409 1284 2474 aiunt,
1333 2409 1586 2465 Genitan
1625 2413 1780 2483 longe
1812 2415 2076 2469 minorem

491 2503 727 2557 ponente
760 2509 1071 2549 numerum.

490 2605 616 2659 152.
657 2604 946 2661 Otrantum
978 2629 1008 2663 α
1042 2611 1224 2666 Turris
1252 2627 1486 2682 raptmn,
1516 2628 1565 2670 et
1593 2635 1624 2671 a
1649 2618 1970 2676 Christianis
2001 2641 2082 2676 re-

1142 2695 1366 2752 ceptum.

559 2768 854 2826 Otrantum
889 2774 1086 2830 Turcis
1115 2789 1168 2831 et
1204 2779 1352 2834 Italis
1380 2781 1586 2834 dicitur
1618 2797 1865 2838 extremo
1897 2788 1950 2839 in
1985 2804 2081 2840 an-

491 2861 619 2927 gulo
664 2862 877 2929 Apulia:
927 2867 1032 2919 sita
1082 2869 1298 2930 civitas.
1359 2887 1389 2925 e
1450 2872 1672 2940 regione
1721 2875 1968 2932 Albania!
1998 2881 2081 2935 vel

493 2950 678 3014 Epiri:
705 2952 865 3022 cujus
904 2958 971 3011 ab
1000 2960 1202 3026 oppido
1235 2959 1436 3015 Veloua
1473 2964 1590 3019 sive
1648 2964 1872 3033 Valoua,
1902 2986 2077 3038 quon-

492 3045 616 3098 dam
647 3046 914 3113 Aulouia,
951 3052 1227 3119 sexaginta
1292 3054 1559 3110 duntaxat
1620 3058 1907 3129 interjecto
1945 3063 2080 3117 mari

2183 563 2346 625 ritur,
2404 563 2496 617 sed
2556 559 2914 614 humanitatis
2969 572 3192 612 sensum
3241 555 3530 616 videmus,
3568 554 3634 606 de
3671 553 3776 605 bac

2182 656 2289 706 vita
2325 670 2485 720 quant
2521 653 2836 706 diutissime
2873 649 3257 706 conservanda
3312 647 3607 709 sollicitos,
3646 661 3775 696 cum

2181 756 2439 798 aeternam
2495 754 2548 797 ct
2594 745 2866 798 rmlcslent
2901 743 3104 795 nullam
3136 747 3478 809 exspectent.
3521 736 3776 807 Hydrun-

2182 846 2291 890 tem
2329 852 2356 888 a
2396 845 2571 891 morte
2615 834 2975 890 Mucltemetis
3002 875 3016 899 ,
3057 851 3227 903 quum
3273 833 3544 898 Bajasites
3598 830 3774 896 patris

2185 927 2239 980 iu
2269 929 2820 997 imperiosuccessor,
2873 925 3012 980 bello
3061 935 3250 979 contra
3302 923 3519 977 Zemem
3543 922 3772 975 fratrem

2188 1020 2520 1089 implicatus,
2573 1021 2889 1074 Acluuctem
2955 1018 3230 1073 Ceduccm
3295 1017 3515 1070 bassam
3579 1014 3644 1067 ad
3713 1028 3776 1067 se

2187 1128 2333 1166 anno
2355 1113 2604 1181 proximo
2633 1113 2802 1183 (sicut
2855 1113 2910 1166 in
2960 1110 3264 1164 Annalibus
3307 1109 3472 1178 paulo
3526 1113 3649 1175 post
3682 1120 3773 1157 se-

2187 1205 2399 1273 quitur)
2457 1214 2769 1258 revocasset
2814 1221 2827 1268 ;
2883 1202 3229 1272 Neapolitani
3283 1216 3436 1269 rcges
3483 1200 3773 1253 obsessam

2188 1307 2243 1350 et
2301 1308 2668 1366 expugnatam
2749 1306 3167 1364 recuperarunt.
3226 1297 3297 1349 ab
3358 1295 3579 1364 Ungaro
3645 1312 3776 1364 rege

2193 1389 2415 1444 Mattbia
2453 1390 2627 1458 copiis
2675 1390 3038 1445 auxiliaribus
3074 1390 3599 1462 impetratis:555
3648 1407 3776 1457 qua:

2194 1484 2388 1554 pugnis
2410 1485 2672 1537 adversus
2693 1485 2902 1536 vicinos
2921 1483 3135 1537 Turcos
3166 1484 3406 1539 adsuch
3435 1484 3767 1552 prmcipnant

2196 1577 2298 1629 hoc
2331 1576 2470 1628 bello
2495 1618 2508 1636 ,
2543 1575 2870 1644 superandis
2919 1574 3178 1630 Barbaris
3214 1617 3228 1641 ,
3263 1590 3486 1644 operam
3538 1588 3772 1628 navasse

2197 1668 2582 1736 praedicantur.

2198 1789 2320 1843 155.
2350 1789 2494 1843 Mors
2520 1791 2717 1843 rullam'
2745 1790 3080 1844 Muchemctis
3100 1791 3178 1846 11.
3200 1789 3421 1861 Tegginr
3435 1789 3562 1843 Zair
3582 1787 3777 1858 Clyzo-

2678 1879 2824 1915 mene
2846 1903 2860 1923 ,
2907 1861 3279 1930 Nyiuphaznm.

2254 1953 2555 2005 (Zoiumole
2588 1969 2735 2008 mors
2786 1952 3019 2006 consilia
3061 1949 3770 2016 Ilucbemetisinterrupit,

2184 2042 2360 2096 futura
2434 2044 2742 2110 reipublicae
2805 2042 3134 2098 Christiana:
3212 2041 3547 2112 perniciosa.
3627 2040 3768 2094 Nam

2182 2135 2410 2189 (ltranto
2438 2145 2614 2204 capta,
2652 2151 3045 2205 progressurus
3074 2146 3194 2190 erat
3227 2135 3373 2189 haud
3410 2134 3573 2188 dubie
3598 2151 3612 2186 :
3633 2149 3771 2200 ιιι-ιο-

2183 2228 2371 2280 scrtim
2424 2243 2546 2282 cum
2601 2226 2774 2281 Roma
2827 2227 2975 2282 Nora
3013 2230 3240 2296 potitus,
3290 2229 3455 2282 etiam
3500 2228 3566 2280 de
3599 2227 3772 2279 lioma

2183 2319 2354 2372 veteri
2387 2318 2728 2389 subjicienda
2765 2330 3029 2389 perpetuo
3059 2321 3244 2376 nescio
3278 2319 3408 2389 quid
3443 2320 3768 2374 somniaret.

2182 2408 2238 2463 lu
2269 2413 2454 2466 Asiam
2501 2412 2874 2466 transmisisse
2905 2429 3027 2468 cum
3059 2413 3300 2468 exercitu
3342 2413 3580 2472 dicitur,
3621 2413 3774 2464 iuva-

2183 2521 2345 2558 surus
2373 2505 2590 2576 Egypti
2625 2506 2929 2568 sultanum,
2963 2517 3075 2559 tum
3103 2505 3250 2573 quod
3281 2506 3485 2573 legatos
3516 2520 3667 2564 suos.
3700 2503 3772 2554 ab

2184 2597 2596 2652 Usnmchasanc
2618 2596 2906 2651 Persarum
2936 2614 3060 2668 rege
3085 2614 3208 2654 cum
3236 2597 3554 2652 muneribus
3582 2610 3764 2650 rever-

2183 2700 2380 2751 tentes,
2417 2690 2692 2745 violasset:
2728 2703 2840 2744 tum
2882 2693 3048 2744 etiam
3073 2732 3088 2754 ,
3122 2691 3267 2760 quod
3306 2692 3607 2759 pedani-um
3645 2705 3774 2742 vec-

2185 2781 2311 2848 tigal
2362 2799 2391 2834 a
2441 2781 2662 2845 Turcis,
2714 2782 2985 2847 Mceltien,
3038 2798 3133 2850 per
3185 2783 3398 2848 imperii
3456 2786 3541 2836 sui
3594 2784 3772 2846 lines,

2184 2875 2462 2940 religionis
2495 2890 2624 2939 ergo
2677 2875 3174 2941 proficiscentibus,
3230 2876 3492 2942 exigeret.
3552 2873 3773 2927 Exstin-

2183 2977 2329 3018 ctnm
2366 2967 2528 3018 tradit
2562 2966 2841 3019 Buttlinius
2867 2983 3009 3019 anno
3043 2967 3360 3020 Christiano
3391 2966 3549 3024 1481.
3611 2969 3779 3033 quin-

2186 3067 2241 3108 to
2270 3057 2452 3111 Nonas
2507 3057 2693 3112 Maias.
2745 3059 2964 3111 Addunt
3019 3057 3280 3118 Annales,
3334 3058 3387 3109 in
3444 3056 3776 3125 Tegginrum

495 3137 826 3192 milliaribns
882 3140 1087 3196 Grzeris
1144 3144 1334 3199 distat.
1386 3145 1692 3217 imperator
1728 3151 1839 3205 Leo
1873 3166 2079 3208 metro-
2110 3191 2154 3249 Ο
2187 3162 2342 3210 prato
2396 3162 2693 3204 mortuum.
2746 3149 2856 3204 Hoc
2890 3152 2992 3205 loci
3046 3167 3243 3204 nomen
3297 3149 3491 3203 Turcis
3537 3147 3780 3218 Teggiur

495 3229 812 3249 --.ιη-,ιαμ
907 3239 921 3249 .
1213 3246 1222 3249 -
1492 3248 1496 3249 ν
1660 3240 1672 3249 .
2197 3242 2288 3249 ..-
2394 3243 2428 3249 _
2627 3243 2665 3249 --
2894 3244 2904 3249 -
3165 3245 3176 3249 _

492 3229 662 3294 polim‘
685 3229 838 3295 facit,
871 3239 926 3285 et
974 3231 1314 3303 llydruutem
1346 3248 1540 3304 vocat,
1563 3240 1709 3293 unde
1762 3256 2079 3312 corruptum

494 3335 693 3376 nomen
772 3324 1009 3380 Otrauti.
1074 3323 1255 3382 Leone
1310 3331 1531 3398 quidem
1583 3347 1845 3402 regnante
1876 3351 2003 3404 pars
2032 3354 2089 3400 ul

496 3413 688 3468 istlizcc
739 3414 926 3481 Italiae,
973 3434 1099 3472 cum
1152 3421 1427 3488 Calabria,
1494 3423 1794 3494 liyzantino
1862 3430 2088 3496 parebat

495 3507 850 3575 imperatori:
883 3510 963 3562 sic
997 3521 1050 3564 ct
1078 3515 1407 3581 metropolcs
1439 3515 1623 3569 norim:
1654 3518 1820 3571 Novae
1853 3521 2085 3587 patriar-

496 3601 678 3666 cbam,
730 3618 836 3656 non
883 3604 1089 3658 veteris
1147 3622 1340 3674 papam
1368 3613 1764 3675 agnoscebant.
1805 3611 1955 3666 Inter
1980 3615 2084 3669 alia

497 3699 619 3756 post
660 3701 878 3761 captam
928 3692 1266 3764 Hydruntum
1301 3715 1328 3750 a
1361 3699 1621 3754 Barbaris
1659 3703 1803 3755 edita
1841 3708 2082 3759 crudeli-

502 3783 634 3838 tatis
673 3787 946 3856 exempla,
991 3788 1228 3844 refertur
1255 3800 1308 3843 et
1333 3791 1489 3859 illud,
1535 3797 1679 3862 quod
1725 3796 1874 3850 urbis
1904 3799 2084 3851 arrbi—

496 3878 816 3949 episcopum
848 3882 914 3932 ad
951 3896 1102 3935 aram
1143 3898 1298 3938 serra
1332 3887 1718 3940 dissecueriut.
1746 3888 1858 3944 Nos
1884 3906 1913 3944 e
1947 3891 2083 3945 Cor-

497 3987 625 4042 cyra
679 3971 991 4040 solventes,
1035 3974 1420 4033 dellcientibus
1461 3978 1675 4034 idoneis
1718 3985 1932 4049 ventis,
1991 3983 2080 4038 bic

497 4064 797 4120 subsistere
857 4066 1033 4121 coacti
1096 4067 1326 4134 fuimus,
1369 4069 1423 4123 in
1472 4085 1580 4124 non
1607 4070 1825 4140 exiguo,
1856 4085 2082 4143 propter

497 4158 766 4214 immanes
825 4160 1031 4230 piratas
1060 4160 1345 4228 Turcicos,
1398 4164 1712 4218 discriminc
1743 4167 2026 4220 constituti
2061 4188 2075 4232 ,

498 4252 592 4321 qui
628 4253 701 4306 ob
759 4253 1104 4307 interiectam
1159 4269 1284 4308 cum
1351 4255 1556 4309 familia
1618 4274 1725 4311 non
1763 4260 1834 4312 ita
1873 4260 2076 4313 dudum

499 4346 836 4400 Itamadanis
869 4347 1042 4401 bassze
1070 4348 1395 4416 Tripolitani
1430 4351 1739 4419 coiijugem,
1776 4362 1834 4404 nt
1865 4353 1914 4404 in
1950 4369 2080 4419 sup-

499 4438 774 4505 plemento
805 4440 1094 4493 Annalium
1130 4441 1494 4504 narravimus,
1521 4441 1835 4497 iniVenetos
1867 4445 2079 4499 rabio>e

2197 3242 2323 3296 Zair
2351 3243 2593 3298 ell'ertur.
2626 3243 2689 3296 Et
2719 3244 2963 3311 exitiosita
2998 3245 3248 3312 superius
3299 3252 3383 3295 est
3410 3257 3576 3296 causa
3599 3282 3615 3307 ,
3669 3256 3779 3293 nu-

2198 3353 2348 3390 mero
2393 3351 2643 3390 notarum
2702 3338 2790 3403 56,
2832 3338 3187 3404 quamobrem
3240 3336 3402 3392 Turci
3455 3335 3774 3389 Grteeorum

2197 3430 2552 3496 imperatores
2608 3430 3010 3483 nominaverint
3062 3431 3377 3499 Tcgginres.
3431 3427 3778 3483 secretario:

2193 3520 2487 3575 Malatcsta:
2523 3521 2708 3584 refert,
2743 3521 3136 3576 Mucliemetem
3163 3538 3284 3573 cum
3312 3522 3555 3576 exercitu
3589 3531 3779 3573 trans-

2189 3615 2386 3684 ji-cisse
2444 3615 2780 3674 Scutarinm.
2816 3615 3047 3683 indeque
3077 3613 3383 3682 profectum
3432 3617 3498 3666 ad
3525 3614 3777 3667 ’(31ιίδίνί-

2192 3705 2350 3765 chen,
2381 3703 2536 3770 cujus
2580 3705 2834 3771 planities
2869 3705 2938 3757 ab
2971 3721 3075 3757 una
3107 3716 3262 3772 parte
3301 3705 3368 3758 ad
3410 3719 3560 3758 mare
3605 3705 3780 3772 perti-

2192 3806 2350 3855 neat,
2384 3797 2435 3848 in
2479 3794 2727 3847 morbum
2756 3793 3035 3848 incidisse.
3088 3791 3301 3857 Quibus
3353 3794 3406 3844 in
3445 3790 3628 3844 verbis
3675 3804 3778 3858 pro

2188 3887 2500 3941 Cliisiricbe
2531 3887 2767 3956 putarim
2797 3887 3048 3954 equidem
3081 3883 3227 3938 aliud
3268 3900 3469 3938 nomen
3504 3898 3742 3950 reponen
3763 3910 3779 3922 -

2188 3983 2340 4045 dum,
2368 3981 2612 4048 adeoque
2644 3979 2896 4034 Geivisen
2929 3978 3095 4038 illaut.
3124 3977 3191 4030 de
3233 3993 3338 4046 qua
3361 3973 3572 4030 'dictum
3598 3976 3779 4044 capite

2189 4086 2439 4128 notarum
2471 4075 2560 4128 74.
2605 4072 2816 4140 Quippe
2851 4072 3093 4126 fatentur
3129 4085 3321 4124 omnes
3352 4070 3620 4128 historici.
3655 4069 3779 4122 Mu-

2189 4170 2493 4222 cbemetetn
2564 4169 2667 4219 iter
2713 4169 2814 4219 boc
2853 4164 3227 4219 Nicomediam
3260 4180 3450 4218 versus
3482 4164 3775 4218 'tenuissu:

2187 4279 2214 4314 a
2248 4278 2353 4328 qua
2407 4277 2515 4314 non
2576 4263 2735 4330 longe
2792 4278 2916 4315 cum
2980 4262 3218 4321 abesset,
3278 4269 3531 4313 mortuus
3587 4259 3772 4312 fuerit.

2187 4352 2439 4406 Notatum
2479 4368 2606 4405 vero
2657 4368 2847 4422 supra,
2897 4351 3154 4405 Geivisen
3212 4353 3372 4402 unius
3425 4351 3618 4404 itinere
3663 4353 3775 4404 dici

2188 4465 2294 4501 non
2329 4463 2523 4516 magno
2555 4447 2804 4501 dissitam
2848 4464 2876 4500 a
2904 4445 3244 4500 Nicomedia.
3276 4447 3487 4501 Dictum
3527 4447 3726 4500 ibidem
3757 4490 3773 4510 ,

497 4530 918 4599 grassabantur.
957 4530 1067 4584 Nec
1123 4530 1402 4601 Hispanus
1453 4535 1788 4602 gubernator
1827 4534 2077 4604 llydrun-
2109 4554 2157 4613 ε)
2186 4538 2350 4592 maris
2399 4539 2522 4591 istic
2575 4553 2695 4591 esse
2729 4537 2949 4601 sinum,
2987 4553 3148 4607 quem
3184 4548 3393 4591 veteres
3441 4538 3775 4592 Astacenum

498 4626 650 4678 tinus
683 4622 884 4676 minori
931 4638 1066 4676 usus
1098 4630 1182 4677 est
1225 4639 1350 4692 erga
1399 4638 1500 4678 nos
1547 4623 1820 4686 barbaric,
1860 4627 1950 4691 qui
1985 4641 2081 4693 per

498 4714 818 4768 nauclerum
850 4729 973 4768 cum
1005 4714 1251 4783 periculo
1285 4714 1597 4781 ablegatum
1627 4716 1944 4783 rcgantibus
1970 4758 1986 4779 ,
2023 4727 2080 4770 ut

495 4806 779 4875 aliquanto
816 4807 1044 4877 propius
1074 4804 1140 4859 ad
1172 4818 1388 4874 portum
1423 4806 1720 4860 accedendi
1754 4819 2079 4874 pOteslalent

497 4898 741 4953 faceret:
770 4913 878 4968 quo
915 4907 1107 4967 portus
1132 4907 1188 4952 et
1216 4899 1371 4951 urbis
1403 4898 1577 4951 vicina
1611 4900 1845 4952 tutiores
1875 4916 1901 4951 a
1939 4904 2084 4968 pira-

497 5003 676 5044 tarum
742 4989 959 5059 injuriis
1013 5004 1288 5053 essemus,
1347 5006 1458 5042 non
1511 4992 1689 5042 solum
1726 4991 1775 5044 id
1817 5003 2081 5061 negavit:

495 5097 684 5134 verum
715 5083 879 5134 etiam
920 5080 1236 5133 denuntiari
1263 5079 1448 5145 jussit,
1483 5096 1541 5135 se
1573 5097 1674 5135 nos
1705 5084 1852 5136 Ouini
1887 5100 2084 5152 genere

451 5185 456 5190 ‘
498 5186 898 5229 tormentorum
936 5175 1254 5230 bellicorum
1285 5189 1350 5228 ex
1384 5189 1529 5235 arce.
1559 5176 1604 5229 si
1653 5179 1879 5246 propius
1929 5194 2088 5231 accc-

502 5270 778 5330 deremus,
831 5275 1215 5335 excepturum.
1265 5263 1320 5318 Id
1377 5265 1540 5319 ﬁebat
1594 5277 1912 5336 propterea,
1943 5277 2086 5338 quod

499 5359 974 5427 Constantinopoli
1030 5357 1367 5424 veniremus,
1438 5359 1526 5412 ubi
1573 5362 1844 5428 superiori
1876 5375 2086 5437 testate,

503 5452 668 5506 veluti
705 5451 868 5521 paulo
893 5461 1021 5504 ante
1052 5451 1280 5516 dictum,
1307 5451 1632 5521 gravissime
1657 5455 1881 5507 morbus
1915 5457 2090 5522 pesti-

501 5543 621 5596 lens
648 5541 937 5596 saevierat.
973 5541 1223 5611 Amplius
1269 5550 1449 5595 tamen
1505 5543 1749 5610 quinque
1783 5546 2089 5600 mensibus.

501 5646 628 5689 ante
675 5643 923 5688 nostrum
960 5633 1297 5699 discessum,
1333 5649 1396 5688 ea
1431 5635 1670 5702 grassari
1709 5635 1985 5698 desierat;
2029 5651 2094 5690 ac

501 5742 602 5781 nos
634 5737 831 5795 quarto
855 5726 965 5792 jam
994 5741 1182 5781 mense
1211 5740 1239 5778 a
1266 5725 1746 5795 Constantinopoli
1772 5727 2091 5781 abcramns.

504 5817 582 5871 Ita
624 5817 882 5872 nimirum
929 5830 1130 5873 exuere
1178 5815 1442 5886 quasdam
1493 5814 1699 5871 belluas
1734 5829 1950 5869 onmem
1986 5831 2092 5868 non

2182 4631 2447 4684 vocarint.
2477 4629 2612 4682 Eum
2655 4631 2989 4684 secretarius
3021 4631 3187 4685 etiam
3224 4629 3618 4684 Malatestanus
3660 4630 3779 4699 ipse

2183 4723 2350 4788 digito
2381 4724 2550 4786 'quasi
2600 4731 3014 4775 commonstrat.
3075 4721 3282 4774 Praetor
3322 4721 3546 4776 Gra'cite
3593 4734 3780 4776 noster

2184 4813 2470 4882 cujusdam
2512 4812 2646 4872 reeii
2681 4813 2765 4864 vel
2797 4813 3130 4882 imperatorii
3164 4812 3347 4880 palatii
3382 4813 3652 4874 meminit,
3685 4803 3778 4867 cui

2189 4918 2383 4956 nomen
2425 4907 2516 4956 dat
2547 4901 2920 4972 Nympbmtun.
2958 4904 3039 4956 Ab
3067 4917 3133 4957 eo
3165 4919 3272 4955 non
3300 4902 3489 4972 procul
3521 4903 3774 4957 dissitum

2186 4991 2451 5047 describit
2500 4992 2678 5044 locum
2708 5029 2723 5051 .
2774 4993 2865 5044 tali
2897 4991 3225 5059 Tcggiurnm
3262 4991 3345 5043 vel
3385 4992 3774 5058 imperatorum

2191 5096 2345 5152 prato
2377 5084 2540 5137 rebus
2568 5084 2826 5137 omnibus
2863 5083 3232 5136 simillimum.
3270 5083 3485 5135 Alicubi
3518 5082 3584 5134 de
3615 5081 3779 5150 Nym-

2191 5173 2386 5240 plnro:
2423 5173 2686 5233 Michael,
2739 5173 2848 5231 ait,
2902 5169 3244 5237 l’almologns
3290 5170 3586 5236 imperator
3615 5169 3780 5239 Nym-

2192 5267 2402 5331 pliaaum
2439 5273 2780 5332 pervenerat,
2836 5278 2945 5330 quo
2999 5263 3120 5315 loco
3154 5279 3401 5316 recreare
3437 5279 3494 5314 se
3528 5263 3781 5314 solebant

2195 5349 2568 5424 imperatores,
2604 5365 2891 5422 postquam
2929 5354 3362 5423 ConstatinOpoli
3394 5355 3445 5418 (a
3504 5350 3776 5421 Flandris)

2197 5449 2252 5502 in
2285 5447 2538 5501 exsilium
2574 5447 2730 5506 eiecti
2769 5448 3005 5499 l'uerant.
3031 5445 3168 5499 Alibi
3203 5461 3329 5499 vero
3370 5447 3649 5504 planitiem
3692 5444 3780 5499 vel

2197 5549 2411 5606 pratum
2443 5541 2618 5606 ipsum
2651 5538 2912 5591 describit
2947 5539 3030 5592 bis
3073 5538 3287 5591 verbis:
3340 5536 3475 5590 Cum
3530 5537 3648 5589 dies
3681 5537 3780 5589 ali~

2197 5641 2329 5699 quot
2359 5630 2379 5700 (
2416 5632 2708 5698 imperator
2740 5629 2987 5686 Joannes
3024 5631 3233 5684 scilicet
3269 5630 3442 5684 Ducas
3475 5629 3724 5683 Vatatzes
3752 5630 3774 5699 )

2203 5723 2443 5778 Pblebiis
2489 5724 2781 5790 exegisset,
2815 5724 3177 5794 Clyzomenen
3213 5721 3488 5791 profectus
3536 5723 3657 5788 (boe
3694 5722 3774 5770 lo-

2201 5831 2264 5872 co
2294 5830 2488 5870 nomen
2515 5814 2641 5883 est),
2679 5814 2874 5868 ibidem
2903 5815 3131 5868 tentoria
3165 5813 3249 5881 {th
3279 5813 3458 5879 jussit.
3483 5811 3611 5866 Nam
3651 5811 3779 5865 istic
