4204 6300
467 403 571 466 833

1615 400 2008 458 PANDECTE
2051 401 2098 458 Η
2114 401 2129 457 l
2144 400 2252 458 ST.
2282 395 2380 455 TU
2399 394 2595 455 RCIC.

3601 387 3708 450 83$

468 520 884 585 imperatorcsc
939 513 1239 583 Nympham
1282 512 1892 579 digressi,commorari
1946 518 2110 572 so-A
2142 512 2316 569 aiunt.
2351 510 2507 578 quasi
2572 509 2681 561 voti
2743 523 2888 570 reus,
2932 508 3143 562 hlekien
3197 522 3255 561 se
3315 503 3567 561 contulit.
3631 505 3704 558 Ea

464 607 609 665 Ieut,
661 604 1025 674 tnajoretnquc
1071 607 1213 654 veris
1246 612 1450 669 partem
1484 602 1797 670 transigere.
1832 602 2041 669 Quippe

467 706 612 752 totus
641 696 729 748 ille
777 696 928 748 locus
964 709 1111 746 mera
1163 694 1412 762 planities
1459 702 1564 754 est,
1612 710 1730 761 qua:
1782 694 2042 761 graminis

464 789 700 858 Cepiant,
733 787 1107 855 compluribus
1136 787 1290 854 cquis
1326 784 1678 840 sullicicntem
1706 826 1720 850 ,
1770 785 2038 854 producit.

466 880 638 950 Aquis
669 879 830 932 etiam
867 877 1149 945 irrigatur,
1184 893 1243 928 ac
1271 877 1323 928 in
1361 877 1665 945 propinquo
1699 876 1900 930 multos
1945 893 2042 944 pa-

465 986 566 1040 gos
597 979 650 1024 et
698 968 949 1022 civitates
994 966 1190 1032 habet,
1225 982 1253 1019 a
1287 970 1485 1036 quibus
1520 970 1585 1020 ad
1620 969 1818 1020 victum
1856 981 2042 1019 neces-

466 1063 620 1116 saria:
645 1074 732 1112 res
754 1061 971 1127 c0piosc
995 1061 1501 1131 subministrantur.
1528 1058 1798 1111 lIactenus
1824 1067 2042 1126 praeter.

465 1153 557 1221 qui
589 1152 768 1205 Nicaea
799 1149 1103 1219 proiectum
1164 1151 1230 1203 ad
1260 1153 1398 1204 lianc
1439 1150 1799 1219 Clyzotnt-nt-n
1850 1152 2044 1203 scribit

466 1245 875 1312 imperatorem.
928 1242 1000 1295 Ea
1035 1257 1161 1294 vero
1191 1242 1234 1295 si
1271 1259 1376 1294 non
1426 1255 1510 1295 est
1545 1242 1674 1294 illud
1709 1240 2038 1309 Teggiurum

468 1336 547 1387 vel
577 1335 964 1402 imperatorum
1007 1344 1252 1400 pratum,
1287 1333 1340 1384 in
1385 1347 1489 1400 quo
1521 1342 1767 1385 mortuus
1790 1372 1805 1394 ,
1838 1334 1902 1384 de
1936 1335 2042 1384 An-

467 1428 670 1480 nalium
700 1425 995 1485 sententia,
1031 1423 1133 1476 fuit
1159 1423 1541 1478 Muclie-nctes:
1568 1424 1813 1490 equidem
1849 1426 2040 1488 alium,

467 1535 627 1588 quem
651 1518 902 1572 'indicetn
927 1559 939 1582 ,
971 1516 1053 1571 sic
1085 1516 1416 1584 appellatum
1452 1517 1627 1570 locum
1652 1558 1668 1584 ,
1720 1518 1922 1571 nullum
1961 1518 2042 1570 in-

468 1626 646 1665 γυιιιο.

468 1743 594 1798 154.
615 1741 826 1798 Sullani
844 1744 1038 1814 Zemis,
1057 1750 1276 1802 alterius
1298 1751 1400 1818 ﬁlii
1421 1749 1780 1814 Muchemetis,
1798 1748 2038 1804 historia.

2146 605 2347 656 nostris
2399 602 2581 655 Mecna
2643 614 2766 662 est.
2840 602 3088 654 Aclnneti
3138 600 3452 655 onirocrita:
3502 599 3706 664 Mecca,

2145 694 2428 750 Sarno-nis
2460 694 2667 746 Medina
2704 694 2919 756 Aluabi,
2958 693 3062 748 hoc
3094 703 3196 757 est,
3248 695 3437 746 civitas
3473 692 3707 761 [πυρικτ-

2146 796 2229 838 tte.
2268 787 2475 853 lteapse
2503 801 2630 837 vero
2661 786 2726 838 ad
2778 786 3153 840 Alcaircnsem
3189 787 3476 841 sultanutn‘
3510 785 3706 838 confu-

2143 877 2240 946 git.
2270 893 2424 943 aquo
2458 876 2744 929 chftaeus
2769 893 2892 929 cum
2942 878 3114 946 copiis
3146 888 3198 930 et
3248 878 3495 947 pecuniis
3556 877 3712 943 adju-

2146 977 2257 1020 tum
2292 969 2479 1021 scribit
2517 987 2529 1021 :
2568 971 2660 1020 sed
2703 980 2864 1038 negat
2898 970 2999 1022 ltoe
3033 968 3330 1023 Malatesta:
3360 967 3710 1026 seet-clarius.

2148 1060 2531 1112 tantummodo
2586 1060 2829 1113 referens
2888 1058 3086 1114 Zetneu
3137 1062 3339 1114 sultani
3381 1059 3713 1112 Aleaireusis

2146 1152 2265 1203 lidei
2325 1167 2547 1206 uxorem
2606 1168 2728 1204 cum
2781 1153 2895 1206 lilio
2943 1155 3388 1206 commendasse.
3467 1151 3540 1206 De
3609 1151 3714 1203 Itoe

2144 1243 2264 1310 ejus
2295 1244 2405 1296 lilio
2433 1244 2560 1312 quid
2597 1245 2796 1298 factum
2849 1244 3032 1308 fuerit,
3087 1246 3275 1314 paucis
3327 1243 3713 1312 Spanduginus

2143 1337 2412 1402 estposuit.
2463 1336 2673 1405 Quippe
2723 1346 2909 1390 narrat
2961 1353 3110 1398 eum,
3173 1353 3298 1391 cum
3344 1339 3394 1390 in
3457 1335 3708 1391 Rhodum

2147 1429 2373 1480 insulam
2408 1429 2765 1495 pervenisset,
2832 1434 3142 1497 amplexum
3209 1429 3523 1496 religionem
3557 1427 3714 1482 Citri-

2146 1522 2399 1580 stianam,
2428 1531 2484 1573 et
2508 1521 2862 1589 baptizatum.
2919 1520 3147 1584 Ibidem,
3184 1522 3456 1588 susceptis
3489 1536 3552 1571 ex
3583 1536 3715 1572 cott-

2141 1614 2266 1681 juge
2295 1625 2531 1682 quatuor
2568 1615 2774 1677 liberis,
2815 1614 3029 1667 duobus
3072 1614 3352 1672 masculis.
3376 1613 3711 1679 totidemque

2148 1705 2395 1768 fetnellis,
2441 1706 2582 1757 velut
2611 1706 2690 1758 .in
2732 1706 2953 1760 latebris
3010 1706 3259 1760 vixisse:
3307 1706 3478 1758 donec
3519 1703 3715 1758 Rhodo

2152 1806 2329 1865 capta,
2359 1798 2738 1865 percunctanti
2774 1797 2839 1849 de
2881 1813 2946 1849 eo
2987 1795 3222 1850 sollicite
3250 1795 3543 1851 SoIt-iutani
3585 1811 3713 1860 pro-

536 1861 812 1930 Principio
866 1865 1171 1920 mortendus
1219 1866 1411 1932 lector,
1461 1867 1588 1922 huic
1639 1865 1781 1936 apud
1833 1866 2044 1920 Turcos

2080 1854 2121 1913 Β
2149 1891 2314 1953 ditus,
2349 1904 2474 1942 eum
2515 1889 2826 1958 religionem
2858 1887 3227 1942 Christianam
3258 1890 3601 1940 deserturum
3653 1902 3714 1938 se

470 1970 666 2009 nomen
701 1971 819 2011 esse
883 1959 1063 2012 sultan
1096 1959 1270 2022 Zemi,
1299 1962 1379 2014 vel
1405 1961 1578 2024 Gemi.
1604 1962 2045 2032 pronuntiatione

469 2042 676 2100 Italica.
704 2046 1006 2112 Geufrasus,
1037 2063 1091 2105 et
1119 2051 1245 2115 alii,
1275 2067 1381 2105 non
1408 2061 1553 2106 recte
1579 2053 1842 2106 Zizimum
1871 2064 1926 2106 et
1956 2051 2046 2105 Zi-

469 2137 646 2190 zimen
681 2138 971 2206 appellant:
1007 2143 1164 2210 pejus
1193 2145 1356 2196 etiam
1386 2143 1668 2198 Bonlinius
1701 2143 2042 2209 Czalial.um,

471 2229 616 2297 quod
639 2246 699 2282 ex
736 2229 914 2286 Zelcbi
946 2247 1264 2304 corruptum
1301 2236 1557 2300 arbitror,
1581 2235 1648 2288 de
1673 2251 1783 2304 quo
1807 2237 2042 2291 vocabu-

473 2321 525 2374 lo
554 2321 760 2375 dictum
796 2324 953 2378 initio
983 2326 1370 2382 declarationis
1400 2328 1582 2396 hujus.
1617 2326 1914 2399 Utriusque
1947 2345 2047 2388 pu-

473 2427 593 2481 gna:
624 2416 889 2480 narratio,
907 2432 1013 2483 qua
1045 2419 1126 2474 bis
1155 2420 1433 2474 Acltmetis
1457 2419 1692 2474 Geducis
1716 2419 1890 2473 bassae
1915 2421 2046 2473 duc-

477 2512 532 2554 tu
565 2512 850 2570 superatus
878 2519 908 2558 a
943 2504 1107 2560 fratre
1153 2507 1278 2570 fuit.
1307 2508 1394 2562 ltic
1421 2507 1474 2560 in
1506 2508 1808 2562 Annalibus
1843 2519 2042 2562 exstat.

477 2590 719 2662 Reliqua:
743 2605 860 2663 post
888 2595 1070 2665 fugam
1100 2597 1224 2650 vita:
1258 2597 1474 2652 fortuna
1512 2598 1750 2651 breviter
1776 2612 1808 2649 e
1841 2598 2048 2651 nostris

476 2685 782 2752 exponitor,
810 2686 1030 2755 quando
1051 2687 1216 2742 'l‘urci
1245 2703 1385 2749 eam,
1416 2695 1474 2741 ut
1502 2703 1692 2757 parum
1722 2689 1826 2739 sibi
1859 2689 2049 2755 cogni-

479 2787 614 2841 tam,
648 2780 702 2832 in
724 2778 931 2834 litteras
954 2766 1160 2835 referre
1181 2797 1289 2835 non
1321 2790 1637 2849 potuerunt.
1672 2780 1843 2850 Igitur
1876 2780 2048 2832 altero

480 2871 668 2940 praelia
694 2869 890 2936 victus,
937 2871 1237 2940 desperatis
1275 2873 1440 2926 rebus
1485 2871 1622 2935 suis,
1683 2872 1736 2924 itt
1796 2867 2046 2923 Rhodum

482 2961 740 3032 profugit:
764 2977 932 3031 seque
957 2979 1155 3033 magno
1170 2963 1412 3032 equitatu
1437 2962 1768 3018 Rhodiorum
1796 2962 2050 3030 Magistro

482 3057 574 3124 qui
608 3065 737 3109 tunc
761 3066 879 3108 erat
920 3056 1109 3109 Petrus
1153 3055 1516 3109 Albussonius
1560 3053 1768 3117 Gallus,
1801 3053 2049 3107 tradidit.

484 3145 688 3215 Agebat
721 3155 850 3198 tttne
917 3149 1093 3200 anatis
1131 3161 1334 3198 annum
1403 3145 1721 3199 vicesimum
1767 3155 2047 3198 octavum.

485 3237 541 3293 Id
571 3239 662 3293 ubi
708 3237 972 3305 Bajasitcs
1023 3241 1346 3307 accepisset.
1398 3236 1750 3306 amplissimis
1797 3250 2048 3304 magnum

484 3328 821 3396 Magistrum,
870 3331 1101 3398 ejusque
1167 3329 1530 3388 consiliarios,
1598 3327 1916 3379 muneribus
1963 3325 2055 3378 de-

487 3423 758 3480 mulcens.
792 3423 866 3474 ttti
915 3421 1205 3490 diligenter
1232 3429 1626 3482 asservarctur,
1663 3420 1836 3488 petiit;
1889 3418 2054 3472 simul

487 3512 552 3566 ad
589 3514 709 3582 ejus
731 3512 987 3567 alimenta
1020 3525 1081 3566 se
1103 3513 1461 3582 quadraginta
1503 3510 1669 3563 millia
1727 3511 2052 3564 ducatorum

485 3603 719 3671 singulis
776 3604 957 3666 annis,
1015 3618 1175 3672 quam
1205 3603 1422 3672 quidem
1455 3604 1546 3656 diu
1579 3602 1745 3658 frater
1771 3610 2053 3671 superstes

488 3699 706 3752 futurus
735 3709 901 3763 esset,
931 3710 1340 3753 numeraturum
1384 3698 1662 3767 promisit:
1687 3711 1876 3769 pacem
1903 3698 2056 3750 deni-

486 3805 595 3860 que
616 3807 737 3845 cum
770 3789 1096 3845 Christianis
1116 3825 1128 3836 -
1159 3800 1474 3860 perpetuam
1509 3792 1782 3844 cultorum
1813 3805 2054 3858 spopon-

489 3883 589 3936 dit.
617 3884 841 3951 Accepit
907 3898 1002 3936 eas
1073 3883 1416 3936 conditiones
1487 3897 1716 3952 ntagnus
1778 3881 2054 3946 Magister,

490 3989 629 4044 quas
682 3975 900 4044 quidem
934 3977 1075 4027 bona
1109 3975 1213 4028 lide
1241 3974 1507 4041 Bajasites
1542 3974 1803 4043 implevit.
1863 3972 2054 4026 Zemes

490 4081 644 4131 vero,
668 4076 780 4120 tum
813 4066 1068 4135 plenioris
1103 4069 1410 4121 securitatis
1433 4083 1618 4131 causa,
1658 4075 1771 4121 tum
1799 4069 1874 4121 uti
1903 4066 2058 4133 Baja-

493 4158 802 4211 sitestantu
837 4158 1006 4223 magis
1035 4159 1087 4210 in
1148 4167 1293 4210 metu
1345 4170 1611 4227 perpetuo
1659 4159 2057 4216 contineretur.

495 4252 547 4304 in
579 4247 805 4318 Galliam
851 4249 950 4302 fuit
1001 4251 1268 4305 abdttetus
1311 4267 1324 4304 :
1377 4251 1464 4304 ubi
1495 4252 1585 4304 diu
1625 4252 1756 4304 vixit
1821 4250 1873 4302 in
1927 4265 2062 4319 qua-

494 4345 616 4395 dam
655 4342 988 4398 Illtodiorum
1031 4346 1271 4412 equitum
1319 4359 1464 4404 arce,
1504 4344 1590 4397 cui
1624 4359 1820 4398 nomen
1857 4345 2058 4412 Burgo-

493 4451 653 4489 novo.
686 4433 959 4491 Deductus
991 4437 1114 4489 inde
1146 4435 1372 4489 Itomam
1425 4435 1526 4488 fuit
1569 4436 1634 4488 ad
1687 4436 2059 4489 Innocentium

2146 1994 2461 2036 constanter
2484 1988 2758 2049 negasset,
2785 1980 2998 2033 duobus
3018 1995 3142 2034 cum
3177 1979 3302 2033 ﬁliis
3328 1980 3670 2032 occideretur
3693 1996 3708 2032 :

2141 2075 2368 2144 jutieute
2392 2072 2727 2136 Solcimane,
2763 2083 2822 2126 ut
2873 2073 2994 2126 lilia:
3018 2071 3552 2142 Constantinopolim
3588 2089 3714 2128 ave-

2148 2168 2433 2221 hercnlttr.

2399 2257 2517 2310 I56.
2546 2254 2689 2308 Mora
2713 2254 2937 2309 Caducis
2969 2255 3231 2310 Achmetia
3261 2255 3450 2309 banc.

2219 2347 2383 2414 Quia
2439 2347 2757 2400 conditione
2823 2347 3130 2400 humillima
3169 2347 3352 2399 subito
3401 2362 3711 2415 supremam

2150 2438 2218 2491 ad
2255 2438 2574 2506 dignitatem
2605 2446 2659 2489 et
2707 2451 2840 2503 opes
2900 2446 3220 2498 emerserat.
3264 2448 3318 2491 ct
3351 2438 3717 2503 imperatoriis

2150 2538 2330 2582 tamen
2363 2529 2572 2580 artibus
2613 2537 2896 2595 pmstans,
2938 2542 3164 2595 magnas
3197 2543 3291 2596 pro
3321 2528 3554 2583 sultanis
3577 2531 3714 2594 suis,

2151 2624 2491 2676 Iluciiemete
2523 2620 2890 2691 Bajasiteque,
2918 2639 3006 2677 res
3053 2636 3318 2692 gesserat,
3369 2625 3571 2693 insigni
3613 2640 3715 2681 sua

2150 2731 2271 2766 cum
2307 2713 2479 2780 gloria
2520 2732 2534 2765 :
2579 2729 2741 2780 quam
2794 2714 3013 2782 indigna
3061 2715 3277 2768 tandem
3316 2727 3489 2767 morte
3545 2714 3713 2768 vitam

2149 2804 2293 2856 Itan:
2312 2801 2598 2864 clauserit,
2627 2803 2864 2857 Annales
2887 2805 2991 2858 hoc
3022 2803 3144 2857 loco
3165 2808 3349 2872 paucis
3381 2820 3718 2858 commemov

2154 2902 2292 2949 rant.
2325 2893 2538 2946 Causas
2561 2901 2746 2946 tamen
2779 2894 2954 2947 nulla:
2984 2895 3269 2965 adjiciunt,
3300 2912 3400 2951 cur
3430 2898 3503 2950 ita
3533 2898 3717 2951 subito

2149 2998 2462 3054 peremptus
2512 2985 2696 3050 fuerit,
2754 2987 2911 3055 jussu
2969 2987 3244 3055 Bajasitis.
3303 3000 3360 3042 ut
3407 2990 3717 3056 Oculi-ams;

2154 3077 2327 3144 ipsius
2384 3095 2546 3130 manu
2596 3078 2867 3146 Bajasitis,
2934 3093 2992 3132 ut
3036 3078 3331 3134 Malatestte
3386 3083 3717 3137 secretarius

2077 3202 2122 3262 ο
2155 3168 2394 3235 scripsit.
2419 3167 2701 3222 chfrzeus
2735 3172 2828 3234 ait,
2886 3179 3139 3224 testatum
3187 3170 3359 3224 fuisse
3394 3169 3711 3238 llajasitem.

2157 3260 2383 3313 nimiam
2415 3261 2556 3314 servi
2604 3261 3034 3327 magnitudinem
3089 3277 3153 3315 ac
3204 3260 3454 3314 virtutem
3495 3263 3723 3317 domino

2159 3353 2505 3407 formidinem
2552 3353 2818 3406 incutere.
2872 3352 3170 3406 Maian-sta:
3220 3367 3349 3404 τι·το
3390 3354 3722 3406 sccretarius

2163 3447 2476 3517 bujusmodi
2549 3446 2798 3515 quaedam
2862 3449 3022 3510 paulo
3076 3445 3314 3513 prolidit
3371 3444 3722 3514 explicatius,

2157 3553 2279 3606 qua:
2307 3537 2657 3591 commutatis
2689 3536 2866 3589 verbis
2895 3537 3060 3602 ipsius
3097 3536 3296 3589 Italicis
3327 3552 3450 3588 cttut
3511 3535 3721 3591 Latinis

2159 3630 2249 3684 Itic
2282 3630 2605 3684 inseremus.
2653 3627 2839 3691 Erant,
2868 3627 3067 3696 inquit,
3108 3627 3413 3696 pertinaces
3435 3628 3599 3681 animi
3627 3644 3723 3697 ge-

2159 3723 2494 3785 nizaroium,
2527 3736 2663 3790 quos
2696 3737 2827 3774 sane
2869 3734 3263 3788 nomiunquam
3297 3723 3477 3774 dicere
3504 3736 3611 3774 non
3641 3732 3726 3774 est

2159 3815 2416 3876 veritum,
2482 3813 2702 3880 quando
2765 3809 2998 3878 Bajasite
3042 3809 3267 3862 domino
3320 3823 3513 3877 parum
3542 3808 3726 3877 propi-

2161 3909 2234 3961 tio
2270 3919 2571 3968 uterentur,
2628 3906 2993 3959 arcessiluros
3059 3919 3119 3959 se
3151 3904 3424 3959 sultanum
3480 3902 3720 3968 Zemem,

2160 4003 2251 4069 qui
2285 4001 2362 4052 cis
2415 4001 2726 4067 imperaret.
2775 3997 2912 4062 Quin
2942 3996 3106 4050 etiam
3165 3997 3357 4048 armati
3408 3994 3722 4064 aliquando.

2163 4106 2358 4157 magna
2397 4105 2522 4142 cum
2582 4089 2727 4140 rabie
2753 4090 2818 4141 ad
2846 4090 2990 4156 ipsas
3031 4089 3294 4141 sultanini
3328 4087 3510 4157 palatii
3542 4097 3727 4156 portas

2161 4192 2537 4237 accurrerunt.
2569 4182 2708 4235 Tum
2738 4197 2864 4234 vero
2889 4181 3152 4251 Bajasites
3185 4181 3394 4235 lenibus
3422 4194 3517 4233 eos
3549 4179 3728 4234 verbis

2165 4277 2432 4342 mitigare,
2473 4273 2790 4342 cunctisque
2812 4273 3370 4341 postulatislpsorum
3396 4287 3527 4325 sane
3566 4287 3726 4341 quam

2163 4371 2502 4438 indulgenter
2533 4383 2796 4423 annuere.
2837 4367 3037 4438 Sopitis
3064 4378 3246 4422 autem
3279 4367 3574 4420 furentium
3613 4366 3727 4425 iris.

2165 4473 2418 4516 auctores
2453 4461 2740 4514 seditionis
2769 4475 2799 4513 e
2855 4461 3035 4513 tnedio
3061 4459 3308 4514 sustulit.
3359 4458 3423 4512 Et
3452 4459 3579 4527 quia
3627 4474 3732 4511 5.1--

491 4527 609 4593 ejus
653 4529 894 4583 nominis
929 4540 1207 4590 octavum,
1270 4530 1603 4598 poutiticetn.
1657 4527 1753 4591 lbi,
1818 4529 2052 4598 quondm

2096 4547 2140 4602 D
2170 4571 2475 4625 penumero
2506 4552 2742 4622 genizari
2773 4552 2842 4605 ad
2895 4551 3170 4606 Aclunetis
3217 4550 3510 4604 Cliendicis
3539 4551 3737 4603 vcziris

494 4620 629 4673 vixit
683 4621 1093 4687 lnnnocentius,
1148 4637 1213 4675 ac
1268 4632 1391 4690 post
1442 4631 1669 4673 mortem
1732 4621 1899 4683 illius,
1957 4621 2061 4674 sub

493 4709 781 4762 Alexandri
815 4707 874 4762 VI
909 4710 1247 4777 pontiﬁcatu.
1283 4712 1484 4763 mansit
1519 4726 1532 4763 :
1564 4711 1739 4764 donec
1764 4720 2062 4781 OCt'uptttu-

495 4815 591 4856 rus
617 4816 843 4869 regnum
880 4800 1294 4869 Neapolitanum
1325 4801 1562 4857 liarulus
1591 4800 1698 4855 VIII
1727 4802 1914 4856 Callia-
1967 4817 2061 4853 rex

501 4894 725 4947 ltoutam
780 4896 1039 4947 venisset.
1091 4894 1224 4946 Nam
1283 4897 1329 4947 is
1373 4892 1570 4948 Zemen
1622 4896 1690 4948 ab
1752 4895 2062 4949 Alexandro

499 4986 835 5055 impetravit,
903 5002 1106 5040 usurus
1182 5002 1271 5047 eo,
1329 4987 1783 5056 quemadmodum
1843 4991 2060 5059 quidem

501 5079 701 5142 aiebat,
733 5079 801 5132 ad
854 5078 1288 5147 recuperandum
1350 5077 1636 5146 imperium
1672 5078 2062 5134 Censtanzino-
2094 5106 2108 5118 -

501 5170 823 5239 politaunm.
855 5169 1100 5224 Pontifex
1129 5182 1305 5224 autem
1375 5167 1524 5224 Zetni
1578 5186 1844 5225 venenum
1882 5171 2065 5239 propi-

502 5277 663 5316 nasse
689 5261 894 5315 lentum
927 5263 1181 5328 traditur,
1218 5279 1326 5334 quo
1392 5277 1601 5318 certum
1666 5263 1729 5315 ad
1769 5261 2063 5315 terminum

504 5354 762 5423 paulatim
786 5353 1070 5409 confectus
1099 5357 1420 5424 exspiraret.
1468 5354 1655 5424 Itaque
1705 5365 1826 5422 post
1855 5354 2066 5422 aliquot

505 5447 620 5499 dies
645 5445 994 5499 Terracinam
1043 5449 1356 5516 perductus,
1403 5449 1605 5501 ibidem
1664 5449 1826 5499 rebus
1871 5451 2064 5498 buma-

506 5539 593 5592 ttis
628 5542 885 5592 excessit.

507 5653 670 5725 456
703 5654 824 5708 I55.
867 5652 1306 5725 Mclsie,_liedina
1347 5653 1558 5714 Aluabi,
1596 5653 1694 5719 lilii
1729 5665 2071 5722 nrpotumqtte

1053 5722 1224 5777 Zemia
1257 5726 1500 5777 historia.

582 5838 771 5894 Victus
810 5840 974 5907 priori
1026 5840 1210 5910 pra-iiii
1245 5838 1460 5902 'Lcmes,
1504 5838 1638 5893 dicis
1691 5853 1875 5904 causa,
1928 5839 2070 5906 quod

2167 4651 2341 4701 lassa:
2406 4647 2629 4699 domum
2689 4646 2931 4708 itabant,
2995 4641 3266 4710 Bajasitcs
3342 4643 3732 4711 Iladrianopoti

2166 4742 2407 4801 tandem,
2459 4755 2567 4807 qua
2604 4739 2655 4791 in
2693 4740 2828 4792 urbe
2876 4749 3004 4791 tunc
3059 4740 3276 4806 agebat,
3306 4737 3372 4789 ad
3422 4736 3734 4790 convivium

2168 4833 2376 4886 \czires
2411 4847 2543 4884 suos
2595 4847 2787 4884 omnes
2846 4830 3118 4890 invitarit,
3170 4829 3351 4896 ibique
3416 4828 3731 4882 Acltmeten‘.

2166 4925 2384 4979 lLtSSllll‘l
2429 4941 2590 4978 manu
2644 4923 2859 4992 propria
2912 4921 3170 4975 confecit.
3237 4918 3359 4972 ΙΙωο
3391 4921 3504 4984 ille,
3539 4923 3735 4988 quibus

2168 5021 2427 5071 Aratcum
2463 5017 2563 5069 ltoc
2595 5015 2958 5084 epiphonema
3019 5013 3324 5068 rectissime
3368 5017 3493 5080 quis
3521 5013 3737 5079 adjece-

2169 5109 2275 5160 tit:
2309 5108 2576 5177 ejusmodi
2608 5107 2823 5159 scilicet
2848 5105 3052 5160 amoris
3108 5122 3172 5160 ac
3227 5105 3619 5159 benevolentia:
3649 5115 3733 5174 ty-

2169 5213 2470 5250 rannorum
2505 5211 2628 5251 esse
2655 5197 2895 5265 prsentia.

2171 5311 2298 5366 £57.
2331 5310 2566 5364 Familia
2587 5310 2920 5364 Communia:
2951 5310 3243 5377 principi-nt
3263 5311 3545 5363 exstincta.
3574 5309 3703 5362 Pira
3717 5339 3744 5375 -,

2240 5393 2426 5444 metus,
2468 5397 2562 5449 pro
2599 5381 2887 5434 lbralu'me.
2929 5381 3255 5434 Curamaniu
3285 5398 3338 5434 ut
3372 5381 3600 5450 formant
3644 5381 3733 5433 bc-

2237 5452 2559 5519 glurbcgatus
2595 5452 2828 5504 redacta.

2242 5564 2482 5620 Ultimus
2529 5575 2612 5620 est
2638 5566 2898 5627 Casancs,
2929 5566 3086 5635 cujus
3117 5565 3204 5619 bic
3257 5571 3454 5620 nomen
3487 5567 3740 5634 prodide-

2176 5666 2302 5710 rttnt
2329 5657 2587 5718 Annales,
2620 5658 2710 5724 qui
2736 5657 2801 5708 dc
2840 5656 3263 5710 Citfillltailol'llm
3308 5656 3510 5710 inutilia
3538 5659 3740 5727 princi-

2177 5764 2303 5818 pttnt
2347 5749 2399 5799 in
2435 5747 2676 5798 historiis
2707 5748 2998 5814 I't'pt'l'lllll'.
3049 5747 3179 5797 Nam
3217 5745 3522 5799 Ceulractuu
3555 5763 3742 5802 errare

2179 5840 2449 5905 videmus,
2478 5838 2568 5908 qui
2597 5839 2760 5892 tradit
2783 5837 3106 5893 exstinctam
3129 5837 3320 5890 lttrrutn
3343 5835 3603 5892 familiam
3630 5844 3739 5896 sub
