4228 6298
483 383 590 442 8ἳό

1672 373 1999 434 ,ΜΜΝΝΙΞ
2040 369 2505 431 LEUNCLAV'lI

3650 381 3764 443 836

483 494 839 548 Mucliemetis
886 489 1136 558 imperio,
1177 487 1469 541 duodecim
1509 489 1590 539 Vcl
1638 489 1903 541 tredecim
1931 499 2061 540 ante
2089 488 2137 547 Α
2165 502 2289 539 cum
2328 488 2543 556 magnis
2574 490 2937 545 terrestribus
2970 490 3158 557 copiis
3193 491 3445 545 instruxit
3486 510 3499 545 :
3535 503 3593 547 nt
3619 497 3762 549 bello

482 586 588 636 hoc
637 592 853 651 tempus
901 579 1187 633 annis:et
1235 577 1381 630 aliud
1448 576 1647 629 ultimo
1697 576 1788 629 dat
1838 592 2060 640 nomen,

480 676 854 731 Abrahamum
886 685 1118 727 vocans.
1162 669 1251 722 Ait
1282 670 1450 725 enim.
1493 666 1897 721 Mucliemetem
1931 667 2060 721 libe-

482 779 682 822 ratum.
708 764 1127 820 Usnmcliasane
1158 760 1580 831 (Assambegum
1632 759 1747 828 ipse
1792 759 2060 827 nominat)

484 861 827 920 adversario,
859 866 980 925 post
1007 855 1217 906 obitum
1261 851 1519 905 Pirameti
1548 850 1839 904 Cat-amaui
1882 867 2065 903 rexer-

483 968 602 1005 sum
661 952 714 1004 in
748 948 1154 1009 Caramaniam,
1207 946 1525 999 Abrahamo
1578 945 1687 997 ﬁlio
1719 945 1836 1002 eius
1889 944 2063 1012 impo-

482 1048 660 1098 saisse
696 1043 1077 1096 necessitatem
1117 1038 1442 1104 implorandi
1475 1037 1679 1090 auxilia
1713 1038 2062 1091 Christiano-

484 1152 630 1197 rum,
694 1137 927 1187 maxime
962 1132 1039 1184 Pii
1082 1129 1311 1184 secundi
1346 1129 1665 1196 pontificis:
1715 1130 1807 1197 qni
1848 1128 2062 1199 profec~

480 1229 629 1279 tione
688 1227 739 1277 in
788 1224 1173 1277 Caramaniam
1235 1223 1559 1278 constituta.
1595 1224 1900 1283 Anconam,
1969 1222 2057 1272 ubi

481 1316 709 1368 classem
761 1315 1013 1367 adornari
1072 1303 1393 1374 curaverat,
1454 1312 1765 1378 profectus;
1852 1311 2054 1364 ibidem

486 1416 740 1457 mortuus
762 1405 852 1468 sil,
882 1402 1009 1455 dtuu
1069 1402 1364 1455 adventum
1420 1402 1746 1455 Venetorum
1779 1402 2057 1453 sociorum

482 1504 846 1562 exspectaret.
904 1495 1044 1550 llinc
1092 1497 1366 1555 evenisse,
1401 1504 1458 1544 nt
1515 1495 1691 1547 classe
1758 1492 1952 1549 divisa.
2006 1503 2061 1545 et

485 1587 768 1654 occupatis
835 1585 1109 1653 Ungarico
1166 1586 1306 1637 bello
1359 1582 1669 1644 Germanis,
1719 1582 2060 1638 Garamantis

484 1678 711 1733 minime
759 1681 824 1732 ad
885 1678 1248 1733 resistendum
1298 1676 1494 1729 Turcis
1536 1676 1838 1738 sufficiens,
1891 1676 2059 1729 inter-

481 1769 662 1823 fectus
708 1769 911 1823 fuerit:
979 1781 1143 1837 atque
1192 1769 1264 1820 ita
1316 1767 1578 1819 familiam
1645 1766 2056 1821 Cat-amanieam

2170 576 2605 646 (Larabogdaniie
2644 577 2945 635 Vaivodam
2987 582 3288 648 invaderet,
3313 585 3561 653 'ejusque
3614 586 3761 643 vires

2169 674 2461 723 everteret.
2495 668 2792 737 Regionum
2830 674 2994 740 hujus
3032 674 3332 742 ingressus.
3365 679 3550 732 omnia
3603 678 3758 732 flam-

2173 760 2275 812 mis
2308 771 2361 814 et
2392 761 2536 815 ferro
2568 765 2822 826 vastavit,
2885 766 3274 837 civitatemque
3298 768 3535 823 Cliilium
3588 774 3758 841 cepit.

2168 852 2334 904 etiam
2362 869 2545 907 arcem
2578 856 2812 908 dedente
2843 855 3176 913 Mamalaci-o
3208 859 3542 920 Castellano.
3570 868 3761 931 patria:

2170 941 2465 1009 proditore.
2499 942 2735 998 Profecd
2775 957 2920 1008 sunt
2970 947 3168 1001 deinde
3236 948 3402 1004 Turci
3463 950 3763 1021 Tatariqne

2170 1036 2413 1087 maximo
2442 1050 2567 1088 cum
2599 1038 2847 1091 exercitu
2907 1039 2972 1092 ad
3043 1038 3306 1107 oppidum
3360 1040 3758 1098 Moncastrum.

2167 1122 2417 1193 Cumque
2476 1126 2578 1179 sibi
2611 1144 2730 1180 eam
2782 1145 3007 1197 quoque
3066 1131 3348 1186 civitatem
3398 1136 3522 1190 dedi
3570 1145 3760 1203 postu-

2170 1217 2397 1283 lassent,
2430 1232 2495 1270 ac
2557 1217 2957 1274 interveniente
3011 1231 3175 1291 pacto
3231 1224 3574 1292 relinquendi
3628 1243 3756 1281 eum

2169 1313 2277 1361 vita
2332 1309 2621 1363 facultates
2661 1312 2858 1366 incolis
2916 1314 3122 1377 salvas,
3161 1315 3274 1367 voti
3329 1328 3616 1385 compotes
3675 1318 3759 1371 fa-

2168 1403 2240 1455 cti
2270 1402 2501 1455 fuissent
2536 1422 2548 1455 :
2579 1405 2717 1456 nihil
2779 1419 2974 1459 cei-nm
3015 1422 3139 1475 quae
3189 1409 3581 1476 promiserant,
3617 1424 3757 1479 pta:-

2168 1496 2451 1548 stiternnt.
2502 1494 2769 1561 Bajasites
2824 1499 2990 1551 etiam
3046 1497 3286 1551 fatnilias
3343 1502 3463 1563 plus
3501 1502 3754 1556 minusve

2167 1588 2499 1651 quingenta.»
2522 1602 2712 1639 eerum
2743 1588 2949 1641 civium
2972 1587 3512 1658 Constantinopolim
3553 1591 3751 1644 abduci

2164 1674 2657 1740 iussinBonlinius
2680 1679 3139 1751 eodemtempore
3189 1689 3371 1748 gestas
3416 1680 3617 1735 ibidem
3664 1696 3752 1735 res

2167 1783 2627 1829 commemorans,
2666 1771 2966 1826 Achilleam
3034 1774 3131 1836 ait,
3166 1788 3313 1827 nunc
3362 1773 3635 1841 Cheliam,
3691 1785 3752 1830 et

482 1860 777 1925 defecisse,
832 1860 991 1925 cujus
1046 1857 1183 1910 ditio
1246 1858 1476 1910 cesserit
1543 1854 1881 1908 Osntanidis.
1943 1852 2059 1906 Νυιι
2095 1844 2137 1902 Β
2166 1862 2565 1928 Nestoralbam,
2598 1866 2664 1917 ad
2699 1865 2817 1920 Istri
2853 1869 2994 1922 ostia
3020 1869 3177 1935 sitas,
3208 1885 3239 1924 a
3273 1868 3471 1927 Turcis
3494 1881 3622 1927 tunc
3643 1874 3748 1928 ob-

482 1948 826 2017 tempnribns
863 1949 974 1999 luce
994 1948 1282 2009 duntaxat,
1317 1946 1410 1999 sed
1453 1944 1619 1998 rebus
1634 1945 1799 1996 etiam
1827 1945 2057 1997 confusa

481 2048 633 2093 sunt.
664 2039 754 2090 Ait
798 2039 1040 2092 occisum
1078 2038 1479 2098 Aliraliamum,
1553 2034 1809 2088 Pirameti
1866 2036 2056 2096 lilium,

482 2130 537 2183 in
579 2144 642 2180 ea
693 2128 895 2181 familia
954 2133 1467 2194 postremump'ist
1523 2125 2055 2181 Usumchasanienm

483 2221 706 2278 bellum,
728 2222 872 2285 quod
901 2216 1136 2286 pertinet
1171 2218 1237 2269 ad
1289 2233 1490 2269 annum
1521 2215 1861 2269 Cliistianum
1894 2218 2054 2273 14η.

482 2310 734 2364 Voluisse
760 2324 888 2362 vero
934 2307 1088 2361 Pium
1131 2307 1174 2361 ll
1205 2308 1518 2375 pontificem
1563 2309 1688 2361 huic
1712 2325 1868 2375 opem
1918 2312 2058 2363 ferre

480 2406 641 2474 paulo
688 2413 836 2465 ante.
864 2418 1027 2471 quam
1082 2403 1198 2471 ipse
1240 2403 1405 2455 vitam
1450 2418 1573 2455 eum
1605 2413 1778 2455 morte
1811 2418 2057 2457 cominu-

479 2508 643 2561 taret.
693 2508 750 2551 et
819 2498 956 2550 alter
1023 2511 1056 2552 a
1147 2496 1343 2551 Turcis
1420 2497 1845 2566 Opprimeretur.
1895 2499 2055 2568 Atqui

478 2591 668 2644 decem
731 2591 852 2659 plus
885 2588 1067 2643 minus
1095 2602 1221 2642 ante
1264 2590 1367 2642 hoc
1419 2603 1633 2654 tempus
1662 2592 1842 2656 annis,
1897 2590 2054 2644 Pium

477 2699 673 2753 papam
716 2693 990 2735 mortuum
1028 2679 1203 2734 fuisse
1238 2690 1476 2735 Constat.
1512 2681 1777 2735 Praeterea
1837 2681 2059 2734 tradunt

476 2777 739 2836 Annales,
776 2792 803 2826 a
848 2771 1249 2826 Muchemetell
1291 2782 1531 2839 ereptam
1558 2770 1868 2828 Garamans
1900 2772 2055 2828 Gtol-

477 2867 775 2930 chisarem,
810 2880 955 2917 anno
982 2862 1270 2917 ChiSIiano
1302 2862 1459 2918 1469.
1499 2862 1604 2916 Nec
1658 2873 1841 2917 tamen
1875 2864 2053 2932 ipsum

478 2959 804 3027 principem,
834 2957 925 3024 qui
957 2966 1087 3009 tunc
1139 2955 1442 3010 lbrahimcs
1499 2966 1643 3018 erat.
1698 2956 2051 3012 interfectum

477 3049 668 3104 fuisse.
704 3048 873 3112 Quem
919 3047 1082 3101 etiam
1137 3048 1274 3101 dicit
1328 3048 1738 3115 Abrahamum,
1796 3050 2052 3105 Pirameti

2162 1966 2345 2006 scssas
2391 1951 2596 2019 fuisse;
2650 1954 2989 2025 Stephanum
3046 1973 3180 2013 vero
3222 1958 3402 2030 Mysiae
3470 1962 3749 2018 inferioris

2164 2044 2509 2111 (Moldaviam
2535 2048 2722 2101 dicere
2777 2049 2912 2119 vult)
2942 2051 3243 2119 principem
3273 2052 3342 2107 ab
3372 2050 3591 2123 Ungaro
3618 2071 3748 2125 rege

2163 2139 2386 2191 Matthia
2446 2141 2664 2207 petiisse
2716 2158 2873 2209 opem
2942 2160 3005 2198 ex
3070 2146 3293 2200 Itndcris
3353 2150 3747 2224 societatisqne

2168 2228 2306 2295 lege,
2338 2230 2431 2282 sed
2487 2243 2613 2283 ante
2664 2233 2829 2286 missa
2884 2234 3155 2296 subsidia,
3203 2236 3458 2292 civitates
3515 2239 3637 2296 illas
3686 2244 3742 2294 iu

2162 2321 2401 2375 licstiuni
2430 2332 2753 2390 potestatem
2783 2326 3018 2378 venisse.
3050 2328 3417 2383 Conferamus
3449 2331 3563 2386 lucc
3596 2334 3745 2388 inter

2162 2430 2240 2477 se,
2279 2411 2642 2482 Turcicisque
2671 2430 2797 2469 cum
2838 2417 3156 2472 annalibus.
3178 2420 3391 2475 Primus
3418 2423 3519 2491 ait,
3544 2424 3746 2496 aBaja-

2158 2504 2262 2559 site
2290 2512 2448 2571 capta
2474 2503 2647 2560 fuisse
2676 2521 2803 2559 eum
2837 2506 3061 2563 arcibus
3116 2511 3338 2578 oppida,
3388 2511 3629 2568 Cliilium
3687 2526 3742 2568 et

2162 2592 2525 2648 Moncastrntu
2564 2613 2579 2649 :
2618 2597 2780 2660 alter,
2809 2596 3052 2653 Cheliant
3078 2612 3133 2654 et
3181 2598 3559 2658 Nestoralham
3595 2624 3610 2660 :
3643 2623 3747 2659 att-

2159 2690 2311 2741 nalcs
2334 2688 2594 2758 denique,
2640 2692 2799 2745 Kilim
2832 2703 2883 2747 et
2912 2693 3212 2751 Cliermen.
3250 2698 3614 2755 Consentium
3639 2703 3744 2773 igi-

2162 2789 2252 2834 tur
2282 2796 2473 2834 onmes
2507 2784 2575 2837 de
2600 2795 2761 2853 capto
2790 2788 2956 2855 priori
3016 2790 3239 2859 oppido,
3294 2792 3398 2845 nisi
3454 2792 3601 2864 quod
3655 2808 3746 2853 cst

2158 2875 2409 2943 quaedam
2449 2875 2502 2926 in
2529 2878 2753 2933 nomine
2778 2878 3112 2934 diversius:
3141 2883 3287 2937 sicut
3335 2882 3482 2939 idem
3524 2904 3554 2941 a
3600 2884 3746 2941 Lao-

2158 2970 2282 3020 nico
2330 2966 2536 3020 (Selium
2570 2984 2792 3039 quoque
2847 2971 3072 3039 dicitur,
3107 2987 3138 3025 a
3172 2973 3354 3031 Curet)
3402 2976 3611 3033 Citium.
3650 2979 3745 3035 Jo-

2161 3060 2306 3125 vins,
2366 3075 2463 3126 per
2522 3076 2768 3116 errorem
2829 3072 2997 3132 puto,
3075 3064 3477 3124 Lithostomum
3557 3074 3744 3142 appel-

477 3141 673 3203 ίίιίιυην
708 3138 846 3192 bella
907 3153 1032 3192 cu'“
1069 3135 1409 3238 Μυξιιθίηιθιθ
1452 3138 1735 3238 Βίξεείδεθ-ἱ-
1766 3139 2050 3238 Βοξιξίὶηίυε
2075 3174 2124 3237 c
2160 3156 2256 3219 lat,
2316 3154 2370 3207 iu
2432 3154 2547 3222 ripa
2573 3155 2826 3220 Danubii,
2867 3162 2946 3211 vel
2972 3159 3038 3212 ad
3088 3173 3295 3215 osnum
3368 3135 3609 3221 Danubii
3630 3135 3737 3238 Upo-

479 3230 809 3286 Pirametutn
857 3229 1113 3298 appellat,
1160 3227 1324 3281 Turci
1370 3230 1657 3283 nominant
1698 3229 2050 3297 lbraltimem,

476 3324 568 3393 qui
590 3321 959 3377 scilicetidem
992 3330 1074 3375 est
1095 3334 1221 3373 cum
1270 3318 1605 3373 Abrahamo.
1640 3321 1715 3375 De
1743 3337 1851 3389 quo
1892 3325 2048 3392 equi-

475 3424 598 3476 dem
630 3419 845 3487 colligo,
900 3417 1174 3488 quodnam
1209 3414 1282 3470 sit
1326 3416 1455 3469 illud
1495 3415 1748 3470 Pirameti
1821 3435 2043 3477 nomen.

474 3513 724 3568 Arbitror
798 3512 944 3565 enim
1007 3509 1309 3563 litterarum
1377 3510 1663 3562 tuctatliesi
1710 3508 2046 3566 Piramctnm

474 3604 728 3657 eumdem
758 3616 880 3656 esse
910 3615 1035 3655 cum
1083 3597 1361 3653 Praimeto
1384 3599 1465 3653 vel
1500 3599 1739 3666 Praime,
1769 3602 1883 3656 sive
1908 3602 2050 3656 Tur-

474 3695 593 3748 i-ico
628 3692 883 3746 Ibraime.
936 3688 1025 3743 Sic
1063 3697 1117 3740 et
1158 3702 1323 3755 supra
1379 3690 1710 3755 notavimus,
1743 3705 1806 3743 ex
1855 3692 2045 3745 eadem

480 3800 615 3839 voce
672 3781 889 3836 Prainie
925 3780 1127 3833 factum
1160 3780 1301 3847 apud
1356 3778 1845 3851 Clialcocondylem
1894 3782 2050 3837 Pria-

474 3894 650 3937 mum,
707 3874 1061 3942 transposiiis
1115 3874 1301 3926 itidem
1357 3871 1577 3924 litteris.
1632 3872 1885 3929 lbraimis
1914 3891 2047 3930 vero

473 3967 896 4027 tiliusCasaues,
943 3982 1068 4019 runt
1101 3965 1155 4018 in
1200 3963 1457 4033 Bajazitis
1504 3962 1664 4016 Porta
1692 3965 2044 4030 educaretur,

469 4075 619 4113 anno
644 4064 859 4111 tandem
910 4058 1231 4111 Christiano
1268 4055 1351 4109 vel
1417 4055 1571 4119 H83,
1641 4056 1724 4110 vel
1790 4061 2043 4125 sequenti

470 4161 741 4213 mortuus,
773 4148 1260 4203 Caramanidarum
1310 4146 1529 4199 familia:
1558 4146 1720 4199 finem
1759 4148 2042 4215 imposuit:

468 4258 535 4296 ex
567 4256 676 4311 quo
708 4252 949 4308 tempore
974 4238 1303 4291 Caramania
1334 4236 1752 4306 beglerbegatus
1781 4236 2043 4292 Osmani-

468 4336 661 4385 darnm
696 4346 818 4385 esse
845 4329 1033 4397 cmpit.

466 4445 628 4518 457
667 4444 792 4498 158.
828 4440 1437 4521 Ιηιωτιιιηξβαὶαξὶιὶε,
1473 4442 1541 4492 ad
1576 4440 1768 4509 ﬂuutcu
1798 4440 2042 4497 Hadria-

970 4513 1147 4580 »δοροιὸ
1181 4512 1332 4563 condi
1340 4520 1389 4559 tu
1401 4526 1446 4561 m
1458 4550 1469 4562 .

534 4607 675 4662 Suut
697 4605 1079 4672 Iladriaquoli
1107 4604 1267 4657 trium
1292 4602 1633 4655 confluentes
1650 4604 1918 4667 anmium,
1941 4604 2043 4656 lleo

466 4701 549 4754 bri
581 4704 695 4752 sive
725 4697 964 4757 Marine,
998 4695 1197 4749 Tuusa:
1226 4694 1340 4747 sive
1375 4691 1611 4756 T;cnari,
1645 4708 1697 4746 et
1722 4695 1941 4756 llarda',
1974 4699 2043 4752 de

463 4793 666 4859 quibus
693 4799 816 4842 ante
843 4788 1047 4841 dictqu
1064 4788 1240 4856 capite
1269 4787 1360 4839 50.
1409 4786 1706 4853 Postquam
1781 4789 1833 4841 hi
1889 4788 2044 4843 fluvii

464 4886 664 4946 coiere,
700 4882 912 4934 Marine
946 4895 1139 4931 nomen
1177 4888 1418 4944 supcrat,
1460 4878 1512 4929 in
1543 4878 1698 4944 cujus
1730 4880 1844 4946 ripa
1888 4882 2041 4934 srili-

464 4986 544 5030 cet
578 4976 867 5028 imarctum
901 4988 1061 5025 suam
1096 4968 1358 5038 Bajasitcs
1381 4978 1664 5023 cxsu'ucrc
1686 4970 1919 5037 (cepisse
1961 4972 2043 5026 di-

464 5070 627 5121 citur.

465 5162 596 5215 Kili.
631 5160 847 5217 (Iilinrn,
877 5156 1099 5219 Celium,
1133 5153 1329 5225 Clielirt.
1387 5150 1648 5225 Achillen,
1692 5151 2048 5225 Nestoralba,

531 5231 868 5291 Bessarabia,
894 5225 1142 5284 Κίρ-περιρ,
1173 5224 1457 5280 Alterum".
1490 5224 1867 5285 Maucustrum,
1916 5224 2039 5279 Sic?

530 5302 731 5369 plmttus
786 5297 1014 5349 Vaivoda
1045 5294 1485 5359 Gai'abogrluuiu'.

530 5389 661 5454 Qua:
692 5389 779 5440 hic
810 5386 877 5440 de
904 5401 1028 5438 arce
1052 5384 1152 5437 Kili
1190 5393 1343 5448 capta
1394 5385 1669 5450 leguntur,
1718 5384 2031 5453 hujusmodi

462 5481 572 5534 fere
604 5480 835 5532 verbisa
870 5475 1167 5531 secretario
1223 5474 1517 5528 Melatestae
1574 5486 1703 5527 sunt
1760 5477 2031 5543 exposita,

461 5589 581 5641 qua:
682 5569 950 5623 vertendo
1010 5567 1287 5621 ascribere
1349 5566 1533 5619 libuit.
1588 5565 1873 5635 Bajasites,
1934 5567 2033 5627 ait,

462 5668 516 5719 iu
567 5664 680 5716 otio
738 5661 1012 5715 trienuum
1069 5657 1269 5725 exegit,
1321 5664 1444 5724 post
1507 5666 1821 5723 superatum
1885 5660 2034 5711 vidc-

461 5759 606 5824 liret,
641 5757 1039 5823 eapulsumque
1062 5750 1281 5802 fratrem
1309 5747 1525 5800 Zemem
1567 5764 1581 5800 :
1621 5748 1899 5801 acdeinde
1931 5749 2034 5802 'l'a-

462 5825 669 5904 tarisin
701 5847 1017 5902 societatem
1073 5841 1280 5904 ascitis,
1334 5840 1566 5895 classem
1631 5838 2027 5906 350'navium,

2160 3249 2289 3301 tius.
2320 3246 2380 3299 In
2414 3249 2642 3301 alterius
2697 3258 2876 3303 autem
2917 3252 3155 3306 civitatis
3198 3256 3466 3311 vocabulo
3523 3259 3742 3314 dissen-

2157 3339 2259 3391 tire
2294 3341 2572 3406 videntur,
2609 3343 2784 3409 primo
2808 3344 3125 3398 nominante
3149 3345 3539 3413 Moncastrutn,
3567 3356 3742 3409 altero

2154 3431 2758 3497 Nestoralbam,tertiis
2792 3435 3029 3504 denique
3090 3436 3382 3495 Chermeu.
3440 3441 3737 3502 Secretarii

2152 3521 2549 3587 Mum-astrum,
2599 3535 2655 3579 et
2713 3526 2980 3580 Cliermen
3028 3526 3358 3599 Turcorum,
3410 3535 3553 3590 idem
3615 3555 3741 3594 esse

2155 3623 2322 3681 puto:
2361 3614 2637 3668 diversam
2674 3617 2743 3668 ab
2776 3628 3008 3687 utraque
3063 3618 3468 3697 Nestoralbam.
3527 3628 3740 3697 Quippe

2152 3706 2387 3759 Ku‘l'utett
2426 3723 2522 3760 seu
2552 3707 2823 3763 Cliermen
2856 3710 3024 3763 sit’um
3055 3696 3147 3767 est
3174 3714 3227 3767 in
3254 3714 3531 3772 Moldavia:
3576 3696 3741 3776 Tata-

2152 3799 2353 3867 ii:cque
2376 3800 2598 3868 finibus,
2633 3818 2825 3858 versus
2878 3802 3113 3859 Pontun’t
3160 3808 3459 3878 Euxinum,
3496 3816 3589 3869 ubi
3624 3822 3737 3869 sci-

2150 3893 2275 3946 licet
2317 3892 2371 3946 iu
2420 3893 2565 3946 hunc
2596 3909 2653 3947 se
2684 3895 2967 3950 Danubius
2984 3898 3233 3953 chuudit.
3279 3900 3345 3954 Et
3377 3900 3737 3974 Saugiacatus

2147 3994 2231 4037 est
2257 3984 2522 4053 hodieque
2561 3984 2832 4040 Chermen
2903 3989 2987 4041 Vel
3048 3991 3350 4058 Alternian,
3408 3995 3738 4071 beglerbego

2150 4075 2429 4128 liomania-
2452 4078 2566 4129 sive
2586 4070 2810 4132 Cra-cia:
2836 4078 3146 4148 subjectus.
3179 4083 3412 4138 Boutlnii
3435 4102 3561 4142 vero
3590 4070 3735 4146 Nes-

2150 4171 2379 4233 toralba,
2414 4183 2523 4221 non
2553 4168 2949 4237 Iloacastrum,
2980 4184 3076 4227 aut
3097 4175 3393 4242 Clieimen,
3458 4183 3553 4233 sed
3601 4186 3735 4241 urbs

2146 4277 2230 4320 est
2247 4267 2407 4319 hodie
2439 4261 2731 4332 Bialogrod
2766 4268 2933 4329 dicta,
2962 4268 3109 4335 quod
3138 4284 3320 4323 arcem
3352 4271 3534 4328 albam
3561 4278 3736 4345 signi-

2150 4359 2294 4423 ficat,
2328 4356 2396 4410 ad
2434 4359 2755 4424 prolluentis
2791 4359 2844 4412 in
2884 4363 3178 4426 Euxinum,
3207 4378 3315 4416 non
3376 4363 3523 4428 lstri.
3590 4370 3734 4425 sicut

2152 4452 2436 4504 Bonfmius
2464 4450 2709 4519 scripsit,
2747 4454 2842 4506 sed
2872 4451 3113 4509 Nesteris
3162 4458 3343 4511 amnis
3394 4460 3598 4515 ostium
3658 4463 3734 4519 si-

2080 4506 2121 4560 “
2153 4554 2227 4597 ta.
2257 4506 3198 4613 QuapropternouNestoralba,‘sed
3219 4506 3537 4607 Nestcralba
3560 4506 3729 4610 scribi

2150 4634 2359 4689 debuit.
2398 4635 2461 4688 Et
2481 4634 2675 4689 Nester
2691 4640 2889 4706 priscis
2912 4650 3142 4694 vocatus
3175 4641 3277 4695 fuit
3302 4641 3479 4714 Tyras
3505 4645 3728 4703 ﬂuvius.

2150 4728 2407 4779 Ilistoriei
2432 4726 2609 4781 (ἐι-κεί
2643 4730 2979 4782 recentiores
3012 4735 3079 4783 ab
3109 4736 3268 4787 annis
3297 4738 3609 4806 quingentis
3629 4739 3732 4795 Da-

2149 4820 2358 4872 nastriu
2396 4818 2764 4887 appellarunt,
2800 4821 2876 4874 uti
2907 4822 3171 4890 Nepcrem
3235 4825 3498 4891 \icinum,
3552 4829 3728 4887 llan't-

2147 4912 2267 4979 prin
2306 4914 2434 4978 :qui
2473 4912 2602 4964 mihi
2633 4914 2848 4980 quidem
2884 4926 3101 4968 nonest
3161 4917 3527 4986 Borysthenes
3578 4933 3723 4983 ante.

2143 5022 2307 5073 quam
2340 5005 2619 5071 Bel-isnam
2655 5022 2685 5059 a
2719 5004 2927 5060 Rossiae
2966 5011 3048 5061 vel
3114 5010 3329 5065 [tussim
3384 5014 3583 5068 finibus
3629 5032 3721 5070 vc-

2144 5101 2380 5149 nientem
2424 5098 2671 5163 recipiat,
2703 5102 2767 5148 ad
2798 5113 2964 5164 quam
2992 5097 3350 5169 Eurysthenis
3368 5109 3534 5157 etiam
3569 5114 3727 5161 Vetus

2142 5202 2338 5240 nmuen
2371 5188 2593 5254 propius
2620 5188 2853 5239 accisdit.
2888 5188 3101 5241 Curetis
3141 5192 3385 5258 scripsit.
3448 5196 3552 5249 hoc
3604 5198 3722 5265 ipa“

2142 5296 2283 5332 anno
2306 5282 2620 5334 (inrisliano
2665 5280 2823 5342 “85,
2881 5282 3221 5349 Stephanum
3274 5285 3604 5354 Valaclinm,
3659 5294 3726 5343 de

2140 5393 2250 5444 quo
2281 5376 2659 5442 disceptabant
2692 5375 2833 5427 inter
2865 5390 2921 5427 sc
2949 5392 3124 5444 reges,
3161 5376 3415 5444 Ungarus
3446 5380 3721 5445 Matthias,

2139 5465 2519 5518 ctCasimirus
2554 5462 2818 5528 l’olouus,
2868 5467 3045 5518 utrius
3082 5478 3229 5519 esset
3275 5467 3468 5533 cliens,
3505 5473 3721 5526 tandrm

2139 5558 2192 5608 in
2228 5558 2387 5608 verba
2415 5556 2672 5608 Casimiri
2704 5559 2847 5619 regis
2868 5558 2919 5609 in
2945 5557 3366 5626 castrisjurasse
3398 5579 3412 5612 :
3440 5564 3723 5632 nihiloque

2138 5651 2322 5703 minus
2361 5648 2638 5703 desertum
2672 5664 2701 5701 a
2760 5649 3004 5709 Polnnis,
3038 5652 3291 5705 amisisse
3320 5652 3719 5709 Bessarabiam.

2137 5744 2262 5796 lla-c
2301 5743 2560 5795 nimirum
2586 5741 2773 5794 esttlla
2808 5742 2957 5808 regio
3004 5753 3244 5796 extrema
3307 5745 3361 5798 in
3401 5760 3497 5801 ora
3561 5744 3721 5801 Vala-

2136 5841 2290 5901 cmm,
2322 5833 2544 5903 Nigrum
2581 5830 2647 5884 ad
2680 5847 2826 5885 mare
2848 5833 2973 5894 sita,
3001 5848 3120 5901 qua:
3144 5835 3308 5889 Kilim
3350 5847 3404 5889 et
3426 5839 3714 5898 Cbermen,
