4204 6300
395 457 496 517 837

1554 461 1954 520 l'ANDEtlTlE
1999 461 2194 521 lllf‘JT.
2235 461 2539 521 TURCHL

3536 457 3642 518 838

395 577 508 628 sive
535 572 901 626 Moncastrnm
952 575 1144 642 oppida
1174 575 1436 637 continet,
1460 591 1486 627 a
1510 577 1586 628 sic
1608 576 1785 629 Bessis
1809 575 1980 630 Tlira-
2009 585 2048 636 Λ
2082 577 2211 628 tiuni
2235 591 2357 628 rero
2373 575 2620 627 secundu-
2638 571 2918 639 praefectos
2937 569 3103 623 fuisse
3123 579 3418 621 memorant
3436 567 3645 621 Munim-

393 667 548 719 cibus
581 667 868 732 appellata.
896 665 1030 718 Novi
1056 667 1351 733 aliquando
1380 669 1430 718 in
1455 667 1575 719 aula
1605 665 1957 718 Maximiliani

394 773 428 810 Il
458 757 707 822 Augusti,
753 756 923 824 Spira:
974 758 1194 809 comitia
1253 759 1600 822 celi-brantis,
1651 757 1959 814 Nicolaum,

393 857 543 915 patre
601 846 932 901 Bessarabia:
1001 849 1245 916 principe
1305 859 1532 912 natum,
1593 848 1667 900 uti
1738 849 1956 914 quidem

391 938 745 992 credebatur:
772 937 1112 992 documentis
1134 938 1479 1008 quihusdam,
1513 953 1575 991 ac
1609 938 1957 1001 testimoniis,

390 1031 690 1099 prwsertim
720 1030 1050 1084 Venetorum
1090 1031 1357 1099 plumbeis
1415 1030 1602 1092 bullis,
1651 1031 1790 1084 hanc
1845 1031 1961 1101 ejus

388 1121 657 1190 originem
693 1121 1138 1190 approbantibus.

391 1231 515 1285 159.
540 1230 744 1284 Bellum
768 1232 904 1284 inter
921 1231 1183 1291 sultanos,
1210 1230 1508 1285 Cairensem
1531 1243 1576 1285 et
1596 1231 1958 1295 Ommnidum,

888 1298 1032 1354 Ustm
1061 1299 1249 1370 Usbeg,
1275 1301 1468 1353 Tersis.

458 1389 632 1460 Hujus
661 1390 787 1444 belli
821 1405 1004 1446 causa:
1043 1395 1339 1446 referenda:
1386 1393 1604 1448 veniunt
1675 1395 1738 1447 ad
1800 1410 1963 1462 supe-

387 1483 592 1534 riorum
626 1492 935 1550 temporum
965 1482 1223 1536 oﬂcnsas.
1255 1483 1497 1536 Ιιίχὶιιιιις
1522 1486 1690 1547 enim,
1745 1484 1954 1540 Μιιειιιι-

391 1584 586 1625 inetem
639 1571 976 1637 Secundum,
1029 1572 1284 1642 Bajasitis
1342 1587 1573 1642 patrem,
1632 1577 1794 1645 paulo
1842 1590 1963 1631 ante

388 1673 620 1718 mortem
651 1664 705 1716 in
734 1663 922 1717 Asiam
955 1666 1349 1727 transmisisse,
1405 1667 1601 1720 bellum
1653 1677 1711 1722 ut
1767 1667 1964 1721 faceret

386 1754 686 1810 Aleairensi
711 1755 950 1819 sultano,
983 1758 1072 1824 qui
1097 1761 1283 1811 hostes
1309 1758 1687 1826 ejusjnverat,
1742 1775 1964 1828 praeser-

387 1845 481 1896 tim
508 1843 872 1900 Caramanum
898 1861 914 1901 :
939 1855 994 1899 et
1033 1847 1239 1915 alioqui
1270 1863 1328 1901 se
1355 1849 1576 1917 gerebat
1607 1863 1732 1916 erga
1763 1849 1966 1904 Turcos

2066 679 2258 721 instent
2318 666 2710 735 Clieseroglim.
2764 675 2818 716 et
2877 663 3190 714 Aelimetem
3244 661 3399 714 ducis
3452 660 3642 715 filium,

2074 759 2357 813 “primum
2403 758 2810 826 beglcrbrgunt.
2870 754 3107 806 Nescivit
3154 768 3282 821 ergo
3335 750 3642 818 chfragus.

2065 866 2262 903 czcsuni
2294 850 2458 918 priori
2517 849 2700 917 prmliu
2730 847 3034 908 Ferllﬂlt’llt,
3074 844 3321 912 Bajasitis
3349 856 3602 910 generum
3629 855 3644 884 τ

2067 943 2297 996 nescivit
2327 942 2500 996 altero
2551 941 2739 1009 pra-lio
2773 941 2910 993 duos
2931 939 3101 991 fuisse
3140 937 3329 1000 duces,
3378 936 3648 989 Cliesero-

2065 1034 2191 1103 glim
2219 1046 2271 1085 et
2304 1033 2694 1100 llcrzecoglim.
2731 1030 2917 1098 Itaque
2957 1045 3064 1082 non
3096 1044 3304 1097 pugnas
3325 1026 3485 1080 modo
3506 1026 3645 1079 duas

2069 1127 2121 1178 in
2166 1141 2326 1179 unam
2361 1127 2669 1182 confundit.
2707 1140 2888 1176 verum
2923 1123 3082 1176 etiam
3110 1138 3138 1174 e
3171 1121 3368 1181 tribus,
3415 1119 3645 1174 Fcrliate

2067 1220 2325 1286 Bajasitis
2355 1235 2578 1287 genere,
2607 1218 2942 1284 Clit-seriigli,
2977 1232 3039 1270 ac
3072 1215 3407 1282 llerzecogli,
3454 1213 3546 1281 qui
3590 1223 3645 1265 et

2068 1313 2181 1377 ipse
2210 1313 2468 1381 Bajasitis
2495 1328 2658 1381 gener
2682 1313 2806 1376 fuit,
2841 1325 3007 1364 unum
3040 1311 3192 1377 quasi
3223 1309 3428 1362 connat
3468 1305 3641 1360 Cher-

2066 1405 2273 1458 seolnm
2303 1421 2487 1458 suum.
2553 1405 2683 1473 Ejus
2711 1419 2840 1458 vero
2886 1417 3082 1458 nomen
3131 1403 3232 1456 hoc
3286 1403 3425 1454 haud
3481 1399 3644 1454 duhie

2067 1508 2381 1564 corruptum
2410 1507 2492 1548 cst
2516 1512 2577 1550 ex
2601 1495 2937 1564 Clieserogli,
2975 1497 3065 1564 qni
3085 1494 3340 1547 Clieseris
3365 1502 3446 1545 est
3472 1493 3640 1554 lilius,

2068 1589 2133 1639 de
2163 1604 2272 1656 quo
2292 1586 2526 1653 Cliesere
2556 1589 2712 1655 bt'gt),
2739 1585 2888 1652 Elpia
2920 1587 3121 1640 familia
3149 1597 3296 1646 nato,
3347 1593 3639 1637 tractatum

2071 1680 2326 1746 superius
2382 1682 2558 1747 capite
2618 1679 2739 1733 H7.
2796 1677 2912 1733 Non
2959 1688 3136 1732 tamen
3199 1679 3286 1731 hic
3329 1677 3640 1746 Cheserogli

2069 1771 2318 1841 Bajasitis
2349 1787 2534 1840 gener,
2579 1781 2673 1825 aut
2732 1783 2924 1838 captus
2980 1771 3217 1826 secundo
3273 1769 3461 1837 pra-lio
3513 1768 3639 1830 fuit.

2071 1863 2161 1912 sed
2195 1859 2507 1930 llerzecogli
2533 1863 2647 1917 sive
2679 1865 2834 1915 ducis
2862 1862 3025 1925 filius,
3087 1862 3378 1916 Achmetes
3430 1863 3586 1917 hassa
3622 1879 3638 1917 :

385 1935 701 2000 ίιιδοιειιιθΐν
732 1937 810 1991 ιιιὶ
845 1936 1048 1990 dictum
1076 1941 1256 2007 capite
1289 1940 1417 1994 153.
1451 1939 1810 2009 Prosequitur
1836 1957 1966 2009 ergo
1996 1941 2040 2000 Β
2070 1967 2228 2016 quem
2256 1963 2411 2005 antea
2432 1965 2647 2021 quoque
2670 1951 3212 2006 Geuframsconludit
3235 1967 3354 2005 cum
3382 1951 3642 2006 Achmete

385 2027 585 2082 bellum
616 2046 644 2081 a
684 2027 1172 2096 patreiuelioatum
1201 2030 1488 2099 Bajasites,
1526 2036 1685 2085 novis
1739 2032 1960 2100 ἱιιςυιιρι·

385 2122 630 2176 irritatus
662 2122 902 2190 injuriis,
957 2121 1102 2190 quod
1163 2120 1347 2178 Zemis
1409 2123 1655 2191 partibus
1709 2124 1959 2182 sultanus

381 2214 717 2269 Alcairensis
741 2213 989 2269 favisset.
1019 2213 1072 2269 Is
1099 2229 1127 2266 a
1158 2214 1339 2281 Jovio,
1403 2213 1676 2281 Geufraeo,
1726 2219 1957 2282 caeteris,

381 2307 646 2361 Caitlieus
705 2320 815 2360 non
871 2317 1017 2362 recte
1079 2305 1444 2373 nominatur;
1482 2309 1677 2363 melius
1727 2324 1756 2361 a
1800 2308 1961 2362 Petro

383 2406 621 2467 martyre
647 2395 1047 2450 Mediolauensi
1088 2394 1373 2461 Caitbeus,
1431 2398 1590 2466 quasi
1641 2396 1955 2468 Caitbegus,

383 2489 585 2543 suitani
609 2488 935 2544 Mallumetis
956 2499 1131 2560 pater,
1161 2489 1387 2545 dicitur.
1412 2487 1549 2545 Vide
1605 2499 1775 2560 caput
1829 2491 1955 2544 2'57.

383 2581 468 2634 Ab
501 2583 691 2636 eodem
722 2580 902 2635 Zemis
927 2595 1152 2636 uxorem
1189 2589 1245 2635 et
1265 2581 1440 2636 lilium
1473 2579 1612 2636 tradi
1647 2581 1752 2638 sibi
1804 2581 1960 2650 Baja-

383 2676 518 2725 sites
546 2672 875 2739 postulabat.
902 2669 1035 2736 Quis
1067 2681 1245 2727 autem
1313 2671 1478 2725 fuerit
1538 2671 1679 2725 inter
1729 2680 1958 2727 ceteros

388 2765 491 2817 hoc
513 2763 656 2819 bello
667 2763 852 2818 socius
879 2764 1078 2817 sultani
1100 2763 1431 2819 Alcairensis
1453 2762 1601 2817 Usun
1623 2760 1820 2833 Usbeq,
1849 2780 1958 2817 non

383 2855 731 2924 capiimitur.
769 2853 938 2926 458
956 2853 1166 2909 Nomen
1205 2855 1355 2911 Usun
1411 2856 1628 2926 longum
1653 2857 1957 2924 signiﬁcat:

388 2943 484 3007 Us,
513 2946 770 2999 callidqu
806 2955 860 2999 et
901 2955 1166 3000 astutum.
1214 2945 1437 3000 Amicus
1494 2962 1649 3002 meus
1704 2946 1961 3001 Nicolans

387 3035 694 3090 llaunoltus
743 3041 817 3088 ait
870 3035 1050 3104 Usbeg
1082 3033 1198 3090 [ian
1241 3037 1422 3090 vocari
1457 3052 1636 3109 regem
1671 3039 1959 3108 quemdam

386 3126 671 3191 Tataruin,
698 3127 913 3196 longius
941 3125 1107 3181 etiam
1139 3126 1396 3181 dissitum
1430 3143 1592 3196 quam
1645 3128 1715 3183 sit
1755 3128 1958 3184 Cliitai—

379 3233 504 3276 nus.
539 3220 852 3272 Adanorum
880 3214 1075 3273 civitas
1106 3215 1162 3269 in
1189 3215 1378 3271 Cilicia
1406 3217 1541 3270 satis
1573 3228 1656 3271 est
1703 3227 1850 3281 nota,
1895 3218 1961 3269 de

377 3307 693 3364 Grecorum
729 3305 896 3361 etiam
929 3343 946 3369 ,
994 3303 1243 3370 Zonarc,
1292 3305 1623 3375 Cedrinique
1684 3305 1955 3360 historiis.

376 3400 565 3457 Tersis
583 3407 667 3455 est
680 3399 774 3454 illa
787 3397 898 3454 divi
915 3394 1068 3452 Pauli
1085 3400 1260 3468 patria
1277 3392 1507 3463 Tarsus,
1539 3412 1700 3470 quam
1728 3398 1955 3468 Stepha-

379 3511 507 3559 nus,
541 3493 758 3548 urbium
789 3491 1232 3550 Nomenclatoris
1260 3500 1478 3555 auctor,
1534 3490 1740 3546 Grecis
1789 3493 1953 3545 etiam

380 3589 497 3643 vult
525 3587 854 3656 appellatum
888 3584 1059 3647 fuisse
1082 3585 1313 3639 'l‘ersum
1347 3581 1684 3640 etTersiam.
1714 3582 1956 3638 Bellouio

380 3693 527 3732 nunc
555 3677 726 3732 llama
758 3687 1004 3747 putatur,
1037 3687 1091 3732 et
1123 3675 1326 3731 Hamsa
1359 3675 1488 3740 dici,
1518 3690 1612 3744 per
1657 3688 1899 3730 errorem
1943 3691 1954 3724 ;

380 3784 507 3823 cum
543 3785 606 3824 ea
634 3772 707 3824 sit
735 3768 949 3825 Emissa
985 3769 1330 3824 Phoenicum.
1359 3768 1491 3821 Tam
1519 3767 1728 3831 Adana,
1789 3780 1956 3834 quam

380 3862 615 3916 Tarsum
647 3860 850 3914 fluvius
889 3859 1071 3923 alluit,
1095 3859 1189 3928 qui
1215 3857 1410 3927 priscis
1444 3857 1663 3926 Cydnus
1696 3856 1956 3924 erat.jam

381 3956 586 4007 Curasu
612 3952 833 4016 dicitur,
866 3953 933 4006 ab
963 3967 1118 4021 aqua:
1154 3949 1433 4019 profunda:
1455 3950 1611 4016 nigro
1664 3947 1956 4001 admodmn

378 4048 584 4104 colore.

383 4161 506 4214 itit).
535 4158 657 4212 Non
678 4157 854 4220 uiuet,
883 4158 976 4208 sed
1012 4155 1090 4211 bis
1114 4165 1403 4225 pugnaturn
1428 4156 1567 4208 inter
1591 4153 1890 4225 sultqninos
1909 4163 1957 4206 et

455 4231 792 4283 Usiitauicas.
826 4229 1042 4280 Diversa
1073 4223 1308 4285 ηυιηίιια.
1344 4224 1664 4292 Cheserogli,
1707 4223 1958 4278 Cherseo-

452 4300 548 4370 gli,
580 4296 875 4366 llerceoglt',
903 4295 1232 4365 llerucogli,
1255 4295 1606 4362 Clterzecogli.

452 4416 751 4482 Cmperunt
781 4413 1043 4464 hactenus
1070 4425 1100 4463 a
1127 4410 1354 4465 Muratis
1379 4424 1551 4480 usque
1581 4409 1803 4465 secundi
1825 4417 1958 4462 tem-

385 4512 672 4578 poribusa
719 4504 914 4561 Turcis
937 4503 1218 4558 memoria:
1282 4503 1498 4570 prodita
1562 4502 1811 4557 nonnihil
1866 4503 1962 4568 lia-

386 4608 512 4657 bcro
543 4598 790 4670 pluribus
815 4596 869 4651 in
894 4596 1232 4665 explicandis
1301 4596 1465 4650 rebus
1501 4594 1668 4662 gestis
1721 4593 1956 4664 plenius,

381 4667 783 4762 quam—nostris
822 4691 876 4742 in
904 4687 1149 4742 historiis
1175 4687 1403 4757 reperiri
1451 4687 1754 4740 videamus.
1810 4685 1954 4737 lndi-
1987 4667 2032 4720 Β

381 4788 468 4839 cio
499 4793 586 4839 est
649 4783 1034 4852 plerorumque
1064 4789 1377 4834 nostrorum
1403 4791 1560 4832 error
1612 4777 1678 4830 de
1745 4777 1950 4845 praelio,

381 4886 527 4947 quod
560 4892 724 4929 unum
762 4875 979 4928 tradunt
1014 4873 1154 4926 inter
1184 4873 1492 4926 snltaniuos
1529 4879 1587 4925 .el
1637 4868 1956 4924 Osmanicos

379 4971 542 5035 longe
570 4965 956 5037 gravissimum
993 4964 1161 5018 fuisse
1205 4965 1586 5029 commissum,
1633 4970 1780 5016 tanta
1832 4978 1953 5014 cum

382 5063 688 5118 Turcorum
711 5068 915 5127 strage,
933 5069 1194 5126 quantam
1218 5059 1287 5112 ab
1310 5059 1418 5111 alia
1445 5058 1662 5111 natione
1683 5056 1830 5110 orbis
1855 5073 1952 5107 un-

377 5169 544 5224 quam
565 5151 801 5220 perpessi
831 5150 1054 5203 fuerint.
1078 5147 1135 5200 lu
1160 5147 1256 5202 his‘
1273 5156 1357 5202 est
1382 5145 1685 5211 chfrteus,
1710 5147 1804 5214 qui
1842 5158 1952 5197 tum

380 5249 604 5299 nomina
640 5246 861 5306 ducum,
891 5252 1002 5296 tum
1023 5242 1298 5310 geminam
1326 5255 1561 5309 pugnam
1595 5239 1952 5298 confundens.

381 5339 627 5393 exercitu
662 5335 894 5389 'l‘urCico
927 5337 978 5388 in
1014 5334 1194 5401 fugam
1246 5347 1539 5394 cOnverso,
1598 5331 1952 5384 (ilierseoluiu

379 5447 638 5504 generum
673 5429 926 5496 Bajasitis
948 5439 1192 5495 captum,
1226 5427 1501 5478 Alcairum
1560 5425 1627 5478 ad
1678 5425 1953 5478 sultanum

380 5525 667 5581 Caitlieum
697 5522 868 5575 fuisse
897 5520 1191 5574 deductum
1224 5519 1321 5571 ait.
1354 5517 1592 5569 Annales
1619 5525 1798 5568 autem
1818 5513 1956 5588 Τυιτ

383 5617 487 5672 cici
517 5619 686 5668 duces
743 5608 1109 5680 expeditionis
1166 5623 1356 5676 prima:
1419 5607 1621 5659 faeiuut
1668 5604 1953 5658 Ferltatent

386 5717 599 5779 ht‘gUHl,
633 5705 886 5776 Bajasitis
917 5716 1175 5772 generum
1212 5718 1225 5752 :
1263 5702 1722 5765 Caragosamquc,
1748 5699 1953 5765 lit-gler-

386 5801 980 5872 liegumCaramaniw:
1015 5796 1214 5862 quibus
1242 5814 1269 5844 e
1321 5792 1537 5845 duobus
1596 5790 1730 5844 alter
1793 5792 1955 5842 fuerit

387 5911 580 5959 ursus,
612 5897 866 5947 nimirum
910 5892 1170 5943 Ferhatcs
1203 5886 1450 5955 llajasitis
1491 5900 1674 5950 gener.
1727 5882 1954 5951 [Capt-rli-

2070 2041 2304 2105 Geduce,
2340 2043 2481 2096 sicut
2508 2044 2818 2111 expositum
2865 2058 3075 2107 supra,-
3101 2058 3330 2097 numero
3388 2053 3638 2097 notarum

2073 2137 2195 2190 H7.
2243 2136 2451 2189 Nomen
2502 2136 2692 2190 liahuit
2742 2135 3056 2205 llerzecogli
3109 2136 3637 2206 Turcogermanum.

2071 2226 2201 2282 Nam
2235 2243 2395 2294 supra
2426 2237 2668 2281 notatum
2697 2229 2872 2296 capite
2893 2228 2980 2290 93,
3029 2230 3213 2296 plures
3254 2231 3486 2300 papulos
3536 2232 3642 2284 du-

2069 2333 2184 2373 cem
2220 2319 2499 2374 nominare
2532 2321 2797 2376 vocabulo
2823 2338 2850 2373 a
2886 2320 3172 2376 Germanis
3209 2334 3454 2390 accepto,
3507 2323 3640 2376 lli-r-

2071 2418 2215 2479 tzog.
2248 2410 2490 2465 lndidetu
2521 2413 2690 2467 lector
2750 2414 3020 2483 intelligit,
3058 2414 3313 2469 Bozinain
3365 2415 3636 2483 duplici-nt

2070 2503 2209 2556 duos
2256 2503 2511 2560 habuisse
2562 2506 2836 2574 principes
2873 2523 2887 2558 :
2921 2520 3153 2573 quorum
3206 2522 3347 2560 unus
3403 2509 3634 2576 regium,

2071 2595 2207 2646 alter
2231 2593 2388 2648 ducis
2423 2596 2639 2648 titulum
2678 2597 2950 2649 habuerit.
2987 2599 3061 2651 Ex
3105 2597 3293 2651 ultimo
3345 2598 3638 2653 Bozinensi

2067 2684 2204 2736 duce
2237 2694 2400 2736 natus
2424 2683 2524 2737 fuit
2553 2685 2639 2737 hic
2665 2687 2819 2738 ducis
2842 2685 3002 2746 filius.
3038 2685 3116 2738 vel
3151 2685 3486 2753 Iiei‘zec0gli,
3537 2700 3638 2737 cu-

2067 2773 2157 2842 jus
2181 2790 2376 2828 nomen
2414 2776 2515 2828 hoc
2536 2776 2966 2844 variesL-riptum
2991 2777 3186 2844 legitur
3207 2780 3349 2844 apud
3377 2778 3634 2830 historia.

2070 2879 2188 2917 rutn
2215 2874 2480 2918 auctores.
2517 2864 2902 2935 Spanduginus
2936 2867 3098 2921 liabet
3127 2867 3442 2920 vocabulum
3463 2864 3633 2921 Cher-

2070 2957 2293 3023 zetogli,
2324 2957 2469 3024 quod
2501 2958 2638 3009 idem
2670 2969 2752 3011 est
2775 2973 2896 3011 cum
2933 2973 3064 3012 voce
3101 2967 3242 3011 reete
3272 2960 3472 3025 scripta
3497 2955 3632 3010 Ηιιτ-

2070 3050 2291 3116 zecogli.
2315 3048 2418 3102 Sed
2439 3061 2586 3104 errat
2614 3050 2777 3113 idem,
2800 3065 2922 3104 cum
2955 3050 3217 3104 Anatolia:
3251 3049 3632 3120 beglerbegum

2067 3138 2219 3203 facit,
2254 3141 2345 3208 qui
2382 3139 2574 3195 Turcis
2603 3141 3230 3195 auctoribus‘liomania:
3282 3142 3636 3210 beglorhegns

2074 3232 2255 3286 fuerit.
2289 3233 2442 3300 Apud
2474 3232 2770 3288 Malatestte
2797 3235 3151 3288 secretarium
3192 3235 3487 3304 llcrceogle
3545 3252 3632 3288 re-

2063 3325 2288 3392 peritur,
2317 3325 2456 3394 apud
2480 3324 2693 3380 Joviuin
2739 3327 3083 3397 Cherscogle.
3118 3325 3222 3381 Sed
3280 3330 3393 3382 haec
3448 3328 3636 3381 omnia

2057 3417 2348 3486 depravata
2378 3429 2507 3473 sunt
2531 3434 2596 3474 ex
2627 3419 2720 3474 illo
2764 3418 3232 3491 Turcagermano,
3281 3422 3424 3490 quod
3489 3420 3633 3473 dixi-

2061 3527 2201 3564 inus.

2060 3622 2184 3697 16L.
2231 3603 2387 3679 Finis.
2405 3626 2629 3697 ducatus
2663 3625 2991 3688 Boziueusis,
3019 3628 3094 3680 vel
3126 3626 3517 3697 Herzegovina'.
3552 3629 3629 3682 vel

2133 3695 2749 3767 lleruga’,ue10rsegw,
2772 3698 2846 3751 re!
2865 3698 2924 3751 S.
2945 3697 3120 3759 Sabar.
3139 3699 3219 3751 vel
3244 3695 3439 3752 Mentis
3456 3698 3629 3767 Nigri.

2127 3766 2391 3822 Aclametis
2420 3767 2758 3835 llersecuglis
2787 3770 2955 3821 bassis
3007 3770 3253 3821 historia.
3315 3819 3318 3822 .

2132 3877 2523 3933 Recensuimns
2553 3895 2734 3948 supra,
2764 3866 2942 3949 capite
2999 3892 3248 3936 notarum
3296 3883 3416 3943 141.
3478 3885 3627 3951 regni

2059 3969 2374 4027 Bozinensis
2401 3974 2700 4036 interitum,
2727 3989 2873 4027 nunc
2897 3975 2987 4043 qui
3033 3975 3264 4046 ducatus
3319 3975 3630 4029 Bozineusis

2059 4061 2237 4116 exitus
2269 4061 2449 4127 fuerit,
2476 4063 2660 4116 itidem
2679 4077 3172 4118 commemoremus
3200 4071 3217 4130 ς
3245 4062 3318 4118 ita
3364 4063 3631 4130 promisso

2063 4166 2267 4218 nostro,
2306 4167 2360 4208 et
2387 4154 2552 4223 hujus
2573 4155 2728 4209 ducis
2754 4156 2866 4218 ﬂlii,
2901 4157 2982 4208 vel
3009 4154 3357 4222 llerzecoglia
3400 4153 3629 4208 historia

2060 4254 2336 4316 poscente.
2369 4243 2502 4299 Nam
2531 4246 2771 4300 Annales
2824 4247 2998 4311 aiunt,
3037 4245 3350 4299 Acbmetetn
3411 4244 3626 4300 bassam

2062 4337 2457 4408 llerzecoglim,
2507 4337 2693 4407 pra-lio
2758 4349 2947 4392 contra
3006 4337 3310 4393 sultauinos
3359 4341 3625 4397 secundo,

2059 4444 2185 4484 cum
2221 4444 2363 4496 equo
2394 4428 2727 4496 prolapsum,
2759 4430 2811 4480 ili
2845 4427 3244 4481 sultaninorum
3293 4442 3486 4482 manus
3543 4443 3632 4480 ve—

2062 4523 2232 4584 nisse,
2254 4521 2658 4588 deductumque
2687 4521 2857 4574 fuisse
2881 4520 2947 4574 ad
2989 4515 3276 4588 Vibegum,
3330 4528 3386 4574 et
3442 4532 3628 4573 Cllle-

2063 4615 2164 4666 ἀίω
2241 4612 2518 4667 traditum.
2576 4612 2914 4666 Seeretarius
2961 4621 3143 4664 autem
3202 4609 3627 4674 Malatestanus,

2058 4709 2248 4758 eadem
2324 4718 2552 4758 narrans
2588 4719 2602 4756 :
2637 4702 2923 4769 Bajasites,
2976 4702 3173 4771 inquit,
3234 4704 3427 4755 nuntio
3457 4703 3627 4755 eladis

2058 4813 2283 4852 suorum
2359 4808 2584 4867 accepto
2620 4834 2637 4857 .
2693 4798 3066 4865 indignatione
3119 4797 3347 4849 nimium
3422 4807 3627 4864 quanta

2057 4906 2376 4953 succensus,
2402 4891 2582 4943 denuo
2612 4899 2999 4958 pr:epotentem
3047 4890 3304 4943 instruxit
3325 4892 3624 4944 exercitum

2057 4985 2215 5049 eique
2264 4995 2519 5050 Supremo
2552 4995 2672 5034 cum
2707 4981 2930 5047 imperio
2982 4977 3223 5046 praefecit
3258 4977 3623 5047 Herceoglim,

2059 5070 2318 5140 Stephani
2380 5070 2654 5140 quondam
2687 5068 2744 5123 S.
2779 5071 2935 5122 Savo:
2957 5067 3114 5122 ducis
3149 5067 3315 5122 filium
3344 5084 3359 5121 :
3393 5068 3490 5137 qui
3534 5071 3630 5120 ad-

2058 5178 2213 5215 versa
2268 5161 2500 5231 quadam
2556 5159 2772 5212 fortuna
2819 5168 3106 5224 superatus
3143 5196 3159 5222 ,
3234 5167 3288 5211 et
3359 5158 3626 5212 universis

2057 5268 2178 5305 cum
2240 5252 2411 5319 copiis
2461 5264 2634 5304 caesus
2671 5251 2791 5311 fuit,
2813 5249 2974 5302 etiam
3006 5247 3181 5300 tribus
3205 5249 3251 5299 ei
3277 5247 3479 5300 dextrae
3512 5264 3625 5298 nia-

2059 5358 2163 5395 nus
2239 5342 2425 5410 digitis
2510 5343 2823 5407 amputatis.
2911 5338 3202 5393 Videamus
3277 5352 3428 5407 ergo,
3508 5352 3629 5402 Quae

2059 5432 2222 5485 fuerit
2247 5433 2408 5499 hujus
2437 5442 2542 5483 tam
2562 5432 2735 5498 origo,
2774 5445 2935 5497 quam
2957 5430 3159 5483 familia
3206 5444 3222 5493 ;
3252 5444 3370 5496 qua:
3399 5428 3468 5482 ad
3491 5427 3628 5492 Thr-

2059 5541 2152 5578 cos
2185 5524 2468 5576 deiiciendi
2499 5522 2713 5575 occasio
2746 5537 2760 5584 ;
2800 5524 2890 5590 qui
2923 5521 3156 5588 denique
3191 5525 3355 5574 totius
3384 5523 3576 5588 gentis,
3599 5542 3627 5571 υ

2057 5632 2164 5685 qua
2213 5624 2371 5669 natus
2416 5625 2553 5677 eral,
2602 5616 2872 5667 interitus.
2911 5612 3132 5665 Diversa
3152 5629 3278 5665 vero
3317 5610 3626 5665 referuntur

2058 5723 2088 5760 a
2146 5707 2358 5761 duobus
2383 5705 2717 5781 auctoribus,
2779 5703 3134 5772 Spandugino
3179 5711 3234 5756 et
3268 5698 3425 5757 Jovio
3454 5718 3626 5769 :quus

2058 5799 2277 5867 quidem
2302 5798 2514 5860 ambos,
2574 5804 2630 5850 ct
2677 5796 2852 5861 primo
2905 5795 3153 5848 Graecum
3207 5795 3383 5856 illum,
3433 5797 3625 5848 audia-

2061 5907 2200 5945 mus.
2251 5888 2534 5953 Narratis,
2572 5895 2692 5941 ante
2723 5887 2833 5939 luce
2884 5897 3128 5954 tcmpora
3185 5887 3458 5939 sultauum
3514 5884 3626 5936 Mu-
