  <div class='ocr_page' id='page_1' title='image "/cluster/home/n/w/nwhite01/storage/ocr_20150623/159/mdp.39015015350443/427.png"; bbox 0 0 4228 6298; ppageno 0'>
   <div class='ocr_carea' id='block_1_1' title="bbox 576 416 685 477">
    <p class='ocr_par' dir='ltr' id='par_1_1' title="bbox 576 416 685 477">
     <span class='ocr_line' id='line_1_1' title="bbox 576 416 685 477; baseline -0.018 -1"><span class='ocrx_word' id='word_1_1' title='bbox 576 416 685 477; x_wconf 77' lang='lat'><strong>839</strong></span> 
     </span>
    </p>
   </div>
   <div class='ocr_carea' id='block_1_2' title="bbox 1778 410 2616 471">
    <p class='ocr_par' dir='ltr' id='par_1_2' title="bbox 1778 410 2616 471">
     <span class='ocr_line' id='line_1_2' title="bbox 1778 410 2616 471; baseline -0.002 0"><span class='ocrx_word' id='word_1_2' title='bbox 1778 410 2106 471; x_wconf 73' lang='grc' dir='ltr'><strong>,ΙΟΑΝΝΙΞ</strong></span> <span class='ocrx_word' id='word_1_3' title='bbox 2143 410 2616 471; x_wconf 77' lang='lat' dir='ltr'><strong>LEUNCLAVII</strong></span> 
     </span>
    </p>
   </div>
   <div class='ocr_carea' id='block_1_3' title="bbox 3728 413 3847 478">
    <p class='ocr_par' dir='ltr' id='par_1_3' title="bbox 3728 413 3847 478">
     <span class='ocr_line' id='line_1_3' title="bbox 3728 413 3847 478; baseline -0.034 -1"><span class='ocrx_word' id='word_1_4' title='bbox 3728 413 3847 478; x_wconf 71' lang='lat'><strong>849</strong></span> 
     </span>
    </p>
   </div>
   <div class='ocr_carea' id='block_1_4' title="bbox 569 526 3844 596">
    <p class='ocr_par' dir='ltr' id='par_1_4' title="bbox 569 526 3844 596">
     <span class='ocr_line' id='line_1_4' title="bbox 569 526 3844 596; baseline -0.002 -9"><span class='ocrx_word' id='word_1_5' title='bbox 569 539 873 587; x_wconf 82' lang='lat' dir='ltr'><strong>cheruetmn</strong></span> <span class='ocrx_word' id='word_1_6' title='bbox 912 528 953 581; x_wconf 89' lang='lat' dir='ltr'><strong>ll</strong></span> <span class='ocrx_word' id='word_1_7' title='bbox 979 529 1435 584; x_wconf 60' lang='lat' dir='ltr'><strong>deurevissecnm</strong></span> <span class='ocrx_word' id='word_1_8' title='bbox 1473 527 1655 581; x_wconf 71' lang='lat' dir='ltr'><strong>animo</strong></span> <span class='ocrx_word' id='word_1_9' title='bbox 1673 544 1796 592; x_wconf 88' lang='lat' dir='ltr'><strong>suo,</strong></span> <span class='ocrx_word' id='word_1_10' title='bbox 1840 529 2153 595; x_wconf 69' lang='lat' dir='ltr'><strong>subjugum</strong></span> <span class='ocrx_word' id='word_1_11' title='bbox 2184 534 2235 592; x_wconf 72' lang='grc' dir='ltr'>Α</span> <span class='ocrx_word' id='word_1_12' title='bbox 2266 540 2391 582; x_wconf 87' lang='lat' dir='ltr'><strong>tuus</strong></span> <span class='ocrx_word' id='word_1_13' title='bbox 2444 528 2566 581; x_wconf 86' lang='lat' dir='ltr'><strong>fuit.</strong></span> <span class='ocrx_word' id='word_1_14' title='bbox 2629 527 2683 580; x_wconf 91' lang='lat' dir='ltr'><strong>ld</strong></span> <span class='ocrx_word' id='word_1_15' title='bbox 2717 526 3035 594; x_wconf 76' lang='lat' dir='ltr'><strong>oppidulum</strong></span> <span class='ocrx_word' id='word_1_16' title='bbox 3098 539 3180 579; x_wconf 81' lang='lat' dir='ltr'><strong>est</strong></span> <span class='ocrx_word' id='word_1_17' title='bbox 3227 528 3421 583; x_wconf 84' lang='lat' dir='ltr'><strong>insuhe</strong></span> <span class='ocrx_word' id='word_1_18' title='bbox 3468 531 3844 596; x_wconf 66' lang='lat' dir='ltr'><strong>cognominis.</strong></span> 
     </span>
    </p>
   </div>
   <div class='ocr_carea' id='block_1_5' title="bbox 570 620 2158 689">
    <p class='ocr_par' dir='ltr' id='par_1_5' title="bbox 570 620 2158 689">
     <span class='ocr_line' id='line_1_5' title="bbox 570 620 2158 689; baseline -0.004 -12"><span class='ocrx_word' id='word_1_19' title='bbox 570 625 1051 677; x_wconf 66' lang='lat' dir='ltr'><strong>mittere-ducatum</strong></span> <span class='ocrx_word' id='word_1_20' title='bbox 1076 622 1452 680; x_wconf 77' lang='lat' dir='ltr'><strong>llnziiieusi-ut,</strong></span> <span class='ocrx_word' id='word_1_21' title='bbox 1469 622 1627 687; x_wconf 83' lang='lat' dir='ltr'><strong>cujus</strong></span> <span class='ocrx_word' id='word_1_22' title='bbox 1650 620 1900 689; x_wconf 85' lang='lat' dir='ltr'><strong>princeps</strong></span> <span class='ocrx_word' id='word_1_23' title='bbox 1923 621 2158 685; x_wconf 77' lang='lat' dir='ltr'><strong>Stepha-</strong></span> 
     </span>
    </p>
   </div>
   <div class='ocr_carea' id='block_1_6' title="bbox 568 710 2159 779">
    <p class='ocr_par' dir='ltr' id='par_1_6' title="bbox 568 710 2159 779">
     <span class='ocr_line' id='line_1_6' title="bbox 568 710 2159 779; baseline -0.006 -6"><span class='ocrx_word' id='word_1_24' title='bbox 568 735 672 773; x_wconf 84' lang='lat' dir='ltr'><strong>nus</strong></span> <span class='ocrx_word' id='word_1_25' title='bbox 702 717 756 769; x_wconf 90' lang='lat' dir='ltr'><strong>S.</strong></span> <span class='ocrx_word' id='word_1_26' title='bbox 778 718 931 769; x_wconf 73' lang='lat' dir='ltr'><strong>Saba:</strong></span> <span class='ocrx_word' id='word_1_27' title='bbox 954 716 1081 776; x_wconf 76' lang='lat' dir='ltr'><strong>dux,</strong></span> <span class='ocrx_word' id='word_1_28' title='bbox 1109 724 1159 767; x_wconf 87' lang='lat' dir='ltr'><strong>et</strong></span> <span class='ocrx_word' id='word_1_29' title='bbox 1191 712 1503 765; x_wconf 74' lang='lat' dir='ltr'><strong>ilerzer-hus</strong></span> <span class='ocrx_word' id='word_1_30' title='bbox 1536 710 1939 779; x_wconf 73' lang='lat' dir='ltr'><strong>(animadvertit</strong></span> <span class='ocrx_word' id='word_1_31' title='bbox 1992 714 2159 765; x_wconf 90' lang='lat' dir='ltr'><strong>lector</strong></span> 
     </span>
    </p>
   </div>
   <div class='ocr_carea' id='block_1_7' title="bbox 567 800 2160 872">
    <p class='ocr_par' dir='ltr' id='par_1_7' title="bbox 567 800 2160 872">
     <span class='ocr_line' id='line_1_7' title="bbox 567 800 2160 872; baseline -0.007 -8"><span class='ocrx_word' id='word_1_32' title='bbox 567 808 947 864; x_wconf 76' lang='lat' dir='ltr'><strong>Germanicam</strong></span> <span class='ocrx_word' id='word_1_33' title='bbox 972 820 1159 860; x_wconf 66' lang='lat' dir='ltr'><strong>vovent</strong></span> <span class='ocrx_word' id='word_1_34' title='bbox 1204 801 1462 872; x_wconf 75' lang='lat' dir='ltr'><strong>lleitzog)</strong></span> <span class='ocrx_word' id='word_1_35' title='bbox 1500 804 1663 871; x_wconf 72' lang='lat' dir='ltr'><strong>vulgo</strong></span> <span class='ocrx_word' id='word_1_36' title='bbox 1712 800 1877 856; x_wconf 89' lang='lat' dir='ltr'><strong>fuerit</strong></span> <span class='ocrx_word' id='word_1_37' title='bbox 1922 803 2160 870; x_wconf 85' lang='lat' dir='ltr'><strong>appella-</strong></span> 
     </span>
    </p>
   </div>
   <div class='ocr_carea' id='block_1_8' title="bbox 573 892 2157 965">
    <p class='ocr_par' dir='ltr' id='par_1_8' title="bbox 573 892 2157 965">
     <span class='ocr_line' id='line_1_8' title="bbox 573 892 2157 965; baseline -0.006 -13"><span class='ocrx_word' id='word_1_38' title='bbox 573 911 685 953; x_wconf 90' lang='lat' dir='ltr'><strong>tos.</strong></span> <span class='ocrx_word' id='word_1_39' title='bbox 760 896 934 965; x_wconf 85' lang='lat' dir='ltr'><strong>Ipsam</strong></span> <span class='ocrx_word' id='word_1_40' title='bbox 1014 894 1290 964; x_wconf 76' lang='lat' dir='ltr'><strong>regionem</strong></span> <span class='ocrx_word' id='word_1_41' title='bbox 1351 892 1627 962; x_wconf 77' lang='lat' dir='ltr'><strong>flagusaais</strong></span> <span class='ocrx_word' id='word_1_42' title='bbox 1672 908 1793 945; x_wconf 82' lang='lat' dir='ltr'><strong>esse</strong></span> <span class='ocrx_word' id='word_1_43' title='bbox 1846 894 2157 956; x_wconf 86' lang='lat' dir='ltr'><strong>finitimam,</strong></span> 
     </span>
    </p>
   </div>
   <div class='ocr_carea' id='block_1_9' title="bbox 572 986 2159 1054">
    <p class='ocr_par' dir='ltr' id='par_1_9' title="bbox 572 986 2159 1054">
     <span class='ocr_line' id='line_1_9' title="bbox 572 986 2159 1054; baseline -0.002 -12"><span class='ocrx_word' id='word_1_44' title='bbox 572 993 718 1042; x_wconf 82' lang='lat' dir='ltr'><strong>inter</strong></span> <span class='ocrx_word' id='word_1_45' title='bbox 762 1004 898 1054; x_wconf 87' lang='lat' dir='ltr'><strong>quos</strong></span> <span class='ocrx_word' id='word_1_46' title='bbox 951 999 1003 1041; x_wconf 90' lang='lat' dir='ltr'><strong>et</strong></span> <span class='ocrx_word' id='word_1_47' title='bbox 1074 988 1372 1054; x_wconf 78' lang='lat' dir='ltr'><strong>principem</strong></span> <span class='ocrx_word' id='word_1_48' title='bbox 1449 986 1785 1053; x_wconf 77' lang='lat' dir='ltr'><strong>Stephanum</strong></span> <span class='ocrx_word' id='word_1_49' title='bbox 1846 988 2159 1039; x_wconf 80' lang='lat' dir='ltr'><strong>siinnltat-s</strong></span> 
     </span>
    </p>
   </div>
   <div class='ocr_carea' id='block_1_10' title="bbox 572 1080 2159 1148">
    <p class='ocr_par' dir='ltr' id='par_1_10' title="bbox 572 1080 2159 1148">
     <span class='ocr_line' id='line_1_10' title="bbox 572 1080 2159 1148; baseline -0.004 -10"><span class='ocrx_word' id='word_1_50' title='bbox 572 1083 1005 1145; x_wconf 69' lang='lat' dir='ltr'><strong>intercesserint,</strong></span> <span class='ocrx_word' id='word_1_51' title='bbox 1034 1097 1097 1133; x_wconf 82' lang='lat' dir='ltr'><strong>ex</strong></span> <span class='ocrx_word' id='word_1_52' title='bbox 1138 1096 1307 1133; x_wconf 87' lang='lat' dir='ltr'><strong>causa</strong></span> <span class='ocrx_word' id='word_1_53' title='bbox 1370 1084 1602 1148; x_wconf 88' lang='lat' dir='ltr'><strong>quadam</strong></span> <span class='ocrx_word' id='word_1_54' title='bbox 1648 1081 1982 1147; x_wconf 86' lang='lat' dir='ltr'><strong>hujusmndi.</strong></span> <span class='ocrx_word' id='word_1_55' title='bbox 2030 1080 2159 1132; x_wconf 88' lang='lat' dir='ltr'><strong>Erat</strong></span> 
     </span>
    </p>
   </div>
   <div class='ocr_carea' id='block_1_11' title="bbox 572 1172 2158 1242">
    <p class='ocr_par' dir='ltr' id='par_1_11' title="bbox 572 1172 2158 1242">
     <span class='ocr_line' id='line_1_11' title="bbox 572 1172 2158 1242; baseline -0.004 -12"><span class='ocrx_word' id='word_1_56' title='bbox 572 1180 696 1230; x_wconf 78' lang='lat' dir='ltr'><strong>duci</strong></span> <span class='ocrx_word' id='word_1_57' title='bbox 722 1176 957 1242; x_wconf 80' lang='lat' dir='ltr'><strong>legitima</strong></span> <span class='ocrx_word' id='word_1_58' title='bbox 984 1172 1214 1239; x_wconf 87' lang='lat' dir='ltr'><strong>conjox,</strong></span> <span class='ocrx_word' id='word_1_59' title='bbox 1238 1190 1267 1225; x_wconf 89' lang='lat' dir='ltr'><strong>e</strong></span> <span class='ocrx_word' id='word_1_60' title='bbox 1298 1189 1403 1241; x_wconf 86' lang='lat' dir='ltr'><strong>qna</strong></span> <span class='ocrx_word' id='word_1_61' title='bbox 1434 1182 1541 1225; x_wconf 88' lang='lat' dir='ltr'><strong>tres</strong></span> <span class='ocrx_word' id='word_1_62' title='bbox 1575 1172 1778 1225; x_wconf 89' lang='lat' dir='ltr'><strong>liberos</strong></span> <span class='ocrx_word' id='word_1_63' title='bbox 1827 1188 2006 1227; x_wconf 85' lang='lat' dir='ltr'><strong>mares</strong></span> <span class='ocrx_word' id='word_1_64' title='bbox 2034 1188 2158 1225; x_wconf 85' lang='lat' dir='ltr'><strong>sus-</strong></span> 
     </span>
    </p>
   </div>
   <div class='ocr_carea' id='block_1_12' title="bbox 573 1266 2157 1335">
    <p class='ocr_par' dir='ltr' id='par_1_12' title="bbox 573 1266 2157 1335">
     <span class='ocr_line' id='line_1_12' title="bbox 573 1266 2157 1335; baseline -0.004 -13"><span class='ocrx_word' id='word_1_65' title='bbox 573 1280 830 1335; x_wconf 75' lang='lat' dir='ltr'><strong>c-pei&#39;at:</strong></span> <span class='ocrx_word' id='word_1_66' title='bbox 868 1268 1178 1321; x_wconf 79' lang='lat' dir='ltr'><strong>Ladislaum</strong></span> <span class='ocrx_word' id='word_1_67' title='bbox 1199 1274 1323 1317; x_wconf 85' lang='lat' dir='ltr'><strong>natu</strong></span> <span class='ocrx_word' id='word_1_68' title='bbox 1348 1266 1666 1330; x_wconf 79' lang='lat' dir='ltr'><strong>maximum,</strong></span> <span class='ocrx_word' id='word_1_69' title='bbox 1688 1266 1777 1318; x_wconf 91' lang='lat' dir='ltr'><strong>cui</strong></span> <span class='ocrx_word' id='word_1_70' title='bbox 1800 1268 1983 1333; x_wconf 77' lang='lat' dir='ltr'><strong>nupsit</strong></span> <span class='ocrx_word' id='word_1_71' title='bbox 2003 1267 2157 1316; x_wconf 72' lang='lat' dir='ltr'><strong>Anna</strong></span> 
     </span>
    </p>
   </div>
   <div class='ocr_carea' id='block_1_13' title="bbox 570 1356 2157 1433">
    <p class='ocr_par' dir='ltr' id='par_1_13' title="bbox 570 1356 2157 1433">
     <span class='ocr_line' id='line_1_13' title="bbox 570 1356 2157 1433; baseline -0.001 -20"><span class='ocrx_word' id='word_1_72' title='bbox 570 1361 736 1433; x_wconf 62' lang='lat'><strong>459</strong></span> <span class='ocrx_word' id='word_1_73' title='bbox 756 1360 1135 1413; x_wconf 80' lang='lat' dir='ltr'><strong>Cantaeuxena</strong></span> <span class='ocrx_word' id='word_1_74' title='bbox 1172 1376 1185 1411; x_wconf 90' lang='lat'>:</span> <span class='ocrx_word' id='word_1_75' title='bbox 1212 1356 1568 1425; x_wconf 70' lang='lat' dir='ltr'><strong>Stephanum,</strong></span> <span class='ocrx_word' id='word_1_76' title='bbox 1596 1357 2095 1419; x_wconf 67' lang='lat' dir='ltr'><strong>secundogenitum</strong></span> <span class='ocrx_word' id='word_1_77' title='bbox 2143 1374 2157 1411; x_wconf 87' lang='lat'><strong>:</strong></span> 
     </span>
    </p>
   </div>
   <div class='ocr_carea' id='block_1_14' title="bbox 573 1448 2154 1512">
    <p class='ocr_par' dir='ltr' id='par_1_14' title="bbox 573 1448 2154 1512">
     <span class='ocr_line' id='line_1_14' title="bbox 573 1448 2154 1512; baseline -0.002 -10"><span class='ocrx_word' id='word_1_78' title='bbox 573 1469 625 1503; x_wconf 76' lang='lat' dir='ltr'><strong>it</strong></span> <span class='ocrx_word' id='word_1_79' title='bbox 648 1455 921 1512; x_wconf 86' lang='lat' dir='ltr'><strong>ultimum,</strong></span> <span class='ocrx_word' id='word_1_80' title='bbox 956 1449 1225 1503; x_wconf 84' lang='lat' dir='ltr'><strong>Vaticani.</strong></span> <span class='ocrx_word' id='word_1_81' title='bbox 1260 1449 1473 1503; x_wconf 82' lang='lat' dir='ltr'><strong>Accidit</strong></span> <span class='ocrx_word' id='word_1_82' title='bbox 1498 1458 1706 1509; x_wconf 89' lang='lat' dir='ltr'><strong>autem,</strong></span> <span class='ocrx_word' id='word_1_83' title='bbox 1742 1459 1797 1501; x_wconf 91' lang='lat' dir='ltr'><strong>ut</strong></span> <span class='ocrx_word' id='word_1_84' title='bbox 1838 1448 2154 1501; x_wconf 84' lang='lat' dir='ltr'><strong>Florentina</strong></span> 
     </span>
    </p>
   </div>
   <div class='ocr_carea' id='block_1_15' title="bbox 575 1542 2156 1610">
    <p class='ocr_par' dir='ltr' id='par_1_15' title="bbox 575 1542 2156 1610">
     <span class='ocr_line' id='line_1_15' title="bbox 575 1542 2156 1610; baseline -0.003 -14"><span class='ocrx_word' id='word_1_85' title='bbox 575 1545 826 1610; x_wconf 72' lang='grc' dir='ltr'>ιιιιειιὼιιιι</span> <span class='ocrx_word' id='word_1_86' title='bbox 897 1544 1117 1606; x_wconf 79' lang='lat' dir='ltr'><strong>mulier,</strong></span> <span class='ocrx_word' id='word_1_87' title='bbox 1148 1546 1470 1598; x_wconf 71' lang='lat' dir='ltr'><strong>excellentis</strong></span> <span class='ocrx_word' id='word_1_88' title='bbox 1520 1544 1729 1606; x_wconf 59' lang='lat' dir='ltr'><strong>format,</strong></span> <span class='ocrx_word' id='word_1_89' title='bbox 1770 1543 1865 1595; x_wconf 87' lang='lat' dir='ltr'><strong>sed</strong></span> <span class='ocrx_word' id='word_1_90' title='bbox 1925 1542 2156 1595; x_wconf 88' lang='lat' dir='ltr'><strong>nimium</strong></span> 
     </span>
    </p>
   </div>
   <div class='ocr_carea' id='block_1_16' title="bbox 577 1632 2159 1705">
    <p class='ocr_par' dir='ltr' id='par_1_16' title="bbox 577 1632 2159 1705">
     <span class='ocr_line' id='line_1_16' title="bbox 577 1632 2159 1705; baseline -0.001 -17"><span class='ocrx_word' id='word_1_91' title='bbox 577 1640 825 1705; x_wconf 73' lang='lat' dir='ltr'><strong>corporis</strong></span> <span class='ocrx_word' id='word_1_92' title='bbox 857 1639 939 1689; x_wconf 90' lang='lat' dir='ltr'><strong>sui</strong></span> <span class='ocrx_word' id='word_1_93' title='bbox 984 1637 1232 1705; x_wconf 70' lang='lat' dir='ltr'><strong>prodiga,</strong></span> <span class='ocrx_word' id='word_1_94' title='bbox 1296 1653 1415 1690; x_wconf 83' lang='lat' dir='ltr'><strong>sese</strong></span> <span class='ocrx_word' id='word_1_95' title='bbox 1449 1638 1501 1689; x_wconf 90' lang='lat' dir='ltr'><strong>in</strong></span> <span class='ocrx_word' id='word_1_96' title='bbox 1534 1638 1675 1689; x_wconf 89' lang='lat' dir='ltr'><strong>hanc</strong></span> <span class='ocrx_word' id='word_1_97' title='bbox 1710 1637 1945 1690; x_wconf 72' lang='lat' dir='ltr'><strong>ducatus</strong></span> <span class='ocrx_word' id='word_1_98' title='bbox 2003 1632 2159 1684; x_wconf 70' lang='lat' dir='ltr'><strong>Butl-</strong></span> 
     </span>
    </p>
   </div>
   <div class='ocr_carea' id='block_1_17' title="bbox 580 1729 2155 1797">
    <p class='ocr_par' dir='ltr' id='par_1_17' title="bbox 580 1729 2155 1797">
     <span class='ocr_line' id='line_1_17' title="bbox 580 1729 2155 1797; baseline 0 -16"><span class='ocrx_word' id='word_1_99' title='bbox 580 1730 767 1783; x_wconf 80' lang='lat' dir='ltr'><strong>uensis</strong></span> <span class='ocrx_word' id='word_1_100' title='bbox 818 1731 1120 1797; x_wconf 72' lang='lat' dir='ltr'><strong>regionem.</strong></span> <span class='ocrx_word' id='word_1_101' title='bbox 1178 1729 1367 1784; x_wconf 87' lang='lat' dir='ltr'><strong>relicta</strong></span> <span class='ocrx_word' id='word_1_102' title='bbox 1424 1733 1621 1797; x_wconf 85' lang='lat' dir='ltr'><strong>patria,</strong></span> <span class='ocrx_word' id='word_1_103' title='bbox 1677 1730 1975 1783; x_wconf 84' lang='lat' dir='ltr'><strong>cooferret.</strong></span> <span class='ocrx_word' id='word_1_104' title='bbox 2043 1730 2155 1781; x_wconf 84' lang='lat' dir='ltr'><strong>Dux</strong></span> 
     </span>
    </p>
   </div>
   <div class='ocr_carea' id='block_1_18' title="bbox 582 1824 2156 1892">
    <p class='ocr_par' dir='ltr' id='par_1_18' title="bbox 582 1824 2156 1892">
     <span class='ocr_line' id='line_1_18' title="bbox 582 1824 2156 1892; baseline -0.003 -14"><span class='ocrx_word' id='word_1_105' title='bbox 582 1826 916 1892; x_wconf 82' lang='lat' dir='ltr'><strong>Stephanus,</strong></span> <span class='ocrx_word' id='word_1_106' title='bbox 955 1824 1045 1887; x_wconf 87' lang='lat' dir='ltr'><strong>qui</strong></span> <span class='ocrx_word' id='word_1_107' title='bbox 1084 1825 1284 1892; x_wconf 70' lang='lat' dir='ltr'><strong>smpius</strong></span> <span class='ocrx_word' id='word_1_108' title='bbox 1316 1825 1625 1892; x_wconf 77' lang='lat' dir='ltr'><strong>accepisset</strong></span> <span class='ocrx_word' id='word_1_109' title='bbox 1659 1838 1724 1877; x_wconf 83' lang='lat' dir='ltr'><strong>ex</strong></span> <span class='ocrx_word' id='word_1_110' title='bbox 1769 1824 2004 1876; x_wconf 89' lang='lat' dir='ltr'><strong>aliorum</strong></span> <span class='ocrx_word' id='word_1_111' title='bbox 2039 1838 2156 1875; x_wconf 82' lang='lat' dir='ltr'><strong>ser-</strong></span> 
     </span>
    </p>
   </div>
   <div class='ocr_carea' id='block_1_19' title="bbox 2264 619 3847 689">
    <p class='ocr_par' dir='ltr' id='par_1_19' title="bbox 2264 619 3847 689">
     <span class='ocr_line' id='line_1_19' title="bbox 2264 619 3847 689; baseline -0.002 -16"><span class='ocrx_word' id='word_1_112' title='bbox 2264 621 2318 674; x_wconf 88' lang='lat' dir='ltr'><strong>in</strong></span> <span class='ocrx_word' id='word_1_113' title='bbox 2353 619 2666 672; x_wconf 78' lang='lat' dir='ltr'><strong>lladriatiro</strong></span> <span class='ocrx_word' id='word_1_114' title='bbox 2723 622 2845 673; x_wconf 93' lang='lat' dir='ltr'><strong>sinu</strong></span> <span class='ocrx_word' id='word_1_115' title='bbox 2899 629 3115 689; x_wconf 86' lang='lat' dir='ltr'><strong>propter</strong></span> <span class='ocrx_word' id='word_1_116' title='bbox 3156 621 3521 675; x_wconf 84' lang='lat' dir='ltr'><strong>Dalmatinnm</strong></span> <span class='ocrx_word' id='word_1_117' title='bbox 3560 622 3715 676; x_wconf 83' lang='lat' dir='ltr'><strong>littus</strong></span> <span class='ocrx_word' id='word_1_118' title='bbox 3745 639 3847 674; x_wconf 74' lang='lat' dir='ltr'><strong>se.-</strong></span> 
     </span>
    </p>
   </div>
   <div class='ocr_carea' id='block_1_20' title="bbox 2263 710 3848 780">
    <p class='ocr_par' dir='ltr' id='par_1_20' title="bbox 2263 710 3848 780">
     <span class='ocr_line' id='line_1_20' title="bbox 2263 710 3848 780; baseline -0.001 -15"><span class='ocrx_word' id='word_1_119' title='bbox 2263 713 2456 765; x_wconf 79' lang='lat' dir='ltr'><strong>cuuda:</strong></span> <span class='ocrx_word' id='word_1_120' title='bbox 2499 722 2620 780; x_wconf 83' lang='lat' dir='ltr'><strong>post</strong></span> <span class='ocrx_word' id='word_1_121' title='bbox 2671 711 2952 779; x_wconf 74' lang='lat' dir='ltr'><strong>Veghiam,</strong></span> <span class='ocrx_word' id='word_1_122' title='bbox 3020 727 3183 779; x_wconf 88' lang='lat' dir='ltr'><strong>quam</strong></span> <span class='ocrx_word' id='word_1_123' title='bbox 3230 710 3468 766; x_wconf 88' lang='lat' dir='ltr'><strong>Ortelius</strong></span> <span class='ocrx_word' id='word_1_124' title='bbox 3543 730 3648 765; x_wconf 89' lang='lat' dir='ltr'><strong>non</strong></span> <span class='ocrx_word' id='word_1_125' title='bbox 3694 724 3848 765; x_wconf 79' lang='lat' dir='ltr'><strong>terte</strong></span> 
     </span>
    </p>
   </div>
   <div class='ocr_carea' id='block_1_21' title="bbox 2264 801 3846 874">
    <p class='ocr_par' dir='ltr' id='par_1_21' title="bbox 2264 801 3846 874">
     <span class='ocr_line' id='line_1_21' title="bbox 2264 801 3846 874; baseline 0 -17"><span class='ocrx_word' id='word_1_126' title='bbox 2264 801 2525 859; x_wconf 83' lang='lat' dir='ltr'><strong>Vecliiam</strong></span> <span class='ocrx_word' id='word_1_127' title='bbox 2569 806 2812 873; x_wconf 83' lang='lat' dir='ltr'><strong>scripsit,</strong></span> <span class='ocrx_word' id='word_1_128' title='bbox 2842 816 2892 858; x_wconf 89' lang='lat' dir='ltr'><strong>et</strong></span> <span class='ocrx_word' id='word_1_129' title='bbox 2952 806 3107 873; x_wconf 79' lang='lat' dir='ltr'><strong>pejus</strong></span> <span class='ocrx_word' id='word_1_130' title='bbox 3148 806 3541 874; x_wconf 83' lang='lat' dir='ltr'><strong>interpretatos</strong></span> <span class='ocrx_word' id='word_1_131' title='bbox 3596 818 3682 860; x_wconf 87' lang='lat' dir='ltr'><strong>est</strong></span> <span class='ocrx_word' id='word_1_132' title='bbox 3745 805 3846 859; x_wconf 76' lang='lat' dir='ltr'><strong>Ve-</strong></span> 
     </span>
    </p>
   </div>
   <div class='ocr_carea' id='block_1_22' title="bbox 2265 896 3845 970">
    <p class='ocr_par' dir='ltr' id='par_1_22' title="bbox 2265 896 3845 970">
     <span class='ocr_line' id='line_1_22' title="bbox 2265 896 3845 970; baseline 0.003 -23"><span class='ocrx_word' id='word_1_133' title='bbox 2265 897 2459 959; x_wconf 85' lang='lat' dir='ltr'><strong>tulam,</strong></span> <span class='ocrx_word' id='word_1_134' title='bbox 2486 913 2609 949; x_wconf 90' lang='lat' dir='ltr'><strong>cum</strong></span> <span class='ocrx_word' id='word_1_135' title='bbox 2648 896 2808 966; x_wconf 74' lang='lat' dir='ltr'><strong>Vegla</strong></span> <span class='ocrx_word' id='word_1_136' title='bbox 2849 914 2943 951; x_wconf 90' lang='lat' dir='ltr'><strong>seu</strong></span> <span class='ocrx_word' id='word_1_137' title='bbox 2977 898 3131 968; x_wconf 74' lang='lat' dir='ltr'><strong>Vigla</strong></span> <span class='ocrx_word' id='word_1_138' title='bbox 3182 901 3409 955; x_wconf 72' lang='lat' dir='ltr'><strong>dicenda</strong></span> <span class='ocrx_word' id='word_1_139' title='bbox 3439 903 3529 956; x_wconf 91' lang='lat' dir='ltr'><strong>sit.</strong></span> <span class='ocrx_word' id='word_1_140' title='bbox 3554 911 3603 955; x_wconf 72' lang='lat' dir='ltr'><strong>et</strong></span> <span class='ocrx_word' id='word_1_141' title='bbox 3634 921 3662 970; x_wconf 72' lang='grc' dir='ltr'>ξι</span> <span class='ocrx_word' id='word_1_142' title='bbox 3691 900 3845 955; x_wconf 82' lang='lat' dir='ltr'><strong>Bou-</strong></span> 
     </span>
    </p>
   </div>
   <div class='ocr_carea' id='block_1_23' title="bbox 2265 990 3847 1061">
    <p class='ocr_par' dir='ltr' id='par_1_23' title="bbox 2265 990 3847 1061">
     <span class='ocr_line' id='line_1_23' title="bbox 2265 990 3847 1061; baseline 0.002 -19"><span class='ocrx_word' id='word_1_143' title='bbox 2265 991 2391 1042; x_wconf 73' lang='lat' dir='ltr'><strong>fun‘o</strong></span> <span class='ocrx_word' id='word_1_144' title='bbox 2419 990 2643 1058; x_wconf 77' lang='lat' dir='ltr'><strong>Corycia</strong></span> <span class='ocrx_word' id='word_1_145' title='bbox 2672 992 2944 1043; x_wconf 86' lang='lat' dir='ltr'><strong>veteribus</strong></span> <span class='ocrx_word' id='word_1_146' title='bbox 2970 1003 3158 1044; x_wconf 85' lang='lat' dir='ltr'><strong>vocata</strong></span> <span class='ocrx_word' id='word_1_147' title='bbox 3184 1002 3427 1061; x_wconf 80' lang='lat' dir='ltr'><strong>putetur.</strong></span> <span class='ocrx_word' id='word_1_148' title='bbox 3453 991 3577 1046; x_wconf 60' lang='lat' dir='ltr'><strong>“ac</strong></span> <span class='ocrx_word' id='word_1_149' title='bbox 3608 994 3677 1045; x_wconf 81' lang='lat' dir='ltr'><strong>de</strong></span> <span class='ocrx_word' id='word_1_150' title='bbox 3731 992 3847 1045; x_wconf 85' lang='lat' dir='ltr'><strong>fine</strong></span> 
     </span>
    </p>
   </div>
   <div class='ocr_carea' id='block_1_24' title="bbox 2263 1082 3846 1151">
    <p class='ocr_par' dir='ltr' id='par_1_24' title="bbox 2263 1082 3846 1151">
     <span class='ocr_line' id='line_1_24' title="bbox 2263 1082 3846 1151; baseline 0.004 -20"><span class='ocrx_word' id='word_1_151' title='bbox 2263 1085 2498 1132; x_wconf 76' lang='lat' dir='ltr'><strong>duratus</strong></span> <span class='ocrx_word' id='word_1_152' title='bbox 2565 1082 2904 1143; x_wconf 79' lang='lat' dir='ltr'><strong>Ilozinensis,</strong></span> <span class='ocrx_word' id='word_1_153' title='bbox 2954 1094 3008 1134; x_wconf 89' lang='lat' dir='ltr'><strong>et</strong></span> <span class='ocrx_word' id='word_1_154' title='bbox 3056 1085 3300 1151; x_wconf 81' lang='lat' dir='ltr'><strong>ipsorum</strong></span> <span class='ocrx_word' id='word_1_155' title='bbox 3351 1086 3551 1137; x_wconf 88' lang='lat' dir='ltr'><strong>ducum</strong></span> <span class='ocrx_word' id='word_1_156' title='bbox 3596 1084 3846 1145; x_wconf 72' lang='lat' dir='ltr'><strong>familiae.</strong></span> 
     </span>
    </p>
   </div>
   <div class='ocr_carea' id='block_1_25' title="bbox 2264 1172 3849 1242">
    <p class='ocr_par' dir='ltr' id='par_1_25' title="bbox 2264 1172 3849 1242">
     <span class='ocr_line' id='line_1_25' title="bbox 2264 1172 3849 1242; baseline 0.004 -21"><span class='ocrx_word' id='word_1_157' title='bbox 2264 1174 2653 1240; x_wconf 68' lang='lat' dir='ltr'><strong>Spanduginus</strong></span> <span class='ocrx_word' id='word_1_158' title='bbox 2682 1176 2962 1227; x_wconf 69' lang='lat' dir='ltr'><strong>memoriae</strong></span> <span class='ocrx_word' id='word_1_159' title='bbox 3000 1190 3096 1242; x_wconf 85' lang='lat' dir='ltr'><strong>pro</strong></span> <span class='ocrx_word' id='word_1_160' title='bbox 3120 1175 3257 1227; x_wconf 60' lang='lat' dir='ltr'><strong>sidit.</strong></span> <span class='ocrx_word' id='word_1_161' title='bbox 3303 1172 3496 1229; x_wconf 79' lang='lat' dir='ltr'><strong>Jovius</strong></span> <span class='ocrx_word' id='word_1_162' title='bbox 3534 1186 3714 1228; x_wconf 84' lang='lat' dir='ltr'><strong>autem</strong></span> <span class='ocrx_word' id='word_1_163' title='bbox 3749 1191 3849 1227; x_wconf 83' lang='lat' dir='ltr'><strong>re-</strong></span> 
     </span>
    </p>
   </div>
   <div class='ocr_carea' id='block_1_26' title="bbox 2265 1261 3845 1333">
    <p class='ocr_par' dir='ltr' id='par_1_26' title="bbox 2265 1261 3845 1333">
     <span class='ocr_line' id='line_1_26' title="bbox 2265 1261 3845 1333; baseline 0.004 -18"><span class='ocrx_word' id='word_1_164' title='bbox 2265 1264 2368 1315; x_wconf 90' lang='lat' dir='ltr'><strong>fert</strong></span> <span class='ocrx_word' id='word_1_165' title='bbox 2419 1281 2483 1317; x_wconf 73' lang='lat' dir='ltr'><strong>ex</strong></span> <span class='ocrx_word' id='word_1_166' title='bbox 2534 1261 2655 1315; x_wconf 72' lang='lat' dir='ltr'><strong>lani</strong></span> <span class='ocrx_word' id='word_1_167' title='bbox 2703 1263 2954 1318; x_wconf 79' lang='lat' dir='ltr'><strong>Lascatis</strong></span> <span class='ocrx_word' id='word_1_168' title='bbox 3006 1267 3359 1319; x_wconf 71' lang='lat' dir='ltr'><strong>sermonibus</strong></span> <span class='ocrx_word' id='word_1_169' title='bbox 3400 1268 3639 1320; x_wconf 81' lang='lat' dir='ltr'><strong>hominis</strong></span> <span class='ocrx_word' id='word_1_170' title='bbox 3697 1270 3845 1333; x_wconf 81' lang='lat' dir='ltr'><strong>apud</strong></span> 
     </span>
    </p>
   </div>
   <div class='ocr_carea' id='block_1_27' title="bbox 2262 1353 3849 1419">
    <p class='ocr_par' dir='ltr' id='par_1_27' title="bbox 2262 1353 3849 1419">
     <span class='ocr_line' id='line_1_27' title="bbox 2262 1353 3849 1419; baseline 0.003 -14"><span class='ocrx_word' id='word_1_171' title='bbox 2262 1353 2487 1408; x_wconf 70' lang='lat' dir='ltr'><strong>Grut-cos</strong></span> <span class='ocrx_word' id='word_1_172' title='bbox 2512 1356 2708 1409; x_wconf 75' lang='lat' dir='ltr'><strong>illustri</strong></span> <span class='ocrx_word' id='word_1_173' title='bbox 2735 1355 2940 1408; x_wconf 85' lang='lat' dir='ltr'><strong>fauitlia</strong></span> <span class='ocrx_word' id='word_1_174' title='bbox 2970 1360 3108 1419; x_wconf 89' lang='lat' dir='ltr'><strong>nati,</strong></span> <span class='ocrx_word' id='word_1_175' title='bbox 3138 1361 3222 1409; x_wconf 87' lang='lat' dir='ltr'><strong>cui</strong></span> <span class='ocrx_word' id='word_1_176' title='bbox 3259 1360 3578 1414; x_wconf 69' lang='lat' dir='ltr'><strong>notiSsiiuus</strong></span> <span class='ocrx_word' id='word_1_177' title='bbox 3607 1360 3849 1411; x_wconf 79' lang='lat' dir='ltr'><strong>Achore-</strong></span> 
     </span>
    </p>
   </div>
   <div class='ocr_carea' id='block_1_28' title="bbox 2266 1448 3845 1519">
    <p class='ocr_par' dir='ltr' id='par_1_28' title="bbox 2266 1448 3845 1519">
     <span class='ocr_line' id='line_1_28' title="bbox 2266 1448 3845 1519; baseline 0.002 -19"><span class='ocrx_word' id='word_1_178' title='bbox 2266 1458 2346 1501; x_wconf 79' lang='lat' dir='ltr'><strong>tes</strong></span> <span class='ocrx_word' id='word_1_179' title='bbox 2387 1449 2547 1503; x_wconf 85' lang='lat' dir='ltr'><strong>bassa</strong></span> <span class='ocrx_word' id='word_1_180' title='bbox 2577 1448 2760 1509; x_wconf 87' lang='lat' dir='ltr'><strong>fuerit,</strong></span> <span class='ocrx_word' id='word_1_181' title='bbox 2801 1449 3169 1519; x_wconf 75' lang='lat' dir='ltr'><strong>Cherseoglim</strong></span> <span class='ocrx_word' id='word_1_182' title='bbox 3208 1461 3416 1504; x_wconf 87' lang='lat' dir='ltr'><strong>matura</strong></span> <span class='ocrx_word' id='word_1_183' title='bbox 3447 1453 3557 1518; x_wconf 86' lang='lat' dir='ltr'><strong>jam</strong></span> <span class='ocrx_word' id='word_1_184' title='bbox 3610 1465 3666 1502; x_wconf 87' lang='lat' dir='ltr'><strong>et</strong></span> <span class='ocrx_word' id='word_1_185' title='bbox 3696 1451 3845 1505; x_wconf 71' lang='lat' dir='ltr'><strong>virili</strong></span> 
     </span>
    </p>
   </div>
   <div class='ocr_carea' id='block_1_29' title="bbox 2271 1540 3845 1610">
    <p class='ocr_par' dir='ltr' id='par_1_29' title="bbox 2271 1540 3845 1610">
     <span class='ocr_line' id='line_1_29' title="bbox 2271 1540 3845 1610; baseline 0.002 -17"><span class='ocrx_word' id='word_1_186' title='bbox 2271 1551 2429 1594; x_wconf 59' lang='lat' dir='ltr'><strong>atate</strong></span> <span class='ocrx_word' id='word_1_187' title='bbox 2486 1541 2809 1610; x_wconf 64' lang='lat' dir='ltr'><strong>religionem</strong></span> <span class='ocrx_word' id='word_1_188' title='bbox 2852 1540 3194 1595; x_wconf 73' lang='lat' dir='ltr'><strong>Chistianam</strong></span> <span class='ocrx_word' id='word_1_189' title='bbox 3249 1545 3603 1598; x_wconf 72' lang='lat' dir='ltr'><strong>deseruisSe:</strong></span> <span class='ocrx_word' id='word_1_190' title='bbox 3646 1544 3724 1598; x_wconf 84' lang='lat' dir='ltr'><strong>sic</strong></span> <span class='ocrx_word' id='word_1_191' title='bbox 3759 1557 3845 1596; x_wconf 86' lang='lat' dir='ltr'><strong>ta—</strong></span> 
     </span>
    </p>
   </div>
   <div class='ocr_carea' id='block_1_30' title="bbox 2266 1634 3850 1702">
    <p class='ocr_par' dir='ltr' id='par_1_30' title="bbox 2266 1634 3850 1702">
     <span class='ocr_line' id='line_1_30' title="bbox 2266 1634 3850 1702; baseline 0.001 -15"><span class='ocrx_word' id='word_1_192' title='bbox 2266 1652 2412 1694; x_wconf 81' lang='lat' dir='ltr'><strong>tueu,</strong></span> <span class='ocrx_word' id='word_1_193' title='bbox 2440 1643 2498 1687; x_wconf 85' lang='lat' dir='ltr'><strong>ut</strong></span> <span class='ocrx_word' id='word_1_194' title='bbox 2540 1634 2593 1686; x_wconf 89' lang='lat' dir='ltr'><strong>itt</strong></span> <span class='ocrx_word' id='word_1_195' title='bbox 2637 1635 2874 1702; x_wconf 83' lang='lat' dir='ltr'><strong>pectoris</strong></span> <span class='ocrx_word' id='word_1_196' title='bbox 2905 1634 3027 1686; x_wconf 89' lang='lat' dir='ltr'><strong>sinu</strong></span> <span class='ocrx_word' id='word_1_197' title='bbox 3052 1650 3192 1687; x_wconf 63' lang='lat' dir='ltr'><strong>Vera:</strong></span> <span class='ocrx_word' id='word_1_198' title='bbox 3230 1638 3351 1689; x_wconf 82' lang='lat' dir='ltr'><strong>fidei</strong></span> <span class='ocrx_word' id='word_1_199' title='bbox 3406 1654 3515 1689; x_wconf 87' lang='lat' dir='ltr'><strong>non</strong></span> <span class='ocrx_word' id='word_1_200' title='bbox 3543 1637 3850 1691; x_wconf 65' lang='lat' dir='ltr'><strong>obliviue-</strong></span> 
     </span>
    </p>
   </div>
   <div class='ocr_carea' id='block_1_31' title="bbox 2264 1726 3847 1797">
    <p class='ocr_par' dir='ltr' id='par_1_31' title="bbox 2264 1726 3847 1797">
     <span class='ocr_line' id='line_1_31' title="bbox 2264 1726 3847 1797; baseline 0.001 -16"><span class='ocrx_word' id='word_1_201' title='bbox 2264 1740 2436 1781; x_wconf 90' lang='lat' dir='ltr'><strong>retur.</strong></span> <span class='ocrx_word' id='word_1_202' title='bbox 2469 1726 2667 1781; x_wconf 82' lang='lat' dir='ltr'><strong>Fuisse</strong></span> <span class='ocrx_word' id='word_1_203' title='bbox 2724 1744 2855 1782; x_wconf 84' lang='lat' dir='ltr'><strong>vero</strong></span> <span class='ocrx_word' id='word_1_204' title='bbox 2883 1730 3051 1781; x_wconf 86' lang='lat' dir='ltr'><strong>tilium</strong></span> <span class='ocrx_word' id='word_1_205' title='bbox 3082 1728 3460 1792; x_wconf 84' lang='lat' dir='ltr'><strong>Chersecchii,</strong></span> <span class='ocrx_word' id='word_1_206' title='bbox 3504 1729 3651 1797; x_wconf 68' lang='lat' dir='ltr'><strong>Nigri</strong></span> <span class='ocrx_word' id='word_1_207' title='bbox 3686 1746 3847 1782; x_wconf 88' lang='lat' dir='ltr'><strong>mou-</strong></span> 
     </span>
    </p>
   </div>
   <div class='ocr_carea' id='block_1_32' title="bbox 2265 1820 3851 1887">
    <p class='ocr_par' dir='ltr' id='par_1_32' title="bbox 2265 1820 3851 1887">
     <span class='ocr_line' id='line_1_32' title="bbox 2265 1820 3851 1887; baseline 0.003 -15"><span class='ocrx_word' id='word_1_208' title='bbox 2265 1822 2335 1872; x_wconf 87' lang='lat' dir='ltr'><strong>tis</strong></span> <span class='ocrx_word' id='word_1_209' title='bbox 2379 1820 2430 1873; x_wconf 91' lang='lat' dir='ltr'><strong>iu</strong></span> <span class='ocrx_word' id='word_1_210' title='bbox 2484 1822 2742 1875; x_wconf 83' lang='lat' dir='ltr'><strong>Slavouia</strong></span> <span class='ocrx_word' id='word_1_211' title='bbox 2781 1821 2951 1887; x_wconf 69' lang='lat' dir='ltr'><strong>reguli</strong></span> <span class='ocrx_word' id='word_1_212' title='bbox 2980 1838 2995 1871; x_wconf 88' lang='lat'>:</span> <span class='ocrx_word' id='word_1_213' title='bbox 3028 1821 3117 1873; x_wconf 87' lang='lat' dir='ltr'><strong>cui</strong></span> <span class='ocrx_word' id='word_1_214' title='bbox 3154 1835 3280 1874; x_wconf 86' lang='lat' dir='ltr'><strong>cum</strong></span> <span class='ocrx_word' id='word_1_215' title='bbox 3303 1822 3427 1875; x_wconf 84' lang='lat' dir='ltr'><strong>data</strong></span> <span class='ocrx_word' id='word_1_216' title='bbox 3459 1836 3603 1876; x_wconf 81' lang='lat' dir='ltr'><strong>esset</strong></span> <span class='ocrx_word' id='word_1_217' title='bbox 3632 1822 3685 1874; x_wconf 87' lang='lat' dir='ltr'><strong>in</strong></span> <span class='ocrx_word' id='word_1_218' title='bbox 3723 1840 3809 1876; x_wconf 81' lang='lat' dir='ltr'><strong>tua</strong></span> <span class='ocrx_word' id='word_1_219' title='bbox 3831 1854 3851 1863; x_wconf 85' lang='lat'><strong>-</strong></span> 
     </span>
    </p>
   </div>
   <div class='ocr_carea' id='block_1_33' title="bbox 584 1908 3851 1983">
    <p class='ocr_par' dir='ltr' id='par_1_33' title="bbox 584 1908 3851 1983">
     <span class='ocr_line' id='line_1_33' title="bbox 584 1908 3851 1983; baseline 0 -18"><span class='ocrx_word' id='word_1_220' title='bbox 584 1914 858 1973; x_wconf 90' lang='lat' dir='ltr'><strong>monibus,</strong></span> <span class='ocrx_word' id='word_1_221' title='bbox 892 1914 1153 1965; x_wconf 86' lang='lat' dir='ltr'><strong>mulieres</strong></span> <span class='ocrx_word' id='word_1_222' title='bbox 1197 1910 1545 1966; x_wconf 79' lang='lat' dir='ltr'><strong>Florentinas</strong></span> <span class='ocrx_word' id='word_1_223' title='bbox 1577 1914 1645 1964; x_wconf 87' lang='lat' dir='ltr'><strong>ob</strong></span> <span class='ocrx_word' id='word_1_224' title='bbox 1674 1913 1865 1966; x_wconf 66' lang='lat' dir='ltr'><strong>forma:</strong></span> <span class='ocrx_word' id='word_1_225' title='bbox 1904 1924 2156 1965; x_wconf 71' lang='lat' dir='ltr'><strong>venusta-</strong></span> <span class='ocrx_word' id='word_1_226' title='bbox 2192 1908 2231 1965; x_wconf 80' lang='grc' dir='ltr'><strong>Β</strong></span> <span class='ocrx_word' id='word_1_227' title='bbox 2263 1912 2581 1965; x_wconf 90' lang='lat' dir='ltr'><strong>trimonium</strong></span> <span class='ocrx_word' id='word_1_228' title='bbox 2604 1952 2619 1976; x_wconf 92' lang='lat'><strong>,</strong></span> <span class='ocrx_word' id='word_1_229' title='bbox 2656 1912 2884 1980; x_wconf 87' lang='lat' dir='ltr'><strong>jamque</strong></span> <span class='ocrx_word' id='word_1_230' title='bbox 2917 1915 3138 1966; x_wconf 87' lang='lat' dir='ltr'><strong>domum</strong></span> <span class='ocrx_word' id='word_1_231' title='bbox 3200 1918 3267 1965; x_wconf 90' lang='lat' dir='ltr'><strong>ad</strong></span> <span class='ocrx_word' id='word_1_232' title='bbox 3308 1912 3663 1967; x_wconf 80' lang='lat' dir='ltr'><strong>celebrandas</strong></span> <span class='ocrx_word' id='word_1_233' title='bbox 3704 1931 3851 1983; x_wconf 80' lang='lat' dir='ltr'><strong>nup-</strong></span> 
     </span>
    </p>
   </div>
   <div class='ocr_carea' id='block_1_34' title="bbox 584 2004 2152 2073">
    <p class='ocr_par' dir='ltr' id='par_1_34' title="bbox 584 2004 2152 2073">
     <span class='ocr_line' id='line_1_34' title="bbox 584 2004 2152 2073; baseline -0.003 -15"><span class='ocrx_word' id='word_1_234' title='bbox 584 2016 713 2062; x_wconf 81' lang='lat' dir='ltr'><strong>terti.</strong></span> <span class='ocrx_word' id='word_1_235' title='bbox 750 2006 1027 2073; x_wconf 86' lang='lat' dir='ltr'><strong>animique</strong></span> <span class='ocrx_word' id='word_1_236' title='bbox 1078 2005 1339 2067; x_wconf 84' lang='lat' dir='ltr'><strong>indolem,</strong></span> <span class='ocrx_word' id='word_1_237' title='bbox 1400 2016 1453 2059; x_wconf 90' lang='lat' dir='ltr'><strong>ct</strong></span> <span class='ocrx_word' id='word_1_238' title='bbox 1525 2020 1735 2057; x_wconf 91' lang='lat' dir='ltr'><strong>morum</strong></span> <span class='ocrx_word' id='word_1_239' title='bbox 1799 2004 2152 2073; x_wconf 62' lang='lat' dir='ltr'><strong>elegantiam,</strong></span> 
     </span>
    </p>
   </div>
   <div class='ocr_carea' id='block_1_35' title="bbox 582 2098 2159 2165">
    <p class='ocr_par' dir='ltr' id='par_1_35' title="bbox 582 2098 2159 2165">
     <span class='ocr_line' id='line_1_35' title="bbox 582 2098 2159 2165; baseline 0.001 -16"><span class='ocrx_word' id='word_1_240' title='bbox 582 2098 743 2150; x_wconf 88' lang='lat' dir='ltr'><strong>facile</strong></span> <span class='ocrx_word' id='word_1_241' title='bbox 802 2098 1008 2165; x_wconf 83' lang='lat' dir='ltr'><strong>primas</strong></span> <span class='ocrx_word' id='word_1_242' title='bbox 1061 2098 1203 2151; x_wconf 85' lang='lat' dir='ltr'><strong>inter</strong></span> <span class='ocrx_word' id='word_1_243' title='bbox 1266 2098 1402 2150; x_wconf 82' lang='lat' dir='ltr'><strong>alias</strong></span> <span class='ocrx_word' id='word_1_244' title='bbox 1463 2114 1654 2150; x_wconf 84' lang='lat' dir='ltr'><strong>omnes</strong></span> <span class='ocrx_word' id='word_1_245' title='bbox 1710 2098 1876 2150; x_wconf 77' lang='lat' dir='ltr'><strong>Italiae</strong></span> <span class='ocrx_word' id='word_1_246' title='bbox 1925 2099 2159 2151; x_wconf 69' lang='lat' dir='ltr'><strong>feminas</strong></span> 
     </span>
    </p>
   </div>
   <div class='ocr_carea' id='block_1_36' title="bbox 582 2187 2156 2255">
    <p class='ocr_par' dir='ltr' id='par_1_36' title="bbox 582 2187 2156 2255">
     <span class='ocr_line' id='line_1_36' title="bbox 582 2187 2156 2255; baseline 0 -14"><span class='ocrx_word' id='word_1_247' title='bbox 582 2187 727 2241; x_wconf 89' lang='lat' dir='ltr'><strong>ferre</strong></span> <span class='ocrx_word' id='word_1_248' title='bbox 764 2203 778 2237; x_wconf 92' lang='lat'><strong>:</strong></span> <span class='ocrx_word' id='word_1_249' title='bbox 814 2202 940 2240; x_wconf 86' lang='lat' dir='ltr'><strong>eum</strong></span> <span class='ocrx_word' id='word_1_250' title='bbox 986 2187 1222 2255; x_wconf 90' lang='lat' dir='ltr'><strong>primum</strong></span> <span class='ocrx_word' id='word_1_251' title='bbox 1264 2187 1330 2238; x_wconf 90' lang='lat' dir='ltr'><strong>de</strong></span> <span class='ocrx_word' id='word_1_252' title='bbox 1371 2187 1532 2255; x_wconf 80' lang='lat' dir='ltr'><strong>hujus</strong></span> <span class='ocrx_word' id='word_1_253' title='bbox 1571 2197 1805 2239; x_wconf 82' lang='lat' dir='ltr'><strong>adventu</strong></span> <span class='ocrx_word' id='word_1_254' title='bbox 1855 2187 2156 2241; x_wconf 73' lang='lat' dir='ltr'><strong>intellexis-</strong></span> 
     </span>
    </p>
   </div>
   <div class='ocr_carea' id='block_1_37' title="bbox 583 2278 2161 2347">
    <p class='ocr_par' dir='ltr' id='par_1_37' title="bbox 583 2278 2161 2347">
     <span class='ocr_line' id='line_1_37' title="bbox 583 2278 2161 2347; baseline 0.001 -14"><span class='ocrx_word' id='word_1_255' title='bbox 583 2294 689 2341; x_wconf 88' lang='lat' dir='ltr'><strong>set,</strong></span> <span class='ocrx_word' id='word_1_256' title='bbox 720 2280 840 2347; x_wconf 86' lang='lat' dir='ltr'><strong>ejus</strong></span> <span class='ocrx_word' id='word_1_257' title='bbox 871 2280 1117 2331; x_wconf 73' lang='lat' dir='ltr'><strong>videnda:</strong></span> <span class='ocrx_word' id='word_1_258' title='bbox 1143 2279 1399 2347; x_wconf 77' lang='lat' dir='ltr'><strong>cupidus,</strong></span> <span class='ocrx_word' id='word_1_259' title='bbox 1459 2280 1611 2332; x_wconf 82' lang='lat' dir='ltr'><strong>misit</strong></span> <span class='ocrx_word' id='word_1_260' title='bbox 1644 2281 1736 2347; x_wconf 92' lang='lat' dir='ltr'><strong>qui</strong></span> <span class='ocrx_word' id='word_1_261' title='bbox 1766 2278 1833 2332; x_wconf 92' lang='lat' dir='ltr'><strong>ad</strong></span> <span class='ocrx_word' id='word_1_262' title='bbox 1878 2294 1937 2333; x_wconf 83' lang='lat' dir='ltr'><strong>se</strong></span> <span class='ocrx_word' id='word_1_263' title='bbox 1966 2281 2161 2334; x_wconf 84' lang='lat' dir='ltr'><strong>mulie-</strong></span> 
     </span>
    </p>
   </div>
   <div class='ocr_carea' id='block_1_38' title="bbox 588 2371 2159 2441">
    <p class='ocr_par' dir='ltr' id='par_1_38' title="bbox 588 2371 2159 2441">
     <span class='ocr_line' id='line_1_38' title="bbox 588 2371 2159 2441; baseline -0.002 -16"><span class='ocrx_word' id='word_1_264' title='bbox 588 2389 699 2426; x_wconf 78' lang='lat' dir='ltr'><strong>rem</strong></span> <span class='ocrx_word' id='word_1_265' title='bbox 734 2384 1096 2426; x_wconf 81' lang='lat' dir='ltr'><strong>arcesserent.</strong></span> <span class='ocrx_word' id='word_1_266' title='bbox 1123 2371 1484 2439; x_wconf 86' lang='lat' dir='ltr'><strong>Couspcctam</strong></span> <span class='ocrx_word' id='word_1_267' title='bbox 1515 2388 1635 2425; x_wconf 76' lang='lat' dir='ltr'><strong>mox</strong></span> <span class='ocrx_word' id='word_1_268' title='bbox 1686 2373 1943 2425; x_wconf 79' lang='lat' dir='ltr'><strong>adamare</strong></span> <span class='ocrx_word' id='word_1_269' title='bbox 1972 2375 2159 2441; x_wconf 70' lang='lat' dir='ltr'><strong>cmpit,</strong></span> 
     </span>
    </p>
   </div>
   <div class='ocr_carea' id='block_1_39' title="bbox 586 2464 2159 2533">
    <p class='ocr_par' dir='ltr' id='par_1_39' title="bbox 586 2464 2159 2533">
     <span class='ocr_line' id='line_1_39' title="bbox 586 2464 2159 2533; baseline -0.003 -14"><span class='ocrx_word' id='word_1_270' title='bbox 586 2466 725 2519; x_wconf 88' lang='lat' dir='ltr'><strong>adeo</strong></span> <span class='ocrx_word' id='word_1_271' title='bbox 761 2466 1005 2533; x_wconf 83' lang='lat' dir='ltr'><strong>quidem.</strong></span> <span class='ocrx_word' id='word_1_272' title='bbox 1035 2465 1192 2518; x_wconf 85' lang='lat' dir='ltr'><strong>nihili</strong></span> <span class='ocrx_word' id='word_1_273' title='bbox 1228 2480 1382 2518; x_wconf 81' lang='lat' dir='ltr'><strong>suam</strong></span> <span class='ocrx_word' id='word_1_274' title='bbox 1416 2465 1492 2518; x_wconf 91' lang='lat' dir='ltr'><strong>uti</strong></span> <span class='ocrx_word' id='word_1_275' title='bbox 1537 2464 1834 2531; x_wconf 78' lang='lat' dir='ltr'><strong>legitimam</strong></span> <span class='ocrx_word' id='word_1_276' title='bbox 1871 2464 2159 2531; x_wconf 69' lang='lat' dir='ltr'><strong>conjugem</strong></span> 
     </span>
    </p>
   </div>
   <div class='ocr_carea' id='block_1_40' title="bbox 587 2556 2163 2625">
    <p class='ocr_par' dir='ltr' id='par_1_40' title="bbox 587 2556 2163 2625">
     <span class='ocr_line' id='line_1_40' title="bbox 587 2556 2163 2625; baseline -0.003 -13"><span class='ocrx_word' id='word_1_277' title='bbox 587 2562 817 2617; x_wconf 86' lang='lat' dir='ltr'><strong>faceret.</strong></span> <span class='ocrx_word' id='word_1_278' title='bbox 882 2563 1040 2625; x_wconf 87' lang='lat' dir='ltr'><strong>cujus</strong></span> <span class='ocrx_word' id='word_1_279' title='bbox 1068 2576 1192 2610; x_wconf 89' lang='lat' dir='ltr'><strong>eum</strong></span> <span class='ocrx_word' id='word_1_280' title='bbox 1251 2569 1467 2625; x_wconf 73' lang='lat' dir='ltr'><strong>tft&#39;pct‘at</strong></span> <span class='ocrx_word' id='word_1_281' title='bbox 1518 2558 1768 2611; x_wconf 75' lang='lat' dir='ltr'><strong>satietas.</strong></span> <span class='ocrx_word' id='word_1_282' title='bbox 1823 2556 1977 2609; x_wconf 90' lang='lat' dir='ltr'><strong>Uxor</strong></span> <span class='ocrx_word' id='word_1_283' title='bbox 2034 2572 2163 2609; x_wconf 82' lang='lat' dir='ltr'><strong>vero</strong></span> 
     </span>
    </p>
   </div>
   <div class='ocr_carea' id='block_1_41' title="bbox 587 2647 2163 2718">
    <p class='ocr_par' dir='ltr' id='par_1_41' title="bbox 587 2647 2163 2718">
     <span class='ocr_line' id='line_1_41' title="bbox 587 2647 2163 2718; baseline -0.003 -17"><span class='ocrx_word' id='word_1_284' title='bbox 587 2649 873 2718; x_wconf 84' lang='lat' dir='ltr'><strong>principis,</strong></span> <span class='ocrx_word' id='word_1_285' title='bbox 904 2664 1020 2702; x_wconf 89' lang='lat' dir='ltr'><strong>eam</strong></span> <span class='ocrx_word' id='word_1_286' title='bbox 1046 2664 1169 2700; x_wconf 88' lang='lat' dir='ltr'><strong>eum</strong></span> <span class='ocrx_word' id='word_1_287' title='bbox 1202 2647 1345 2700; x_wconf 88' lang='lat' dir='ltr'><strong>ferre</strong></span> <span class='ocrx_word' id='word_1_288' title='bbox 1378 2647 1587 2700; x_wconf 86' lang='lat' dir='ltr'><strong>diutius</strong></span> <span class='ocrx_word' id='word_1_289' title='bbox 1634 2663 1738 2699; x_wconf 84' lang='lat' dir='ltr'><strong>non</strong></span> <span class='ocrx_word' id='word_1_290' title='bbox 1795 2661 1977 2715; x_wconf 81' lang='lat' dir='ltr'><strong>posset</strong></span> <span class='ocrx_word' id='word_1_291' title='bbox 2025 2647 2163 2715; x_wconf 85' lang='lat' dir='ltr'><strong>inju-</strong></span> 
     </span>
    </p>
   </div>
   <div class='ocr_carea' id='block_1_42' title="bbox 588 2740 2164 2809">
    <p class='ocr_par' dir='ltr' id='par_1_42' title="bbox 588 2740 2164 2809">
     <span class='ocr_line' id='line_1_42' title="bbox 588 2740 2164 2809; baseline -0.003 -14"><span class='ocrx_word' id='word_1_292' title='bbox 588 2743 749 2807; x_wconf 85' lang='lat' dir='ltr'><strong>riam,</strong></span> <span class='ocrx_word' id='word_1_293' title='bbox 814 2740 1089 2809; x_wconf 71' lang='lat' dir='ltr'><strong>liagosam</strong></span> <span class='ocrx_word' id='word_1_294' title='bbox 1150 2754 1274 2792; x_wconf 88' lang='lat' dir='ltr'><strong>cum</strong></span> <span class='ocrx_word' id='word_1_295' title='bbox 1316 2740 1425 2791; x_wconf 81' lang='lat' dir='ltr'><strong>lilio</strong></span> <span class='ocrx_word' id='word_1_296' title='bbox 1454 2749 1587 2791; x_wconf 88' lang='lat' dir='ltr'><strong>natu</strong></span> <span class='ocrx_word' id='word_1_297' title='bbox 1620 2740 1862 2791; x_wconf 87' lang='lat' dir='ltr'><strong>maximo</strong></span> <span class='ocrx_word' id='word_1_298' title='bbox 1915 2740 2040 2805; x_wconf 77' lang='lat' dir='ltr'><strong>fuga</strong></span> <span class='ocrx_word' id='word_1_299' title='bbox 2074 2756 2164 2791; x_wconf 83' lang='lat' dir='ltr'><strong>sc-</strong></span> 
     </span>
    </p>
   </div>
   <div class='ocr_carea' id='block_1_43' title="bbox 586 2832 2167 2891">
    <p class='ocr_par' dir='ltr' id='par_1_43' title="bbox 586 2832 2167 2891">
     <span class='ocr_line' id='line_1_43' title="bbox 586 2832 2167 2891; baseline -0.005 -1"><span class='ocrx_word' id='word_1_300' title='bbox 586 2846 736 2891; x_wconf 88' lang='lat' dir='ltr'><strong>creta</strong></span> <span class='ocrx_word' id='word_1_301' title='bbox 760 2850 821 2888; x_wconf 88' lang='lat' dir='ltr'><strong>se</strong></span> <span class='ocrx_word' id='word_1_302' title='bbox 853 2834 1110 2887; x_wconf 88' lang='lat' dir='ltr'><strong>contulit.</strong></span> <span class='ocrx_word' id='word_1_303' title='bbox 1151 2833 1381 2887; x_wconf 78' lang='lat' dir='ltr'><strong>Maritus</strong></span> <span class='ocrx_word' id='word_1_304' title='bbox 1429 2832 1618 2884; x_wconf 81' lang='lat' dir='ltr'><strong>missis</strong></span> <span class='ocrx_word' id='word_1_305' title='bbox 1645 2833 1710 2885; x_wconf 90' lang='lat' dir='ltr'><strong>ad</strong></span> <span class='ocrx_word' id='word_1_306' title='bbox 1740 2846 1859 2885; x_wconf 83' lang='lat' dir='ltr'><strong>eam</strong></span> <span class='ocrx_word' id='word_1_307' title='bbox 1893 2832 2057 2885; x_wconf 76' lang='lat' dir='ltr'><strong>certis</strong></span> <span class='ocrx_word' id='word_1_308' title='bbox 2087 2832 2167 2882; x_wconf 88' lang='lat' dir='ltr'><strong>in-</strong></span> 
     </span>
    </p>
   </div>
   <div class='ocr_carea' id='block_1_44' title="bbox 590 2923 2168 2988">
    <p class='ocr_par' dir='ltr' id='par_1_44' title="bbox 590 2923 2168 2988">
     <span class='ocr_line' id='line_1_44' title="bbox 590 2923 2168 2988; baseline -0.004 -10"><span class='ocrx_word' id='word_1_309' title='bbox 590 2926 906 2988; x_wconf 67' lang='lat' dir='ltr'><strong>ternuntiis,</strong></span> <span class='ocrx_word' id='word_1_310' title='bbox 951 2927 1029 2978; x_wconf 92' lang='lat' dir='ltr'><strong>uti</strong></span> <span class='ocrx_word' id='word_1_311' title='bbox 1062 2929 1285 2978; x_wconf 90' lang='lat' dir='ltr'><strong>domum</strong></span> <span class='ocrx_word' id='word_1_312' title='bbox 1328 2923 1551 2984; x_wconf 85' lang='lat' dir='ltr'><strong>rediret,</strong></span> <span class='ocrx_word' id='word_1_313' title='bbox 1607 2925 1803 2976; x_wconf 89' lang='lat' dir='ltr'><strong>orabat</strong></span> <span class='ocrx_word' id='word_1_314' title='bbox 1844 2940 1859 2978; x_wconf 85' lang='lat'>;</span> <span class='ocrx_word' id='word_1_315' title='bbox 1894 2938 2027 2974; x_wconf 83' lang='lat' dir='ltr'><strong>neve</strong></span> <span class='ocrx_word' id='word_1_316' title='bbox 2056 2923 2168 2973; x_wconf 83' lang='lat' dir='ltr'><strong>dis-</strong></span> 
     </span>
    </p>
   </div>
   <div class='ocr_carea' id='block_1_45' title="bbox 588 3017 2165 3085">
    <p class='ocr_par' dir='ltr' id='par_1_45' title="bbox 588 3017 2165 3085">
     <span class='ocr_line' id='line_1_45' title="bbox 588 3017 2165 3085; baseline -0.003 -13"><span class='ocrx_word' id='word_1_317' title='bbox 588 3034 750 3072; x_wconf 83' lang='lat' dir='ltr'><strong>cessu</strong></span> <span class='ocrx_word' id='word_1_318' title='bbox 789 3029 842 3071; x_wconf 92' lang='lat' dir='ltr'><strong>et</strong></span> <span class='ocrx_word' id='word_1_319' title='bbox 871 3020 1116 3071; x_wconf 70' lang='lat' dir='ltr'><strong>absentia</strong></span> <span class='ocrx_word' id='word_1_320' title='bbox 1153 3034 1252 3071; x_wconf 86' lang='lat' dir='ltr'><strong>sua</strong></span> <span class='ocrx_word' id='word_1_321' title='bbox 1282 3032 1507 3071; x_wconf 83' lang='lat' dir='ltr'><strong>causam</strong></span> <span class='ocrx_word' id='word_1_322' title='bbox 1543 3020 1827 3085; x_wconf 70' lang='lat' dir='ltr'><strong>praeberet,</strong></span> <span class='ocrx_word' id='word_1_323' title='bbox 1888 3017 2030 3069; x_wconf 90' lang='lat' dir='ltr'><strong>unde</strong></span> <span class='ocrx_word' id='word_1_324' title='bbox 2066 3032 2165 3068; x_wconf 81' lang='lat' dir='ltr'><strong>sua</strong></span> 
     </span>
    </p>
   </div>
   <div class='ocr_carea' id='block_1_46' title="bbox 590 3108 2168 3177">
    <p class='ocr_par' dir='ltr' id='par_1_46' title="bbox 590 3108 2168 3177">
     <span class='ocr_line' id='line_1_46' title="bbox 590 3108 2168 3177; baseline -0.001 -14"><span class='ocrx_word' id='word_1_325' title='bbox 590 3110 967 3175; x_wconf 68' lang='lat' dir='ltr'><strong>dirulgarctur</strong></span> <span class='ocrx_word' id='word_1_326' title='bbox 993 3110 1238 3162; x_wconf 80' lang='lat' dir='ltr'><strong>infamia.</strong></span> <span class='ocrx_word' id='word_1_327' title='bbox 1272 3108 1525 3163; x_wconf 82' lang='lat' dir='ltr'><strong>Vicissim</strong></span> <span class='ocrx_word' id='word_1_328' title='bbox 1562 3109 1650 3161; x_wconf 88' lang='lat' dir='ltr'><strong>illa</strong></span> <span class='ocrx_word' id='word_1_329' title='bbox 1685 3109 2077 3177; x_wconf 80' lang='lat' dir='ltr'><strong>respondebat,</strong></span> <span class='ocrx_word' id='word_1_330' title='bbox 2109 3124 2168 3161; x_wconf 86' lang='lat' dir='ltr'><strong>se</strong></span> 
     </span>
    </p>
   </div>
   <div class='ocr_carea' id='block_1_47' title="bbox 2266 2004 3844 2074">
    <p class='ocr_par' dir='ltr' id='par_1_47' title="bbox 2266 2004 3844 2074">
     <span class='ocr_line' id='line_1_47' title="bbox 2266 2004 3844 2074; baseline 0 -18"><span class='ocrx_word' id='word_1_331' title='bbox 2266 2010 2372 2057; x_wconf 84' lang='lat' dir='ltr'><strong>tias</strong></span> <span class='ocrx_word' id='word_1_332' title='bbox 2401 2008 2795 2065; x_wconf 86' lang='lat' dir='ltr'><strong>deduceretur,</strong></span> <span class='ocrx_word' id='word_1_333' title='bbox 2846 2004 3024 2072; x_wconf 83' lang='lat' dir='ltr'><strong>puella</strong></span> <span class='ocrx_word' id='word_1_334' title='bbox 3077 2015 3203 2058; x_wconf 90' lang='lat' dir='ltr'><strong>nata</strong></span> <span class='ocrx_word' id='word_1_335' title='bbox 3246 2006 3312 2060; x_wconf 85' lang='lat' dir='ltr'><strong>de</strong></span> <span class='ocrx_word' id='word_1_336' title='bbox 3344 2009 3515 2074; x_wconf 85' lang='lat' dir='ltr'><strong>stirpe</strong></span> <span class='ocrx_word' id='word_1_337' title='bbox 3560 2007 3844 2074; x_wconf 72' lang='lat' dir='ltr'><strong>despotica</strong></span> 
     </span>
    </p>
   </div>
   <div class='ocr_carea' id='block_1_48' title="bbox 2264 2098 3846 2165">
    <p class='ocr_par' dir='ltr' id='par_1_48' title="bbox 2264 2098 3846 2165">
     <span class='ocr_line' id='line_1_48' title="bbox 2264 2098 3846 2165; baseline -0.003 -13"><span class='ocrx_word' id='word_1_338' title='bbox 2264 2098 2552 2159; x_wconf 86' lang='lat' dir='ltr'><strong>Serviana,</strong></span> <span class='ocrx_word' id='word_1_339' title='bbox 2608 2101 2935 2151; x_wconf 78' lang='lat' dir='ltr'><strong>seelet-atiuu</strong></span> <span class='ocrx_word' id='word_1_340' title='bbox 2978 2106 3225 2165; x_wconf 84' lang='lat' dir='ltr'><strong>patrem,</strong></span> <span class='ocrx_word' id='word_1_341' title='bbox 3278 2108 3487 2150; x_wconf 89' lang='lat' dir='ltr'><strong>motum</strong></span> <span class='ocrx_word' id='word_1_342' title='bbox 3533 2098 3846 2150; x_wconf 79' lang='lat' dir='ltr'><strong>admirabili</strong></span> 
     </span>
    </p>
   </div>
   <div class='ocr_carea' id='block_1_49' title="bbox 2264 2188 3848 2257">
    <p class='ocr_par' dir='ltr' id='par_1_49' title="bbox 2264 2188 3848 2257">
     <span class='ocr_line' id='line_1_49' title="bbox 2264 2188 3848 2257; baseline 0 -14"><span class='ocrx_word' id='word_1_343' title='bbox 2264 2206 2436 2243; x_wconf 87' lang='lat' dir='ltr'><strong>nurus</strong></span> <span class='ocrx_word' id='word_1_344' title='bbox 2482 2189 2775 2257; x_wconf 75' lang='lat' dir='ltr'><strong>elegantia,</strong></span> <span class='ocrx_word' id='word_1_345' title='bbox 2822 2188 3083 2253; x_wconf 79' lang='lat' dir='ltr'><strong>conjectis</strong></span> <span class='ocrx_word' id='word_1_346' title='bbox 3128 2189 3181 2241; x_wconf 91' lang='lat' dir='ltr'><strong>in</strong></span> <span class='ocrx_word' id='word_1_347' title='bbox 3234 2204 3353 2243; x_wconf 84' lang='lat' dir='ltr'><strong>eam</strong></span> <span class='ocrx_word' id='word_1_348' title='bbox 3412 2190 3610 2250; x_wconf 87' lang='lat' dir='ltr'><strong>oculis,</strong></span> <span class='ocrx_word' id='word_1_349' title='bbox 3654 2206 3848 2243; x_wconf 84' lang='lat' dir='ltr'><strong>amore</strong></span> 
     </span>
    </p>
   </div>
   <div class='ocr_carea' id='block_1_50' title="bbox 2264 2280 3849 2351">
    <p class='ocr_par' dir='ltr' id='par_1_50' title="bbox 2264 2280 3849 2351">
     <span class='ocr_line' id='line_1_50' title="bbox 2264 2280 3849 2351; baseline -0.001 -15"><span class='ocrx_word' id='word_1_350' title='bbox 2264 2292 2576 2347; x_wconf 85' lang='lat' dir='ltr'><strong>correptum</strong></span> <span class='ocrx_word' id='word_1_351' title='bbox 2620 2280 2791 2334; x_wconf 79' lang='lat' dir='ltr'><strong>fuisse</strong></span> <span class='ocrx_word' id='word_1_352' title='bbox 2828 2295 3105 2349; x_wconf 84' lang='lat' dir='ltr'><strong>:cuuique</strong></span> <span class='ocrx_word' id='word_1_353' title='bbox 3149 2282 3368 2334; x_wconf 86' lang='lat' dir='ltr'><strong>luxuria</strong></span> <span class='ocrx_word' id='word_1_354' title='bbox 3420 2281 3682 2351; x_wconf 81' lang='lat' dir='ltr'><strong>pullorem</strong></span> <span class='ocrx_word' id='word_1_355' title='bbox 3726 2298 3849 2335; x_wconf 87' lang='lat' dir='ltr'><strong>om-</strong></span> 
     </span>
    </p>
   </div>
   <div class='ocr_carea' id='block_1_51' title="bbox 2268 2375 3842 2443">
    <p class='ocr_par' dir='ltr' id='par_1_51' title="bbox 2268 2375 3842 2443">
     <span class='ocr_line' id='line_1_51' title="bbox 2268 2375 3842 2443; baseline 0 -17"><span class='ocrx_word' id='word_1_356' title='bbox 2268 2391 2388 2427; x_wconf 87' lang='lat' dir='ltr'><strong>neut</strong></span> <span class='ocrx_word' id='word_1_357' title='bbox 2423 2375 2685 2436; x_wconf 86' lang='lat' dir='ltr'><strong>vinceret,</strong></span> <span class='ocrx_word' id='word_1_358' title='bbox 2721 2375 2822 2428; x_wconf 83' lang='lat' dir='ltr'><strong>sibi</strong></span> <span class='ocrx_word' id='word_1_359' title='bbox 2866 2390 2984 2426; x_wconf 85' lang='lat' dir='ltr'><strong>eam</strong></span> <span class='ocrx_word' id='word_1_360' title='bbox 3010 2375 3289 2443; x_wconf 72' lang='lat' dir='ltr'><strong>accepisse</strong></span> <span class='ocrx_word' id='word_1_361' title='bbox 3347 2390 3602 2435; x_wconf 88' lang='lat' dir='ltr'><strong>uxorem,</strong></span> <span class='ocrx_word' id='word_1_362' title='bbox 3648 2386 3842 2428; x_wconf 82' lang='lat' dir='ltr'><strong>contra</strong></span> 
     </span>
    </p>
   </div>
   <div class='ocr_carea' id='block_1_52' title="bbox 2267 2467 3847 2535">
    <p class='ocr_par' dir='ltr' id='par_1_52' title="bbox 2267 2467 3847 2535">
     <span class='ocr_line' id='line_1_52' title="bbox 2267 2467 3847 2535; baseline 0.003 -18"><span class='ocrx_word' id='word_1_363' title='bbox 2267 2467 2606 2519; x_wconf 79' lang='lat' dir='ltr'><strong>voluntatem</strong></span> <span class='ocrx_word' id='word_1_364' title='bbox 2638 2476 3020 2533; x_wconf 74' lang='lat' dir='ltr'><strong>ceguatorum,</strong></span> <span class='ocrx_word' id='word_1_365' title='bbox 3079 2468 3171 2534; x_wconf 90' lang='lat' dir='ltr'><strong>qui</strong></span> <span class='ocrx_word' id='word_1_366' title='bbox 3215 2468 3673 2535; x_wconf 81' lang='lat' dir='ltr'><strong>reprehenderent</strong></span> <span class='ocrx_word' id='word_1_367' title='bbox 3709 2467 3847 2521; x_wconf 85' lang='lat' dir='ltr'><strong>faci-</strong></span> 
     </span>
    </p>
   </div>
   <div class='ocr_carea' id='block_1_53' title="bbox 2268 2560 3845 2631">
    <p class='ocr_par' dir='ltr' id='par_1_53' title="bbox 2268 2560 3845 2631">
     <span class='ocr_line' id='line_1_53' title="bbox 2268 2560 3845 2631; baseline -0.004 -11"><span class='ocrx_word' id='word_1_368' title='bbox 2268 2580 2393 2626; x_wconf 83' lang='lat' dir='ltr'><strong>nus,</strong></span> <span class='ocrx_word' id='word_1_369' title='bbox 2430 2566 2539 2616; x_wconf 85' lang='lat' dir='ltr'><strong>lilio</strong></span> <span class='ocrx_word' id='word_1_370' title='bbox 2591 2564 3078 2625; x_wconf 88' lang='lat' dir='ltr'><strong>contumeliosum,</strong></span> <span class='ocrx_word' id='word_1_371' title='bbox 3116 2560 3321 2615; x_wconf 90' lang='lat' dir='ltr'><strong>infame</strong></span> <span class='ocrx_word' id='word_1_372' title='bbox 3379 2564 3547 2631; x_wconf 81' lang='lat' dir='ltr'><strong>patri.</strong></span> <span class='ocrx_word' id='word_1_373' title='bbox 3583 2562 3845 2615; x_wconf 82' lang='lat' dir='ltr'><strong>Commo-</strong></span> 
     </span>
    </p>
   </div>
   <div class='ocr_carea' id='block_1_54' title="bbox 2270 2653 3849 2723">
    <p class='ocr_par' dir='ltr' id='par_1_54' title="bbox 2270 2653 3849 2723">
     <span class='ocr_line' id='line_1_54' title="bbox 2270 2653 3849 2723; baseline -0.002 -14"><span class='ocrx_word' id='word_1_374' title='bbox 2270 2670 2383 2710; x_wconf 87' lang='lat' dir='ltr'><strong>tnnt</strong></span> <span class='ocrx_word' id='word_1_375' title='bbox 2418 2659 2686 2710; x_wconf 83' lang='lat' dir='ltr'><strong>dedecore</strong></span> <span class='ocrx_word' id='word_1_376' title='bbox 2715 2664 2876 2707; x_wconf 63' lang='lat' dir='ltr'><strong>tantm</strong></span> <span class='ocrx_word' id='word_1_377' title='bbox 2915 2656 3167 2722; x_wconf 83' lang='lat' dir='ltr'><strong>juvenem</strong></span> <span class='ocrx_word' id='word_1_378' title='bbox 3200 2655 3436 2720; x_wconf 67' lang='lat' dir='ltr'><strong>injuriae,</strong></span> <span class='ocrx_word' id='word_1_379' title='bbox 3469 2653 3849 2723; x_wconf 81' lang='lat' dir='ltr'><strong>pra:cipitique</strong></span> 
     </span>
    </p>
   </div>
   <div class='ocr_carea' id='block_1_55' title="bbox 2271 2744 3851 2818">
    <p class='ocr_par' dir='ltr' id='par_1_55' title="bbox 2271 2744 3851 2818">
     <span class='ocr_line' id='line_1_55' title="bbox 2271 2744 3851 2818; baseline -0.004 -13"><span class='ocrx_word' id='word_1_380' title='bbox 2271 2752 2432 2805; x_wconf 82' lang='lat' dir='ltr'><strong>nimis</strong></span> <span class='ocrx_word' id='word_1_381' title='bbox 2467 2750 2758 2818; x_wconf 78' lang='lat' dir='ltr'><strong>impulsura</strong></span> <span class='ocrx_word' id='word_1_382' title='bbox 2787 2748 3193 2815; x_wconf 84' lang='lat' dir='ltr'><strong>desperatione,</strong></span> <span class='ocrx_word' id='word_1_383' title='bbox 3223 2744 3758 2814; x_wconf 81' lang='lat' dir='ltr'><strong>Constantinopolim</strong></span> <span class='ocrx_word' id='word_1_384' title='bbox 3787 2760 3851 2798; x_wconf 81' lang='lat' dir='ltr'><strong>se</strong></span> 
     </span>
    </p>
   </div>
   <div class='ocr_carea' id='block_1_56' title="bbox 2269 2838 3851 2909">
    <p class='ocr_par' dir='ltr' id='par_1_56' title="bbox 2269 2838 3851 2909">
     <span class='ocr_line' id='line_1_56' title="bbox 2269 2838 3851 2909; baseline -0.003 -13"><span class='ocrx_word' id='word_1_385' title='bbox 2269 2843 2566 2896; x_wconf 83' lang='lat' dir='ltr'><strong>contulisse</strong></span> <span class='ocrx_word' id='word_1_386' title='bbox 2604 2858 2616 2893; x_wconf 91' lang='lat'><strong>:</strong></span> <span class='ocrx_word' id='word_1_387' title='bbox 2642 2855 2878 2909; x_wconf 87' lang='lat' dir='ltr'><strong>cumque</strong></span> <span class='ocrx_word' id='word_1_388' title='bbox 2913 2838 3135 2893; x_wconf 86' lang='lat' dir='ltr'><strong>sultano</strong></span> <span class='ocrx_word' id='word_1_389' title='bbox 3165 2838 3391 2909; x_wconf 82' lang='lat' dir='ltr'><strong>Bajaziti</strong></span> <span class='ocrx_word' id='word_1_390' title='bbox 3446 2840 3647 2892; x_wconf 74' lang='lat' dir='ltr'><strong>foedum</strong></span> <span class='ocrx_word' id='word_1_391' title='bbox 3675 2839 3851 2906; x_wconf 82' lang='lat' dir='ltr'><strong>patris</strong></span> 
     </span>
    </p>
   </div>
   <div class='ocr_carea' id='block_1_57' title="bbox 2272 2932 3848 3001">
    <p class='ocr_par' dir='ltr' id='par_1_57' title="bbox 2272 2932 3848 3001">
     <span class='ocr_line' id='line_1_57' title="bbox 2272 2932 3848 3001; baseline -0.004 -14"><span class='ocrx_word' id='word_1_392' title='bbox 2272 2935 2488 2988; x_wconf 85' lang='lat' dir='ltr'><strong>facinus</strong></span> <span class='ocrx_word' id='word_1_393' title='bbox 2517 2933 2766 2985; x_wconf 81' lang='lat' dir='ltr'><strong>dolenter</strong></span> <span class='ocrx_word' id='word_1_394' title='bbox 2795 2932 3164 2998; x_wconf 80' lang='lat' dir='ltr'><strong>exposuisset,</strong></span> <span class='ocrx_word' id='word_1_395' title='bbox 3198 2932 3317 3001; x_wconf 77' lang='lat' dir='ltr'><strong>ejus</strong></span> <span class='ocrx_word' id='word_1_396' title='bbox 3368 2947 3429 2985; x_wconf 87' lang='lat' dir='ltr'><strong>se</strong></span> <span class='ocrx_word' id='word_1_397' title='bbox 3468 2932 3589 2984; x_wconf 78' lang='lat' dir='ltr'><strong>tidci</strong></span> <span class='ocrx_word' id='word_1_398' title='bbox 3644 2941 3848 2989; x_wconf 90' lang='lat' dir='ltr'><strong>totum,</strong></span> 
     </span>
    </p>
   </div>
   <div class='ocr_carea' id='block_1_58' title="bbox 2270 3021 3848 3087">
    <p class='ocr_par' dir='ltr' id='par_1_58' title="bbox 2270 3021 3848 3087">
     <span class='ocr_line' id='line_1_58' title="bbox 2270 3021 3848 3087; baseline -0.004 -8"><span class='ocrx_word' id='word_1_399' title='bbox 2270 3037 2325 3079; x_wconf 93' lang='lat' dir='ltr'><strong>ct</strong></span> <span class='ocrx_word' id='word_1_400' title='bbox 2352 3024 2617 3077; x_wconf 75' lang='lat' dir='ltr'><strong>clientela:</strong></span> <span class='ocrx_word' id='word_1_401' title='bbox 2645 3023 2963 3077; x_wconf 85' lang='lat' dir='ltr'><strong>tradidisse.</strong></span> <span class='ocrx_word' id='word_1_402' title='bbox 2998 3021 3324 3087; x_wconf 83' lang='lat' dir='ltr'><strong>Bajazitem,</strong></span> <span class='ocrx_word' id='word_1_403' title='bbox 3359 3023 3561 3075; x_wconf 86' lang='lat' dir='ltr'><strong>auditis</strong></span> <span class='ocrx_word' id='word_1_404' title='bbox 3585 3021 3848 3087; x_wconf 81' lang='lat' dir='ltr'><strong>Stephani</strong></span> 
     </span>
    </p>
   </div>
   <div class='ocr_carea' id='block_1_59' title="bbox 2273 3114 3848 3187">
    <p class='ocr_par' dir='ltr' id='par_1_59' title="bbox 2273 3114 3848 3187">
     <span class='ocr_line' id='line_1_59' title="bbox 2273 3114 3848 3187; baseline -0.004 -18"><span class='ocrx_word' id='word_1_405' title='bbox 2273 3116 2536 3187; x_wconf 86' lang='lat' dir='ltr'><strong>querelis,</strong></span> <span class='ocrx_word' id='word_1_406' title='bbox 2568 3115 2715 3167; x_wconf 87' lang='lat' dir='ltr'><strong>hono</strong></span> <span class='ocrx_word' id='word_1_407' title='bbox 2751 3124 2811 3167; x_wconf 91' lang='lat' dir='ltr'><strong>ut</strong></span> <span class='ocrx_word' id='word_1_408' title='bbox 2844 3123 2988 3167; x_wconf 85' lang='lat' dir='ltr'><strong>esset</strong></span> <span class='ocrx_word' id='word_1_409' title='bbox 3022 3116 3230 3179; x_wconf 89' lang='lat' dir='ltr'><strong>animo,</strong></span> <span class='ocrx_word' id='word_1_410' title='bbox 3272 3114 3506 3182; x_wconf 86' lang='lat' dir='ltr'><strong>jussisse</strong></span> <span class='ocrx_word' id='word_1_411' title='bbox 3536 3130 3550 3179; x_wconf 91' lang='lat'>;</span> <span class='ocrx_word' id='word_1_412' title='bbox 3591 3114 3848 3167; x_wconf 84' lang='lat' dir='ltr'><strong>virtutem</strong></span> 
     </span>
    </p>
   </div>
   <div class='ocr_carea' id='block_1_60' title="bbox 592 3200 2158 3300">
    <p class='ocr_par' dir='ltr' id='par_1_60' title="bbox 592 3200 2158 3265">
     <span class='ocr_line' id='line_1_60' title="bbox 592 3200 2158 3265; baseline -0.001 -9"><span class='ocrx_word' id='word_1_413' title='bbox 592 3203 913 3265; x_wconf 86' lang='lat' dir='ltr'><strong>redituram,</strong></span> <span class='ocrx_word' id='word_1_414' title='bbox 958 3202 1005 3255; x_wconf 87' lang='lat' dir='ltr'><strong>si</strong></span> <span class='ocrx_word' id='word_1_415' title='bbox 1063 3200 1431 3254; x_wconf 82' lang='lat' dir='ltr'><strong>Florentinam</strong></span> <span class='ocrx_word' id='word_1_416' title='bbox 1481 3202 1549 3254; x_wconf 89' lang='lat' dir='ltr'><strong>ab</strong></span> <span class='ocrx_word' id='word_1_417' title='bbox 1578 3218 1635 3255; x_wconf 88' lang='lat' dir='ltr'><strong>se</strong></span> <span class='ocrx_word' id='word_1_418' title='bbox 1670 3201 1995 3255; x_wconf 81' lang='lat' dir='ltr'><strong>dimisisset.</strong></span> <span class='ocrx_word' id='word_1_419' title='bbox 2045 3203 2158 3254; x_wconf 87' lang='lat' dir='ltr'><strong>Dux</strong></span> 
     </span>
    </p>
   </div>
   <div class='ocr_carea' id='block_1_61' title="bbox 2263 3200 3853 3300">
    <p class='ocr_par' dir='ltr' id='par_1_61' title="bbox 2275 3205 3853 3277">
     <span class='ocr_line' id='line_1_61' title="bbox 2275 3205 3853 3277; baseline -0.004 -14"><span class='ocrx_word' id='word_1_420' title='bbox 2275 3212 2447 3277; x_wconf 80' lang='lat' dir='ltr'><strong>ipsius</strong></span> <span class='ocrx_word' id='word_1_421' title='bbox 2485 3209 2693 3274; x_wconf 80' lang='lat' dir='ltr'><strong>majora</strong></span> <span class='ocrx_word' id='word_1_422' title='bbox 2749 3207 2986 3260; x_wconf 73' lang='lat' dir='ltr'><strong>fortunis</strong></span> <span class='ocrx_word' id='word_1_423' title='bbox 3022 3207 3264 3274; x_wconf 86' lang='lat' dir='ltr'><strong>paternis</strong></span> <span class='ocrx_word' id='word_1_424' title='bbox 3314 3206 3652 3274; x_wconf 83' lang='lat' dir='ltr'><strong>promereri;</strong></span> <span class='ocrx_word' id='word_1_425' title='bbox 3698 3205 3853 3259; x_wconf 82' lang='lat' dir='ltr'><strong>habi-</strong></span> 
     </span>
    </p>
   </div>
   <div class='ocr_carea' id='block_1_62' title="bbox 595 3296 2167 3367">
    <p class='ocr_par' dir='ltr' id='par_1_62' title="bbox 595 3296 2167 3367">
     <span class='ocr_line' id='line_1_62' title="bbox 595 3296 2167 3367; baseline -0.001 -16"><span class='ocrx_word' id='word_1_426' title='bbox 595 3298 909 3367; x_wconf 87' lang='lat' dir='ltr'><strong>Stephauus</strong></span> <span class='ocrx_word' id='word_1_427' title='bbox 964 3296 1014 3349; x_wconf 93' lang='lat' dir='ltr'><strong>id</strong></span> <span class='ocrx_word' id='word_1_428' title='bbox 1070 3300 1145 3350; x_wconf 89' lang='lat' dir='ltr'><strong>uti</strong></span> <span class='ocrx_word' id='word_1_429' title='bbox 1194 3296 1423 3357; x_wconf 86' lang='lat' dir='ltr'><strong>faceret.</strong></span> <span class='ocrx_word' id='word_1_430' title='bbox 1489 3298 1758 3366; x_wconf 78' lang='lat' dir='ltr'><strong>imperare</strong></span> <span class='ocrx_word' id='word_1_431' title='bbox 1797 3312 1906 3351; x_wconf 90' lang='lat' dir='ltr'><strong>non</strong></span> <span class='ocrx_word' id='word_1_432' title='bbox 1954 3306 2167 3366; x_wconf 86' lang='lat' dir='ltr'><strong>poterat</strong></span> 
     </span>
    </p>
   </div>
   <div class='ocr_carea' id='block_1_63' title="bbox 593 3386 2165 3456">
    <p class='ocr_par' dir='ltr' id='par_1_63' title="bbox 593 3386 2165 3456">
     <span class='ocr_line' id='line_1_63' title="bbox 593 3386 2165 3456; baseline -0.003 -13"><span class='ocrx_word' id='word_1_433' title='bbox 593 3390 779 3443; x_wconf 87' lang='lat' dir='ltr'><strong>animo</strong></span> <span class='ocrx_word' id='word_1_434' title='bbox 812 3406 935 3444; x_wconf 87' lang='lat' dir='ltr'><strong>suo.</strong></span> <span class='ocrx_word' id='word_1_435' title='bbox 974 3386 1341 3442; x_wconf 75' lang='lat' dir='ltr'><strong>Nihilominus</strong></span> <span class='ocrx_word' id='word_1_436' title='bbox 1404 3391 1519 3442; x_wconf 84' lang='lat' dir='ltr'><strong>suis</strong></span> <span class='ocrx_word' id='word_1_437' title='bbox 1549 3389 1614 3441; x_wconf 92' lang='lat' dir='ltr'><strong>ad</strong></span> <span class='ocrx_word' id='word_1_438' title='bbox 1644 3388 1943 3456; x_wconf 63' lang='lat' dir='ltr'><strong>Raguseos</strong></span> <span class='ocrx_word' id='word_1_439' title='bbox 1980 3388 2165 3440; x_wconf 80' lang='lat' dir='ltr'><strong>homi—</strong></span> 
     </span>
    </p>
   </div>
   <div class='ocr_carea' id='block_1_64' title="bbox 596 3479 2169 3551">
    <p class='ocr_par' dir='ltr' id='par_1_64' title="bbox 596 3479 2169 3551">
     <span class='ocr_line' id='line_1_64' title="bbox 596 3479 2169 3551; baseline -0.002 -17"><span class='ocrx_word' id='word_1_440' title='bbox 596 3484 760 3535; x_wconf 87' lang='lat' dir='ltr'><strong>nibus</strong></span> <span class='ocrx_word' id='word_1_441' title='bbox 786 3481 1049 3551; x_wconf 78' lang='lat' dir='ltr'><strong>ablegatis</strong></span> <span class='ocrx_word' id='word_1_442' title='bbox 1074 3521 1088 3545; x_wconf 90' lang='lat'><strong>,</strong></span> <span class='ocrx_word' id='word_1_443' title='bbox 1121 3495 1343 3532; x_wconf 88' lang='lat' dir='ltr'><strong>uxorem</strong></span> <span class='ocrx_word' id='word_1_444' title='bbox 1384 3494 1510 3531; x_wconf 89' lang='lat' dir='ltr'><strong>cum</strong></span> <span class='ocrx_word' id='word_1_445' title='bbox 1554 3480 1671 3533; x_wconf 80' lang='lat' dir='ltr'><strong>ﬁlio</strong></span> <span class='ocrx_word' id='word_1_446' title='bbox 1713 3479 2015 3549; x_wconf 88' lang='lat' dir='ltr'><strong>repetebat.</strong></span> <span class='ocrx_word' id='word_1_447' title='bbox 2054 3479 2169 3531; x_wconf 83' lang='lat' dir='ltr'><strong>lllis</strong></span> 
     </span>
    </p>
   </div>
   <div class='ocr_carea' id='block_1_65' title="bbox 597 3572 2166 3641">
    <p class='ocr_par' dir='ltr' id='par_1_65' title="bbox 597 3572 2166 3641">
     <span class='ocr_line' id='line_1_65' title="bbox 597 3572 2166 3641; baseline -0.001 -17"><span class='ocrx_word' id='word_1_448' title='bbox 597 3574 867 3626; x_wconf 87' lang='lat' dir='ltr'><strong>voluntati</strong></span> <span class='ocrx_word' id='word_1_449' title='bbox 915 3572 1177 3641; x_wconf 89' lang='lat' dir='ltr'><strong>principis</strong></span> <span class='ocrx_word' id='word_1_450' title='bbox 1222 3587 1328 3625; x_wconf 88' lang='lat' dir='ltr'><strong>non</strong></span> <span class='ocrx_word' id='word_1_451' title='bbox 1378 3572 1912 3639; x_wconf 83' lang='lat' dir='ltr'><strong>obtemperantibus,</strong></span> <span class='ocrx_word' id='word_1_452' title='bbox 1965 3573 2166 3624; x_wconf 83' lang='lat' dir='ltr'><strong>bellum</strong></span> 
     </span>
    </p>
   </div>
   <div class='ocr_carea' id='block_1_66' title="bbox 605 3661 2169 3731">
    <p class='ocr_par' dir='ltr' id='par_1_66' title="bbox 605 3661 2169 3731">
     <span class='ocr_line' id='line_1_66' title="bbox 605 3661 2169 3731; baseline -0.001 -16"><span class='ocrx_word' id='word_1_453' title='bbox 605 3664 857 3717; x_wconf 80' lang='lat' dir='ltr'><strong>infertur.</strong></span> <span class='ocrx_word' id='word_1_454' title='bbox 888 3661 1137 3731; x_wconf 60' lang='lat' dir='ltr'><strong>Rugusiei</strong></span> <span class='ocrx_word' id='word_1_455' title='bbox 1170 3662 1409 3715; x_wconf 76' lang='lat' dir='ltr'><strong>vicissim</strong></span> <span class='ocrx_word' id='word_1_456' title='bbox 1436 3678 1493 3714; x_wconf 87' lang='lat' dir='ltr'><strong>se</strong></span> <span class='ocrx_word' id='word_1_457' title='bbox 1524 3662 1829 3725; x_wconf 86' lang='lat' dir='ltr'><strong>defensuri,</strong></span> <span class='ocrx_word' id='word_1_458' title='bbox 1862 3662 2032 3729; x_wconf 86' lang='lat' dir='ltr'><strong>copiis</strong></span> <span class='ocrx_word' id='word_1_459' title='bbox 2052 3664 2169 3714; x_wconf 86' lang='lat' dir='ltr'><strong>suis</strong></span> 
     </span>
    </p>
   </div>
   <div class='ocr_carea' id='block_1_67' title="bbox 600 3753 2166 3824">
    <p class='ocr_par' dir='ltr' id='par_1_67' title="bbox 600 3753 2166 3824">
     <span class='ocr_line' id='line_1_67' title="bbox 600 3753 2166 3824; baseline -0.002 -15"><span class='ocrx_word' id='word_1_460' title='bbox 600 3756 866 3824; x_wconf 85' lang='lat' dir='ltr'><strong>Stephani</strong></span> <span class='ocrx_word' id='word_1_461' title='bbox 900 3756 1067 3808; x_wconf 87' lang='lat' dir='ltr'><strong>lilium</strong></span> <span class='ocrx_word' id='word_1_462' title='bbox 1106 3753 1419 3808; x_wconf 79' lang='lat' dir='ltr'><strong>Ladislaum</strong></span> <span class='ocrx_word' id='word_1_463' title='bbox 1444 3770 1567 3806; x_wconf 90' lang='lat' dir='ltr'><strong>cum</strong></span> <span class='ocrx_word' id='word_1_464' title='bbox 1594 3754 1824 3821; x_wconf 87' lang='lat' dir='ltr'><strong>imperio</strong></span> <span class='ocrx_word' id='word_1_465' title='bbox 1846 3756 2166 3823; x_wconf 69' lang='lat' dir='ltr'><strong>prteﬁciiint,</strong></span> 
     </span>
    </p>
   </div>
   <div class='ocr_carea' id='block_1_68' title="bbox 601 3845 2168 3916">
    <p class='ocr_par' dir='ltr' id='par_1_68' title="bbox 601 3845 2168 3916">
     <span class='ocr_line' id='line_1_68' title="bbox 601 3845 2168 3916; baseline -0.003 -16"><span class='ocrx_word' id='word_1_466' title='bbox 601 3864 838 3916; x_wconf 87' lang='lat' dir='ltr'><strong>eumque</strong></span> <span class='ocrx_word' id='word_1_467' title='bbox 864 3850 1023 3901; x_wconf 86' lang='lat' dir='ltr'><strong>rebus</strong></span> <span class='ocrx_word' id='word_1_468' title='bbox 1051 3848 1308 3900; x_wconf 87' lang='lat' dir='ltr'><strong>omnibus</strong></span> <span class='ocrx_word' id='word_1_469' title='bbox 1338 3846 1618 3913; x_wconf 87' lang='lat' dir='ltr'><strong>adjurant.</strong></span> <span class='ocrx_word' id='word_1_470' title='bbox 1643 3845 1816 3902; x_wconf 77' lang='lat' dir='ltr'><strong>Filius</strong></span> <span class='ocrx_word' id='word_1_471' title='bbox 1838 3848 2025 3916; x_wconf 67' lang='lat' dir='ltr'><strong>pratlio</strong></span> <span class='ocrx_word' id='word_1_472' title='bbox 2043 3862 2168 3899; x_wconf 92' lang='lat' dir='ltr'><strong>cum</strong></span> 
     </span>
    </p>
   </div>
   <div class='ocr_carea' id='block_1_69' title="bbox 604 3939 2165 4011">
    <p class='ocr_par' dir='ltr' id='par_1_69' title="bbox 604 3939 2165 4011">
     <span class='ocr_line' id='line_1_69' title="bbox 604 3939 2165 4011; baseline -0.004 -16"><span class='ocrx_word' id='word_1_473' title='bbox 604 3953 755 4011; x_wconf 88' lang='lat' dir='ltr'><strong>patre</strong></span> <span class='ocrx_word' id='word_1_474' title='bbox 795 3954 1149 4010; x_wconf 77' lang='lat' dir='ltr'><strong>congressus.</strong></span> <span class='ocrx_word' id='word_1_475' title='bbox 1202 3939 1434 3992; x_wconf 79' lang='lat' dir='ltr'><strong>victm-ia</strong></span> <span class='ocrx_word' id='word_1_476' title='bbox 1483 3940 1687 4007; x_wconf 87' lang='lat' dir='ltr'><strong>potitus</strong></span> <span class='ocrx_word' id='word_1_477' title='bbox 1714 3948 1818 4004; x_wconf 89' lang='lat' dir='ltr'><strong>est,</strong></span> <span class='ocrx_word' id='word_1_478' title='bbox 1854 3953 1917 3991; x_wconf 92' lang='lat' dir='ltr'><strong>ac</strong></span> <span class='ocrx_word' id='word_1_479' title='bbox 1957 3950 2165 4006; x_wconf 86' lang='lat' dir='ltr'><strong>patrem</strong></span> 
     </span>
    </p>
   </div>
   <div class='ocr_carea' id='block_1_70' title="bbox 596 4030 2170 4105">
    <p class='ocr_par' dir='ltr' id='par_1_70' title="bbox 596 4030 2170 4105">
     <span class='ocr_line' id='line_1_70' title="bbox 596 4030 2170 4105; baseline -0.006 -16"><span class='ocrx_word' id='word_1_480' title='bbox 596 4040 723 4105; x_wconf 77' lang='lat' dir='ltr'><strong>toga</strong></span> <span class='ocrx_word' id='word_1_481' title='bbox 745 4036 848 4089; x_wconf 85' lang='lat' dir='ltr'><strong>sibi</strong></span> <span class='ocrx_word' id='word_1_482' title='bbox 883 4035 1175 4088; x_wconf 88' lang='lat' dir='ltr'><strong>consulere</strong></span> <span class='ocrx_word' id='word_1_483' title='bbox 1201 4033 1384 4101; x_wconf 77' lang='lat' dir='ltr'><strong>coegit</strong></span> <span class='ocrx_word' id='word_1_484' title='bbox 1414 4050 1426 4084; x_wconf 91' lang='lat'><strong>:</strong></span> <span class='ocrx_word' id='word_1_485' title='bbox 1461 4047 1659 4101; x_wconf 86' lang='lat' dir='ltr'><strong>magno</strong></span> <span class='ocrx_word' id='word_1_486' title='bbox 1681 4042 2035 4101; x_wconf 87' lang='lat' dir='ltr'><strong>paternorum</strong></span> <span class='ocrx_word' id='word_1_487' title='bbox 2068 4030 2170 4082; x_wconf 84' lang='lat' dir='ltr'><strong>uii-</strong></span> 
     </span>
    </p>
   </div>
   <div class='ocr_carea' id='block_1_71' title="bbox 597 4122 2169 4191">
    <p class='ocr_par' dir='ltr' id='par_1_71' title="bbox 597 4122 2169 4191">
     <span class='ocr_line' id='line_1_71' title="bbox 597 4122 2169 4191; baseline -0.005 -9"><span class='ocrx_word' id='word_1_488' title='bbox 597 4129 753 4182; x_wconf 90' lang='lat' dir='ltr'><strong>litom</strong></span> <span class='ocrx_word' id='word_1_489' title='bbox 810 4143 1040 4183; x_wconf 89' lang='lat' dir='ltr'><strong>numero</strong></span> <span class='ocrx_word' id='word_1_490' title='bbox 1073 4124 1380 4182; x_wconf 85' lang='lat' dir='ltr'><strong>interfecto.</strong></span> <span class='ocrx_word' id='word_1_491' title='bbox 1431 4122 1570 4177; x_wconf 87' lang='lat' dir='ltr'><strong>Tum</strong></span> <span class='ocrx_word' id='word_1_492' title='bbox 1604 4140 1735 4178; x_wconf 89' lang='lat' dir='ltr'><strong>vero</strong></span> <span class='ocrx_word' id='word_1_493' title='bbox 1762 4123 2025 4191; x_wconf 76' lang='lat' dir='ltr'><strong>fugitivus</strong></span> <span class='ocrx_word' id='word_1_494' title='bbox 2059 4125 2169 4174; x_wconf 80' lang='lat' dir='ltr'><strong>dux</strong></span> 
     </span>
    </p>
   </div>
   <div class='ocr_carea' id='block_1_72' title="bbox 600 4214 2169 4287">
    <p class='ocr_par' dir='ltr' id='par_1_72' title="bbox 600 4214 2169 4287">
     <span class='ocr_line' id='line_1_72' title="bbox 600 4214 2169 4287; baseline -0.005 -14"><span class='ocrx_word' id='word_1_495' title='bbox 600 4220 915 4287; x_wconf 88' lang='lat' dir='ltr'><strong>Stephanus</strong></span> <span class='ocrx_word' id='word_1_496' title='bbox 952 4219 1020 4273; x_wconf 88' lang='lat' dir='ltr'><strong>ad</strong></span> <span class='ocrx_word' id='word_1_497' title='bbox 1055 4220 1331 4273; x_wconf 87' lang='lat' dir='ltr'><strong>sultanuni</strong></span> <span class='ocrx_word' id='word_1_498' title='bbox 1389 4216 1787 4269; x_wconf 71' lang='lat' dir='ltr'><strong>Mucbenietem</strong></span> <span class='ocrx_word' id='word_1_499' title='bbox 1835 4215 2032 4275; x_wconf 85' lang='lat' dir='ltr'><strong>mittit,</strong></span> <span class='ocrx_word' id='word_1_500' title='bbox 2076 4214 2169 4279; x_wconf 85' lang='lat' dir='ltr'><strong>qui</strong></span> 
     </span>
    </p>
   </div>
   <div class='ocr_carea' id='block_1_73' title="bbox 600 4306 2173 4380">
    <p class='ocr_par' dir='ltr' id='par_1_73' title="bbox 600 4306 2173 4380">
     <span class='ocr_line' id='line_1_73' title="bbox 600 4306 2173 4380; baseline -0.002 -18"><span class='ocrx_word' id='word_1_501' title='bbox 600 4312 719 4380; x_wconf 76' lang='lat' dir='ltr'><strong>ejus</strong></span> <span class='ocrx_word' id='word_1_502' title='bbox 750 4326 904 4379; x_wconf 86' lang='lat' dir='ltr'><strong>opem</strong></span> <span class='ocrx_word' id='word_1_503' title='bbox 933 4321 989 4364; x_wconf 90' lang='lat' dir='ltr'><strong>et</strong></span> <span class='ocrx_word' id='word_1_504' title='bbox 1010 4310 1307 4364; x_wconf 75' lang='lat' dir='ltr'><strong>auxiliares</strong></span> <span class='ocrx_word' id='word_1_505' title='bbox 1333 4308 1520 4376; x_wconf 77' lang='lat' dir='ltr'><strong>capias</strong></span> <span class='ocrx_word' id='word_1_506' title='bbox 1541 4308 1805 4362; x_wconf 87' lang='lat' dir='ltr'><strong>adversus</strong></span> <span class='ocrx_word' id='word_1_507' title='bbox 1840 4306 2013 4359; x_wconf 86' lang='lat' dir='ltr'><strong>lilium</strong></span> <span class='ocrx_word' id='word_1_508' title='bbox 2042 4321 2173 4372; x_wconf 84' lang='lat' dir='ltr'><strong>sup-</strong></span> 
     </span>
    </p>
   </div>
   <div class='ocr_carea' id='block_1_74' title="bbox 602 4398 2168 4476">
    <p class='ocr_par' dir='ltr' id='par_1_74' title="bbox 602 4398 2168 4476">
     <span class='ocr_line' id='line_1_74' title="bbox 602 4398 2168 4476; baseline -0.005 -17"><span class='ocrx_word' id='word_1_509' title='bbox 602 4408 815 4476; x_wconf 88' lang='lat' dir='ltr'><strong>pliciter</strong></span> <span class='ocrx_word' id='word_1_510' title='bbox 876 4406 1256 4473; x_wconf 88' lang='lat' dir='ltr'><strong>implorarent.</strong></span> <span class='ocrx_word' id='word_1_511' title='bbox 1312 4402 1489 4455; x_wconf 88' lang='lat' dir='ltr'><strong>Simul</strong></span> <span class='ocrx_word' id='word_1_512' title='bbox 1537 4401 1786 4455; x_wconf 84' lang='lat' dir='ltr'><strong>obsidem</strong></span> <span class='ocrx_word' id='word_1_513' title='bbox 1836 4398 2168 4454; x_wconf 75' lang='lat' dir='ltr'><strong>Muchcmeti</strong></span> 
     </span>
    </p>
   </div>
   <div class='ocr_carea' id='block_1_75' title="bbox 604 4494 2168 4565">
    <p class='ocr_par' dir='ltr' id='par_1_75' title="bbox 604 4494 2168 4565">
     <span class='ocr_line' id='line_1_75' title="bbox 604 4494 2168 4565; baseline -0.006 -13"><span class='ocrx_word' id='word_1_514' title='bbox 604 4501 772 4553; x_wconf 89' lang='lat' dir='ltr'><strong>tilium</strong></span> <span class='ocrx_word' id='word_1_515' title='bbox 809 4497 1296 4565; x_wconf 81' lang='lat' dir='ltr'><strong>secoudogeuitum</strong></span> <span class='ocrx_word' id='word_1_516' title='bbox 1344 4494 1525 4549; x_wconf 78' lang='lat' dir='ltr'><strong>offert.</strong></span> <span class='ocrx_word' id='word_1_517' title='bbox 1564 4494 1615 4549; x_wconf 85' lang='lat' dir='ltr'><strong>ls</strong></span> <span class='ocrx_word' id='word_1_518' title='bbox 1672 4503 1790 4547; x_wconf 81' lang='lat' dir='ltr'><strong>erat</strong></span> <span class='ocrx_word' id='word_1_519' title='bbox 1835 4494 2168 4561; x_wconf 87' lang='lat' dir='ltr'><strong>Stephanus,</strong></span> 
     </span>
    </p>
   </div>
   <div class='ocr_carea' id='block_1_76' title="bbox 2279 3294 3855 3366">
    <p class='ocr_par' dir='ltr' id='par_1_76' title="bbox 2279 3294 3855 3366">
     <span class='ocr_line' id='line_1_76' title="bbox 2279 3294 3855 3366; baseline -0.003 -13"><span class='ocrx_word' id='word_1_520' title='bbox 2279 3314 2457 3355; x_wconf 91' lang='lat' dir='ltr'><strong>turum</strong></span> <span class='ocrx_word' id='word_1_521' title='bbox 2492 3305 2611 3351; x_wconf 88' lang='lat' dir='ltr'><strong>loco</strong></span> <span class='ocrx_word' id='word_1_522' title='bbox 2649 3306 2851 3366; x_wconf 70' lang='lat' dir='ltr'><strong>erepta:</strong></span> <span class='ocrx_word' id='word_1_523' title='bbox 2884 3312 3120 3365; x_wconf 66' lang='lat' dir='ltr'><strong>sponsor,</strong></span> <span class='ocrx_word' id='word_1_524' title='bbox 3152 3310 3274 3363; x_wconf 57' lang='lat' dir='ltr'><strong>qua!</strong></span> <span class='ocrx_word' id='word_1_525' title='bbox 3306 3306 3539 3362; x_wconf 73' lang='lat' dir='ltr'><strong>cognata</strong></span> <span class='ocrx_word' id='word_1_526' title='bbox 3583 3294 3654 3347; x_wconf 89' lang='lat' dir='ltr'><strong>sit</strong></span> <span class='ocrx_word' id='word_1_527' title='bbox 3683 3307 3855 3349; x_wconf 83' lang='lat' dir='ltr'><strong>exsu-</strong></span> 
     </span>
    </p>
   </div>
   <div class='ocr_carea' id='block_1_77' title="bbox 2280 3384 3855 3458">
    <p class='ocr_par' dir='ltr' id='par_1_77' title="bbox 2280 3384 3855 3458">
     <span class='ocr_line' id='line_1_77' title="bbox 2280 3384 3855 3458; baseline -0.005 -15"><span class='ocrx_word' id='word_1_528' title='bbox 2280 3393 2343 3445; x_wconf 81' lang='lat' dir='ltr'><strong>lis</strong></span> <span class='ocrx_word' id='word_1_529' title='bbox 2378 3391 2573 3458; x_wconf 79' lang='lat' dir='ltr'><strong>reguli,</strong></span> <span class='ocrx_word' id='word_1_530' title='bbox 2613 3388 2776 3441; x_wconf 82' lang='lat' dir='ltr'><strong>filiam</strong></span> <span class='ocrx_word' id='word_1_531' title='bbox 2828 3386 3055 3439; x_wconf 81' lang='lat' dir='ltr'><strong>maximi</strong></span> <span class='ocrx_word' id='word_1_532' title='bbox 3097 3386 3323 3445; x_wconf 86' lang='lat' dir='ltr'><strong>sultani.</strong></span> <span class='ocrx_word' id='word_1_533' title='bbox 3355 3399 3476 3437; x_wconf 87' lang='lat' dir='ltr'><strong>rara</strong></span> <span class='ocrx_word' id='word_1_534' title='bbox 3530 3384 3720 3436; x_wconf 70' lang='lat' dir='ltr'><strong>forma:</strong></span> <span class='ocrx_word' id='word_1_535' title='bbox 3765 3398 3855 3435; x_wconf 81' lang='lat' dir='ltr'><strong>ve-</strong></span> 
     </span>
    </p>
   </div>
   <div class='ocr_carea' id='block_1_78' title="bbox 2278 3476 3853 3550">
    <p class='ocr_par' dir='ltr' id='par_1_78' title="bbox 2278 3476 3853 3550">
     <span class='ocr_line' id='line_1_78' title="bbox 2278 3476 3853 3550; baseline -0.007 -12"><span class='ocrx_word' id='word_1_536' title='bbox 2278 3494 2494 3538; x_wconf 84' lang='lat' dir='ltr'><strong>nustate</strong></span> <span class='ocrx_word' id='word_1_537' title='bbox 2528 3481 2831 3550; x_wconf 69' lang='lat' dir='ltr'><strong>prmditam.</strong></span> <span class='ocrx_word' id='word_1_538' title='bbox 2880 3476 3194 3532; x_wconf 86' lang='lat' dir='ltr'><strong>Secondum</strong></span> <span class='ocrx_word' id='word_1_539' title='bbox 3270 3480 3383 3533; x_wconf 69' lang='lat' dir='ltr'><strong>liter</strong></span> <span class='ocrx_word' id='word_1_540' title='bbox 3436 3492 3583 3536; x_wconf 85' lang='lat' dir='ltr'><strong>eum,</strong></span> <span class='ocrx_word' id='word_1_541' title='bbox 3638 3478 3853 3529; x_wconf 82' lang='lat' dir='ltr'><strong>deserta</strong></span> 
     </span>
    </p>
   </div>
   <div class='ocr_carea' id='block_1_79' title="bbox 2281 3570 3852 3641">
    <p class='ocr_par' dir='ltr' id='par_1_79' title="bbox 2281 3570 3852 3641">
     <span class='ocr_line' id='line_1_79' title="bbox 2281 3570 3852 3641; baseline -0.007 -13"><span class='ocrx_word' id='word_1_542' title='bbox 2281 3577 2542 3641; x_wconf 73' lang='lat' dir='ltr'><strong>religiOIIe</strong></span> <span class='ocrx_word' id='word_1_543' title='bbox 2568 3574 2906 3637; x_wconf 81' lang='lat' dir='ltr'><strong>Christiana,</strong></span> <span class='ocrx_word' id='word_1_544' title='bbox 2942 3570 3317 3639; x_wconf 83' lang='lat' dir='ltr'><strong>Stephaniqne</strong></span> <span class='ocrx_word' id='word_1_545' title='bbox 3380 3571 3603 3622; x_wconf 77' lang='lat' dir='ltr'><strong>nomine</strong></span> <span class='ocrx_word' id='word_1_546' title='bbox 3648 3570 3852 3635; x_wconf 88' lang='lat' dir='ltr'><strong>posito,</strong></span> 
     </span>
    </p>
   </div>
   <div class='ocr_carea' id='block_1_80' title="bbox 2278 3660 3858 3731">
    <p class='ocr_par' dir='ltr' id='par_1_80' title="bbox 2278 3660 3858 3731">
     <span class='ocr_line' id='line_1_80' title="bbox 2278 3660 3858 3731; baseline -0.003 -15"><span class='ocrx_word' id='word_1_547' title='bbox 2278 3676 2532 3719; x_wconf 81' lang='lat' dir='ltr'><strong>vocatum</strong></span> <span class='ocrx_word' id='word_1_548' title='bbox 2590 3665 2759 3719; x_wconf 82' lang='lat' dir='ltr'><strong>fuisse</strong></span> <span class='ocrx_word' id='word_1_549' title='bbox 2800 3664 3119 3718; x_wconf 77' lang='lat' dir='ltr'><strong>Achnietem</strong></span> <span class='ocrx_word' id='word_1_550' title='bbox 3166 3672 3219 3715; x_wconf 91' lang='lat' dir='ltr'><strong>et</strong></span> <span class='ocrx_word' id='word_1_551' title='bbox 3264 3660 3661 3728; x_wconf 70' lang='lat' dir='ltr'><strong>Cberseogliut,</strong></span> <span class='ocrx_word' id='word_1_552' title='bbox 3716 3674 3858 3731; x_wconf 87' lang='lat' dir='ltr'><strong>nop-</strong></span> 
     </span>
    </p>
   </div>
   <div class='ocr_carea' id='block_1_81' title="bbox 2280 3752 3857 3826">
    <p class='ocr_par' dir='ltr' id='par_1_81' title="bbox 2280 3752 3857 3826">
     <span class='ocr_line' id='line_1_81' title="bbox 2280 3752 3857 3826; baseline -0.006 -14"><span class='ocrx_word' id='word_1_553' title='bbox 2280 3762 2494 3826; x_wconf 79' lang='lat' dir='ltr'><strong>tiasque</strong></span> <span class='ocrx_word' id='word_1_554' title='bbox 2541 3756 2664 3811; x_wconf 75' lang='lat' dir='ltr'><strong>lilia:</strong></span> <span class='ocrx_word' id='word_1_555' title='bbox 2720 3755 2980 3823; x_wconf 81' lang='lat' dir='ltr'><strong>Bajazitis</strong></span> <span class='ocrx_word' id='word_1_556' title='bbox 3029 3756 3395 3824; x_wconf 85' lang='lat' dir='ltr'><strong>impetrasse:</strong></span> <span class='ocrx_word' id='word_1_557' title='bbox 3431 3752 3679 3806; x_wconf 83' lang='lat' dir='ltr'><strong>cuitidus</strong></span> <span class='ocrx_word' id='word_1_558' title='bbox 3730 3765 3857 3816; x_wconf 86' lang='lat' dir='ltr'><strong>per-</strong></span> 
     </span>
    </p>
   </div>
   <div class='ocr_carea' id='block_1_82' title="bbox 2279 3846 3859 3922">
    <p class='ocr_par' dir='ltr' id='par_1_82' title="bbox 2279 3846 3859 3922">
     <span class='ocr_line' id='line_1_82' title="bbox 2279 3846 3859 3922; baseline -0.002 -17"><span class='ocrx_word' id='word_1_559' title='bbox 2279 3864 2441 3922; x_wconf 86' lang='lat' dir='ltr'><strong>petuo</strong></span> <span class='ocrx_word' id='word_1_560' title='bbox 2480 3851 2764 3913; x_wconf 77' lang='lat' dir='ltr'><strong>manserit,</strong></span> <span class='ocrx_word' id='word_1_561' title='bbox 2813 3850 2950 3903; x_wconf 87' lang='lat' dir='ltr'><strong>adeo</strong></span> <span class='ocrx_word' id='word_1_562' title='bbox 3002 3847 3221 3916; x_wconf 89' lang='lat' dir='ltr'><strong>quidem</strong></span> <span class='ocrx_word' id='word_1_563' title='bbox 3264 3856 3323 3901; x_wconf 91' lang='lat' dir='ltr'><strong>ut</strong></span> <span class='ocrx_word' id='word_1_564' title='bbox 3368 3846 3649 3899; x_wconf 81' lang='lat' dir='ltr'><strong>insidianti</strong></span> <span class='ocrx_word' id='word_1_565' title='bbox 3698 3848 3859 3902; x_wconf 82' lang='lat' dir='ltr'><strong>dein-</strong></span> 
     </span>
    </p>
   </div>
   <div class='ocr_carea' id='block_1_83' title="bbox 2278 3938 3853 4013">
    <p class='ocr_par' dir='ltr' id='par_1_83' title="bbox 2278 3938 3853 4013">
     <span class='ocr_line' id='line_1_83' title="bbox 2278 3938 3853 4013; baseline -0.004 -16"><span class='ocrx_word' id='word_1_566' title='bbox 2278 3942 2664 4013; x_wconf 81' lang='lat' dir='ltr'><strong>cepsimperio</strong></span> <span class='ocrx_word' id='word_1_567' title='bbox 2725 3954 2953 4009; x_wconf 86' lang='lat' dir='ltr'><strong>paterno</strong></span> <span class='ocrx_word' id='word_1_568' title='bbox 3002 3938 3191 3992; x_wconf 79' lang='lat' dir='ltr'><strong>Selimi</strong></span> <span class='ocrx_word' id='word_1_569' title='bbox 3253 3952 3607 4005; x_wconf 86' lang='lat' dir='ltr'><strong>summopere</strong></span> <span class='ocrx_word' id='word_1_570' title='bbox 3638 3939 3711 3992; x_wconf 87' lang='lat' dir='ltr'><strong>sit</strong></span> <span class='ocrx_word' id='word_1_571' title='bbox 3759 3942 3853 3990; x_wconf 78' lang='lat' dir='ltr'><strong>ad~</strong></span> 
     </span>
    </p>
   </div>
   <div class='ocr_carea' id='block_1_84' title="bbox 2281 4028 3855 4099">
    <p class='ocr_par' dir='ltr' id='par_1_84' title="bbox 2281 4028 3855 4099">
     <span class='ocr_line' id='line_1_84' title="bbox 2281 4028 3855 4099; baseline -0.005 -9"><span class='ocrx_word' id='word_1_572' title='bbox 2281 4048 2551 4090; x_wconf 87' lang='lat' dir='ltr'><strong>versatus.</strong></span> <span class='ocrx_word' id='word_1_573' title='bbox 2583 4033 2707 4087; x_wconf 71' lang='lat' dir='ltr'><strong>Haec</strong></span> <span class='ocrx_word' id='word_1_574' title='bbox 2733 4032 2962 4085; x_wconf 76' lang='lat' dir='ltr'><strong>Joviana</strong></span> <span class='ocrx_word' id='word_1_575' title='bbox 2997 4029 3063 4083; x_wconf 87' lang='lat' dir='ltr'><strong>de</strong></span> <span class='ocrx_word' id='word_1_576' title='bbox 3091 4028 3421 4099; x_wconf 76' lang='lat' dir='ltr'><strong>Cherseogle</strong></span> <span class='ocrx_word' id='word_1_577' title='bbox 3451 4030 3698 4085; x_wconf 81' lang='lat' dir='ltr'><strong>narratio</strong></span> <span class='ocrx_word' id='word_1_578' title='bbox 3725 4046 3855 4082; x_wconf 83' lang='lat' dir='ltr'><strong>nutu</strong></span> 
     </span>
    </p>
   </div>
   <div class='ocr_carea' id='block_1_85' title="bbox 2280 4125 3860 4202">
    <p class='ocr_par' dir='ltr' id='par_1_85' title="bbox 2280 4125 3860 4202">
     <span class='ocr_line' id='line_1_85' title="bbox 2280 4125 3860 4202; baseline -0.006 -18"><span class='ocrx_word' id='word_1_579' title='bbox 2280 4131 2615 4202; x_wconf 64' lang='lat' dir='ltr'><strong>prmfcrenda</strong></span> <span class='ocrx_word' id='word_1_580' title='bbox 2645 4127 3044 4197; x_wconf 64' lang='lat' dir='ltr'><strong>Spauduginea</strong></span> <span class='ocrx_word' id='word_1_581' title='bbox 3074 4126 3289 4191; x_wconf 80' lang='lat' dir='ltr'><strong>veniat,</strong></span> <span class='ocrx_word' id='word_1_582' title='bbox 3311 4125 3565 4194; x_wconf 81' lang='lat' dir='ltr'><strong>equidem</strong></span> <span class='ocrx_word' id='word_1_583' title='bbox 3618 4125 3743 4178; x_wconf 82' lang='lat' dir='ltr'><strong>aliis</strong></span> <span class='ocrx_word' id='word_1_584' title='bbox 3770 4126 3860 4176; x_wconf 82' lang='lat' dir='ltr'><strong>di-</strong></span> 
     </span>
    </p>
   </div>
   <div class='ocr_carea' id='block_1_86' title="bbox 2275 4216 3854 4291">
    <p class='ocr_par' dir='ltr' id='par_1_86' title="bbox 2275 4216 3854 4291">
     <span class='ocr_line' id='line_1_86' title="bbox 2275 4216 3854 4291; baseline -0.005 -14"><span class='ocrx_word' id='word_1_585' title='bbox 2275 4222 2630 4291; x_wconf 89' lang='lat' dir='ltr'><strong>judicandum</strong></span> <span class='ocrx_word' id='word_1_586' title='bbox 2673 4221 2943 4287; x_wconf 87' lang='lat' dir='ltr'><strong>relinquo.</strong></span> <span class='ocrx_word' id='word_1_587' title='bbox 2992 4216 3177 4270; x_wconf 65' lang='lat' dir='ltr'><strong>Solum</strong></span> <span class='ocrx_word' id='word_1_588' title='bbox 3212 4218 3339 4278; x_wconf 90' lang='lat' dir='ltr'><strong>hoc,</strong></span> <span class='ocrx_word' id='word_1_589' title='bbox 3383 4218 3529 4285; x_wconf 86' lang='lat' dir='ltr'><strong>quod</strong></span> <span class='ocrx_word' id='word_1_590' title='bbox 3570 4219 3639 4270; x_wconf 88' lang='lat' dir='ltr'><strong>de</strong></span> <span class='ocrx_word' id='word_1_591' title='bbox 3674 4226 3854 4269; x_wconf 88' lang='lat' dir='ltr'><strong>morte</strong></span> 
     </span>
    </p>
   </div>
   <div class='ocr_carea' id='block_1_87' title="bbox 2283 4309 3854 4383">
    <p class='ocr_par' dir='ltr' id='par_1_87' title="bbox 2283 4309 3854 4383">
     <span class='ocr_line' id='line_1_87' title="bbox 2283 4309 3854 4383; baseline -0.004 -15"><span class='ocrx_word' id='word_1_592' title='bbox 2283 4315 2546 4383; x_wconf 77' lang='lat' dir='ltr'><strong>Stephani</strong></span> <span class='ocrx_word' id='word_1_593' title='bbox 2594 4315 2767 4382; x_wconf 84' lang='lat' dir='ltr'><strong>patris</strong></span> <span class='ocrx_word' id='word_1_594' title='bbox 2800 4311 3185 4381; x_wconf 78' lang='lat' dir='ltr'><strong>Spandngious</strong></span> <span class='ocrx_word' id='word_1_595' title='bbox 3210 4309 3395 4373; x_wconf 84' lang='lat' dir='ltr'><strong>tradit,</strong></span> <span class='ocrx_word' id='word_1_596' title='bbox 3424 4312 3527 4363; x_wconf 86' lang='lat' dir='ltr'><strong>sub</strong></span> <span class='ocrx_word' id='word_1_597' title='bbox 3557 4312 3854 4362; x_wconf 83' lang='lat' dir='ltr'><strong>adventum</strong></span> 
     </span>
    </p>
   </div>
   <div class='ocr_carea' id='block_1_88' title="bbox 2282 4401 3860 4475">
    <p class='ocr_par' dir='ltr' id='par_1_88' title="bbox 2282 4401 3860 4475">
     <span class='ocr_line' id='line_1_88' title="bbox 2282 4401 3860 4475; baseline -0.006 -13"><span class='ocrx_word' id='word_1_598' title='bbox 2282 4406 2748 4475; x_wconf 65' lang='lat' dir='ltr'><strong>Mucliemetispit</strong></span> <span class='ocrx_word' id='word_1_599' title='bbox 2801 4404 2901 4467; x_wconf 89' lang='lat' dir='ltr'><strong>ait)</strong></span> <span class='ocrx_word' id='word_1_600' title='bbox 2954 4401 3235 4465; x_wconf 75' lang='lat' dir='ltr'><strong>exstincti,</strong></span> <span class='ocrx_word' id='word_1_601' title='bbox 3290 4402 3612 4470; x_wconf 86' lang='lat' dir='ltr'><strong>scrupulum</strong></span> <span class='ocrx_word' id='word_1_602' title='bbox 3664 4416 3860 4471; x_wconf 82' lang='lat' dir='ltr'><strong>quem-</strong></span> 
     </span>
    </p>
   </div>
   <div class='ocr_carea' id='block_1_89' title="bbox 2280 4492 3861 4567">
    <p class='ocr_par' dir='ltr' id='par_1_89' title="bbox 2280 4492 3861 4567">
     <span class='ocr_line' id='line_1_89' title="bbox 2280 4492 3861 4567; baseline -0.004 -13"><span class='ocrx_word' id='word_1_603' title='bbox 2280 4504 2403 4555; x_wconf 89' lang='lat' dir='ltr'><strong>dam</strong></span> <span class='ocrx_word' id='word_1_604' title='bbox 2448 4500 2607 4553; x_wconf 87' lang='lat' dir='ltr'><strong>nobis</strong></span> <span class='ocrx_word' id='word_1_605' title='bbox 2643 4498 2840 4567; x_wconf 86' lang='lat' dir='ltr'><strong>injicit.</strong></span> <span class='ocrx_word' id='word_1_606' title='bbox 2879 4494 3145 4549; x_wconf 77' lang='lat' dir='ltr'><strong>Referuut</strong></span> <span class='ocrx_word' id='word_1_607' title='bbox 3185 4494 3413 4548; x_wconf 85' lang='lat' dir='ltr'><strong>annales</strong></span> <span class='ocrx_word' id='word_1_608' title='bbox 3447 4492 3691 4558; x_wconf 79' lang='lat' dir='ltr'><strong>Turcici,</strong></span> <span class='ocrx_word' id='word_1_609' title='bbox 3744 4493 3861 4548; x_wconf 74' lang='lat' dir='ltr'><strong>Mu-</strong></span> 
     </span>
    </p>
   </div>
   <div class='ocr_carea' id='block_1_90' title="bbox 597 4585 3859 4663">
    <p class='ocr_par' dir='ltr' id='par_1_90' title="bbox 597 4585 3859 4663">
     <span class='ocr_line' id='line_1_90' title="bbox 597 4585 3859 4663; baseline -0.003 -18"><span class='ocrx_word' id='word_1_610' title='bbox 597 4594 693 4663; x_wconf 90' lang='lat' dir='ltr'><strong>qui</strong></span> <span class='ocrx_word' id='word_1_611' title='bbox 741 4594 1003 4660; x_wconf 75' lang='lat' dir='ltr'><strong>deinceps</strong></span> <span class='ocrx_word' id='word_1_612' title='bbox 1049 4590 1579 4645; x_wconf 87' lang='lat' dir='ltr'><strong>musulmauissavit.</strong></span> <span class='ocrx_word' id='word_1_613' title='bbox 1641 4586 2011 4641; x_wconf 74' lang='lat' dir='ltr'><strong>Muchemetes</strong></span> <span class='ocrx_word' id='word_1_614' title='bbox 2062 4601 2169 4639; x_wconf 86' lang='lat' dir='ltr'><strong>non</strong></span> <span class='ocrx_word' id='word_1_615' title='bbox 2200 4599 2252 4659; x_wconf 82' lang='grc' dir='ltr'><strong>ι)</strong></span> <span class='ocrx_word' id='word_1_616' title='bbox 2282 4598 2587 4648; x_wconf 86' lang='lat' dir='ltr'><strong>chemetem</strong></span> <span class='ocrx_word' id='word_1_617' title='bbox 2648 4589 3102 4658; x_wconf 72' lang='lat' dir='ltr'><strong>licrzegovinam.</strong></span> <span class='ocrx_word' id='word_1_618' title='bbox 3132 4588 3247 4641; x_wconf 85' lang='lat' dir='ltr'><strong>sive</strong></span> <span class='ocrx_word' id='word_1_619' title='bbox 3279 4587 3636 4640; x_wconf 79' lang='lat' dir='ltr'><strong>Bozinensem</strong></span> <span class='ocrx_word' id='word_1_620' title='bbox 3687 4585 3859 4638; x_wconf 81' lang='lat' dir='ltr'><strong>duca-</strong></span> 
     </span>
    </p>
   </div>
   <div class='ocr_carea' id='block_1_91' title="bbox 600 4677 2174 4753">
    <p class='ocr_par' dir='ltr' id='par_1_91' title="bbox 600 4677 2174 4753">
     <span class='ocr_line' id='line_1_91' title="bbox 600 4677 2174 4753; baseline -0.003 -18"><span class='ocrx_word' id='word_1_621' title='bbox 600 4683 889 4753; x_wconf 88' lang='lat' dir='ltr'><strong>postulatis</strong></span> <span class='ocrx_word' id='word_1_622' title='bbox 916 4683 1183 4735; x_wconf 85' lang='lat' dir='ltr'><strong>duntaxat</strong></span> <span class='ocrx_word' id='word_1_623' title='bbox 1235 4680 1452 4742; x_wconf 88' lang='lat' dir='ltr'><strong>annuit,</strong></span> <span class='ocrx_word' id='word_1_624' title='bbox 1487 4693 1671 4732; x_wconf 78' lang='lat' dir='ltr'><strong>rerum</strong></span> <span class='ocrx_word' id='word_1_625' title='bbox 1728 4677 1893 4731; x_wconf 85' lang='lat' dir='ltr'><strong>etiam</strong></span> <span class='ocrx_word' id='word_1_626' title='bbox 1938 4678 2174 4745; x_wconf 82' lang='lat' dir='ltr'><strong>pmpriis</strong></span> 
     </span>
    </p>
   </div>
   <div class='ocr_carea' id='block_1_92' title="bbox 600 4770 2175 4843">
    <p class='ocr_par' dir='ltr' id='par_1_92' title="bbox 600 4770 2175 4843">
     <span class='ocr_line' id='line_1_92' title="bbox 600 4770 2175 4843; baseline -0.006 -13"><span class='ocrx_word' id='word_1_627' title='bbox 600 4774 865 4843; x_wconf 68' lang='lat' dir='ltr'><strong>auspiciis</strong></span> <span class='ocrx_word' id='word_1_628' title='bbox 898 4775 949 4828; x_wconf 94' lang='lat' dir='ltr'><strong>id</strong></span> <span class='ocrx_word' id='word_1_629' title='bbox 1002 4774 1204 4827; x_wconf 86' lang='lat' dir='ltr'><strong>bellum</strong></span> <span class='ocrx_word' id='word_1_630' title='bbox 1234 4788 1293 4826; x_wconf 83' lang='lat' dir='ltr'><strong>se</strong></span> <span class='ocrx_word' id='word_1_631' title='bbox 1318 4783 1600 4840; x_wconf 72' lang='lat' dir='ltr'><strong>gesturum</strong></span> <span class='ocrx_word' id='word_1_632' title='bbox 1637 4771 1913 4839; x_wconf 89' lang='lat' dir='ltr'><strong>promisit.</strong></span> <span class='ocrx_word' id='word_1_633' title='bbox 1955 4770 2175 4822; x_wconf 81' lang='lat' dir='ltr'><strong>Adven-</strong></span> 
     </span>
    </p>
   </div>
   <div class='ocr_carea' id='block_1_93' title="bbox 602 4863 2175 4930">
    <p class='ocr_par' dir='ltr' id='par_1_93' title="bbox 602 4863 2175 4930">
     <span class='ocr_line' id='line_1_93' title="bbox 602 4863 2175 4930; baseline -0.007 -7"><span class='ocrx_word' id='word_1_634' title='bbox 602 4879 752 4923; x_wconf 79' lang='lat' dir='ltr'><strong>laute</strong></span> <span class='ocrx_word' id='word_1_635' title='bbox 790 4883 921 4922; x_wconf 85' lang='lat' dir='ltr'><strong>vero</strong></span> <span class='ocrx_word' id='word_1_636' title='bbox 973 4883 1096 4919; x_wconf 87' lang='lat' dir='ltr'><strong>enm</strong></span> <span class='ocrx_word' id='word_1_637' title='bbox 1130 4867 1375 4920; x_wconf 87' lang='lat' dir='ltr'><strong>exercitu</strong></span> <span class='ocrx_word' id='word_1_638' title='bbox 1410 4863 1775 4924; x_wconf 78' lang='lat' dir='ltr'><strong>Mucbetuete,</strong></span> <span class='ocrx_word' id='word_1_639' title='bbox 1826 4864 2059 4915; x_wconf 88' lang='lat' dir='ltr'><strong>moritur</strong></span> <span class='ocrx_word' id='word_1_640' title='bbox 2081 4876 2175 4930; x_wconf 91' lang='lat' dir='ltr'><strong>pa-</strong></span> 
     </span>
    </p>
   </div>
   <div class='ocr_carea' id='block_1_94' title="bbox 606 4955 2174 5026">
    <p class='ocr_par' dir='ltr' id='par_1_94' title="bbox 606 4955 2174 5026">
     <span class='ocr_line' id='line_1_94' title="bbox 606 4955 2174 5026; baseline -0.003 -14"><span class='ocrx_word' id='word_1_641' title='bbox 606 4972 690 5012; x_wconf 86' lang='lat' dir='ltr'><strong>ter</strong></span> <span class='ocrx_word' id='word_1_642' title='bbox 731 4977 744 5013; x_wconf 89' lang='lat'><strong>:</strong></span> <span class='ocrx_word' id='word_1_643' title='bbox 787 4959 1074 5013; x_wconf 74' lang='lat' dir='ltr'><strong>Ladislaus</strong></span> <span class='ocrx_word' id='word_1_644' title='bbox 1106 4999 1120 5021; x_wconf 90' lang='lat'><strong>,</strong></span> <span class='ocrx_word' id='word_1_645' title='bbox 1174 4958 1320 5012; x_wconf 83' lang='lat' dir='ltr'><strong>filios</strong></span> <span class='ocrx_word' id='word_1_646' title='bbox 1369 4958 1694 5026; x_wconf 65' lang='lat' dir='ltr'><strong>primigenii,</strong></span> <span class='ocrx_word' id='word_1_647' title='bbox 1749 4955 2000 5009; x_wconf 77' lang='lat' dir='ltr'><strong>chetias</strong></span> <span class='ocrx_word' id='word_1_648' title='bbox 2049 4970 2174 5008; x_wconf 90' lang='lat' dir='ltr'><strong>cum</strong></span> 
     </span>
    </p>
   </div>
   <div class='ocr_carea' id='block_1_95' title="bbox 607 5045 2175 5116">
    <p class='ocr_par' dir='ltr' id='par_1_95' title="bbox 607 5045 2175 5116">
     <span class='ocr_line' id='line_1_95' title="bbox 607 5045 2175 5116; baseline -0.003 -11"><span class='ocrx_word' id='word_1_649' title='bbox 607 5067 778 5105; x_wconf 81' lang='lat' dir='ltr'><strong>uxore</strong></span> <span class='ocrx_word' id='word_1_650' title='bbox 829 5068 893 5104; x_wconf 86' lang='lat' dir='ltr'><strong>ac</strong></span> <span class='ocrx_word' id='word_1_651' title='bbox 941 5051 1127 5104; x_wconf 90' lang='lat' dir='ltr'><strong>liberis</strong></span> <span class='ocrx_word' id='word_1_652' title='bbox 1156 5066 1213 5103; x_wconf 89' lang='lat' dir='ltr'><strong>se</strong></span> <span class='ocrx_word' id='word_1_653' title='bbox 1243 5049 1508 5102; x_wconf 81' lang='lat' dir='ltr'><strong>confert:</strong></span> <span class='ocrx_word' id='word_1_654' title='bbox 1561 5047 1802 5115; x_wconf 88' lang='lat' dir='ltr'><strong>indeque</strong></span> <span class='ocrx_word' id='word_1_655' title='bbox 1851 5045 2175 5116; x_wconf 70' lang='lat' dir='ltr'><strong>profugiens</strong></span> 
     </span>
    </p>
   </div>
   <div class='ocr_carea' id='block_1_96' title="bbox 612 5136 2180 5212">
    <p class='ocr_par' dir='ltr' id='par_1_96' title="bbox 612 5136 2180 5212">
     <span class='ocr_line' id='line_1_96' title="bbox 612 5136 2180 5212; baseline -0.006 -16"><span class='ocrx_word' id='word_1_656' title='bbox 612 5146 662 5197; x_wconf 92' lang='lat' dir='ltr'><strong>in</strong></span> <span class='ocrx_word' id='word_1_657' title='bbox 698 5142 1019 5212; x_wconf 75' lang='lat' dir='ltr'><strong>Ungariam,</strong></span> <span class='ocrx_word' id='word_1_658' title='bbox 1059 5142 1227 5194; x_wconf 86' lang='lat' dir='ltr'><strong>rebus</strong></span> <span class='ocrx_word' id='word_1_659' title='bbox 1257 5140 1457 5193; x_wconf 88' lang='lat' dir='ltr'><strong>ibidem</strong></span> <span class='ocrx_word' id='word_1_660' title='bbox 1495 5140 1711 5192; x_wconf 88' lang='lat' dir='ltr'><strong>excedit</strong></span> <span class='ocrx_word' id='word_1_661' title='bbox 1752 5139 2027 5192; x_wconf 88' lang='lat' dir='ltr'><strong>humanis.</strong></span> <span class='ocrx_word' id='word_1_662' title='bbox 2059 5136 2180 5190; x_wconf 74' lang='lat' dir='ltr'><strong>Mu-</strong></span> 
     </span>
    </p>
   </div>
   <div class='ocr_carea' id='block_1_97' title="bbox 611 5231 2177 5303">
    <p class='ocr_par' dir='ltr' id='par_1_97' title="bbox 611 5231 2177 5303">
     <span class='ocr_line' id='line_1_97' title="bbox 611 5231 2177 5303; baseline -0.004 -12"><span class='ocrx_word' id='word_1_663' title='bbox 611 5238 886 5291; x_wconf 87' lang='lat' dir='ltr'><strong>chetuetes</strong></span> <span class='ocrx_word' id='word_1_664' title='bbox 928 5246 1191 5303; x_wconf 80' lang='lat' dir='ltr'><strong>occupata</strong></span> <span class='ocrx_word' id='word_1_665' title='bbox 1249 5235 1495 5301; x_wconf 74' lang='lat' dir='ltr'><strong>regione,</strong></span> <span class='ocrx_word' id='word_1_666' title='bbox 1542 5232 1814 5300; x_wconf 86' lang='lat' dir='ltr'><strong>quoddam</strong></span> <span class='ocrx_word' id='word_1_667' title='bbox 1867 5231 2029 5284; x_wconf 89' lang='lat' dir='ltr'><strong>tertio</strong></span> <span class='ocrx_word' id='word_1_668' title='bbox 2068 5231 2177 5284; x_wconf 84' lang='lat' dir='ltr'><strong>tilio</strong></span> 
     </span>
    </p>
   </div>
   <div class='ocr_carea' id='block_1_98' title="bbox 608 5326 2178 5399">
    <p class='ocr_par' dir='ltr' id='par_1_98' title="bbox 608 5326 2178 5399">
     <span class='ocr_line' id='line_1_98' title="bbox 608 5326 2178 5399; baseline -0.005 -13"><span class='ocrx_word' id='word_1_669' title='bbox 608 5332 767 5386; x_wconf 83' lang='lat' dir='ltr'><strong>ducis</strong></span> <span class='ocrx_word' id='word_1_670' title='bbox 795 5330 1062 5399; x_wconf 86' lang='lat' dir='ltr'><strong>Stephani</strong></span> <span class='ocrx_word' id='word_1_671' title='bbox 1102 5329 1290 5385; x_wconf 80' lang='lat' dir='ltr'><strong>Vatico</strong></span> <span class='ocrx_word' id='word_1_672' title='bbox 1341 5329 1563 5394; x_wconf 84' lang='lat' dir='ltr'><strong>reliquit</strong></span> <span class='ocrx_word' id='word_1_673' title='bbox 1613 5326 1895 5397; x_wconf 77' lang='lat' dir='ltr'><strong>oppiduni,</strong></span> <span class='ocrx_word' id='word_1_674' title='bbox 1938 5327 2027 5379; x_wconf 88' lang='lat' dir='ltr'><strong>cui</strong></span> <span class='ocrx_word' id='word_1_675' title='bbox 2082 5342 2178 5378; x_wconf 88' lang='lat' dir='ltr'><strong>no-</strong></span> 
     </span>
    </p>
   </div>
   <div class='ocr_carea' id='block_1_99' title="bbox 612 5415 2177 5489">
    <p class='ocr_par' dir='ltr' id='par_1_99' title="bbox 612 5415 2177 5489">
     <span class='ocr_line' id='line_1_99' title="bbox 612 5415 2177 5489; baseline -0.004 -10"><span class='ocrx_word' id='word_1_676' title='bbox 612 5442 735 5479; x_wconf 88' lang='lat' dir='ltr'><strong>tncn</strong></span> <span class='ocrx_word' id='word_1_677' title='bbox 801 5423 1049 5489; x_wconf 78' lang='lat' dir='ltr'><strong>Valacca,</strong></span> <span class='ocrx_word' id='word_1_678' title='bbox 1101 5439 1225 5477; x_wconf 90' lang='lat' dir='ltr'><strong>cum</strong></span> <span class='ocrx_word' id='word_1_679' title='bbox 1292 5415 1840 5477; x_wconf 39' lang='lat' dir='ltr'><strong>castello&#39;Dalmatiae</strong></span> <span class='ocrx_word' id='word_1_680' title='bbox 1896 5418 2070 5482; x_wconf 79' lang='lat' dir='ltr'><strong>Novo,</strong></span> <span class='ocrx_word' id='word_1_681' title='bbox 2124 5427 2177 5473; x_wconf 88' lang='lat' dir='ltr'><strong>ct</strong></span> 
     </span>
    </p>
   </div>
   <div class='ocr_carea' id='block_1_100' title="bbox 609 5514 2178 5583">
    <p class='ocr_par' dir='ltr' id='par_1_100' title="bbox 609 5514 2178 5583">
     <span class='ocr_line' id='line_1_100' title="bbox 609 5514 2178 5583; baseline -0.004 -12"><span class='ocrx_word' id='word_1_682' title='bbox 609 5520 733 5577; x_wconf 87' lang='lat' dir='ltr'><strong>aliis</strong></span> <span class='ocrx_word' id='word_1_683' title='bbox 773 5518 929 5583; x_wconf 85' lang='lat' dir='ltr'><strong>locis,</strong></span> <span class='ocrx_word' id='word_1_684' title='bbox 982 5516 1127 5572; x_wconf 86' lang='lat' dir='ltr'><strong>unde</strong></span> <span class='ocrx_word' id='word_1_685' title='bbox 1168 5516 1444 5571; x_wconf 85' lang='lat' dir='ltr'><strong>vietitarct</strong></span> <span class='ocrx_word' id='word_1_686' title='bbox 1488 5532 1502 5569; x_wconf 91' lang='lat'><strong>:</strong></span> <span class='ocrx_word' id='word_1_687' title='bbox 1548 5516 1901 5582; x_wconf 75' lang='lat' dir='ltr'><strong>vicissimque</strong></span> <span class='ocrx_word' id='word_1_688' title='bbox 1960 5514 2178 5566; x_wconf 80' lang='lat' dir='ltr'><strong>\‘aticus</strong></span> 
     </span>
    </p>
   </div>
   <div class='ocr_carea' id='block_1_101' title="bbox 607 5607 2178 5683">
    <p class='ocr_par' dir='ltr' id='par_1_101' title="bbox 607 5607 2178 5683">
     <span class='ocr_line' id='line_1_101' title="bbox 607 5607 2178 5683; baseline -0.008 -15"><span class='ocrx_word' id='word_1_689' title='bbox 607 5630 705 5683; x_wconf 84' lang='lat' dir='ltr'><strong>pro</strong></span> <span class='ocrx_word' id='word_1_690' title='bbox 730 5613 955 5666; x_wconf 78' lang='lat' dir='ltr'><strong>domino</strong></span> <span class='ocrx_word' id='word_1_691' title='bbox 996 5616 1109 5665; x_wconf 81' lang='lat' dir='ltr'><strong>sive</strong></span> <span class='ocrx_word' id='word_1_692' title='bbox 1158 5620 1415 5678; x_wconf 86' lang='lat' dir='ltr'><strong>patrooo,</strong></span> <span class='ocrx_word' id='word_1_693' title='bbox 1478 5607 1878 5663; x_wconf 73' lang='lat' dir='ltr'><strong>Muchcmeteu:</strong></span> <span class='ocrx_word' id='word_1_694' title='bbox 1917 5620 2178 5674; x_wconf 69' lang='lat' dir='ltr'><strong>agnasce-</strong></span> 
     </span>
    </p>
   </div>
   <div class='ocr_carea' id='block_1_102' title="bbox 606 5694 2178 5766">
    <p class='ocr_par' dir='ltr' id='par_1_102' title="bbox 606 5694 2178 5766">
     <span class='ocr_line' id='line_1_102' title="bbox 606 5694 2178 5766; baseline -0.007 -8"><span class='ocrx_word' id='word_1_695' title='bbox 606 5707 714 5758; x_wconf 85' lang='lat' dir='ltr'><strong>bat.</strong></span> <span class='ocrx_word' id='word_1_696' title='bbox 745 5703 957 5759; x_wconf 76' lang='lat' dir='ltr'><strong>Mortuo</strong></span> <span class='ocrx_word' id='word_1_697' title='bbox 994 5717 1121 5756; x_wconf 72' lang='lat' dir='ltr'><strong>tero</strong></span> <span class='ocrx_word' id='word_1_698' title='bbox 1148 5702 1509 5763; x_wconf 82' lang='lat' dir='ltr'><strong>Muchemete,</strong></span> <span class='ocrx_word' id='word_1_699' title='bbox 1566 5697 1835 5766; x_wconf 78' lang='lat' dir='ltr'><strong>Bajazites</strong></span> <span class='ocrx_word' id='word_1_700' title='bbox 1878 5697 2040 5764; x_wconf 84' lang='lat' dir='ltr'><strong>hujus</strong></span> <span class='ocrx_word' id='word_1_701' title='bbox 2073 5694 2178 5750; x_wconf 78' lang='lat' dir='ltr'><strong>Va-</strong></span> 
     </span>
    </p>
   </div>
   <div class='ocr_carea' id='block_1_103' title="bbox 606 5789 2179 5867">
    <p class='ocr_par' dir='ltr' id='par_1_103' title="bbox 606 5789 2179 5867">
     <span class='ocr_line' id='line_1_103' title="bbox 606 5789 2179 5867; baseline -0.009 -15"><span class='ocrx_word' id='word_1_702' title='bbox 606 5800 718 5859; x_wconf 87' lang='lat' dir='ltr'><strong>tici,</strong></span> <span class='ocrx_word' id='word_1_703' title='bbox 747 5796 1004 5867; x_wconf 80' lang='lat' dir='ltr'><strong>Stephani</strong></span> <span class='ocrx_word' id='word_1_704' title='bbox 1037 5796 1094 5850; x_wconf 88' lang='lat' dir='ltr'><strong>S.</strong></span> <span class='ocrx_word' id='word_1_705' title='bbox 1138 5796 1296 5849; x_wconf 75' lang='lat' dir='ltr'><strong>Saba:</strong></span> <span class='ocrx_word' id='word_1_706' title='bbox 1348 5792 1501 5846; x_wconf 87' lang='lat' dir='ltr'><strong>ducis</strong></span> <span class='ocrx_word' id='word_1_707' title='bbox 1544 5790 1661 5856; x_wconf 86' lang='lat' dir='ltr'><strong>filii,</strong></span> <span class='ocrx_word' id='word_1_708' title='bbox 1691 5790 1968 5855; x_wconf 76' lang='lat' dir='ltr'><strong>regionem</strong></span> <span class='ocrx_word' id='word_1_709' title='bbox 2002 5789 2056 5839; x_wconf 92' lang='lat' dir='ltr'><strong>iu</strong></span> <span class='ocrx_word' id='word_1_710' title='bbox 2084 5803 2179 5855; x_wconf 86' lang='lat' dir='ltr'><strong>po-</strong></span> 
     </span>
    </p>
   </div>
   <div class='ocr_carea' id='block_1_104' title="bbox 603 5882 2174 5963">
    <p class='ocr_par' dir='ltr' id='par_1_104' title="bbox 603 5882 2174 5963">
     <span class='ocr_line' id='line_1_104' title="bbox 603 5882 2174 5963; baseline -0.009 -15"><span class='ocrx_word' id='word_1_711' title='bbox 603 5900 855 5949; x_wconf 80' lang='lat' dir='ltr'><strong>testatein</strong></span> <span class='ocrx_word' id='word_1_712' title='bbox 891 5892 1095 5963; x_wconf 77' lang='lat' dir='ltr'><strong>redegit</strong></span> <span class='ocrx_word' id='word_1_713' title='bbox 1136 5888 1411 5961; x_wconf 86' lang='lat' dir='ltr'><strong>:quinou</strong></span> <span class='ocrx_word' id='word_1_714' title='bbox 1461 5885 1637 5943; x_wconf 88' lang='lat' dir='ltr'><strong>multo</strong></span> <span class='ocrx_word' id='word_1_715' title='bbox 1685 5892 1809 5955; x_wconf 88' lang='lat' dir='ltr'><strong>post</strong></span> <span class='ocrx_word' id='word_1_716' title='bbox 1831 5882 1990 5938; x_wconf 79' lang='lat' dir='ltr'><strong>Arhae</strong></span> <span class='ocrx_word' id='word_1_717' title='bbox 2025 5897 2174 5936; x_wconf 88' lang='lat' dir='ltr'><strong>mor-</strong></span> 
     </span>
    </p>
   </div>
   <div class='ocr_carea' id='block_1_105' title="bbox 2284 4679 3859 4753">
    <p class='ocr_par' dir='ltr' id='par_1_105' title="bbox 2284 4679 3859 4753">
     <span class='ocr_line' id='line_1_105' title="bbox 2284 4679 3859 4753; baseline -0.007 -13"><span class='ocrx_word' id='word_1_718' title='bbox 2284 4698 2419 4747; x_wconf 89' lang='lat' dir='ltr'><strong>tum,</strong></span> <span class='ocrx_word' id='word_1_719' title='bbox 2444 4699 2745 4753; x_wconf 82' lang='lat' dir='ltr'><strong>occupasse</strong></span> <span class='ocrx_word' id='word_1_720' title='bbox 2790 4699 2932 4737; x_wconf 89' lang='lat' dir='ltr'><strong>anno</strong></span> <span class='ocrx_word' id='word_1_721' title='bbox 2956 4681 3274 4735; x_wconf 74' lang='lat' dir='ltr'><strong>Christiano</strong></span> <span class='ocrx_word' id='word_1_722' title='bbox 3322 4679 3479 4741; x_wconf 68' lang='lat'><strong>“64,</strong></span> <span class='ocrx_word' id='word_1_723' title='bbox 3518 4694 3547 4731; x_wconf 89' lang='lat' dir='ltr'><strong>a</strong></span> <span class='ocrx_word' id='word_1_724' title='bbox 3573 4693 3685 4745; x_wconf 85' lang='lat' dir='ltr'><strong>quo</strong></span> <span class='ocrx_word' id='word_1_725' title='bbox 3720 4690 3859 4731; x_wconf 79' lang='lat' dir='ltr'><strong>tein-</strong></span> 
     </span>
    </p>
   </div>
   <div class='ocr_carea' id='block_1_106' title="bbox 2280 4770 3859 4847">
    <p class='ocr_par' dir='ltr' id='par_1_106' title="bbox 2280 4770 3859 4847">
     <span class='ocr_line' id='line_1_106' title="bbox 2280 4770 3859 4847; baseline -0.007 -16"><span class='ocrx_word' id='word_1_726' title='bbox 2280 4793 2411 4847; x_wconf 88' lang='lat' dir='ltr'><strong>pore</strong></span> <span class='ocrx_word' id='word_1_727' title='bbox 2433 4776 2569 4830; x_wconf 86' lang='lat' dir='ltr'><strong>vixit</strong></span> <span class='ocrx_word' id='word_1_728' title='bbox 2618 4778 2730 4844; x_wconf 86' lang='lat' dir='ltr'><strong>ipse</strong></span> <span class='ocrx_word' id='word_1_729' title='bbox 2761 4774 3175 4844; x_wconf 85' lang='lat' dir='ltr'><strong>quatuordecim</strong></span> <span class='ocrx_word' id='word_1_730' title='bbox 3226 4772 3405 4824; x_wconf 87' lang='lat' dir='ltr'><strong>adhuc</strong></span> <span class='ocrx_word' id='word_1_731' title='bbox 3428 4772 3609 4835; x_wconf 81' lang='lat' dir='ltr'><strong>annis,</strong></span> <span class='ocrx_word' id='word_1_732' title='bbox 3644 4777 3699 4822; x_wconf 86' lang='lat' dir='ltr'><strong>et</strong></span> <span class='ocrx_word' id='word_1_733' title='bbox 3746 4770 3859 4821; x_wconf 78' lang='lat' dir='ltr'><strong>for-</strong></span> 
     </span>
    </p>
   </div>
   <div class='ocr_carea' id='block_1_107' title="bbox 2279 4856 3855 4934">
    <p class='ocr_par' dir='ltr' id='par_1_107' title="bbox 2279 4856 3855 4934">
     <span class='ocr_line' id='line_1_107' title="bbox 2279 4856 3855 4934; baseline -0.005 -14"><span class='ocrx_word' id='word_1_734' title='bbox 2279 4877 2429 4920; x_wconf 87' lang='lat' dir='ltr'><strong>tasse</strong></span> <span class='ocrx_word' id='word_1_735' title='bbox 2461 4876 2741 4934; x_wconf 78' lang='lat' dir='ltr'><strong>supersres</strong></span> <span class='ocrx_word' id='word_1_736' title='bbox 2776 4862 2937 4916; x_wconf 89' lang='lat' dir='ltr'><strong>etiam</strong></span> <span class='ocrx_word' id='word_1_737' title='bbox 2969 4866 3076 4915; x_wconf 88' lang='lat' dir='ltr'><strong>dux</strong></span> <span class='ocrx_word' id='word_1_738' title='bbox 3122 4860 3433 4928; x_wconf 83' lang='lat' dir='ltr'><strong>Stephanus</strong></span> <span class='ocrx_word' id='word_1_739' title='bbox 3472 4861 3697 4914; x_wconf 88' lang='lat' dir='ltr'><strong>mansit.</strong></span> <span class='ocrx_word' id='word_1_740' title='bbox 3734 4856 3855 4912; x_wconf 85' lang='lat' dir='ltr'><strong>Non</strong></span> 
     </span>
    </p>
   </div>
   <div class='ocr_carea' id='block_1_108' title="bbox 2281 4950 3847 5024">
    <p class='ocr_par' dir='ltr' id='par_1_108' title="bbox 2281 4950 3847 5024">
     <span class='ocr_line' id='line_1_108' title="bbox 2281 4950 3847 5024; baseline -0.006 -12"><span class='ocrx_word' id='word_1_741' title='bbox 2281 4959 2424 5013; x_wconf 88' lang='lat' dir='ltr'><strong>enim</strong></span> <span class='ocrx_word' id='word_1_742' title='bbox 2479 4958 2672 5024; x_wconf 78' lang='lat' dir='ltr'><strong>legitur</strong></span> <span class='ocrx_word' id='word_1_743' title='bbox 2722 4956 2780 5009; x_wconf 89' lang='lat' dir='ltr'><strong>in</strong></span> <span class='ocrx_word' id='word_1_744' title='bbox 2823 4954 3151 5017; x_wconf 79' lang='lat' dir='ltr'><strong>Annalibus,</strong></span> <span class='ocrx_word' id='word_1_745' title='bbox 3206 4952 3353 5005; x_wconf 87' lang='lat' dir='ltr'><strong>hunc</strong></span> <span class='ocrx_word' id='word_1_746' title='bbox 3401 4950 3453 5003; x_wconf 86' lang='lat' dir='ltr'><strong>id</strong></span> <span class='ocrx_word' id='word_1_747' title='bbox 3499 4953 3763 5021; x_wconf 88' lang='lat' dir='ltr'><strong>temporis</strong></span> <span class='ocrx_word' id='word_1_748' title='bbox 3815 4964 3847 5002; x_wconf 86' lang='lat' dir='ltr'><strong>a</strong></span> 
     </span>
    </p>
   </div>
   <div class='ocr_carea' id='block_1_109' title="bbox 2280 5042 3857 5107">
    <p class='ocr_par' dir='ltr' id='par_1_109' title="bbox 2280 5042 3857 5107">
     <span class='ocr_line' id='line_1_109' title="bbox 2280 5042 3857 5107; baseline -0.009 -4"><span class='ocrx_word' id='word_1_749' title='bbox 2280 5048 2619 5103; x_wconf 68' lang='lat' dir='ltr'><strong>lochemete</strong></span> <span class='ocrx_word' id='word_1_750' title='bbox 2651 5061 2779 5099; x_wconf 89' lang='lat' dir='ltr'><strong>cum</strong></span> <span class='ocrx_word' id='word_1_751' title='bbox 2828 5044 2956 5097; x_wconf 80' lang='lat' dir='ltr'><strong>filiis</strong></span> <span class='ocrx_word' id='word_1_752' title='bbox 2984 5058 3015 5097; x_wconf 90' lang='lat' dir='ltr'><strong>e</strong></span> <span class='ocrx_word' id='word_1_753' title='bbox 3046 5044 3226 5095; x_wconf 89' lang='lat' dir='ltr'><strong>medio</strong></span> <span class='ocrx_word' id='word_1_754' title='bbox 3252 5042 3553 5107; x_wconf 82' lang='lat' dir='ltr'><strong>sublatum,</strong></span> <span class='ocrx_word' id='word_1_755' title='bbox 3608 5044 3689 5093; x_wconf 79' lang='lat' dir='ltr'><strong>vel</strong></span> <span class='ocrx_word' id='word_1_756' title='bbox 3738 5056 3857 5092; x_wconf 88' lang='lat' dir='ltr'><strong>oin-</strong></span> 
     </span>
    </p>
   </div>
   <div class='ocr_carea' id='block_1_110' title="bbox 2282 5131 3856 5204">
    <p class='ocr_par' dir='ltr' id='par_1_110' title="bbox 2282 5131 3856 5204">
     <span class='ocr_line' id='line_1_110' title="bbox 2282 5131 3856 5204; baseline -0.008 -11"><span class='ocrx_word' id='word_1_757' title='bbox 2282 5142 2413 5193; x_wconf 89' lang='lat' dir='ltr'><strong>uiuo</strong></span> <span class='ocrx_word' id='word_1_758' title='bbox 2452 5140 2657 5191; x_wconf 85' lang='lat' dir='ltr'><strong>ditione</strong></span> <span class='ocrx_word' id='word_1_759' title='bbox 2682 5152 2777 5190; x_wconf 79' lang='lat' dir='ltr'><strong>sua</strong></span> <span class='ocrx_word' id='word_1_760' title='bbox 2806 5135 3127 5204; x_wconf 86' lang='lat' dir='ltr'><strong>spoliatum,</strong></span> <span class='ocrx_word' id='word_1_761' title='bbox 3150 5135 3613 5201; x_wconf 83' lang='lat' dir='ltr'><strong>quemadmodum</strong></span> <span class='ocrx_word' id='word_1_762' title='bbox 3653 5135 3719 5185; x_wconf 88' lang='lat' dir='ltr'><strong>de</strong></span> <span class='ocrx_word' id='word_1_763' title='bbox 3755 5131 3856 5182; x_wconf 73' lang='lat' dir='ltr'><strong>ilo-</strong></span> 
     </span>
    </p>
   </div>
   <div class='ocr_carea' id='block_1_111' title="bbox 2282 5225 3851 5296">
    <p class='ocr_par' dir='ltr' id='par_1_111' title="bbox 2282 5225 3851 5296">
     <span class='ocr_line' id='line_1_111' title="bbox 2282 5225 3851 5296; baseline -0.007 -12"><span class='ocrx_word' id='word_1_764' title='bbox 2282 5233 2487 5284; x_wconf 80' lang='lat' dir='ltr'><strong>ziueusi</strong></span> <span class='ocrx_word' id='word_1_765' title='bbox 2520 5244 2649 5295; x_wconf 70' lang='lat' dir='ltr'><strong>rege</strong></span> <span class='ocrx_word' id='word_1_766' title='bbox 2668 5230 2815 5281; x_wconf 84' lang='lat' dir='ltr'><strong>dicto</strong></span> <span class='ocrx_word' id='word_1_767' title='bbox 2836 5228 2955 5281; x_wconf 89' lang='lat' dir='ltr'><strong>loco</strong></span> <span class='ocrx_word' id='word_1_768' title='bbox 2984 5228 3257 5296; x_wconf 90' lang='lat' dir='ltr'><strong>proditum</strong></span> <span class='ocrx_word' id='word_1_769' title='bbox 3294 5225 3542 5278; x_wconf 83' lang='lat' dir='ltr'><strong>videmus</strong></span> <span class='ocrx_word' id='word_1_770' title='bbox 3566 5238 3851 5294; x_wconf 74' lang='lat' dir='ltr'><strong>expresse,</strong></span> 
     </span>
    </p>
   </div>
   <div class='ocr_carea' id='block_1_112' title="bbox 2282 5318 3850 5386">
    <p class='ocr_par' dir='ltr' id='par_1_112' title="bbox 2282 5318 3850 5386">
     <span class='ocr_line' id='line_1_112' title="bbox 2282 5318 3850 5386; baseline -0.006 -10"><span class='ocrx_word' id='word_1_771' title='bbox 2282 5326 2373 5376; x_wconf 83' lang='lat' dir='ltr'><strong>sed</strong></span> <span class='ocrx_word' id='word_1_772' title='bbox 2397 5332 2605 5375; x_wconf 90' lang='lat' dir='ltr'><strong>tantum</strong></span> <span class='ocrx_word' id='word_1_773' title='bbox 2636 5336 2663 5371; x_wconf 88' lang='lat' dir='ltr'><strong>a</strong></span> <span class='ocrx_word' id='word_1_774' title='bbox 2693 5319 3033 5373; x_wconf 75' lang='lat' dir='ltr'><strong>Muchemete</strong></span> <span class='ocrx_word' id='word_1_775' title='bbox 3059 5320 3161 5371; x_wconf 86' lang='lat' dir='ltr'><strong>sub</strong></span> <span class='ocrx_word' id='word_1_776' title='bbox 3183 5320 3373 5386; x_wconf 79' lang='lat' dir='ltr'><strong>jugum</strong></span> <span class='ocrx_word' id='word_1_777' title='bbox 3424 5318 3591 5371; x_wconf 86' lang='lat' dir='ltr'><strong>fuisse</strong></span> <span class='ocrx_word' id='word_1_778' title='bbox 3622 5318 3850 5368; x_wconf 84' lang='lat' dir='ltr'><strong>missam</strong></span> 
     </span>
    </p>
   </div>
   <div class='ocr_carea' id='block_1_113' title="bbox 2281 5402 3850 5480">
    <p class='ocr_par' dir='ltr' id='par_1_113' title="bbox 2281 5402 3850 5480">
     <span class='ocr_line' id='line_1_113' title="bbox 2281 5402 3850 5480; baseline -0.006 -14"><span class='ocrx_word' id='word_1_779' title='bbox 2281 5413 2735 5479; x_wconf 77' lang='lat' dir='ltr'><strong>llerzegovioam,</strong></span> <span class='ocrx_word' id='word_1_780' title='bbox 2780 5426 2902 5480; x_wconf 68' lang='lat' dir='ltr'><strong>quae</strong></span> <span class='ocrx_word' id='word_1_781' title='bbox 2957 5410 3158 5462; x_wconf 79' lang='lat' dir='ltr'><strong>Bozina</strong></span> <span class='ocrx_word' id='word_1_782' title='bbox 3215 5407 3463 5475; x_wconf 82' lang='lat' dir='ltr'><strong>superior</strong></span> <span class='ocrx_word' id='word_1_783' title='bbox 3524 5416 3630 5468; x_wconf 80' lang='lat' dir='ltr'><strong>est,</strong></span> <span class='ocrx_word' id='word_1_784' title='bbox 3696 5416 3749 5457; x_wconf 89' lang='lat' dir='ltr'><strong>et</strong></span> <span class='ocrx_word' id='word_1_785' title='bbox 3790 5402 3850 5457; x_wconf 90' lang='lat' dir='ltr'><strong>S.</strong></span> 
     </span>
    </p>
   </div>
   <div class='ocr_carea' id='block_1_114' title="bbox 2282 5497 3854 5572">
    <p class='ocr_par' dir='ltr' id='par_1_114' title="bbox 2282 5497 3854 5572">
     <span class='ocr_line' id='line_1_114' title="bbox 2282 5497 3854 5572; baseline -0.008 -12"><span class='ocrx_word' id='word_1_786' title='bbox 2282 5506 2436 5560; x_wconf 78' lang='lat' dir='ltr'><strong>Sara:</strong></span> <span class='ocrx_word' id='word_1_787' title='bbox 2489 5506 2670 5572; x_wconf 88' lang='lat' dir='ltr'><strong>(sicuti</strong></span> <span class='ocrx_word' id='word_1_788' title='bbox 2726 5503 3118 5555; x_wconf 74' lang='lat' dir='ltr'><strong>Malatestanus</strong></span> <span class='ocrx_word' id='word_1_789' title='bbox 3187 5500 3471 5553; x_wconf 86' lang='lat' dir='ltr'><strong>actuarius</strong></span> <span class='ocrx_word' id='word_1_790' title='bbox 3530 5499 3621 5553; x_wconf 89' lang='lat' dir='ltr'><strong>ille</strong></span> <span class='ocrx_word' id='word_1_791' title='bbox 3668 5497 3854 5552; x_wconf 64' lang='lat' dir='ltr'><strong>Graeca</strong></span> 
     </span>
    </p>
   </div>
   <div class='ocr_carea' id='block_1_115' title="bbox 2282 5589 3856 5665">
    <p class='ocr_par' dir='ltr' id='par_1_115' title="bbox 2282 5589 3856 5665">
     <span class='ocr_line' id='line_1_115' title="bbox 2282 5589 3856 5665; baseline -0.003 -18"><span class='ocrx_word' id='word_1_792' title='bbox 2282 5598 2729 5665; x_wconf 72' lang='lat' dir='ltr'><strong>pronuntiatione</strong></span> <span class='ocrx_word' id='word_1_793' title='bbox 2780 5595 3020 5663; x_wconf 73' lang='lat' dir='ltr'><strong>Scripsit)</strong></span> <span class='ocrx_word' id='word_1_794' title='bbox 3065 5594 3145 5645; x_wconf 81' lang='lat' dir='ltr'><strong>vel</strong></span> <span class='ocrx_word' id='word_1_795' title='bbox 3200 5593 3358 5644; x_wconf 58' lang='lat' dir='ltr'><strong>Saba!</strong></span> <span class='ocrx_word' id='word_1_796' title='bbox 3423 5591 3678 5645; x_wconf 87' lang='lat' dir='ltr'><strong>ducatus.</strong></span> <span class='ocrx_word' id='word_1_797' title='bbox 3741 5589 3856 5643; x_wconf 81' lang='lat' dir='ltr'><strong>Hoc</strong></span> 
     </span>
    </p>
   </div>
   <div class='ocr_carea' id='block_1_116' title="bbox 2282 5683 3851 5754">
    <p class='ocr_par' dir='ltr' id='par_1_116' title="bbox 2282 5683 3851 5754">
     <span class='ocr_line' id='line_1_116' title="bbox 2282 5683 3851 5754; baseline -0.006 -13"><span class='ocrx_word' id='word_1_798' title='bbox 2282 5690 2446 5741; x_wconf 85' lang='lat' dir='ltr'><strong>modo</strong></span> <span class='ocrx_word' id='word_1_799' title='bbox 2500 5688 2544 5739; x_wconf 73' lang='lat' dir='ltr'><strong>si</strong></span> <span class='ocrx_word' id='word_1_800' title='bbox 2591 5687 2801 5739; x_wconf 87' lang='lat' dir='ltr'><strong>diutius</strong></span> <span class='ocrx_word' id='word_1_801' title='bbox 2846 5694 3131 5754; x_wconf 84' lang='lat' dir='ltr'><strong>superstes</strong></span> <span class='ocrx_word' id='word_1_802' title='bbox 3162 5686 3270 5737; x_wconf 77' lang='lat' dir='ltr'><strong>dux</strong></span> <span class='ocrx_word' id='word_1_803' title='bbox 3315 5683 3629 5751; x_wconf 80' lang='lat' dir='ltr'><strong>Stephanus</strong></span> <span class='ocrx_word' id='word_1_804' title='bbox 3678 5695 3851 5751; x_wconf 85' lang='lat' dir='ltr'><strong>pater,</strong></span> 
     </span>
    </p>
   </div>
   <div class='ocr_carea' id='block_1_117' title="bbox 2281 5777 3847 5849">
    <p class='ocr_par' dir='ltr' id='par_1_117' title="bbox 2281 5777 3847 5849">
     <span class='ocr_line' id='line_1_117' title="bbox 2281 5777 3847 5849; baseline -0.006 -14"><span class='ocrx_word' id='word_1_805' title='bbox 2281 5792 2333 5835; x_wconf 90' lang='lat' dir='ltr'><strong>ct</strong></span> <span class='ocrx_word' id='word_1_806' title='bbox 2360 5779 2555 5834; x_wconf 84' lang='lat' dir='ltr'><strong>Turcis</strong></span> <span class='ocrx_word' id='word_1_807' title='bbox 2579 5780 2855 5843; x_wconf 88' lang='lat' dir='ltr'><strong>subditus,</strong></span> <span class='ocrx_word' id='word_1_808' title='bbox 2887 5778 3050 5849; x_wconf 73' lang='grc'><strong>460</strong></span> <span class='ocrx_word' id='word_1_809' title='bbox 3072 5780 3261 5844; x_wconf 86' lang='lat' dir='ltr'><strong>eisque</strong></span> <span class='ocrx_word' id='word_1_810' title='bbox 3294 5777 3558 5828; x_wconf 86' lang='lat' dir='ltr'><strong>tributqu</strong></span> <span class='ocrx_word' id='word_1_811' title='bbox 3588 5780 3847 5843; x_wconf 80' lang='lat' dir='ltr'><strong>pendens,</strong></span> 
     </span>
    </p>
   </div>
   <div class='ocr_carea' id='block_1_118' title="bbox 2283 5869 3846 5934">
    <p class='ocr_par' dir='ltr' id='par_1_118' title="bbox 2283 5869 3846 5934">
     <span class='ocr_line' id='line_1_118' title="bbox 2283 5869 3846 5934; baseline -0.005 -3"><span class='ocrx_word' id='word_1_812' title='bbox 2283 5870 2391 5931; x_wconf 79' lang='lat' dir='ltr'><strong>uoii</strong></span> <span class='ocrx_word' id='word_1_813' title='bbox 2416 5873 2577 5930; x_wconf 85' lang='lat' dir='ltr'><strong>modo</strong></span> <span class='ocrx_word' id='word_1_814' title='bbox 2608 5870 2939 5929; x_wconf 68' lang='lat' dir='ltr'><strong>Florentius:</strong></span> <span class='ocrx_word' id='word_1_815' title='bbox 2968 5872 3213 5925; x_wconf 77' lang='lat' dir='ltr'><strong>mulieris</strong></span> <span class='ocrx_word' id='word_1_816' title='bbox 3253 5869 3522 5924; x_wconf 84' lang='lat' dir='ltr'><strong>adulterio</strong></span> <span class='ocrx_word' id='word_1_817' title='bbox 3549 5883 3607 5923; x_wconf 78' lang='lat' dir='ltr'><strong>se</strong></span> <span class='ocrx_word' id='word_1_818' title='bbox 3636 5870 3846 5934; x_wconf 79' lang='lat' dir='ltr'><strong>polluit.</strong></span> 
     </span>
    </p>
   </div>
  </div>
