4204 6300
435 418 536 487 8H

1559 428 1954 491 PANDECTE
1992 431 2191 492 lllS'I‘.
2239 432 2537 494 TURClC.

3566 447 3677 511 842

434 554 621 594 verum
649 539 813 595 etiam
853 539 1113 612 deinceps
1139 543 1244 600 sub
1275 543 1527 613 Bajazitis
1557 548 1788 619 imperio
1829 567 1990 624 spou-
2027 551 2068 605 Α
2098 550 2326 605 minime
2364 551 2822 606 dissimulantem
2870 555 3151 613 duximus.
3205 559 3486 631 Nusquam
3536 583 3673 625 sane

434 645 553 688 sam
585 632 866 700 Stephano
893 633 1007 689 ﬁlio
1050 638 1480 706 secundogenito
1525 655 1622 710 per
1673 643 1853 700 scelus
1900 647 2009 698 eri-
2105 656 2300 696 nomen
2333 644 2456 706 hoc,
2494 661 2594 700 nec
2650 647 2824 715 ipsum
2873 649 2995 704 licet
3025 656 3380 712 memorabile
3437 659 3670 730 facinus,

436 723 555 795 puit
589 741 602 777 :
637 740 745 778 non
775 727 972 780 mirum
1002 737 1109 792 est,
1153 729 1389 784 adaucto
1417 732 1633 802 plenam
1670 734 1736 788 ad
1781 753 2006 792 mensu—

436 833 552 873 ram
596 817 927 889 ﬁagitiurum
959 822 1202 888 cumulo,
1246 823 1408 879 linem
1459 825 1746 883 Buziucnsi
1779 828 2004 885 ducatui

440 927 643 966 numen
718 912 918 966 iratum
976 915 1326 983 imposuisse.
1389 915 1579 971 Solent
1630 919 1776 976 enim
1832 926 1914 976 vel
1949 926 2002 976 in

434 1005 627 1072 primis
658 1004 931 1070 ejusmodi
960 1006 1269 1077 principum
1313 1023 1460 1078 vaga
1503 1009 1758 1067 libidines
1785 1016 1998 1069 excidia

434 1097 616 1164 regnis
646 1111 834 1150 eorum
854 1113 1155 1154 arcessere.

434 1187 623 1244 162-5.
656 1186 1288 1276 DulgediretAladeule.
1356 1194 1513 1250 Daud
1564 1196 1756 1265 bona,
1801 1199 2003 1270 Turget

1136 1280 1296 1334 regio.

505 1351 820 1418 Provincia,
844 1354 960 1409 sive
989 1356 1140 1425 regio
1171 1358 1454 1428 Diligatlil‘,
1504 1371 1598 1416 aut
1661 1361 1938 1428 Dulcadir,
1968 1380 1997 1419 a

429 1447 636 1500 nostris
662 1448 858 1513 partim
890 1447 1196 1512 Anadoule.
1231 1459 1285 1504 et
1318 1451 1567 1518 Alalulie,
1605 1470 1709 1508 non
1741 1467 1888 1515 recte
1914 1458 2004 1510 ilio

431 1541 591 1594 citur.
633 1542 828 1608 partim
866 1541 1150 1598 Aladoule.
1186 1543 1405 1598 Turcici
1439 1559 1570 1601 vero
1622 1549 1842 1602 annales
1874 1549 2002 1603 Dul-

430 1631 654 1700 gailui-is
681 1647 878 1686 nomen
913 1633 1123 1701 regioni
1166 1634 1432 1699 tribuunt,
1467 1637 1626 1705 cujus
1646 1639 1900 1708 princeps
1932 1639 2001 1692 ab

429 1725 511 1775 eis
570 1723 769 1776 dicitur
823 1723 1104 1790 Aladeule,
1167 1727 1434 1780 vocabulo
1483 1729 1856 1797 tetrasyllabo.
1912 1729 2005 1784 Li-

431 1818 592 1870 mites
659 1814 910 1878 ditionis.
971 1816 1324 1886 Cappadocia:
1383 1821 1662 1876 montibus
1751 1822 1997 1887 inclusaa,

427 1923 569 1977 quos
603 1906 847 1962 Munzari
879 1923 1011 1964 voce
1042 1907 1309 1966 Cetlrinus
1351 1911 1404 1965 in
1435 1911 1872 1982 Paralipomenis
1905 1932 2001 1971 no-
2026 1897 2075 1957 Β

428 2002 562 2057 stris
594 2002 996 2071 complectitur,
1025 2011 1153 2056 tunc
1177 2004 1440 2074 temporis
1470 2018 1624 2060 erant
1654 2007 1706 2060 hi
1741 2022 1756 2062 :
1804 2021 1993 2062 versus

434 2093 650 2154 Svriam
682 2093 898 2148 sultano
933 2091 1178 2148 Cairensi
1211 2104 1515 2164 parentem,
1539 2095 1823 2162 Bcrrbma,
1857 2115 2004 2154 nunc

426 2186 635 2256 Clialep
663 2187 746 2241 vel
784 2186 950 2256 Halep
973 2185 1189 2253 Turcis,
1224 2188 1432 2244 nostris
1486 2189 1692 2261 llalepo
1729 2209 1742 2247 :
1805 2208 2004 2248 versus

430 2281 720 2348 imperium
757 2279 961 2335 Persici
1005 2281 1089 2335 vel
1136 2281 1366 2351 Sophini
1398 2282 1566 2351 regis,
1600 2283 1859 2341 Armenia
1903 2287 2004 2341 mi-

434 2389 592 2428 nor:
655 2389 849 2430 versus
929 2376 1216 2442 imperium
1296 2375 1607 2432 Osmanida:
1694 2379 2000 2450 principis,

427 2466 648 2521 Amr-sia
686 2483 698 2519 :
756 2481 947 2522 versus
1009 2467 1414 2534 Caramaniam,
1442 2470 1631 2524 Adana
1678 2480 1731 2525 et
1776 2471 1997 2526 Tarsus.

427 2558 717 2615 Aladeules
734 2560 848 2628 ipse
867 2559 1245 2616 Turcomanus
1272 2572 1388 2615 erat
1408 2562 1682 2630 princeps,
1707 2577 1812 2616 non
1844 2564 2003 2618 Chri-

428 2654 663 2717 stianus,
708 2662 768 2707 ut
827 2653 991 2707 etiam
1049 2651 1440 2710 Ilalatestanus
1502 2657 1781 2711 actuarius
1835 2667 2001 2712 testa-

429 2752 541 2795 tum
585 2743 826 2811 reliquit.
857 2743 1056 2798 Daudis
1083 2759 1283 2799 nomen
1309 2743 1506 2800 Turcis
1532 2745 1676 2800 idem
1709 2755 1815 2811 est,
1852 2747 1996 2816 quod

427 2834 674 2888 Hebraeis
707 2831 896 2889 David.
942 2832 1247 2890 Nicolaides
1293 2836 1586 2906 depravate
1624 2838 1819 2892 scribit
1843 2838 1995 2892 Daat.

427 2923 651 2995 Ilagnus
673 2925 988 2980 etcclebris
1017 2926 1160 2994 apud
1220 2941 1352 2980 suos
1419 2926 1543 2990 fuit,
1594 2930 1687 2997 qui
1722 2929 1997 2983 Constan-

427 3016 653 3084 tinopoli
679 3017 980 3081 messitam,
1006 3017 1276 3088 hodieque
1306 3029 1512 3074 sariam
1560 3030 1779 3086 tectam,
1801 3022 2002 3075 struxit

423 3120 479 3166 et
521 3112 632 3165 lilio
670 3126 771 3167 suo
828 3111 1030 3166 sultani
1087 3111 1348 3180 Bajazitis
1424 3111 1550 3168 ﬁlia:
1594 3113 1816 3182 nuptias
1872 3129 2002 3184 pro-

426 3204 646 3258 meruit.
726 3202 801 3257 De
870 3201 1108 3257 Varsaco
1166 3203 1506 3258 Garamanta:
1557 3205 1763 3260 dictum
1821 3206 2000 3276 capite

423 3305 674 3351 notarum
697 3297 785 3352 77.
813 3295 945 3349 Erat
973 3291 1062 3350 illa
1081 3307 1210 3350 tunc
1234 3297 1475 3364 quidem,
1497 3307 1619 3367 post
1639 3298 1847 3353 obitum
1876 3298 1994 3354 Ca-

421 3390 574 3447 sanis
612 3390 753 3459 begi,
781 3403 944 3460 quem
971 3406 1136 3459 supra
1172 3391 1346 3459 capite
1371 3390 1499 3453 l59,
1533 3391 1772 3446 diximus
1817 3407 1848 3446 e
1885 3391 1992 3447 Ca-

424 3483 828 3537 ramanidarum
863 3482 1067 3536 familia
1098 3480 1265 3537 luisse
1293 3490 1650 3552 postremum,
1676 3483 1729 3535 in
1759 3481 1991 3537 formam

418 3573 641 3627 redacta
683 3571 977 3640 provinciae
1016 3571 1099 3625 vel
1120 3571 1551 3647 beglerbegatus,
1588 3581 1644 3624 ut
1690 3571 1858 3627 Turci
1893 3587 1994 3627 vo-

417 3673 572 3730 cant,
605 3665 700 3734 qui
752 3665 984 3734 primum
1016 3661 1359 3717 Caramanim
1406 3663 1787 3733 beglerbegum
1825 3665 1995 3721 Cara-

419 3774 609 3831 gosam
657 3759 764 3814 hoc
823 3759 944 3828 ipso
1005 3757 1146 3812 bello
1193 3757 1481 3812 nominant
1535 3774 1548 3810 :
1601 3756 1698 3812 sed
1759 3757 1994 3811 habebat

419 3853 689 3924 quosdam
730 3853 909 3906 adhuc
940 3852 1216 3906 minorum
1257 3851 1501 3920 gentium
1547 3864 1823 3921 proceres,
1868 3849 1989 3919 qui»-

423 3947 527 4002 bus
549 3944 694 3998 haud
752 3942 919 3999 dubie
981 3942 1216 3998 necdum
1262 3941 1686 3997 Osmanidarum
1742 3940 1993 4011 placebat

422 4037 733 4106 imperium,
771 4035 899 4090 licet
923 4033 1166 4103 ejusdem
1208 4034 1447 4088 natioiiis
1473 4040 1658 4087 essent
1716 4031 1992 4100 ejusdem-

419 4143 530 4200 que
553 4138 733 4184 sectaz.
771 4127 1170 4198 Turgutensem
1212 4127 1491 4196 regionem
1531 4141 1561 4179 a
1585 4124 1778 4179 Turcis
1810 4124 1990 4177 nomi-

419 4221 539 4275 nari
567 4219 857 4291 Phrygiam
898 4218 1183 4288 majorem,
1207 4232 1312 4282 qua
1338 4231 1533 4271 versus
1586 4215 1831 4270 Ciliciam
1869 4228 1990 4284 per-

419 4316 574 4380 tinet,
607 4329 672 4368 ex
711 4313 948 4366 ΙΑοηὶοο
976 4319 1128 4380 paret
1155 4326 1169 4364 :
1202 4311 1294 4381 qui
1321 4308 1480 4377 primi
1535 4308 1795 4377 Bajazitis
1821 4306 1986 4360 vitam

414 4405 760 4468 describens,
788 4399 1084 4470 Turgetum
1112 4401 1366 4471 Phrygiae
1397 4400 1593 4455 ducem
1632 4399 1899 4461 nominat,
1937 4405 1991 4450 et

420 4509 608 4564 p05tea
639 4494 950 4564 Turgaturii
989 4493 1056 4546 de
1089 4499 1250 4561 gente
1276 4492 1597 4561 principem.
1647 4491 1860 4545 llursus
1894 4505 1991 4543 au.

419 4598 527 4639 tem
557 4586 610 4639 in
651 4585 858 4638 blurate
891 4585 1146 4638 Secundo
1180 4601 1194 4636 :
1229 4582 1593 4647 Caralitanus,
1629 4583 1827 4654 inquit,
1857 4582 1987 4635 vici-
2020 4620 2065 4675 θ

421 4695 526 4735 nus
567 4689 652 4734 est
685 4679 965 4747 Turgutaa.
1017 4673 1291 4747 Turgntes
1320 4686 1502 4732 autem
1536 4675 1784 4746 Phrygiae
1813 4676 1980 4742 impe-

419 4782 524 4837 rat,
555 4783 607 4825 et
625 4769 1023 4840 Cappadociam
1044 4769 1469 4840 Armeniamque
1490 4769 1642 4838 regio
1671 4768 1790 4838 ejus
1819 4767 1988 4823 attin-

420 4865 517 4934 git.
547 4863 762 4928 Quibus
798 4862 850 4916 in
881 4860 1084 4925 verbis,
1130 4861 1233 4914 nisi
1263 4859 1475 4931 Turgut
1508 4876 1540 4915 a
1586 4859 1865 4930 Dulgadir,
1920 4863 1989 4916 ab

421 4956 557 5026 ipsis
603 4958 770 5009 etiam
822 4951 1017 5008 Turcis
1056 4951 1529 5024 distingueretur,
1594 4953 1987 5023 propemodum

419 5048 545 5116 quis
570 5047 830 5116 ejuraret,
871 5043 1081 5098 nullum
1119 5059 1242 5100 esse
1270 5045 1568 5100 discrimen
1618 5045 1760 5100 inter
1783 5045 1992 5115 Turga-

420 5139 546 5194 turii
585 5121 808 5204 nomen,
830 5146 885 5192 et
913 5137 1190 5207 Dulgadir.
1224 5136 1329 5192 Sed
1367 5139 1746 5208 suspendenda
1781 5138 1990 5192 scilicet

421 5231 711 5295 sententia,
745 5230 917 5286 donec
947 5231 1250 5285 correctior
1279 5244 1340 5285 se
1366 5231 1525 5285 nobis
1557 5228 1783 5284 Laonici
1817 5231 1990 5284 codex

420 5321 633 5377 oﬁ‘erat.
663 5320 800 5376 Nota
827 5320 1045 5390 quidem
1097 5330 1184 5377 est
1217 5321 1544 5390 permutatio
1584 5322 1888 5376 litterarum
1918 5319 1985 5375 Β.

420 5426 473 5467 et
497 5412 538 5466 ι.
567 5410 842 5483 frequens,
879 5411 955 5466 uti
991 5424 1117 5468 cum
1143 5411 1426 5482 phulkizin
1460 5411 1633 5468 Graeci
1678 5429 1778 5486 pro
1816 5414 1989 5481 pbur-

419 5505 566 5560 ltizin
601 5505 810 5568 dicunt,
852 5504 904 5558 id
937 5513 1021 5559 est
1049 5503 1102 5559 in
1124 5504 1336 5558 furcam
1379 5519 1563 5574 agere.

759 5617 881 5672 ιθι.
931 5614 1341 5682 Iachoachicius,
1385 5618 1670 5689 lacltsogli.

493 5709 665 5776 Quem
698 5723 820 5775 nos,
848 5709 1199 5777 interpretem
1229 5709 1460 5765 Cassaris
1496 5708 1832 5764 Ferdinandi
1865 5708 1987 5779 Spi-

423 5789 591 5873 gliui'n
647 5803 841 5866 secuti,
902 5801 1357 5855 lachoschitzium
1419 5803 1676 5867 diximus,
1745 5817 1872 5857 eum
1934 5803 1989 5856 in

425 5899 543 5966 ipso
597 5895 886 5950 Annalium
938 5893 1232 5962 archetypo
1289 5892 1618 5964 lachsoglim
1689 5893 1983 5949 nominari.

743 5992 1018 6052 ΡΑτιιοι.
1064 5989 1177 6052 Gn.
1226 5985 1428 6051 CLIX.

2107 735 2248 803 apud
2285 732 2625 804 ngarorum
2661 741 2978 796 historicum
3020 745 3324 802 Bonﬁuium
3371 757 3664 822 reprritur,

2107 843 2209 883 nec
2239 829 2526 897 legationis
2558 834 2718 902 hujus
2745 851 2771 889 a
2807 837 3029 893 Mattliin
3065 858 3210 910 rege,
3269 851 3359 915 qui
3401 859 3531 905 tunc
3566 851 3676 905 Un-

2103 921 2248 990 garis
2277 924 2392 977 suis
2423 925 2744 994 imperabat,
2778 934 2844 986 ad
2878 937 3152 992 sultnnum
3190 941 3477 1009 Bajnzitum
3531 948 3670 1001 mis.

2105 1028 2181 1067 sa:
2233 1015 2292 1069 lit
2349 1019 2580 1071 mentio.
2619 1021 2904 1091 Signiﬁcat
2936 1039 3113 1082 autem
3157 1032 3449 1105 lachsogli,
3501 1038 3673 1093 lilium

2104 1104 2304 1173 jachsi,
2332 1109 2414 1162 vel
2449 1107 2770 1166 lachsidem.
2809 1116 2871 1168 Et
2904 1116 3055 1173 lachs
3081 1119 3318 1178 Turcica
3365 1104 3556 1195 lingua
3587 1129 3666 1184 si-

2101 1196 2324 1264 gniﬁcat
2358 1197 2635 1254 hominem
2668 1204 2832 1258 rebus
2871 1207 3128 1261 omnibus
3157 1212 3456 1278 elegantem
3488 1223 3542 1268 et
3571 1232 3675 1269 au-

2101 1288 2296 1352 licurn.
2328 1292 2474 1361 quod
2507 1309 2535 1347 a
2580 1293 2775 1352 Turcis
2799 1299 2849 1351 ei
2893 1299 3127 1354 fortasse
3165 1318 3466 1372 ceguomen
3521 1316 3674 1371 tunc.

2103 1382 2249 1436 obita
2271 1398 2396 1438 cum
2421 1385 2581 1441 laude
2616 1387 2906 1458 legatione,
2946 1391 3048 1446 fuit
3091 1394 3344 1451 itttlilutn.
3381 1396 3528 1453 Fieri
3589 1407 3673 1453 ta-

2105 1487 2229 1527 men
2252 1475 2415 1527 etiam
2463 1486 2661 1544 potest,
2690 1488 2749 1533 ut
2786 1485 2965 1549 potius
3001 1485 3102 1540 hoc
3154 1489 3465 1545 lachschitz
3505 1506 3555 1544 οι
3574 1491 3676 1561 igi-

2105 1561 2192 1618 nis
2215 1563 2286 1618 sit
2311 1564 2614 1636 Ungaricm.

2106 1699 2826 1792 16§.:§r:ebz‘.ArabiaLpro
2879 1713 3097 1792 imperio
3139 1718 3337 1792 ευιιαρί
3381 1718 3672 1792 Cairensis,

2392 1774 2640 1862 §ingani,
2672 1769 2920 1850 Zingmti,
2951 1769 3193 1840 saltantis

2173 1842 2458 1910 chgmerio.

2176 1952 2311 2008 Cum
2342 1953 2577 2012 Annales
2602 1962 2898 2016 exercitum
2919 1979 2948 2018 a
2984 1967 3225 2036 Bujazite
3266 1974 3495 2030 missum
3521 1979 3677 2038 aiunt

2108 2058 2296 2099 versus
2321 2046 2600 2112 Arabiam,
2633 2052 2965 2124 intelligendi
2995 2071 3123 2116 sunt
3169 2062 3303 2121 ﬁnes
3334 2078 3431 2122 aut
3472 2070 3673 2130 limites

2107 2135 2317 2205 imperii
2340 2139 2618 2203 sultanici,
2653 2144 2801 2210 quod
2848 2147 3058 2215 Syriam
3091 2152 3428 2212 Caramanim
3455 2175 3671 2221 conter-

2108 2227 2332 2292 minam,
2369 2247 2489 2300 qua:
2521 2243 2648 2288 tunc
2678 2234 2731 2289 in
2772 2236 3192 2299 Osmanidarum
3222 2257 3542 2316 potestatem
3576 2272 3667 2312 ve-

2105 2334 2279 2385 nerat,
2321 2334 2374 2376 et
2397 2323 2690 2395 Egyptum
2720 2332 3087 2406 Arabiamque
3130 2342 3549 2410 complectatur.
3577 2349 3669 2406 Sic

2104 2412 2156 2465 in
2186 2413 2252 2468 iis
2279 2430 2400 2485 quae
2425 2429 2753 2488 sequuntur,
2790 2423 2946 2478 initio
2979 2432 3129 2499 regni
3173 2431 3392 2492 Selimis
3412 2441 3667 2499 sultunus

2103 2503 2414 2567 Acbmetes,
2445 2508 2563 2575 ejus
2594 2509 2783 2574 frater,
2809 2517 2873 2567 ad
2901 2517 3035 2574 ﬁnes
3067 2523 3332 2581 Arabicos
3360 2533 3670 2602 profugisse

2104 2611 2381 2662 narratur,
2437 2603 2538 2655 hoc
2586 2615 2691 2670 est,
2728 2607 2794 2662 ad
2838 2609 3046 2666 limites
3112 2615 3326 2683 imperii
3383 2626 3668 2697 sultanini,

2103 2689 2415 2763 Egyptiaci
2463 2696 2805 2770 Syriacique.
2868 2702 3080 2763 Rursus
3137 2710 3193 2764 in
3239 2715 3428 2770 eodem
3467 2689 3669 2778 Selime

2103 2783 2404 2839 traduntur
2451 2787 2682 2851 Arabes,
2739 2791 2830 2860 qui
2858 2803 2915 2848 et
2969 2795 3260 2868 Ethiopes
3306 2804 3439 2870 sint,
3478 2808 3671 2867 itinera

2101 2873 2328 2942 fugienti
2349 2877 2567 2932 sultano
2589 2879 2966 2941 Tommambai
2995 2891 3357 2957 prwclusisse.
3389 2896 3510 2962 Quo
3534 2899 3674 2957 Ara-

2101 2965 2231 3020 bum
2269 2965 2702 3041 Etbiopumque
2730 2976 2846 3028 sive
2873 2974 3210 3049 Maurorum,
3240 2985 3344 3040 hoc
3368 2996 3452 3042 est
3487 2992 3669 3061 nigro-

2105 3072 2225 3112 rum
2258 3060 2478 3115 sultano
2527 3062 2776 3121 Cairensi
2825 3073 3135 3137 parentium
3196 3079 3438 3153 nomine,
3501 3060 3672 3144 lector

2102 3151 2240 3208 alios
2271 3167 2380 3208 non
2403 3157 2659 3225 accipiat,
2681 3174 2844 3227 quam
2871 3163 3019 3230 ipsos
3043 3163 3326 3237 Egyptios
3344 3151 3435 3242 qui
3463 3184 3518 3230 et
3533 3177 3670 3236 Ara-

2027 3249 2068 3309 c
2105 3245 2224 3311 bes,
2251 3257 2310 3304 et
2331 3265 2476 3305 nunc
2505 3252 2671 3306 etiam
2695 3252 2985 3326 Ethiopes
3021 3275 3053 3314 a
3077 3262 3262 3319 colore
3301 3281 3588 3338 vocantur,
3611 3286 3668 3332 et

2104 3339 2296 3410 lssingi
2330 3339 2546 3407 Turcis,
2585 3345 2793 3402 nostris
2844 3346 3067 3417 Singani
3103 3354 3185 3409 vel
3226 3354 3475 3428 Zingani,
3505 3379 3670 3421 voca-

2102 3431 2230 3486 bolo
2254 3441 2360 3486 tam
2393 3432 2689 3502 Arabibus,
2721 3453 2885 3506 quam
2917 3439 3186 3513 [Egyptiis
3211 3455 3510 3508 communi.
3547 3455 3666 3515 Non

2101 3524 2248 3579 enim
2289 3525 2342 3577 hi
2391 3524 2619 3596 Zigeuni
2665 3530 2902 3595 dicendi,
2955 3548 3052 3590 nec
3098 3535 3404 3612 Cianiganii
3458 3546 3665 3614 Tatari,

2101 3615 2247 3684 quod
2271 3613 2590 3673 Reineccius
2653 3621 2881 3688 putavit.
2914 3623 3056 3681 ldem
3099 3627 3514 3703 Pachymerium
3590 3613 3669 3696 te?

2101 3721 2252 3763 mere
2286 3709 2718 3778 arguiterroris,
2766 3715 2912 3782 quod
2964 3718 3018 3773 in
3087 3725 3248 3779 tertio
3291 3727 3661 3788 Bendecarem

2098 3796 2413 3855 Cairensem
2470 3803 2676 3857 vocarit
2742 3803 3061 3878 Ethiopum
3119 3817 3435 3874 soldanum.
3492 3823 3662 3881 Addit

2101 3888 2270 3955 enim,
2329 3890 2433 3946 hoc
2485 3891 2554 3946 ab
2592 3906 2659 3947 eo
2724 3895 2926 3951 factum
2976 3915 3283 3971 perperam.
3353 3908 3469 3964 lino
3520 3926 3667 3969 recte

2099 3979 2315 4036 locutus
2355 3993 2440 4038 est
2467 3980 2900 4056 Pachymerius,
2962 4007 3086 4048 cum
3143 3995 3432 4069 Egyptios
3506 4018 3665 4062 vocat

2098 4070 2414 4143 Ethiopas,
2455 4076 2548 4145 qui
2588 4092 2779 4133 revera
2813 4076 2954 4136 facie
3000 4086 3246 4142 colorata
3311 4102 3459 4149 sunt.
3503 4095 3660 4166 Cepit

2097 4165 2244 4220 enim
2266 4180 2463 4220 nomen
2517 4166 2839 4239 Ethiopum
2874 4177 3073 4230 veteris
3111 4177 3306 4246 lingua:
3331 4165 3658 4243 Graactelata

2098 4256 2512 4326 signiﬁcatione.
2535 4261 2679 4314 sicut
2703 4264 2863 4318 hodie
2884 4264 3055 4320 Graeci
3077 4269 3318 4338 Mauros,
3342 4279 3485 4332 unde
3518 4279 3653 4334 Mori

2101 4352 2294 4412 nostri,
2354 4353 2539 4422 nigros
2583 4354 2635 4406 in
2668 4369 2867 4424 genere
2907 4359 3094 4414 dicunt
3139 4363 3254 4418 sive
3287 4366 3398 4420 sint
3429 4368 3661 4437 Arabes,

2098 4440 2184 4494 vel
2225 4441 2483 4513 Aigyptﬁ,
2520 4447 2602 4498 vel
2654 4448 2794 4511 Afri,
2850 4449 2933 4504 vel
2968 4447 3255 4522 Ethiopes
3317 4457 3391 4510 illi
3446 4465 3666 4532 proprie

2100 4536 2177 4586 sic
2207 4536 2479 4605 appellati.
2503 4537 2661 4609 46],
2692 4539 2930 4611 Denique
2945 4543 3299 4604 doctissimus
3322 4551 3660 4620 Eustathius,

2093 4631 2441 4698 ctantiqnior
2475 4632 2577 4686 huc
2606 4634 2936 4701 Stephanus,
2969 4639 3184 4692 urbium
3241 4647 3663 4702 nomenclatnris

2096 4731 2307 4780 anetor.
2339 4718 2632 4791 Egyptum
2692 4726 2982 4792 perhibent
3023 4729 3357 4800 Ethiopian:
3390 4748 3660 4804 vocatam,

2094 4821 2315 4881 propter
2347 4817 2653 4869 habitantes
2714 4821 2766 4870 in
2795 4833 2858 4872 ea
2896 4821 3083 4888 nigros
3114 4823 3387 4880 homines.

2307 4949 2426 5003 166.
2454 4947 2641 5004 Generi
2667 4950 2932 5019 Bajazitis
2977 4964 3078 5009 (res
3111 4957 3269 5010 simul
3295 4961 3444 5029 facti.

2167 5063 2412 5116 Diximus
2445 5064 2626 5135 capite
2656 5074 2908 5120 notarum
2949 5070 3045 5125 l6l
3090 5070 3157 5125 de
3186 5071 3405 5130 duobus
3433 5081 3655 5148 generis

2094 5155 2298 5209 sultani
2332 5156 2607 5226 Bajazitis,
2645 5157 2712 5212 de
2749 5157 2981 5216 Ferhate
3005 5176 3034 5214 a
3066 5160 3382 5223 Mamelucis
3442 5170 3655 5235 occiso,

2091 5253 2147 5300 et
2183 5246 2500 5316 Herzecogli
2530 5247 2597 5301 ab
2628 5249 2816 5303 iisdem
2857 5261 3038 5320 capto.
3068 5251 3222 5309 Nunc
3253 5265 3364 5311 tres
3397 5257 3491 5312 alii
3511 5274 3659 5314 com-

2092 5348 2508 5404 memorantur,
2543 5339 2747 5395 eisdem
2789 5343 3023 5398 ﬁliarum
3078 5350 3298 5418 nuptias
3349 5354 3654 5410 consecuti.

2091 5431 2308 5486 Primus
2334 5431 2528 5486 horum
2570 5433 2715 5488 ﬁlius
2762 5435 3192 5496 Usumchasanis
3225 5443 3549 5509 appellatur,
3599 5458 3658 5503 et

2093 5523 2254 5593 paulo
2285 5534 2430 5594 post,
2477 5522 2711 5596 Jacupes
2767 5528 2938 5599 begus
2975 5550 2989 5585 :
3023 5531 3115 5600 qui
3140 5534 3484 5602 expeditione
3529 5539 3657 5590 anni

2092 5617 2325 5684 proximi
2357 5626 2548 5672 contra
2578 5619 2801 5674 eosdem
2853 5624 3185 5679 Mamulccos
3244 5625 3431 5695 periit.
3480 5627 3656 5689 Alter.

2094 5709 2340 5781 Usgurlis
2371 5730 2434 5767 ex
2472 5715 2579 5768 ﬁlio
2613 5730 2806 5786 nepos.
2865 5717 3139 5774 Fortassis
3168 5732 3347 5775 autem
3403 5721 3658 5792 Usgurles

2092 5803 2183 5858 hic
2219 5803 2358 5859 idem
2395 5813 2478 5859 est
2514 5820 2636 5860 cum
2659 5806 2870 5877 Usgure
2897 5811 3052 5878 bego,
3089 5812 3243 5880 cujus
3267 5829 3430 5882 supra
3458 5819 3659 5872 mentio

2094 5899 2173 5962 tit,
2211 5903 2334 5952 ante
2362 5898 2610 5966 praelium
2679 5897 3022 5956 Cosovanum
3059 5906 3384 5968 secundum,
3421 5908 3524 5962 sub
3559 5921 3657 5963 an-

3261 5996 3335 6058 27
