4228 6298
428 421 432 424 ‘
469 405 574 472 8I3

1672 401 1857 464 JOAN
1873 402 1917 461 Ν
1934 403 1999 460 IS
2043 399 2446 462 LEUNCIAV
2462 397 2512 456 II

3632 384 3743 446 8H

469 540 598 583 nunt
633 522 1011 578 Christianum
1049 522 1204 578 IMS.
1241 520 1480 587 Tertius,
1504 520 1708 575 Daudis
1739 519 1840 574 fuit
1867 521 2041 575 hasste
2074 528 2114 583 Λ
2146 519 2406 581 Wollius.
2469 516 2669 570 alicubi
2707 529 2804 581 pro
2854 513 3147 566 eversione
3209 507 3536 578 Scottiorum
3603 507 3746 556 dixit

473 619 642 680 filius,
676 617 870 687 dequo
901 615 1090 671 Daude
1119 615 1280 685 paulo
1313 623 1440 670 ante
1457 615 1690 680 dictum,
1715 614 1896 679 capite
1923 613 2046 667 I65.

478 710 747 764 Cmterutn
783 706 963 762 obiter
995 706 1098 761 hoc
1121 719 1341 775 quoque
1379 704 1705 767 notandum,
1735 704 2052 757 necessario

470 800 643 854 misse
669 799 808 856 duos
843 799 1244 855 Usunichasani
1273 798 1417 852 lilios
1475 796 1717 866 Jacupes
1752 814 1765 851 :
1811 811 2048 866 quorum

468 893 606 949 alter
641 893 899 964 Bajazitis
960 908 1202 962 ροηδε-,ιι
1263 891 1582 946 Mameiucis
1641 906 1817 943 caesus
1878 889 2053 942 fuisse

470 997 731 1040 narratur
758 1003 773 1050 ;
805 987 947 1039 alter
973 985 1026 1039 in
1060 1000 1224 1055 regno
1285 985 1423 1052 patri
1455 983 1750 1048 successit,
1788 993 1846 1037 ut
1876 989 2043 1052 appa-

469 1078 607 1134 rebit
628 1094 694 1133 es
737 1079 803 1133 iis
829 1087 948 1149 qua:
989 1079 1166 1147 capite
1193 1077 1296 1133 188
1323 1086 1648 1149 sequentur.

612 1187 734 1245 I67.
784 1189 1025 1246 Larendc
1059 1189 1417 1258 Communia,
1449 1192 1556 1246 sive
1601 1182 1870 1244 Laranda.

539 1308 672 1375 Quae
698 1316 854 1377 capta
884 1305 984 1362 fuit
1015 1323 1044 1360 a
1071 1305 1392 1362 Mamelucis
1416 1307 1684 1374 Lareude,
1709 1309 2054 1363 Chalcocon-

469 1401 579 1475 dyli
609 1398 859 1455 Laranda
893 1401 1174 1464 scribitur,
1213 1416 1338 1455 cum
1396 1402 1493 1460 ait.
1536 1401 1801 1456 Iluratem
1852 1417 2051 1456 secun-

471 1499 598 1551 dum
637 1495 780 1552 bello
806 1496 1031 1569 petiisse
1086 1496 1457 1550 Caramanum
1499 1495 1822 1558 Alidcrium,
1877 1494 2054 1550 Caria:

469 1593 686 1652 ducem,
717 1587 880 1660 cujus
920 1588 1043 1646 dua:
1076 1598 1209 1643 sunt
1236 1590 1426 1652 urbes,
1480 1588 1729 1643 Laranda
1779 1598 1835 1643 et
1879 1589 2052 1640 Τορο-

468 1685 676 1743 neium,
715 1697 815 1753 pro
842 1696 953 1753 quo
992 1678 1243 1738 Iconium
1299 1676 1677 1750 reponenduni
1732 1667 2050 1760 docuimus.

470 1760 579 1830 Leo
611 1774 840 1847 Sapiens
865 1777 1149 1848 Augustus
1179 1779 1232 1832 in
1257 1775 1478 1833 Novella
1519 1778 1590 1832 de
1617 1761 1881 1840 Thronis,
1947 1775 2051 1831 La-

471 1865 765 1920 randorunt
799 1869 903 1935 (sic
931 1866 1076 1922 enim
1142 1878 1301 1923 vocat
1365 1883 1597 1922 numero
1657 1867 2052 1938 multitudinis)

469 1959 856 2045 episcopatum
877 1975 984 2015 non
1029 1960 1082 2014 in
1130 1959 1292 2016 Caria
1334 1964 1590 2027 collocat,
1613 1962 1706 2016 sed
1742 1963 1793 2014 Ill
1844 1960 2052 2032 Lycao-

473 2047 582 2121 nia,
607 2051 711 2108 sub
753 2055 1174 2141 metropolitano
1219 2055 1519 2118 Iconiensi,
1587 2056 1730 2124 quod
1793 2055 2049 2125 equidem
2093 2089 2102 2099 -

471 2138 650 2217 magis
678 2138 873 2216 probo.
907 2146 1061 2202 Nunc
1116 2162 1335 2218 quoque
1395 2147 1649 2203 Laranda
1711 2149 2050 2211 nominatur,

467 2245 520 2291 et
547 2227 601 2291 in
621 2229 844 2293 Natolia:
869 2237 1050 2293 tabula
1076 2254 1184 2293 non
1211 2240 1398 2309 procul
1429 2253 1458 2293 a
1481 2238 1664 2310 Cogita
1689 2241 2049 2308 conspicitur,

472 2331 524 2385 in
543 2326 883 2385 Garamante
921 2333 1040 2386 sive
1097 2332 1302 2388 Ciliciae
1337 2333 1775 2388 mediterraneis.
1805 2334 1876 2388 De
1939 2333 2048 2388 Gu-

473 2417 732 2488 mulzina,
757 2438 876 2495 cap.
903 2423 996 2489 ιδ,
1033 2423 1101 2478 de
1131 2422 1331 2495 Ypsala
1361 2426 1453 2493 3f,
1480 2427 1710 2482 dictum.

472 2537 592 2595 168.
628 2537 748 2594 Pas:
793 2540 936 2595 inter
981 2539 1279 2595 sultauinos
1344 2550 1394 2594 et
1431 2540 1776 2609 Osmnnidas,
1809 2541 2052 2598 Mati/lite

972 2614 1108 2681 regis
1149 2609 1354 2683 Ungari
1387 2628 1550 2666 mors.

537 2724 693 2791 Quod
713 2723 966 2779 sultauus
984 2725 1317 2781 Aleairensis
1346 2723 1400 2779 in
1430 2727 1809 2782 transactione
1836 2727 2050 2788 Baiani-

469 2820 510 2875 ti
555 2817 786 2873 Tarsum
819 2826 870 2873 et
903 2817 1092 2872 Adana
1120 2816 1431 2872 restituisse
1460 2818 1684 2884 dicitur,
1705 2823 1892 2876 verius
1924 2835 2051 2879 esse

470 2921 622 2981 puto,
666 2925 827 2982 quam
858 2911 1006 2981 quod
1046 2909 1348 2967 Malatesta:
1408 2912 1738 2967 sceretarius
1759 2913 1858 2980 ait,
1892 2913 2052 2982 Baja-

470 3006 634 3060 aitetn
665 3004 892 3060 soldano
931 3003 1118 3060 Adana
1146 3002 1491 3076 Tarsutnquu
1555 3005 1880 3062 reddidisse.
1915 3007 2050 3061 Nam

470 3099 585 3152 lucc
609 3096 810 3167 oppida
840 3096 1056 3153 Ciliciae
1101 3104 1254 3160 sunt,
1288 3095 1404 3152 sive
1458 3097 1818 3163 Caramaniae,
1885 3115 2047 3170 quam

472 3190 964 3246 Caramanidarum
1031 3190 1306 3246 exstincta
1372 3189 1580 3246 familia
1624 3191 1921 3264 Bajazites.
1995 3203 2053 3249 ut

471 3291 633 3340 antea
657 3283 890 3350 dictum,
918 3283 1021 3340 sibi
1055 3282 1464 3341 vindicaverat.
1502 3284 1825 3342 Pasti-emes
1877 3287 2046 3341 etiam
2077 3288 2119 3346 C

470 3375 778 3432 sultaninos
804 3375 995 3431 Adana
1023 3377 1263 3447 cepisse,
1290 3377 1453 3447 paulo
1487 3384 1615 3434 ante
1647 3379 1901 3450 legimus.
1937 3379 2049 3434 Ita—

469 3485 577 3542 que
607 3468 820 3525 reddita
858 3469 1045 3540 potius
1084 3469 1153 3524 ab
1187 3471 1271 3525 his
1308 3470 1505 3526 civitas
1542 3470 1768 3543 Bajaziti
1799 3472 1923 3538 fuit,
1953 3472 2048 3543 qui

469 3577 594 3619 eam
618 3577 744 3617 cum
793 3558 989 3628 Tarso,
1040 3578 1139 3618 cett
1169 3561 1513 3620 Caramania:
1548 3564 1814 3625 membra.
1847 3565 2053 3635 repete-

469 3659 580 3714 bat.
607 3656 840 3714 Nomine
856 3657 1050 3713 deinde
1077 3659 1273 3713 mortui
1302 3659 1444 3728 regis
1478 3654 1750 3728 Ungarir'e',
1782 3658 2051 3716 llatthias

472 3752 821 3822 intelligitur.
848 3748 1081 3807 Joannis
1144 3750 1417 3807 Iluttiadis
1449 3751 1597 3807 filius
1636 3769 1650 3806 :
1711 3747 2050 3808 successoris

470 3854 675 3911 autem,
715 3842 1024 3900 Vladisiaus
1049 3843 1315 3911 Polonus,
1379 3844 1637 3902 Casimiri
1693 3843 2052 3917 Jag’clloulda

469 3939 798 3996 Polonorum
841 3939 983 4008 regis
1016 3937 1180 4003 lilius,
1207 3948 1361 4008 pater
1395 3939 1516 4009 ejus
1556 3932 1824 3995 Ludovici
1881 3941 2046 4012 regis,

468 4031 564 4102 qui
597 4031 662 4085 ad
687 4029 1016 4085 Mehatzium
1046 4041 1224 4086 caesus
1255 4045 1286 4086 a
1316 4031 1538 4088 sultano
1587 4025 2043 4105 Soleimane.jd-

471 4127 624 4181 venis
649 4124 946 4181 admodum
980 4127 1166 4196 periit.

475 4238 594 4295 I69.
620 4237 888 4308 Bajazites
915 4237 1208 4315 Ungariam
1235 4258 1338 4315 non
1368 4245 1526 4296 audet
1546 4243 1771 4315 ingredi,
1800 4240 2049 4310 Uscopia,

948 4309 1238 4376 Mnuastir,
1285 4312 1552 4368 Moneslir.

540 4423 670 4479 llaec
696 4426 764 4481 de
793 4439 930 4479 vano
949 4423 1201 4495 Bajazitis
1229 4432 1425 4480 c‘ouatu
1459 4427 1778 4482 invadenda:
1805 4427 2054 4499 L'ngariae

472 4527 658 4573 narrat
681 4518 845 4575 etiam
871 4519 1174 4585 Bonltnius,
1225 4529 1278 4573 et
1319 4518 1588 4575 accidisse
1621 4521 1785 4577 refert
1816 4539 1843 4576 a
1883 4535 2054 4576 morte

2155 629 2378 669 eversas
2409 610 2685 681 speculas.
2729 607 3157 662 Reccntioriluts
3194 601 3523 675 chgraphis
3577 597 3742 666 Scupi

2157 703 2441 758 scribitur.
2480 699 2765 755 Manastiri
2822 698 3049 752 nomine
3100 711 3210 750 non
3259 695 3349 748 hic
3412 691 3746 760 intelligitur

2157 798 2314 852 locus
2346 797 2460 858 ille,
2495 796 2564 848 de
2587 809 2698 864 quo
2737 806 2900 861 supra
2937 792 3155 846 dictum
3191 790 3370 859 capite
3387 786 3477 847 Η.
3512 786 3652 839 situs
3686 783 3744 835 in

2156 892 2417 948 confiniis
2471 887 2744 949 Thraciae,
2810 885 3235 953 Tliessalizeque,
3309 879 3402 936 sed
3467 884 3747 930 monaste-

2159 988 2302 1039 rium
2359 984 2650 1050 penilioris
2695 976 3055 1042 Matedo‘niae,
3111 989 3308 1030 versus
3367 971 3593 1043 Epirum
3657 967 3746 1021 vel

2161 1077 2475 1138 Albaniam.
2510 1077 2656 1144 quod
2700 1072 2969 1128 moncstir
3004 1086 3031 1122 a
3090 1066 3350 1122 Castaldo
3408 1064 3742 1134 appellatur.

2159 1171 2336 1236 liuius
2356 1170 2411 1223 in
2437 1161 2724 1222 Albaniam
2744 1162 3112 1234 capeditionis
3158 1157 3464 1230 iiajazitica‘.
3494 1155 3748 1210 meminit

2156 1271 2214 1315 ct
2249 1259 2556 1323 Bonlinius,
2591 1258 2682 1328 qui
2708 1256 2846 1311 dicit
2869 1270 2994 1310 eum
3026 1251 3332 1323 profectum
3365 1260 3558 1304 contra
3590 1265 3749 1301 tuon-

2160 1349 2320 1408 ianos
2349 1351 2882 1418 Albanenries.quos
2951 1344 3348 1415 Spauduginus
3407 1339 3749 1395 Cimariotas

2158 1447 2321 1510 dixit,
2358 1450 2425 1499 ab
2454 1444 2656 1513 oppido
2691 1453 2983 1512 moutequc
3018 1440 3299 1504 Chiinara,
3339 1440 3402 1493 de
3437 1450 3546 1506 quo
3581 1434 3746 1489 dein.

2158 1552 2286 1605 ceps
2323 1537 2490 1590 latius
2523 1537 2575 1587 in
2604 1534 2712 1587 vita'
2742 1532 2952 1587 sultani
2989 1527 3352 1584 Soleimanls.

2159 1654 2281 1708 I70.
2316 1654 2633 1707 Buinzttesa
2666 1649 2920 1704 monacho
2969 1646 3190 1701 Tarcico
3220 1662 3364 1713 ptrue
3385 1644 3487 1714 fuit
3514 1643 3744 1699 occisus.

2227 1770 2384 1838 Quod
2425 1770 2510 1825 hic
2543 1770 2610 1823 de
2636 1769 2881 1838 periculo
2906 1765 3166 1835 Bajazitis
3191 1807 3206 1832 ,
3261 1764 3655 1836 prepemodum
3715 1775 3749 1814 a

2159 1863 2403 1916 dervisio
2440 1862 2678 1932 qundam
2703 1862 2819 1914 sive
2868 1859 3140 1914 monacho
3171 1856 3407 1911 Turcico
3442 1852 3744 1928 interfecti,

2160 1965 2439 2021 narratur,
2476 1956 2591 2011 fere
2638 1955 2865 2010 totidem
2918 1953 3100 2009 verbis
3129 1967 3156 2006 a
3187 1951 3545 2022 Spandngino
3601 1963 3740 2018 quo-

2163 2065 2270 2120 que
2296 2049 2577 2105 mentdriae
2612 2049 2884 2120 proditum
2938 2048 3159 2119 legitur,
3216 2060 3339 2116 qua
3386 2045 3742 2112 interpretari

2164 2142 2336 2206 lubet,
2367 2150 2426 2197 ut
2453 2141 2822 2211 expositionis
2875 2141 3189 2196 consensu:
3226 2144 3510 2208 appareat.
3543 2135 3745 2191 Torta-

2161 2249 2276 2300 ces,
2309 2235 2406 2302 ait,
2436 2235 2656 2306 quidam
2679 2218 3056 2303 inliajazitem
3085 2233 3266 2293 irruit.
3309 2230 3578 2286 simulans
3597 2227 3745 2283 eice-

2163 2331 2450 2398 mosynam
2481 2331 2550 2384 ab
2588 2342 2654 2382 eo
2683 2343 2742 2382 se
2775 2340 2980 2397 petere.
3018 2322 3204 2380 Solent
3239 2332 3423 2377 autem
3478 2323 3620 2376 hanc
3646 2322 3743 2376 Dei

2162 2424 2382 2477 nomine
2413 2427 2679 2491 petentes,
2708 2417 3035 2473 Allahitsclti
3067 2417 3271 2471 dicere.
3298 2415 3429 2470 Cum
3465 2417 3743 2470 acinacem

2159 2515 2500 2578 strlxtxisset,
2552 2526 2715 2581 quem
2773 2511 2878 2565 sub
2947 2509 3093 2562 liltro
3147 2504 3420 2576 gestabat,
3479 2501 3753 2560 exterruit

2161 2619 2387 2675 equum;
2418 2605 2509 2659 cui
2543 2602 2810 2671 Bajazites
2864 2600 3168 2656 insidebat.
3225 2596 3465 2666 Ideoque
3519 2595 3751 2650 cedente

2161 2707 2307 2755 retro
2339 2698 2592 2769 Bajazitis
2637 2712 2801 2766 equo.
2859 2694 3111 2751 nonnihil
3174 2691 3412 2748 cvitatus
3451 2690 3554 2744 fuit
3608 2690 3750 2742 ictus

2161 2793 2401 2849 hominis
2428 2792 2592 2864 m2
2624 2807 2638 2845 ι
2668 2806 2734 2847 ac
2786 2791 2961 2846 nihilo
2998 2800 3180 2845 tamen
3236 2788 3414 2842 minus
3475 2785 3748 2854 Bajazites

2160 2887 2360 2942 vulnus
2389 2886 2616 2954 accepit.
2655 2884 2794 2939 Tum
2820 2898 2951 2939 vere
3006 2883 3167 2940 bassa
3208 2881 3458 2953 quidam,
3493 2884 3581 2936 cui
3649 2895 3751 2935 nn-

2158 2993 2283 3036 men
2307 2988 2425 3036 erat
2453 2979 2756 3044 Schender,
2790 2992 3030 3034 massam
3077 2979 3335 3042 ferream,
3389 2992 3555 3047 quam
3618 2977 3751 3034 bus-

2158 3072 2434 3142 doganum
2473 3080 2692 3136 vocant,
2739 3087 2806 3128 eo
2834 3083 2958 3127 cum
3022 3071 3226 3141 impetu
3276 3071 3444 3140 capiti
3505 3070 3747 3125 hominis

2160 3165 2404 3234 impegit,
2434 3174 2492 3219 ut
2516 3165 2710 3221 crauio
2745 3162 3044 3235 perfracto,
3094 3165 3384 3218 cerebrum
3440 3172 3746 3220 emanaret.

2157 3257 2477 3328 Indignatus
2499 3256 2660 3326 hujus
2686 3256 2948 3333 facinoris
2981 3271 3147 3312 causa
3218 3255 3490 3327 Bajazltcs
3517 3295 3532 3322 ,
3563 3258 3747 3314 edicto

2155 3348 2458 3420 preposito,
2487 3345 2749 3404 'l'nrtaces
2799 3349 3088 3405 universos
3123 3350 3471 3420 proscripsit,
3494 3356 3548 3405 et
3584 3361 3744 3406 extra

2155 3439 2696 3509 Constantinopolim
2711 3448 2767 3494 et
2793 3441 3011 3511 imperii
3038 3441 3125 3496 sni
3143 3441 3279 3495 lines
3315 3442 3499 3512 ejecit.
3550 3445 3740 3499 Anim-

2159 3531 2399 3586 advertit
2433 3531 2604 3585 lector
2632 3532 2824 3587 eadem
2851 3533 3088 3601 narrari,
3145 3536 3253 3591 nisi
3303 3537 3449 3606 quod
3499 3538 3747 3597 Annales

2155 3625 2331 3690 alunt,
2361 3626 2848 3691 dervisiumhunc,
2872 3635 2928 3685 et
2950 3629 3314 3688 Calenderem
3340 3633 3535 3700 fuisse,
3567 3635 3746 3704 Spano

2155 3718 2418 3788 dugiuus,
2458 3719 2746 3776 Torlacem
2766 3763 2779 3786 ,
2803 3721 3078 3792 dcquibus
3098 3724 3213 3795 jam
3239 3727 3531 3784 vocabulis
3557 3730 3739 3786 homi-

2154 3821 2309 3874 num,
2343 3815 2755 3882 superstitiosos
2786 3816 3057 3883 quosdam
3085 3817 3310 3876 ordines
3355 3821 3439 3877 vel
3488 3822 3742 3880 instituta

2155 3907 2483 3963 sectantium
2533 3910 2677 3980 apud
2736 3908 2972 3977 'l'urcos,
3015 3923 3182 3984 quam
3255 3913 3373 3973 fieri
3417 3916 3745 3975 brevissime

2157 4004 2374 4072 poterit,
2409 4003 2823 4073 explicandum.

2158 4114 2279 4171 171.
2318 4115 2544 4195 Ordines
2599 4119 2981 4195 iracundiorem
3037 4138 3128 4195 seu
3194 4125 3564 4194 religiosorum
3609 4145 3743 4195 quo-

2225 4186 2469 4269 {ymdnm
2528 4192 2667 4269 apud
2709 4189 2973 4269 furcas;
3023 4186 3329 4269 Der-tislar'.
3368 4186 3743 4269 Galenderfar,

2230 4255 2637 4327 Huggicmallar
2709 4259 3027 4327 Torlnclnr;
3069 4255 3580 4324 Muchemetesbassa
3645 4255 3747 4325 γεί

2229 4329 2518 4412 iii-asciuit:
2543 4346 2575 4382 α
2606 4331 2907 4387 Dervisluro
2957 4336 3167 4404 publice
3222 4337 3572 4406 conioditur;
3614 4346 3742 4412 quid

2231 4395 2415 4454 Turcis
2450 4400 2732 4457 Divanum.

2231 4516 2437 4602 Nomen
2481 4519 2879 4587 Dervisiurum,
2937 4539 3081 4592 quos
3137 4526 3240 4596 ipsi
3275 4543 3504 4586 numero
3557 4531 3743 4586 multi-

474 4611 709 4667 l‘datthizc
724 4612 888 4682 regis,
913 4611 1486 4679 Turcorumterroris,
1512 4615 1853 4670 subinitintn
1897 4617 2046 4684 regni
2087 4639 2134 4698 υ
2164 4613 2370 4666 tudinis
2399 4611 2674 4670 Dervislar
2705 4617 3001 4685 appellant,
3033 4633 3096 4672 ex
3133 4620 3238 4672 hac
3274 4621 3390 4688 ipsa
3426 4625 3744 4679 narratione

477 4705 755 4772 Vladislai,
796 4723 941 4762 anno
997 4707 1315 4764 Christiano
1377 4709 1535 4765 ηπ.
1595 4710 1668 4765 De
1724 4710 2050 4780 Scopiorum

475 4800 606 4854 urbe
637 4799 885 4854 nonnihil
939 4801 1220 4869 attigimus
1277 4817 1470 4869 supra,
1540 4812 1793 4858 notarum
1868 4804 2048 4872 capite

477 4893 595 4948 lO-I.
629 4892 784 4948 Videt
811 4901 991 4947 autent
1028 4894 1196 4948 lector
1216 4908 1278 4946 cx
1314 4895 1417 4949 hoc
1446 4895 1565 4965 ipso
1590 4896 1882 4950 Annalium
1910 4898 2049 4962 loco,

472 4996 619 5042 reete
651 4999 734 5039 me
764 4987 1064 5049 monuisse,
1092 4988 1336 5042 diversas
1368 5003 1488 5043 esse
1520 5003 1676 5044 voces
1701 4990 2052 5060 oppidorum,

477 5079 735 5149 Sophiam
752 5087 806 5134 et
829 5077 1044 5150 Sc0pia.
1070 5079 1203 5133 Nam
1225 5082 1372 5150 prior
1387 5081 1475 5136 hic
1494 5079 1694 5151 Sephia
1713 5089 2051 5148 nominatur,

476 5172 643 5226 altera
679 5185 831 5226 more
858 5169 1162 5226 Turcorum
1194 5172 1452 5239 Uscopia.
1513 5175 1705 5228 Solent
1737 5176 1885 5230 enini
1948 5192 2047 5230 vo—

477 5247 686 5314 cabulis
720 5275 747 5313 a
768 5261 985 5330 gemina
1027 5273 1370 5317 consonante
1416 5264 1811 5335 incipientibus
1839 5284 2055 5339 praepo-

479 5368 608 5406 nere
650 5356 730 5408 vel
766 5351 784 5405 I
822 5354 902 5408 vel
939 5349 981 5407 γ
1016 5353 1307 5419 Gallicum,
1376 5367 1436 5410 ut
1469 5358 1598 5415 alibi
1625 5375 1849 5431 quoque
1899 5373 2054 5416 nota-

476 5448 674 5501 vimus.
703 5448 975 5502 Laonicus
1006 5448 1200 5518 Scopia
1234 5449 1466 5504 collocat
1497 5452 1551 5503 in
1587 5451 1926 5514 Macedonia,
1959 5455 2044 5505 l‘a-

478 5541 665 5609 citque
695 5540 1081 5610 regiamprisci
1104 5539 1568 5611 regniBulgarici,
1604 5546 1754 5613 quod
1789 5547 1841 5597 in
1874 5547 2052 5615 ipsam

483 5632 786 5699 pertinebat
813 5630 919 5686 la'te
942 5631 1313 5687 Macedoniam
1352 5642 1406 5688 et
1473 5635 1697 5705 Epirum
1741 5654 1754 5690 :
1821 5637 2056 5708 ideoque

478 5724 748 5780 Cedrinus
779 5726 940 5779 etiam
974 5723 1174 5794 Scupia
1238 5727 1638 5796 (reponendum
1680 5729 1902 5798 Scopia)
1938 5746 2056 5784 me-

481 5818 734 5886 tropolim
769 5814 1034 5886 Bulgaria:
1065 5820 1332 5876 nominat.
1374 5821 1619 5876 DiSt‘I'IiJS
1652 5823 1926 5891 interpres
1962 5824 2059 5876 ali-

479 5921 611 5982 quot
635 5912 1020 5968 ltistoricmuin
1050 5911 1270 5970 Graecia:
1321 5919 1643 5980 recentium,
1677 5916 2048 5984 Hieronymus

2161 4708 2792 4786 nostrorum‘annaliuui
2857 4710 3192 4779 perspicitur
3229 4727 3354 4768 esse
3392 4716 3548 4781 quasi
3575 4730 3742 4786 gene-

2163 4800 2275 4853 rale
2304 4814 2318 4854 :
2359 4779 2508 4869 quod
2540 4801 2756 4856 scilicet
2802 4803 3029 4858 ordines
3058 4815 3112 4857 et
3145 4816 3312 4860 sectae
3353 4779 3740 4875 religiosorum

2161 4901 2376 4948 caetera
2400 4894 2966 4964 comprehendantur,
2999 4900 3142 4952 sicut
3178 4901 3318 4969 apud
3351 4915 3453 4956 nos
3494 4903 3548 4957 in
3573 4918 3744 4973 gene-

2161 5000 2219 5038 re
2256 4986 2509 5042 monachi
2537 4987 2818 5050 dicuntur,
2857 4990 2948 5058 qui
2983 4999 3164 5046 tamen
3203 4993 3340 5045 inter
3371 5007 3431 5049 se
3499 4994 3738 5052 diversis

2161 5079 2409 5135 instincti
2441 5088 2572 5136 sunt
2620 5081 2929 5138 ordinibus.
3001 5084 3210 5138 Vocant
3265 5097 3448 5140 autem
3499 5087 3739 5144 Annales

2160 5174 2306 5226 hunc
2339 5173 2500 5228 initio
2531 5165 2866 5241 Dervisium,
2903 5175 3197 5246 statimque
3259 5178 3587 5248 subjiciunt,
3616 5197 3741 5234 eum

2161 5264 2330 5321 fuisse
2367 5275 2698 5322 sectatorem
2739 5268 2975 5322 instituti
2997 5270 3080 5324 vel
3099 5270 3311 5326 ordinis
3346 5271 3741 5336 Calenderum,

2160 5369 2214 5412 et
2239 5358 2493 5424 auribus,
2532 5359 2694 5424 collo,
2722 5359 2964 5416 brachiis
2994 5377 3268 5431 appensos
3333 5375 3584 5430 gestasse
3637 5363 3742 5417 fcr-

2164 5467 2285 5504 reos
2317 5451 2573 5504 anitulos.
2611 5451 2664 5504 Id
2695 5453 2748 5504 in
2797 5467 2949 5506 more
2979 5451 3346 5509 Calenderum
3380 5455 3561 5509 ordini
3618 5469 3743 5510 esse

2161 5559 2286 5596 mox
2318 5544 2621 5611 apparebit.
2650 5543 2752 5608 Qui
2786 5558 2916 5596 vero
2939 5547 3278 5615 ceteroquin
3342 5547 3485 5616 apud
3529 5547 3744 5604 Turcos

2162 5637 2443 5691 Dervislar
2466 5637 2835 5705 appellantur,
2876 5637 3056 5691 nullos
3103 5639 3160 5694 Ita
3193 5640 3379 5709 capite
3408 5641 3571 5710 pilos,
3617 5642 3745 5696 nul-

2163 5733 2240 5784 las
2263 5747 2448 5785 comas
2482 5732 2705 5796 habent,
2743 5732 2946 5802 ultique
2995 5732 3159 5789 tonti.
3194 5735 3631 5807 (lonspiriuntnr
3689 5739 3743 5790 in

2158 5839 2347 5877 eorum
2410 5822 2689 5878 frontibus
2746 5834 2799 5875 ct
2899 5835 3238 5895 tempora-Ea
3300 5829 3594 5890 caesoria,
3656 5829 3739 5881 vel

2161 5917 2331 5988 ignito
2359 5916 2524 5981 ferro,
2559 5917 2644 5971 vel
2675 5932 2903 5973 accensa
2933 5919 3107 5990 spring
3136 5933 3179 5987 ξ,
3212 5919 3299 5976 vel
3362 5923 3508 5976 L'nea
3562 5921 3733 5977 fascia
