4204 6300
335 390 446 452 845

1472 380 1876 469 PANDECTE
1915 378 2120 439 HlST.
2154 376 2466 438 TUltClC.

3501 354 3611 421 816

333 505 591 572 quadam,
620 502 823 557 inusta.
876 501 1055 556 Aures
1123 495 1415 568 perforatae
1488 505 1641 560 sunt,
1702 496 1906 564 quibus
1938 502 1984 556 Α
2014 499 2226 555 notant,
2260 504 2388 543 cum
2422 488 2492 541 iis
2527 498 2647 553 qua!
2686 482 2818 553 ipsis
2856 482 2908 536 in
2939 479 3234 536 itineribus
3274 484 3604 533 occurrunt.

330 594 611 665 jaspidum
647 600 864 663 gestant
911 590 1192 655 enotidas,
1228 597 1283 647 et
1317 588 1554 646 annulos
1618 601 1755 643 sane
1807 600 1915 639 non

335 701 554 757 parvos.
584 687 859 751 Amictus,
905 685 1084 740 ovillze
1118 683 1201 738 vel
1232 683 1475 752 caprime
1502 680 1700 751 pelles.
1724 678 1812 733 bis
1842 679 1918 730 ita

333 794 538 852 corpus
572 781 823 851 cingunt,
858 786 917 834 ut
946 777 1103 849 pellis
1133 790 1239 831 una
1267 784 1478 846 partem
1506 773 1816 843 antiquam.
1839 770 1920 823 al-

338 884 452 929 tera
481 873 746 943 posticam
772 879 942 942 tegat,
966 879 1162 931 caetera
1183 869 1316 925 nudi
1353 878 1507 938 sunt,
1532 877 1641 922 tarn
1699 864 1918 931 testim,

338 980 501 1037 quam
536 963 766 1021 hiberno
796 974 1065 1033 tempore.
1099 960 1312 1018 Passim
1341 960 1397 1017 in
1426 958 1766 1018 suburbanis
1787 964 1841 1013 et
1866 957 1920 1010 in

340 1058 497 1129 pagis
524 1056 796 1112 habitant.
826 1041 1027 1112 Vernis
1074 1064 1130 1111 et
1159 1052 1365 1110 stativis
1415 1052 1701 1110 mensibus
1722 1064 1921 1120 perva-

340 1139 539 1219 gantur
572 1149 798 1225 quasvis
866 1147 1146 1220 regiones,
1212 1161 1278 1201 ac
1332 1152 1600 1216 pratextu
1646 1142 1923 1212 religiosae

344 1243 466 1297 vita
495 1249 814 1314 perpetrant
847 1241 1061 1297 inﬁnita
1087 1238 1316 1311 ﬂagitia.
1368 1234 1546 1292 Fures
1581 1245 1734 1298 sunt,
1768 1232 1925 1286 adul—

344 1338 474 1400 teri,
502 1336 812 1409 praedones,
859 1334 1180 1397 latrunculi,
1237 1346 1335 1388 nec
1400 1329 1595 1385 borum
1650 1327 1920 1384 scelerum

343 1427 455 1481 ulla
481 1427 652 1497 tangit
669 1441 766 1481 eos
785 1418 1147 1482 conscientia.
1173 1422 1326 1492 Quas
1357 1421 1580 1493 quidem
1617 1418 1688 1474 ob
1721 1432 1922 1473 causas

340 1517 647 1572 cavendum
679 1517 747 1570 ab
780 1517 863 1571 eis
896 1516 1207 1584 praesertim
1245 1514 1301 1568 in
1341 1511 1662 1568 itineribus.
1707 1509 1923 1581 Quippe

342 1606 554 1669 nemini
594 1614 852 1678 parcunt,
881 1603 1363 1675 cujuscujusmodi
1388 1604 1605 1659 tandem
1637 1604 1711 1658 sit
1743 1605 1923 1657 natio-

345 1699 433 1753 nis
457 1709 551 1752 aut
585 1697 885 1769 religionis,
908 1698 955 1753 si
1015 1697 1327 1769 superiores
1355 1710 1414 1751 se
1446 1694 1566 1750 fore
1618 1693 1921 1750 conﬁdant.

344 1791 618 1849 Praeterea
654 1799 785 1848 sunt
814 1789 1045 1846 infames
1072 1805 1175 1845 ceu
1218 1788 1352 1844 findi
1373 1788 1711 1859 paadicones,
1745 1800 1923 1857 eoque

2022 584 2292 645 A-nictus,
2308 582 2500 637 stricta
2522 578 2793 648 quaedam,
2817 590 2992 645 usque
3014 573 3082 628 ad
3099 584 3280 644 genua
3300 568 3605 639 pertinens.

2025 674 2292 730 tunicula.
2312 672 2470 729 .Zona
2509 672 2617 725 lata
2652 671 2975 740 cinguntur,
3001 666 3163 734 cujus
3221 678 3348 719 oras
3390 676 3527 715 auro
3554 670 3611 714 et

2025 768 2207 824 SCI‘it'O
2225 775 2514 821 exornant.
2535 764 2725 819 Eidem
2748 760 2978 817 cimbala
2994 758 3244 828 quaedam
3268 754 3611 826 appendunt,

2026 859 2342 931 cuiusmodi
2380 866 2437 913 et
2466 856 2657 911 subter
2690 869 2868 926 genua
2898 860 3117 925 gestant
3146 851 3396 922 alligata.
3431 846 3609 917 Supra

2028 951 2333 1007 tuniculam
2386 950 2471 1005 vel
2538 947 2717 1004 leonis
2769 946 2854 1002 vel
2925 944 3165 1015 pardalis
3221 944 3419 1013 pellem
3484 941 3609 1010 inji-

2028 1046 2205 1108 ciunt,
2234 1042 2458 1114 ungulis
2488 1040 2556 1095 ab
2594 1040 2824 1107 antiqua
2854 1052 3007 1108 par-e
3034 1035 3346 1106 colligatam
3374 1051 3389 1088 :
3414 1040 3612 1103 caztcra

2029 1136 2160 1190 nudi
2201 1144 2352 1199 sunt,
2377 1133 2486 1188 nisi
2512 1132 2658 1201 quod
2689 1131 2855 1185 etiam
2882 1130 3100 1182 calceos
3154 1124 3418 1181 funiculis
3476 1138 3614 1179 con-

2030 1228 2256 1285 strictos
2291 1234 2538 1298 gestant.
2571 1223 2799 1279 lnaures
2829 1230 3105 1293 argentea:
3134 1228 3287 1288 sunt,
3313 1220 3395 1276 vel
3433 1233 3611 1295 aerea,

2029 1322 2113 1379 vel
2147 1322 2256 1376 alio
2283 1320 2482 1391 quovis
2512 1336 2576 1376 ex
2622 1319 2873 1375 metallo.
2939 1314 3186 1385 Capillos
3242 1315 3297 1370 in
3353 1314 3615 1369 humeros

2031 1429 2212 1486 usque
2247 1414 2606 1485 promittunt,
2635 1421 2690 1466 et
2717 1411 2859 1466 oleis
2890 1409 3249 1480 quibusdam,
3283 1417 3343 1467 ut
3377 1406 3617 1463 terebin-

2030 1507 2215 1571 thino,
2240 1515 2298 1561 ut
2332 1505 2678 1578 juniperino,
2705 1502 2875 1578 ‘63
2905 1511 3221 1574 perungunt
3256 1517 3277 1557 :
3298 1514 3411 1571 quo
3446 1502 3618 1571 Inagis

2032 1603 2245 1658 scilicet
2275 1608 2552 1658 crescant.
2586 1598 2751 1657 Manu
2793 1601 2995 1655 librum
3056 1605 3274 1659 tenent.
3303 1600 3622 1655 Amatorias

2030 1697 2687 1768 quasdamodasutuibus
2704 1698 2936 1753 miriﬁce
2954 1696 3145 1764 Turci,
3187 1695 3444 1759 Arabica,
3490 1692 3624 1749 Per.

2030 1792 2142 1846 sitm
2159 1805 2254 1843 sua
2280 1790 2463 1858 lingua
2493 1791 2810 1860 compositis
2844 1789 3204 1855 delectantur,
3225 1788 3532 1844 cantillant.
3563 1786 3626 1853 Si

345 1882 552 1953 flagitio
591 1898 651 1936 se
674 1888 867 1937 mutuo
929 1881 1201 1951 polluant,
1230 1894 1301 1935 ne
1325 1880 1548 1952 quidem
1575 1893 1606 1933 a
1650 1854 1922 1948 iumentis
1955 1854 1999 1911 Β
2036 1895 2303 1940 venustus
2331 1854 2533 1954 aliquis
2568 1854 2703 1953 puer
2731 1893 3012 1955 occurrat.
3040 1854 3279 1936 medium
3331 1897 3458 1936 mox
3503 1895 3622 1935 am-

346 1978 707 2053 abstinentes.
744 1970 1038 2044 Nequitias
1065 1983 1124 2028 ut
1152 1987 1284 2029 suas
1344 1979 1552 2044 tegant,
1581 1985 1648 2026 ac
1689 1971 1931 2025 sanctio-

347 2082 435 2122 res
463 2066 1049 2132 videantur,maslaco
1080 2076 1135 2122 et
1195 2065 1359 2136 oppio
1414 2072 1737 2120 vescuntur.
1788 2061 1961 2117 llinc’

347 2159 500 2212 enim
534 2157 696 2227 quasi
727 2156 1040 2229 phrenetici
1072 2155 1397 2222 redduntur,
1428 2155 1588 2225 isque
1615 2156 1742 2207 dum
1775 2158 1935 2207 durat

349 2249 529 2314 furor,
570 2250 791 2322 ipsimet
820 2250 907 2307 vel
940 2250 1150 2316 forﬁce,
1188 2249 1269 2303 vel
1304 2248 1532 2303 cultello
1560 2263 1620 2306 se
1642 2247 1938 2307 vulnerant

353 2346 409 2398 in
442 2342 609 2417 collo,
644 2354 889 2413 peetors,
922 2338 1181 2405 brachiis,
1198 2340 1489 2408 lateribus,
1521 2340 1697 2399 donec
1754 2338 1939 2394 vulne-

353 2437 508 2490 ribus
524 2444 788 2490 etcruore
814 2434 1108 2491 deformati
1140 2432 1582 2503 conSpiciantnr.
1611 2431 1708 2487 His
1739 2431 1941 2485 deinde

356 2528 675 2585 vulneribus
701 2528 913 2584 tamdiu
968 2527 1256 2599 spongiam
1288 2540 1578 2582 accensam
1612 2527 1900 2594 imponunt
1926 2564 1942 2587 ,

356 2622 530 2675 donec
548 2620 608 2676 in
626 2622 844 2677 cineres
868 2620 1089 2678 redatta
1108 2624 1327 2679 tandem
1353 2621 1762 2691 exstinguatur.
1806 2614 1942 2676 Eum

356 2714 607 2769 dolorem
641 2713 912 2785 patienter
945 2728 1006 2769 se
1046 2713 1287 2769 tolerare
1346 2711 1632 2768 simulant.
1666 2709 1810 2767 illinc
1835 2710 1946 2766 illis

356 2817 414 2862 et
444 2809 667 2864 honosa
688 2808 1008 2865 dementato
1036 2809 1223 2879 vulgo,
1253 2816 1309 2866 et
1334 2806 1618 2864 veneratio
1668 2820 1780 2861 non
1812 2803 1948 2861 levis

359 2904 671 2970 exhibetur,
702 2901 851 2976 quod
890 2900 1003 2958 Deo
1048 2900 1206 2959 cbari
1260 2900 1650 2959 existimentur
1675 2915 1698 2955 ς
1745 2899 1875 2955 hinc
1896 2905 1951 2953 et

364 2991 629 3065 largiores
659 2994 1044 3065 eleemosynas
1073 2993 1392 3064 impetrant,
1416 3006 1447 3047 e
1467 2990 1671 3060 quibus
1700 2989 1952 3049 victitare

367 3084 570 3142 solent.
598 3084 816 3141 llabont
850 3086 906 3140 in
938 3086 1195 3141 Anatolia
1253 3083 1553 3156 quemdam
1601 3082 1817 3141 ordinis
1865 3082 1952 3141 sui

364 3178 606 3249 priorem
630 3180 746 3233 sive
790 3178 1103 3249 praesidem,
1158 3191 1325 3248 quem
1376 3191 1487 3230 non
1539 3175 1738 3231 Assam
1787 3174 1952 3237 baba,
1981 3208 2026 3272 Β

365 3271 532 3325 sicuti
562 3270 877 3327 Nicolaides
907 3264 1154 3339 scripsit,
1176 3271 1273 3327 sed
1289 3268 1454 3325 Azem
1471 3268 1611 3326 baba
1631 3266 1948 3323 nominant:

366 3380 500 3421 voce
528 3378 637 3418 non
657 3365 876 3437 proprie
896 3373 1108 3435 patrem
1135 3376 1355 3432 patrum
1407 3360 1780 3433 signiﬁcante,
1854 3359 1951 3415 sed

365 3469 577 3532 patrem
627 3474 966 3529 supreumm,
1027 3458 1112 3513 vel
1159 3456 1551 3529 Protopapam,
1620 3465 1680 3511 ut
1733 3453 1956 3511 Graecos

368 3554 704 3629 appellasse,
738 3554 806 3608 de
837 3551 1077 3613 Cedrino
1102 3559 1258 3621 paret
1283 3567 1299 3608 :
1323 3550 1468 3608 unde
1497 3546 1800 3609 Moscbovii
1819 3561 1955 3603 suos

368 3649 537 3706 etiam
576 3636 954 3719 Protopoppos
968 3646 1239 3701 fecerunt.
1272 3645 1340 3700 Et
1360 3645 1609 3701 imitatos
1637 3657 1763 3699 esse
1815 3640 1956 3697 Tur.

370 3756 466 3798 cos
495 3738 814 3796 Graecorum
839 3737 1064 3811 ordines
1111 3726 1548 3802 ecclesiasticos,
1585 3735 1958 3804 ordinumque

372 3836 600 3909 gradus,
631 3834 767 3895 satis
796 3840 1021 3902 apparet
1044 3846 1109 3891 ex
1142 3831 1208 3887 iis
1238 3846 1361 3901 qua:
1394 3831 1573 3900 capite
1608 3828 1680 3887 54
1706 3828 1961 3898 exposui-

374 3942 521 3987 mus.

448 4021 780 4081 Calenderes
827 4010 1180 4078 continentia:
1216 4020 1551 4092 praecipuam
1609 4019 1717 4075 sibi
1743 4017 1959 4074 laudem

380 4117 679 4182 vindicant,
707 4118 979 4187 insignem
1018 4132 1129 4185 pra:
1156 4131 1218 4172 se
1248 4115 1488 4171 ferentes
1508 4112 1959 4169 sanctimoniam.

379 4211 592 4268 Sacella
617 4213 866 4281 quautam
904 4211 1213 4266 inhabitant
1230 4211 1527 4263 admodum
1558 4206 1780 4277 exigua.
1847 4205 1964 4260 Tu-

380 4310 539 4362 nicas
568 4317 782 4377 gestant
818 4316 1118 4361 strictaset
1180 4316 1388 4367 curtas,
1450 4303 1658 4370 absque
1706 4299 1962 4364 manicis,

381 4400 556 4453 instar
585 4413 873 4455 saccutum
893 4438 908 4463 ,
938 4407 1051 4451 tum
1079 4413 1109 4451 e
1140 4399 1286 4460 lana,
1349 4405 1463 4450 tttm
1514 4394 1638 4464 pilis
1685 4406 1964 4463 equorum

370 4475 692 4544 contextae.
721 4488 912 4543 Crines
947 4491 1168 4559 penitus
1199 4485 1495 4543 abradunt.
1549 4483 1687 4541 Pilei
1736 4492 1860 4539 sunt
1897 4496 1965 4538 ex

2038 1975 2377 2045 plcetuntnr,
2408 1974 2688 2031 cantando
2716 1974 3086 2044 saltandoque
3107 1975 3354 2046 cymbala
3376 1976 3620 2046 pulsant.

2039 2069 2179 2125 llinc
2209 2084 2520 2124 concursus
2556 2069 2893 2124 liominuma
2921 2068 3126 2136 quibus
3172 2068 3374 2123 deinde
3426 2083 3629 2124 munu-

2040 2162 2257 2217 sculum
2302 2158 2527 2229 aliquod
2562 2167 2775 2231 petunt.
2818 2157 2883 2213 lli
2924 2172 3148 2228 quoque
3203 2167 3471 2228 praetextu
3499 2162 3630 2215 reli-

2043 2256 2221 2325 giouis
2252 2269 2359 2308 non
2385 2252 2650 2309 femineos
2685 2253 2973 2322 duntaxat,
3008 2251 3102 2307 sed
3127 2250 3302 2323 magis
3330 2252 3631 2307 etiamtna-

2045 2347 2233 2405 sentos
2263 2359 2479 2402 amores
2510 2353 2899 2401 consectantur
2929 2360 2946 2399 :
2997 2343 3196 2414 quibus
3225 2358 3361 2399 sane
3427 2359 3629 2414 spurca

2046 2454 2181 2510 gens
2208 2438 2444 2494 nimium
2476 2447 2741 2507 quantum
2773 2445 2858 2493 est
2890 2438 3098 2495 dedita.

2121 2528 2383 2586 Torlaees
2407 2529 2596 2585 ovillis
2634 2531 2989 2601 eaprinisque
3021 2531 3272 2601 pellibus.
3312 2535 3537 2606 perinde
3567 2552 3633 2591 ac

2051 2620 2281 2680 dervisii
2312 2637 2370 2676 se
2398 2622 2657 2679 vestiunt.
2686 2621 2787 2677 His
2840 2627 3111 2701 ursinam,
3134 2627 3259 2697 pilis
3286 2628 3635 2685 extrinsecus

2054 2714 2248 2777 versis,
2312 2710 2583 2783 unguibus
2640 2714 2708 2769 ad
2763 2725 2954 2784 pectus
2976 2718 3285 2788 colligatum
3345 2722 3635 2792 injiciuut;

2055 2820 2228 2877 eaque
2262 2805 2414 2877 pallii
2446 2806 2567 2860 loco
2599 2816 2775 2863 semet
2802 2807 3113 2865 involvunt.
3146 2814 3470 2870 Acutninatu
3495 2817 3639 2886 pileo

2055 2899 2322 2972 pratalto,
2386 2900 2571 2969 plures
2628 2899 2865 2957 habente
2927 2902 3125 2972 plicat,
3186 2923 3254 2963 ex
3312 2909 3439 2965 albo
3471 2910 3636 2976 flltro,

2058 3000 2323 3057 utuntur;
2355 3000 2555 3048 cetera
2580 2992 2713 3049 nudi
2744 3008 2972 3065 prorsus
3021 2994 3303 3055 incedunt.
3356 3002 3636 3060 Adbibeut

2061 3093 2117 3138 et
2152 3084 2254 3154 ipsi
2287 3085 2625 3155 temporibus
2654 3088 2921 3143 caeteris.
2964 3087 3302 3148 Litterarum
3356 3096 3517 3165 plane
3547 3114 3637 3153 ru-

2062 3175 2159 3233 des
2195 3186 2341 3232 sunt.
2377 3177 2709 3248 Plerumque
2753 3179 3177 3250 conspiciuntur
3231 3186 3300 3240 ad
3364 3187 3642 3251 tabernas.

2058 3266 2177 3324 fora
2206 3269 2449 3341 publica,
2485 3271 2700 3325 balinea
2729 3285 2744 3323 :
2772 3271 2981 3341 quibus
3015 3274 3229 3332 scilicet
3284 3279 3421 3335 locis
3483 3285 3642 3337 multi

2057 3362 2415 3424 conveniunt,
2444 3374 2474 3415 a
2507 3361 2711 3432 quibus
2751 3361 2961 3434 aliquid
3003 3373 3190 3435 petere
3244 3372 3478 3436 possint.
3534 3370 3643 3427 Ve—

2060 3453 2281 3509 niebant
2318 3452 2384 3507 ad
2410 3468 2511 3510 nos
2541 3454 3070 3529 Constantinopolim
3106 3474 3174 3515 ex
3230 3460 3486 3534 Egypto,
3539 3465 3642 3521 Se-

2062 3548 2349 3604 bastianus
2408 3548 2476 3602 ab
2510 3547 2837 3621 Hannsperg
2889 3563 2944 3608 et
2982 3552 3276 3613 Joannesa
3333 3558 3644 3629 Salagasto,

2064 3639 2168 3695 viri
2198 3640 2438 3697 nobiles.
2503 3637 2713 3698 Horum
2748 3643 2885 3701 alter
2940 3644 3280 3717 Salagastius
3320 3651 3480 3706 nobis
3519 3667 3647 3708 nar-

2063 3733 2220 3789 rabat
2249 3734 2613 3797 Alexandria.
2648 3751 2785 3791 .ctun
2820 3736 2941 3796 istic
2977 3739 3097 3810 ipse
3150 3743 3394 3812 degeret,
3442 3744 3641 3818 hujus-

2065 3828 2208 3882 modi
2237 3831 2528 3896 quemdam
2558 3839 2812 3886 sanctum
2840 3833 3017 3887 virum
3064 3835 3321 3905 Opinione
3357 3837 3641 3896 Mahume-

2065 3930 2339 3984 taunrum,
2368 3936 2493 3975 cum
2520 3937 2638 3992 prae
2660 3922 2869 3980 foribus
2923 3927 3103 3982 balnei
3176 3930 3461 3985 muliebris
3490 3943 3646 3991 stans

2066 4022 2409 4070 ereunteme
2460 4014 2674 4070 balineo
2720 4016 2983 4073 {cannam
3033 4022 3327 4089 quamdam
3385 4030 3644 4083 attentius

2070 4111 2309 4167 intuitus
2333 4121 2480 4166 esset
2512 4133 2524 4168 :
2561 4113 2615 4168 in
2645 4128 2768 4170 eam
2802 4114 2987 4170 furore
3021 4120 3181 4186 quasi
3230 4110 3465 4189 quodam
3523 4138 3649 4179 cor.

2071 4212 2282 4273 replum
2321 4204 2616 4278 involasse,
2675 4220 2740 4261 ac
2794 4208 3044 4276 protinus
3085 4208 3236 4264 humi
3294 4229 3391 4282 pro
3425 4223 3648 4285 tratam,

2068 4312 2172 4351 nec
2207 4296 2500 4352 admodum
2536 4298 2769 4353 fet-lasso
2802 4315 3217 4370 repugnantem,
3249 4306 3300 4359 iu
3329 4311 3507 4362 oculis
3532 4326 3649 4361 Olli-

2071 4396 2220 4445 nium
2253 4392 2673 4462 compressisse.
2715 4391 2969 4448 Maritum
3039 4411 3104 4450 eo
3132 4398 3276 4451 facto
3316 4416 3374 4454 se
3432 4403 3646 4455 lealuut

2071 4484 2314 4549 (luxisse,
2370 4488 2515 4555 quum
2553 4486 2630 4540 vir
2696 4494 2941 4553 sanctus,
2992 4488 3228 4555 impulsu
3274 4491 3479 4558 divino,
3540 4509 3651 4564 prae

384 4589 513 4638 albo
536 4585 697 4645 lituo,
728 4584 944 4638 similes
985 4584 1052 4637 iis
1086 4596 1226 4653 quos
1275 4580 1589 4635 Graecorum
1647 4576 1965 4632 sacerdotes
1996 4586 2046 4644 ι)
2075 4578 2197 4632 aliis
2251 4594 2375 4632 cum
2402 4594 2570 4632 inure
2592 4596 2685 4633 sua
2710 4580 2991 4636 colvisset.
3027 4578 3162 4637 Vide
3183 4586 3485 4640 caecitatem
3514 4604 3653 4657 gen-

387 4688 441 4728 et
479 4674 724 4744 episcopi
761 4675 949 4743 nigros
979 4681 1034 4727 et
1068 4674 1211 4726 latos
1233 4671 1532 4725 admodum
1570 4675 1788 4739 gestant
1816 4683 1830 4719 :
1859 4665 1965 4720 nisi

387 4768 533 4838 quod
559 4767 673 4823 oris
691 4764 836 4820 aﬁixi
866 4764 1177 4833 dependent
1217 4760 1457 4833 undique
1500 4758 1833 4829 longiuscttli
1857 4759 1934 4812 eri
1955 4786 1973 4798 -

390 4877 488 4916 nes
507 4857 717 4931 eqni'ni.
741 4857 974 4913 Ferreus
1000 4859 1139 4918 satis
1174 4871 1398 4914 crassos
1431 4854 1672 4910 annulos
1715 4855 1967 4916 auribus.

389 4954 554 5018 collo,
592 4949 833 5005 brachiis
859 4958 1100 5018 gestant.
1126 4946 1302 5001 Etiam
1332 4949 1448 5001 cuti
1487 4947 1643 5013 penis
1678 4940 1973 5013 perforatae

382 5048 606 5122 ferreus
627 5046 709 5098 vel
741 5058 917 5099 terens
938 5044 1181 5099 annulus
1217 5040 1505 5105 inseritur,
1543 5054 1613 5093 ne
1654 5038 1823 5100 coire,
1888 5035 1974 5088 vel

394 5143 439 5195 si
463 5140 831 5208 maximopere
846 5135 1086 5206 cupiant,
1109 5141 1343 5205 posszttt.
1374 5133 1556 5202 Atque
1576 5130 1687 5185 .boc
1717 5128 1972 5182 ultimum

393 5238 449 5292 iu
477 5248 593 5289 uno
624 5241 840 5286 tantum
871 5231 1171 5285 Calendere
1192 5227 1399 5282 vidisse
1430 5241 1530 5280 nos
1573 5220 1858 5284 recordor,
1884 5220 1976 5289 qui

384 5328 615 5397 Sophia:
654 5333 877 5398 propter
899 5327 1211 5387 imaretum,
1249 5321 1304 5374 in
1337 5333 1477 5388 quos
1506 5330 1611 5372 nos
1635 5316 1705 5371 ad
1748 5312 1979 5369 biduum

386 5423 965 5486 .ltxrebatnus,-unatn
1024 5433 1092 5473 ex
1148 5415 1398 5484 pluribus
1448 5412 1710 5473 cellulam
1768 5407 1980 5466 incolc-

400 5522 514 5574 bat.

473 5607 863 5681 lluggiemales
907 5605 1157 5677 plerique
1205 5603 1460 5675 juvenes,
1484 5600 1723 5665 robusti,
1749 5597 1982 5662 divites,

398 5698 1289 5779 Africam,£gyptnm,Arabiam,
1309 5690 1847 5759 Persiant,'l‘urciam
1868 5704 1987 5742 om-

402 5812 527 5854 nem
555 5798 735 5851 alicno
773 5801 1018 5863 sumptu,
1048 5790 1151 5845 sub
1181 5799 1445 5858 praetextu
1481 5782 1763 5857 religionis
1799 5796 1991 5852 perva-

402 5900 605 5962 gantur
639 5906 654 5942 :
691 5888 977 5959 regionum
1021 5893 1076 5943 et
1120 5884 1338 5940 urbium
1385 5881 1527 5937 situs
1587 5886 1642 5935 et
1702 5874 1986 5939 intervalla

2077 4671 2166 4737 tis,
2198 4686 2260 4724 ac
2291 4673 2596 4741 prazscrtim
2625 4671 3024 4743 Egyptiorum.
3059 4675 3195 4730 Nam
3226 4678 3354 4732 alilni
3400 4681 3485 4735 vix
3552 4682 3653 4736 ali-

2076 4762 2204 4831 quid
2263 4763 2538 4831 ejusmodi
2598 4763 2848 4827 factum,
2917 4766 3073 4821 nobis
3133 4768 3246 4824 illic
3304 4769 3653 4843 degentibus,

2080 4857 2350 4925 comperi.
2397 4854 2531 4910 Sunt
2568 4872 2723 4926 mque
2748 4873 2974 4928 rapaces
3011 4861 3065 4914 in
3105 4862 3392 4919 itineribus
3445 4875 3500 4920 et
3552 4869 3656 4921 viis

2081 4949 2336 5019 publicis,
2362 4967 2425 5006 ac
2449 4952 2719 5008 «Ιθι-νίεἰοε
2741 4968 2863 5011 esse
2901 4954 3164 5011 diximus.
3186 4941 3495 5015 Pleheeulze
3518 4977 3630 5031 pra:
3646 4994 3659 5004 ο

2079 5046 2266 5097 sertim
2295 5044 2535 5109 rustica,
2556 5061 2614 5100 se
2638 5046 3063 5102 chirmnantices
3093 5064 3296 5117 gnaros
3353 5064 3475 5108 esse
3531 5068 3659 5120 per-

2083 5136 2337 5190 suadeut.
2398 5134 2537 5192 Hinc
2587 5137 2779 5205 ingens
2846 5137 2913 5191 ad
2989 5140 3324 5210 impostorss
3370 5140 3656 5197 hominum

2085 5244 2406 5289 concursus.
2444 5230 2538 5299 qui
2566 5244 2666 5300 pro
2693 5228 2909 5285 vatibus
2947 5244 3042 5285 eos
3091 5231 3319 5295 habent.
3354 5218 3658 5302 prmsertim

2090 5322 2443 5376 intrlicrculm.
2476 5321 2613 5376 llinc
2644 5322 2710 5379 ad
2729 5335 2823 5375 eos
2854 5320 3035 5376 omnis
3088 5325 3306 5392 generis
3342 5324 3472 5387 cibi.
3532 5339 3660 5379 cum

2086 5412 2210 5469 aliis
2242 5413 2405 5465 rebus
2438 5413 2765 5468 necessariis
2792 5412 3119 5469 afferuntur.
3152 5412 3426 5478 Interdum
3474 5431 3660 5471 sensui

2086 5521 2155 5561 ex
2197 5504 2313 5562 suis
2347 5505 2585 5573 aliquem
2617 5506 3045 5561 circumducunt
3074 5521 3236 5576 quem
3267 5522 3403 5575 pene
3463 5506 3667 5564 divinis

2091 5596 2390 5651 honoribus
2428 5595 2770 5651 adorabundi
2812 5594 3077 5651 afﬁciunt.
3128 5595 3266 5652 Cum
3302 5596 3406 5650 hoc
3459 5599 3541 5652 vel
3570 5616 3669 5670 op-

2091 5688 2415 5756 pidum,-vel
2446 5703 2641 5759 pagum
2703 5686 2939 5756 ingressi
2965 5690 3298 5759 praecipuum
3356 5687 3414 5742 in
3446 5689 3665 5757 aliquod

2092 5780 2415 5850 hospitium.
2466 5781 2553 5835 vel
2644 5782 3172 5843 caravansaraium,
3228 5778 3312 5833 vel
3380 5782 3663 5836 imaretuu.

2092 5876 2381 5930 tlivertunt
2415 5890 2431 5927 τ
2462 5872 2729 5945 illumque
2752 5886 2862 5927 non
2896 5882 3004 5927 tam
3038 5872 3221 5938 annis,
3254 5886 3418 5942 quam
3455 5873 3664 5928 malitia
