4204 6300
547 420 653 483 Hi

1744 417 2071 478 JOANNIR
2116 413 2591 477 LEUNCLAVII

3694 396 3798 459 848

547 540 805 600 vetulum,
834 549 1047 604 magna,
1073 534 1165 589 sed
1202 534 1454 589 simulata
1511 536 1818 591 humilitate
1867 538 2102 591 circuzn-
2140 542 2181 592 Λ
2216 536 2335 589 179..
2371 532 2830 599 Smramangium,
2887 523 3314 604 Giututt:-Iiftiott__
3341 522 3587 604 (ignea-cc.
3638 518 3798 583 Scife,

550 638 758 683 stantes
978 628 1289 683 obServant.
1321 628 1366 681 ls
1403 627 1585 682 nescio
1625 643 1761 697 quos
1812 630 2121 683 enthusias-

550 738 669 776 mos
703 737 813 790 prae
844 737 901 775 se
947 719 1071 785 fert,
1110 734 1172 772 ac
1203 720 1435 773 subinde
1466 720 1710 787 quaedam
1740 720 1903 773 veluti
1925 720 2125 774 divini-

551 824 638 866 tus
680 813 781 867 sihi
809 812 1067 875 revelata,
1089 810 1233 865 serio
1266 812 1504 864 maxime
1528 810 1677 863 vultu
1704 810 1908 881 profert
1935 828 1947 863 :
1982 826 2126 865 nunc

554 906 727 959 instar
764 904 961 958 mortui
1024 904 1187 970 jacet,
1241 918 1388 958 nunc
1419 903 1606 958 oculos
1657 903 1898 958 vicissim
1950 905 2127 971 aperit

555 1007 609 1051 et
638 997 701 1050 ad
735 996 997 1051 seredire
1032 995 1275 1050 simulat.
1318 996 1453 1051 Inde
1511 1010 1810 1051 conversus
1864 995 1936 1052 ad
1992 995 2126 1049 ficti-

567 1089 746 1143 tioset
782 1088 1109 1141 subornatos
1158 1088 1500 1155 discipulos:
1541 1088 1815 1156 Corripite
1866 1103 1976 1151 me,
2043 1089 2127 1141 in-

556 1184 697 1250 quit,
732 1182 823 1234 lilii
858 1180 1191 1247 ebarissimi,
1223 1191 1276 1235 et
1316 1191 1468 1235 extra
1529 1181 1710 1235 locum
1764 1180 1910 1234 hunc
1938 1180 2130 1250 tlcpur-

558 1281 690 1325 tate.
732 1270 866 1323 Nam
904 1269 1201 1324 revelatum
1237 1268 1367 1323 mihi
1392 1270 1653 1325 divinitus
1684 1279 1786 1334 est,
1819 1285 2131 1340 qumpmnm

556 1366 643 1417 his
687 1364 1001 1417 hominibus
1035 1362 1379 1417 immineant.
1433 1363 1644 1427 Quibus
1705 1364 1906 1417 auditis
1966 1363 2130 1418 obse-

558 1456 1105 1524 crantimpostorcm
1165 1456 1483 1519 nebulones,
1542 1456 1709 1509 Deum
1771 1455 1919 1509 velut
1973 1470 2132 1507 aver-

557 1549 843 1605 runcando
874 1548 1218 1617 deprecetur,
1257 1562 1324 1602 ne
1369 1563 1560 1615 pmnas
1618 1549 1737 1603 illas
1785 1550 1985 1617 exigat.
2040 1547 2133 1602 llle

557 1656 617 1696 se
655 1639 870 1695 simulat
898 1639 1174 1703 assentiri,
1205 1653 1390 1707 preces
1422 1639 1486 1692 ad
1522 1637 1686 1692 Deum
1743 1639 2016 1707 concipit,
2074 1648 2133 1691 ut

558 1734 695 1788 iram
728 1746 882 1787 suam
902 1730 1327 1800 espiari,seque
1374 1731 1578 1799 placari
1622 1730 1889 1801 propitius
1956 1730 2130 1800 patia.

562 1838 670 1891 tur,
701 1837 841 1881 orat.
872 1823 983 1878 llac
1028 1825 1122 1878 iraa
1180 1824 1381 1877 divina:
1441 1824 1869 1878 comminatione
1920 1823 2126 1879 misella

565 1919 845 1988 plebecula
878 1918 1072 1971 mirum
1102 1916 1155 1970 in
1189 1916 1411 1971 modum
1446 1917 1818 1983 espavefacta,
1872 1916 2127 1984 trepidat.

562 2012 758 2066 Postea
790 2026 915 2065 vero
940 2008 1333 2065 consolationis
1392 2009 1595 2076 aliquid
1628 2024 1695 2065 ex
1746 2008 1907 2077 hujus
1962 2008 2133 2062 intcr-

561 2104 809 2159 cessione
832 2102 1075 2157 vicissim
1107 2100 1366 2154 hauriens
1404 2101 1683 2154 turmatim
1740 2100 1807 2153 ad
1860 2087 2142 2169 imposto;

564 2213 678 2251 rem
724 2195 1116 2264 ncquissimum
1147 2194 1409 2247 accurrit.
1438 2191 1644 2249 Omnes
1691 2208 1808 2247 eam
1850 2208 1964 2247 rem
2012 2208 2133 2258 pro-

567 2292 697 2357 digii
730 2291 844 2343 loco
876 2288 1101 2346 ducunt.
1140 2302 1309 2354 seque
1365 2287 1627 2341 divinitus
1661 2286 1871 2339 moneri
1920 2292 2135 2353 putant.

568 2381 966 2437 Simulanimis
1023 2380 1254 2439 devotis,
1317 2387 1373 2433 et
1437 2377 1641 2447 accepti
1676 2377 1924 2432 beneﬁcii
1972 2389 2137 2431 causa

570 2476 759 2544 gratis,
789 2480 864 2527 tot
894 2473 1271 2541 eleemosynas
1305 2470 1369 2523 ad
1407 2469 1598 2539 planos
1626 2469 1794 2524 hosce
1841 2468 2094 2523 deferunt
2120 2484 2137 2522 :

570 2576 629 2619 ut
657 2568 733 2620 eis
764 2564 948 2619 onusti
1010 2577 1137 2616 suas
1172 2562 1238 2615 ad
1291 2561 1582 2631 speluncas
1642 2569 2005 2622 revertantur,
2037 2557 2139 2613 ho-

576 2659 859 2724 minesque
890 2652 1309 2723 superstitiosos
1340 2666 1404 2705 ac
1433 2652 1630 2707 stolide
1684 2651 1964 2720 simplices
2019 2648 2142 2703 irri-

576 2754 760 2813 tleattt,
791 2749 881 2818 qui
944 2758 1048 2801 tam
1080 2746 1223 2802 fmde
1276 2746 1379 2800 sibi
1440 2747 1714 2817 patiantur
1775 2746 2001 2814 imponi.
2045 2741 2144 2796 Ve-

574 2853 806 2899 scuntur
850 2850 906 2896 et
938 2841 988 2894 hi
1048 2840 1308 2904 maslaco,
1364 2839 1446 2893 vel
1486 2841 1648 2908 oppio
1682 2854 1697 2901 ;
1733 2844 1787 2891 et
1838 2838 1987 2892 humi
2052 2855 2145 2895 cu-

575 2936 785 2998 hantcs,
825 2931 1138 2987 libidinibus
1175 2931 1554 2986 abominandis
1575 2938 1761 2984 mutuo
1783 2944 1843 2984 se
1873 2928 2143 2999 polluunt.

577 3026 703 3082 lianc
727 3026 793 3080 de
818 3022 1064 3079 nefandis
1096 3023 1288 3077 horum
1328 3019 1472 3092 apud
1504 3021 1714 3077 Turcos
1750 3021 1938 3090 specie
1985 3033 2144 3078 tenus

577 3120 960 3187 religiosorum
999 3116 1270 3171 institutis
1326 3114 1572 3169 breviter
1629 3115 1950 3183 exponenda
1982 3115 2146 3171 duxi-

2372 604 2594 660 Kililscll
2619 642 2633 666 ,
2667 592 2877 667 acinax,
2926 599 3085 665 copis,
3126 594 3332 662 Zausr’j,
3372 592 3662 659 Pttstft'gmt.

2304 718 2459 783 Quod
2493 716 2878 786 Spandugintts
2915 715 3119 768 filtrum
3167 712 3326 775 di\it,
3382 705 3673 762 annalibus
3720 715 3804 759 est

2211 824 2589 878 -gepenecnm.
2620 808 2711 862 Sic
2742 818 2796 861 et
2841 805 3043 876 Ungari
3105 813 3311 859 vestem
3364 802 3653 855 militarem
3709 814 3803 867 ap-

2233 902 2462 971 pellant,
2488 916 2611 968 quae
2640 900 2867 965 tunicis,
2896 899 3145 967 paenulis,
3176 897 3407 965 aliisque
3442 894 3680 948 vestibus
3713 908 3808 947 su—

2233 996 2505 1067 perinjici,
2551 994 2733 1063 pluvio
2789 996 3092 1063 prasertim
3157 992 3318 1056 uelo,
3389 990 3543 1043 solet.
3599 985 3806 1055 Vulgus

2236 1091 2375 1145 hanc
2406 1088 2793 1157 gestateﬁltro
2833 1086 3057 1151 factam,
3118 1085 3351 1155 ideoque
3408 1082 3648 1136 materiae
3707 1095 3803 1134 no-

2237 1198 2359 1237 men
2384 1183 2430 1235 ei
2467 1181 2852 1250 Spanduginus
2880 1180 3051 1244 dedit,
3076 1192 3237 1247 quam
3260 1176 3509 1248 equidem
3560 1189 3673 1245 quo
3703 1170 3804 1228 La-

2233 1276 2351 1327 tino
2416 1273 2681 1329 vocabulo
2747 1274 2968 1328 debeam
3032 1272 3362 1341 exprimere,
3453 1286 3561 1324 non
3622 1267 3803 1323 video.

2236 1367 2453 1421 Slavina
2480 1366 2587 1421 diei
2623 1374 2817 1434 potest,
2859 1364 3318 1433 minus’gausapc,
3344 1379 3465 1418 cum
3487 1360 3800 1417 Reineccio:

2233 1470 2452 1527 propter
2483 1458 2855 1512 diversitatem
2918 1468 3032 1511 tum
3095 1458 3357 1520 materiae,
3422 1466 3537 1509 tum
3584 1455 3802 1509 forms.

2235 1549 2521 1619 Reperitur
2573 1550 2719 1620 apud
2768 1549 3092 1614 Cedrinum,
3148 1560 3199 1605 et
3270 1548 3592 1619 Symeonetn
3642 1546 3807 1616 magi-

2232 1652 2403 1696 strum
2428 1642 2748 1708 ofﬁciorum,
2783 1652 2834 1697 et
2872 1642 3189 1697 Acbmetem
3262 1641 3619 1705 ouirocriten,
3669 1638 3808 1695 Sca-

2234 1736 2501 1804 ramangii
2527 1751 2665 1790 vos:
2698 1734 2765 1789 de
2798 1734 2962 1805 cujus
2985 1734 3291 1803 signiﬁcato
3334 1734 3622 1789 consultus
3652 1747 3681 1785 a
3717 1747 3806 1788 me

2235 1828 2575 1884 Theodosius
2616 1827 2938 1899 Zygomalas
2958 1825 3307 1897 Naupliensis
3341 1842 3369 1882 e
3401 1826 3804 1897 Peloponneso,

2235 1918 2616 1990 patriarchalis
2643 1920 3079 1989 protonotarius,
3108 1919 3291 1974 aiebat
3324 1920 3379 1973 in
3439 1934 3538 1973 usu
3601 1918 3807 1974 Graecis

2233 2027 2356 2068 esse
2388 2026 2533 2067 nunc
2577 2011 2934 2080 Agarenicam
2985 2026 3173 2066 vocem
3226 2010 3649 2076 Giamnriikion,
3701 2025 3807 2081 qua

2234 2103 2405 2157 vestis
2424 2119 2484 2157 ea
2522 2103 2881 2173 signiﬁcetur,
2920 2116 3081 2170 quam
3118 2102 3217 2155 viri
3276 2101 3538 2157 militares
3597 2111 3810 2171 gestent

2237 2211 2400 2267 supra
2431 2206 2608 2253 vestes
2639 2198 2775 2253 alias
2798 2197 3113 2260 interiores,
3146 2196 3212 2251 ad
3254 2195 3519 2251 arcendas
3574 2193 3809 2265 pluvias,

2253 2290 2433 2354 nives,
2497 2289 2647 2358 gelu,
2710 2297 2899 2344 caetera
2956 2287 3191 2357 denique
3252 2288 3398 2343 aeris
3445 2287 3809 2343 incommoda.

2239 2379 2433 2437 Persas
2465 2389 2647 2436 autem
2669 2380 3003 2444 inventores,
3036 2381 3086 2435 ei
3116 2395 3312 2434 nomen
3367 2380 3581 2435 dedisse
3626 2396 3813 2434 scara~

2241 2473 2466 2543 mangii,
2496 2473 2644 2544 quod
2686 2474 2754 2527 ab
2805 2473 2886 2528 eis
2924 2473 2985 2524 aui
3037 2472 3468 2528 Gmcosdeinds
3521 2488 3647 2529 cum
3695 2473 3816 2543 ipso

2240 2566 2408 2620 vestis
2444 2580 2547 2620 usu
2605 2565 2929 2620 manaverit.
2971 2563 3083 2619 Hoc
3130 2564 3296 2631 igitur
3333 2574 3417 2619 est
3468 2564 3542 2629 id,
3591 2566 3656 2620 de
3706 2579 3816 2633 quo

2243 2672 2388 2713 nunc
2415 2656 2711 2726 loquimur,
2772 2669 3126 2724 gepeneeum.
3168 2656 3239 2711 De
3286 2655 3679 2723 Scaramangio
3738 2656 3818 2711 lo-

2245 2766 2367 2804 cum
2397 2749 2556 2804 etiam
2604 2749 2797 2817 capitis
2846 2748 2948 2804 l99
2997 2747 3244 2812 consule,
3305 2748 3576 2803 Arabibus
3648 2745 3814 2803 Seife.

2244 2841 2475 2897 Kilitsch
2510 2841 2703 2895 Turcis
2731 2840 2935 2894 dicitur
2984 2841 3031 2895 is
3054 2840 3287 2911 gladius,
3316 2855 3475 2910 quem
3509 2855 3610 2896 nos
3631 2842 3824 2894 acina-

2248 2954 2363 2995 cem
2396 2936 2753 2992 reddidimus.
2787 2934 3007 2990 Leviter
3027 2934 3418 2998 estincurvus,
3454 2943 3510 2991 et
3538 2934 3666 3003 quia
3707 2948 3817 2989 non

2250 3029 2462 3105 pungit,
2527 3027 2623 3083 sed
2697 3028 2882 3084 casim
2946 3027 3093 3091 ferit,
3172 3026 3314 3097 apud
3380 3025 3820 3095 Xenophontem,

2250 3120 2579 3191 Graecosque
2656 3128 2908 3199 caeteros,
2957 3116 3175 3173 Persica
3245 3126 3567 3183 tractantes,
3624 3131 3821 3173 nomen

577 3229 738 3278 mus,
772 3212 897 3266 licet
943 3209 1013 3265 ab
1060 3208 1180 3264 aliis
1234 3223 1450 3279 quoque
1507 3207 1759 3278 prodita,
1790 3217 1902 3263 tum
1962 3211 2027 3264 ad
2083 3209 2149 3264 il-

2250 3212 2473 3282 Copidis
2508 3213 2737 3267 invenit.
2771 3213 2840 3266 Et
2871 3219 3087 3267 constat
3136 3226 3201 3267 ex
3238 3209 3426 3265 eodem
3460 3210 3823 3279 Xenophonte

579 3308 920 3363 lustrandatn
970 3304 1250 3359 annalium
1313 3303 1618 3367 historiam,
1670 3314 1779 3356 tttttt
1826 3303 1907 3357 uti
1958 3318 2143 3357 sucum

566 3400 751 3455 lector
774 3401 887 3468 ipse
918 3397 1216 3465 perpendat
1239 3402 1445 3465 quanto
1493 3410 1641 3448 nuttc
1666 3395 1788 3449 illos
1823 3410 2046 3451 necesse
2077 3397 2150 3450 sit

581 3509 706 3548 esse
738 3492 912 3547 factos
945 3491 1269 3553 deteriores,
1309 3503 1433 3542 cum
1458 3496 1583 3542 ante
1612 3496 1831 3543 centum
1883 3488 2007 3557 plus
2046 3490 2149 3541 nti-

584 3598 889 3639 nus‘anuos
925 3596 1064 3636 unus
1096 3595 1161 3636 ex
1197 3580 1276 3634 eis
1306 3594 1492 3634 necem
1526 3580 1746 3633 suitano
1803 3594 1923 3643 suo,
1981 3579 2153 3633 totius

585 3678 641 3731 in
675 3673 851 3730 oculis
871 3674 1168 3734 exercitus.
1206 3671 1473 3725 intentare
1530 3669 1696 3725 fuerit
1729 3686 1921 3725 ausus.
1954 3670 2155 3725 Nostro

588 3766 806 3835 quidem
830 3773 1095 3833 tempore,
1130 3760 1386 3813 nimirum
1423 3774 1567 3813 anno
1622 3756 1938 3816 Christiano
1994 3757 2154 3824 1579,

588 3853 1165 3923 consimilequoddam
1200 3851 1329 3906 huic
1376 3851 1591 3908 facinus
1641 3851 1860 3915 accidit,
1910 3864 2159 3919 saneque

582 3948 964 4007 memorabile.
996 3944 1127 3999 Nam
1160 3944 1401 3998 dervisio
1430 3942 1648 3997 cuidam
1686 3950 1950 4010 concepta
1984 3942 2159 3995 credes

591 4044 795 4107 animo,
830 4040 943 4109 pari
977 4052 1115 4093 ausu
1167 4042 1395 4099 tentata,
1436 4048 1696 4089 successu
1753 4033 1998 4086 feiiciore
2031 4047 2158 4101 per-

593 4143 799 4205 petrata
835 4132 956 4185 fuit.
985 4129 1149 4182 Multa
1179 4137 1308 4181 sunt
1344 4141 1371 4178 a
1409 4124 1567 4179 nobis
1598 4126 1647 4177 iu
1700 4124 1983 4177 annalium
2021 4122 2163 4192 Sup-

591 4229 1320 4301 plementocommemorata
1380 4222 1446 4274 de
1478 4219 1809 4272 Mechcmetc
1855 4219 2015 4271 bassa
2076 4232 2166 4269 ve-

599 4324 889 4383 zirazemc,
946 4314 1161 4370 Selitnis
1220 4312 1263 4366 ll
1298 4327 1522 4381 genero,
1581 4325 1808 4364 summa:
1859 4308 2163 4363 secundum

598 4414 887 4467 Sullanum
939 4406 1081 4475 apud
1130 4402 1343 4458 Turcos
1400 4401 1741 4455 auctoritatis
1771 4400 1907 4455 viro.
1964 4396 2014 4452 ls
2044 4413 2165 4452 cum

600 4520 697 4572 pro
739 4516 888 4554 more
918 4498 1061 4553 domi
1096 4493 1315 4561 suaejus
1349 4492 1616 4555 dicturus,
1670 4490 1906 4545 adeundi
1961 4504 2021 4544 se
2079 4504 2171 4542 co-

2255 3314 2467 3372 nostro,
2504 3319 2680 3374 genus
2712 3306 2815 3359 hoc
2841 3303 3149 3375 gladiorum
3185 3318 3214 3357 a
3244 3301 3430 3359 Persis
3460 3301 3596 3357 alias
3635 3300 3821 3355 itidem

2255 3399 2531 3463 nationes,
2570 3397 2874 3466 praesertim
2914 3396 3209 3460 Asiaticas,
3262 3396 3562 3462 accepisse.
3614 3392 3820 3455 Zausii,

2257 3494 2399 3548 sicut
2430 3503 2588 3546 antea
2617 3506 2838 3561 quoque
2862 3490 3102 3545 diximus
3121 3487 3299 3543 obiter
3343 3486 3397 3541 io
3444 3484 3826 3556 supplemento

2260 3586 2572 3647 Annalium,
2601 3583 2953 3655 comparandi
2986 3584 3212 3638 veniunt
3243 3594 3368 3636 cum
3418 3579 3621 3635 nostris
3671 3577 3828 3633 nobi-

2256 3679 2403 3734 libus
2461 3677 2686 3742 aulicis,
2749 3678 2928 3747 iisque
2977 3674 3301 3745 praesertim,
3368 3686 3600 3743 quorum
3661 3685 3827 3742 opera

2258 3772 2532 3842 principes
2561 3780 2796 3827 utuntur
2845 3771 2899 3826 in
2928 3767 3290 3841 expediundis
3342 3767 3511 3821 variis
3573 3763 3827 3835 negotiis.

2261 3876 2400 3932 quas
2443 3861 2858 3917 commissiones
2896 3873 3092 3914 vocare
3148 3855 3562 3912 consuevimus.
3617 3854 3831 3910 Habent

2264 3954 2318 4009 lti
2351 3952 2689 4023 praefectum,
2717 3966 2876 4021 quem
2904 3949 3228 4006 Zausiorum
3252 3948 3467 4005 bassam
3533 3948 3833 4018 appellant.

2264 4047 2346 4102 Ab
2377 4063 2441 4102 eo
2478 4061 2578 4100 nos
2637 4043 3089 4112 excipiebantur,
3148 4039 3366 4096 obviam
3417 4038 3574 4096 nobis
3605 4041 3670 4094 ad
3724 4039 3837 4110 pri-

2267 4154 2416 4193 mum
2449 4136 2681 4206 lapidem
2706 4143 2859 4190 extra
2884 4131 3445 4200 Constantinopolim,
3474 4129 3679 4199 insigni
3710 4145 3834 4185 cum

2270 4229 2530 4282 comitatu
2592 4225 2913 4279 Zattsiornm
2996 4237 3325 4295 progresso,
3406 4231 3460 4277 et
3515 4221 3839 4290 longissimo

2270 4328 2446 4374 tractu
2476 4333 2572 4388 per
2596 4318 2797 4372 ‘urbezn
2826 4315 2890 4370 ad
2947 4312 3453 4375 caravansaraium,
3495 4313 3687 4381 legatis
3725 4312 3839 4366 Cte-

2272 4412 2433 4466 sariis
2460 4411 2819 4478 assignatum,
2855 4407 3279 4462 deducebantur.
3337 4402 3483 4459 Inter
3538 4404 3838 4472 dignitates

2276 4504 2459 4574 palatii
2483 4502 2797 4556 Graecorum
2843 4501 3234 4567 imperatorum
3279 4497 3634 4562 recentiores,
3695 4498 3839 4551 inve-

604 4601 745 4665 piam
767 4594 969 4647 faceret
1000 4587 1292 4649 universis,
1329 4584 1381 4636 itt
1420 4583 1738 4653 synhedrio,
1776 4583 1859 4637 vel
1891 4597 2163 4637 concessu
2202 4575 2244 4632 D
2278 4596 2425 4651 ηίιηι.
2480 4596 2643 4649 etiam
2696 4595 2878 4663 Mpgas
2907 4593 3019 4646 sive
3066 4605 3295 4661 magum
3344 4590 3640 4653 Tzausius.
3697 4590 3839 4659 quod

604 4688 684 4740 vel
710 4679 1073 4743 consilio,vel
1099 4674 1381 4728 audientia
1412 4673 1627 4743 publica
1671 4675 1949 4742 (divannm
2006 4671 2168 4727 Turci

600 4780 809 4839 dicunt,
839 4786 1001 4843 quam
1046 4781 1232 4823 vocem
1264 4765 1611 4819 Belvacensis
1665 4765 1803 4818 libro
1855 4780 2003 4826 snt,
2049 4778 2171 4832 cap.

602 4867 729 4929 H5,
759 4863 1033 4917 Davanam
1076 4864 1335 4925 corrupte
1366 4854 1613 4923 scripsit,
1660 4854 2061 4908 horridiuscuie
2097 4864 2176 4921 ty-

602 4959 840 5027 phanum
874 4948 1119 5020 Persius)
1148 4947 1537 5015 ingredientem
1586 4944 1654 5000 ad
1696 4960 1755 4999 se
1800 4960 1995 5013 magno
2052 4948 2173 4998 nisu

604 5068 698 5123 per
724 5048 958 5104 mediam
990 5043 1268 5099 hominum
1304 5041 1543 5103 turbam,
1609 5046 1798 5093 notum
1839 5038 1940 5091 sibi
1998 5037 2181 5091 dervi-

605 5148 744 5201 sium
797 5140 1085 5212 quemdam
1148 5135 1523 5204 conspicatus,
1578 5144 1799 5184 manum
1855 5130 2178 5196 exporrigit,

603 5241 999 5303 cieemosyuam
1047 5229 1252 5284 scilicet
1300 5225 1509 5281 homini
1559 5223 1808 5278 daturus.
1866 5221 2057 5288 Itaque
2110 5222 2179 5273 ab

603 5329 725 5385 aliis
754 5327 802 5382 ei
828 5324 1057 5387 ceditur,
1084 5332 1145 5375 ut
1178 5320 1334 5373 adire
1381 5318 1594 5371 bassam
1633 5322 1853 5383 posset:
1888 5314 1954 5364 aal
2014 5326 2176 5379 quem

606 5420 697 5473 ubi
718 5416 938 5487 propius
966 5411 1316 5471 accessisset,
1368 5409 1533 5461 sicam
1574 5420 1605 5457 e
1658 5406 1781 5457 sinu
1847 5404 2075 5470 profert,
2126 5410 2180 5455 et

608 5529 668 5566 ea
700 5511 750 5564 vi
780 5505 1127 5562 hlecltentctis
1157 5507 1209 5557 in
1237 5512 1424 5571 pectus
1480 5496 1665 5566 adigit,
1704 5506 1759 5547 tll
1791 5495 1940 5547 illico
1983 5494 2178 5549 ie.hale

606 5604 806 5658 vulnus
830 5601 1121 5669 acciperet,
1151 5610 1260 5665 quo
1278 5591 1618 5659 exspiravit:
1680 5589 1796 5654 ipso
1848 5601 1968 5641 mox
2012 5588 2177 5641 etiam

612 5694 850 5752 dervisio
898 5693 964 5744 ab
1041 5689 1349 5744 astantibus
1414 5701 1469 5739 tn
1525 5691 1697 5737 trusta
1761 5680 2002 5734 conciso.
2046 5676 2183 5731 Vide

609 5801 772 5857 quam
801 5800 828 5836 a
858 5783 1239 5837 dccessoribus
1259 5779 1373 5835 suis
1406 5775 1657 5831 homines
1721 5771 1972 5827 scelerati
2044 5784 2181 5825 neco

612 5884 743 5936 dum
776 5874 1179 5945 degenerariut.

2274 4688 2519 4742 officium
2553 4685 2635 4740 vel
2665 4683 2898 4738 mutuati
2930 4693 3056 4736 sunt
3085 4682 3153 4736 ab
3195 4682 3462 4750 Agarenis
3513 4681 3711 4742 (:rmci.
3757 4679 3839 4733 vel

2278 4797 2306 4833 a
2337 4780 2540 4835 Cra-cis
2596 4776 2831 4844 Agat-cui
2896 4782 3248 4843 acceperunt,
3287 4781 3339 4827 et
3375 4774 3515 4827 idem
3549 4781 3635 4828 est
3698 4772 3841 4827 haud

2278 4872 2441 4924 dubie
2465 4884 2586 4922 cum
2621 4867 2948 4921 Zausiorum
2979 4865 3159 4920 bassa.
3203 4864 3473 4919 Numerus
3522 4863 3840 4919 ZausiOrum

2278 4962 2391 5017 fere
2422 4974 2563 5014 nunc
2596 4960 2735 5029 apud
2760 4956 3088 5013 Osmauidas
3108 4957 3173 5009 ad
3230 4958 3604 5023 septingentos
3661 4971 3845 5009 excrc-

2283 5034 2698 5117 vit.‘Pusdigani
2726 5050 2961 5119 denique
2993 5063 3190 5103 nomen
3219 5046 3579 5116 Agarenicunt
3620 5046 3841 5111 retinui,

2284 5146 2423 5201 sicut
2446 5155 2500 5199 et
2528 5143 2785 5213 superius
2818 5142 2873 5195 in
2911 5141 3223 5195 narratione
3254 5140 3320 5194 de
3344 5149 3498 5209 capta
3529 5138 3842 5194 Constanti-

2284 5235 2791 5305 nopoli,quoclava
2851 5249 3098 5289 massave
3162 5233 3362 5297 ferrea,
3404 5230 3598 5285 Turcis
3649 5231 3843 5284 usitata

2286 5329 2641 5396 signiﬁcatur.
2673 5327 2843 5383 Graeci
2872 5326 3204 5380 recentiores
3225 5325 3360 5378 hanc
3408 5336 3591 5377 vocem
3653 5335 3844 5375 usuce-

2287 5429 2500 5489 perunt,
2563 5433 2624 5473 ac
2678 5432 2831 5472 suam
2896 5414 3218 5471 reddidere:
3260 5430 3381 5469 cum
3426 5412 3554 5469 olim
3613 5409 3847 5483 κορύνην

2289 5512 2470 5565 dicere
2495 5511 2638 5566 soliti
2667 5507 2891 5565 fuerint.
