4204 6300
354 373 462 438 8&9

1489 389 1890 454 PANDEtI'l‘E
1925 395 2125 456 lllS'l‘.
2158 395 2471 458 TURCIC.

3525 404 3643 468 850

356 496 482 592 1739.
523 494 711 552 Clades
754 501 1134 592 IUn‘garortrtu;
1164 509 1466 592 abducam
1503 515 1614 592 riga
1666 532 1940 592 cistarum,
1972 521 2017 578 Α
2044 531 2209 586 quam
2244 517 2398 570 illum
2429 517 2710 586 signorum
2769 520 3113 592 militumque
3163 534 3474 585 numerum,
3533 520 3637 586 qui

427 564 785 643 Frqngenani,
812 564 1070 643 Ᾰθαιανὶἱ,
1093 577 1248 634 Turci
1271 564 1480 638 Crateros
1505 564 1790 638 iitjittttil't‘t';

425 641 560 726 t'nti;
595 653 798 726 sceptra
837 641 982 726 uite“
1002 649 1181 726 baculi
1236 654 1561 726 Graecorum,
1625 656 1936 726 Druncarii,

427 707 646 773 Dranci,
693 712 906 784 Bantia,
941 716 1296 790 Bandopftori.

423 849 651 920 Jacupis
687 853 814 925 Agre
840 871 1040 912 nomen
1067 859 1121 912 in
1164 859 1391 917 historia
1443 863 1676 921 Bonﬁnil
1723 867 1937 926 deside-

360 952 535 997 ratur.
573 943 732 998 Jovio
760 944 969 1002 Cadum
1028 949 1188 1005 bassa
1237 953 1461 1009 dicitur.
1528 957 1669 1012 Idem
1738 975 1936 1017 nomen

358 1037 905 1113 tiabetWolfgangus
941 1043 1251 1100 Dreslerus.
1295 1046 1493 1102 Verum
1560 1049 1661 1106 ltoc
1713 1051 1761 1107 ei
1825 1068 1935 1109 non

353 1142 479 1184 erat
510 1135 812 1201 proprium,
843 1136 936 1191 sed
973 1140 1040 1191 ab
1088 1141 1373 1198 accidente
1419 1144 1674 1212 inditum,
1736 1149 1939 1217 quippe

353 1223 605 1280 Cliadum
640 1229 721 1281 vel
751 1226 957 1284 lladum
983 1231 1256 1301 signiﬁcat
1282 1237 1578 1302 eviratum,
1624 1241 1712 1295 cui
1767 1251 1938 1300 testes

351 1317 562 1373 scilicet
617 1322 842 1376 exsccti.
906 1322 1044 1378 lluic
1121 1324 1466 1395 Ungarorum
1517 1331 1657 1386 cladi
1714 1349 1937 1391 causam

351 1411 583 1479 pra-ltuit
607 1409 848 1469 Joannes
878 1414 1286 1486 Frangepanus,
1321 1437 1386 1475 ex
1424 1422 1631 1479 illustri
1655 1435 1709 1481 et
1753 1426 1939 1484 Bonna

353 1503 638 1570 quondam
715 1505 861 1558 clara
936 1505 1424 1580 Frangepanorum
1482 1514 1688 1571 familia
1753 1528 1937 1584 natus,

352 1593 646 1659 quibusin
703 1597 983 1653 Croatiam
1039 1599 1472 1672 Dalmatiamque
1527 1610 1937 1679 cntnmigranti-

353 1684 457 1740 bus
491 1687 676 1742 datum
708 1689 813 1745 hoc
869 1699 989 1746 erat
1017 1692 1088 1748 ab
1149 1695 1344 1751 incolis
1390 1712 1612 1764 nomen,
1671 1711 1729 1756 ut
1761 1703 1938 1761 Franc

351 1776 486 1834 Pani
513 1780 856 1851 dicerentur,
885 1785 991 1840 boc
1024 1795 1131 1847 est.
1166 1788 1372 1844 domini
1400 1790 1621 1848 Franci.
1653 1792 1937 1852 Defecerat

2045 607 2112 661 ad
2139 609 2586 664 constituendum
2659 611 3024 683 regimentutn
3089 612 3414 682 requiritur.
3474 611 3626 664 Ideo-

2039 716 2148 770 que
2181 701 2430 757 Druncus
2466 713 2550 757 est
2583 704 2946 772 rcgimcntum
2980 706 3236 771 militum,
3275 703 3438 773 cujus
3461 711 3628 771 caput

2039 803 2125 849 est
2163 793 2523 862 Druncarius,
2579 797 2715 852 olim
2774 797 3075 862 Tribunus,
3123 811 3268 852 nunc
3316 795 3630 852 Colonellus

2039 897 2134 940 aut
2174 887 2460 958 regimenti
2493 889 2812 959 praefectus.
2863 889 3216 944 Conveniunt
3269 901 3324 944 ct
3373 889 3478 944 alia
3527 889 3630 941 tui-

2041 977 2170 1032 Iitlae
2198 988 2402 1031 nostra:
2431 994 2555 1032 cum
2611 979 2721 1034 illis
2774 995 2896 1050 qua:
2937 980 3047 1034 Leo
3087 979 3256 1034 tradit
3305 979 3628 1048 imperator.

2044 1067 2270 1123 Vandon
2295 1069 2536 1139 appellat
2569 1071 2788 1138 signum
2824 1075 3070 1144 equitum
3123 1073 3206 1126 vel
3265 1072 3536 1141 peditum,
3571 1085 3631 1129 ut

2041 1160 2218 1216 nostri
2263 1161 2448 1217 Vanen
2495 1169 2549 1216 et
2610 1162 2873 1226 Vandlin,
2952 1172 3044 1216 aut
3081 1162 3328 1216 Vaendlin
3362 1176 3376 1214 :
3413 1159 3632 1216 Vando-

2041 1251 2277 1320 phoron,
2305 1251 2399 1322 qui
2429 1251 2694 1307 vexillum
2753 1251 2929 1308 Vandi
2962 1262 3167 1324 gestat,
3205 1263 3260 1308 et
3299 1255 3502 1308 nostris
3543 1263 3632 1309 cst

2042 1341 2342 1399 Vandrieh.
2367 1345 2555 1410 Addit,
2580 1346 2832 1402 Vandum
2877 1359 3147 1404 constare
3165 1347 3450 1418 {militibus
3497 1346 3627 1410 300.

2039 1445 2134 1488 aut
2163 1436 2344 1490 Saltim
2405 1454 2512 1491 non
2549 1439 2937 1506 paucioribus,
2992 1455 3155 1507 quam
3208 1439 3335 1506 200,
3369 1454 3466 1495 nec
3513 1440 3631 1508 plu-

2041 1527 2216 1592 ribus,
2247 1545 2411 1597 quam
2438 1529 2566 1584 400.
2601 1531 2691 1584 Sic
2721 1542 2773 1584 et
2805 1530 3087 1586 Druneutn
3118 1532 3233 1587 sive
3254 1532 3618 1602 rcgimentum

2041 1622 2249 1675 habere
2283 1625 2394 1676 vult
2417 1640 2524 1677 non
2577 1625 2872 1692 pauciores
2904 1623 3073 1688 mille,
3108 1640 3216 1677 non
3237 1624 3421 1693 plures
3449 1623 3634 1678 tribus

2041 1712 2305 1767 millibus.
2348 1712 2684 1769 Caeterorum
2720 1716 2867 1785 apud
2914 1714 3157 1771 Leonem
3221 1716 3442 1771 collatio
3501 1730 3634 1770 cum

2043 1804 2270 1866 nostris,
2296 1806 2528 1860 alterius
2559 1805 2664 1861 loci
2687 1805 2874 1872 fuerit,
2913 1821 2978 1861 ac
3013 1805 3342 1862 fortassisin
3384 1807 3489 1860 hoc
3535 1821 3628 1875 ge-

348 1883 531 1927 autetn
560 1874 950 1945 Frangepanus
987 1889 1113 1949 post
1139 1879 1382 1938 Matthiae
1442 1887 1588 1956 regis
1615 1889 1851 1953 obitum,
1901 1906 1931 1946 a
1963 1897 2008 1954 Β
2037 1913 2167 1954 nere
2193 1899 2443 1954 nonnihil
2484 1900 2778 1970 aliquando
2831 1899 3126 1956 molientur
3154 1939 3169 1964 ,
3200 1915 3325 1954 cum
3383 1900 3620 1969 aliquam

347 1979 475 2033 rege
501 1965 775 2022 Vtadistao
805 1979 860 2024 et
887 1971 1026 2026 duce
1085 1971 1299 2030 Joanne
1375 1976 1636 2047 Corvino,
1689 1982 1931 2039 ttatthite

346 2057 495 2126 regis
528 2059 641 2114 ﬁlio
669 2063 858 2127 notbo,
879 2067 972 2133 qui
1005 2067 1074 2121 ad
1101 2066 1334 2124 Jaitzam
1374 2069 1557 2128 Battus
1595 2091 1785 2129 earum
1846 2091 1933 2132 re-

345 2150 572 2216 gionum
609 2164 747 2209 erat.
781 2156 1025 2228 Cumque
1061 2161 1115 2216 in
1146 2176 1274 2217 arcc
1327 2164 1519 2222 Brevia
1549 2184 1648 2225 ceu
1711 2171 1930 2228 rebellis

345 2241 720 2310 obsideretur,
751 2251 986 2315 proximi
1021 2251 1200 2309 bassai
1219 2259 1488 2315 auxilium
1514 2261 1924 2332 imploraverat.

343 2331 634 2402 Ingressus
652 2350 738 2394 est
761 2337 1016 2412 Ungaria
1054 2344 1188 2401 lines
1211 2345 1444 2419 Jacupes
1468 2367 1566 2422 aga
1596 2331 1601 2332 ί
1625 2369 1751 2410 cum
1799 2368 1928 2413 octo

346 2428 431 2480 vel
469 2445 665 2484 novem
695 2434 937 2490 millibus
967 2439 1234 2506 equitum,
1269 2443 1345 2496 ttti
1367 2441 1646 2500 Bonlinins
1678 2449 1921 2518 scripsit.

343 2517 582 2586 Agarum
616 2525 699 2578 vel
738 2524 1122 2594 Agalariorum
1188 2548 1388 2586 nomen
1437 2537 1579 2604 apud
1611 2517 1838 2606 ,Turcos
1894 2558 1921 2595 a

345 2609 548 2665 baculo
577 2614 874 2675 deductum
918 2631 1019 2686 est,
1081 2623 1173 2690 qui
1200 2625 1411 2681 scilicet
1454 2632 1808 2698 magistratus
1843 2645 1925 2690 est

342 2709 692 2778 symbolum,
728 2713 872 2769 sicut
937 2717 1102 2770 etiam
1165 2731 1291 2774 ante
1348 2720 1556 2777 Taureos
1607 2726 1921 2781 Grmcorum

345 2805 741 2869 imperatorum
823 2808 1088 2864 ofﬁciales
1155 2827 1260 2866 sua
1322 2815 1570 2882 quaedam
1635 2820 1922 2888 gestabant

337 2903 576 2963 sceptra,
604 2913 728 2968 qua!
757 2901 886 2954 uiltil
936 2913 1094 2957 erant
1144 2907 1292 2961 aliud
1354 2926 1518 2979 quam
1583 2912 1782 2968 baculi.
1853 2917 1921 2971 Et

342 2988 566 3054 quidem
604 2991 658 3045 in
708 3009 860 3050 more
909 2998 1117 3055 Graecis
1163 3010 1305 3064 erat,
1360 3014 1418 3056 ut
1476 3006 1689 3072 quoties
1745 3023 1918 3066 novus

345 3080 497 3134 ﬁeret
527 3082 848 3152 imperator,
879 3104 1073 3146 onmes
1107 3093 1371 3149 ofﬁciales
1403 3107 1616 3166 scirptra
1669 3115 1766 3155 seu
1823 3103 1916 3157 ba-

341 3174 499 3230 culos
525 3192 656 3233 suos
676 3177 1032 3249 deponerent,
1070 3199 1171 3240 nec
1206 3189 1309 3242 utsi
1354 3187 1581 3256 iubente
1613 3210 1753 3249 novo
1815 3198 1913 3249 im-

342 3273 596 3331 peratore
629 3281 974 3326 resumerent
1011 3274 1062 3326 in
1121 3252 1497 3348 manuszvquo
1552 3284 1656 3336 ritu
1706 3284 1914 3354 sigttiﬁ-
1943 3252 1987 3314 ϐ

341 3355 594 3420 cabatur,
641 3378 734 3414 eos
777 3363 830 3417 in
879 3363 1080 3420 ofﬁciis
1113 3370 1232 3425 suis
1273 3373 1341 3426 ab
1402 3373 1523 3442 ipso
1577 3376 1912 3434 conﬁrmari.

342 3446 601 3503 Meminit
649 3452 772 3521 ejus
821 3458 993 3513 moris
1043 3464 1277 3529 antiqui,
1333 3463 1621 3536 Symeonis
1668 3473 1914 3539 magistri

337 3536 649 3596 ofﬁciorum
675 3543 911 3600 Historia
939 3554 1333 3623 manuscripta,
1356 3556 1513 3626 cujus
1545 3560 1710 3616 verba
1756 3536 1917 3633 repe-

340 3630 450 3684 ries
474 3632 652 3700 capite
688 3634 810 3698 199,
836 3637 1207 3695 meminerunt
1231 3651 1282 3697 et
1319 3647 1412 3700 alii
1441 3649 1662 3715 quidam
1693 3669 1706 3704 :
1759 3630 1915 3723 isque

341 3738 487 3777 nunc
508 3727 670 3781 etiam
695 3729 959 3784 retinetur
981 3747 1008 3785 a
1027 3731 1245 3800 Turcis,
1276 3753 1414 3807 quos
1443 3741 1750 3799 imitatores
1781 3728 1909 3804 esse

337 3811 677 3885 Graecorum,
708 3824 1005 3887 praesertim
1052 3825 1107 3879 in
1144 3829 1310 3884 rebus
1333 3831 1400 3883 ad
1433 3832 1648 3903 imperii
1676 3836 1908 3895 formam

340 3905 588 3977 ritusque
623 3913 867 3978 publicos
929 3924 1327 3991 spectantibus,
1372 3926 1484 3996 jam
1534 3947 1913 3998 smpenumero

336 3999 598 4055 diximus.
630 4002 958 4074 Quanquam
985 4011 1079 4065 alii
1111 4027 1325 4083 putant,
1364 4021 1433 4071 ab
1483 4021 1616 4089 ipsis
1651 4019 1911 4096 pleraque

335 4091 578 4159 profecta
620 4093 952 4153 Saracenis:
1008 4104 1099 4170 qui
1128 4117 1249 4174 post
1299 4091 1665 4167 defectionem
1720 4131 1748 4170 a
1805 4091 1910 4172 llo—

335 4186 535 4252 tnanis,
602 4203 794 4244 eorum
853 4193 1210 4253 nihilominus
1281 4213 1386 4256 tam
1448 4207 1690 4273 civilem,
1745 4228 1907 4280 quam

335 4276 629 4332 militarem
661 4280 878 4351 imperii
906 4289 1361 4355 gubernationem
1409 4295 1617 4354 fuerint
1645 4276 1907 4362 :ennilati.

333 4365 424 4421 Sic
466 4369 630 4438 igitur
652 4380 706 4426 ct
736 4375 978 4444 Agalarii
1029 4382 1160 4438 tlieti
1195 4395 1322 4441 sunt
1350 4391 1419 4444 ab
1445 4405 1567 4460 aga.
1599 4397 1744 4465 quod
1810 4400 1909 4453 ba-

334 4460 518 4550 cu'uzn
557 4462 847 4530 signiﬁcat.
924 4471 1186 4545 Adeoque
1250 4482 1474 4550 prepins
1510 4495 1572 4538 ut
1617 4460 1905 4546 ostendam

2037 2005 2146 2045 non
2194 1990 2437 2060 antiqua:
2512 1991 2785 2047 duntaxat
2831 1993 3045 2048 militia:
3099 1993 3378 2055 notitiam,
3429 2010 3622 2049 verum

2033 2080 2202 2136 etiam
2230 2081 2517 2150 praesentis
2553 2097 2712 2138 usum
2775 2085 3020 2140 assecuti
3068 2084 3378 2139 videamur.
3425 2084 3619 2140 Itidem

2032 2174 2100 2228 de
2132 2173 2296 2243 Viglte
2320 2175 2572 2246 Stotiqne
2597 2175 2811 2247 magnis
2862 2175 3182 2232 Druncariis
3233 2177 3391 2231 alibi.
3443 2176 3621 2232 Pluri-

2035 2281 2184 2320 mum
2211 2277 2360 2323 certe
2388 2266 2595 2322 faciunt
2623 2268 2738 2324 haec
2766 2269 2834 2322 ad
2879 2269 3242 2325 illustraudas
3302 2269 3618 2326 Graecorum

2029 2359 2368 2414 recentiores
2393 2359 2674 2416 historias.
2715 2360 2796 2415 Ad
2862 2361 3302 2417 Druncariorum
3355 2378 3486 2432 ergo
3543 2365 3620 2418 si-

2029 2451 2388 2506 militudinem
2423 2451 2616 2508 Turcis
2665 2462 2794 2507 sunt
2842 2454 3084 2522 Agalari,
3148 2455 3305 2508 velut.
3357 2453 3612 2522 Tribuni,

2030 2553 2156 2611 puta
2187 2545 2420 2599 Genizar
2446 2561 2569 2615 aga,
2609 2545 2884 2615 Capizilar
2946 2561 3071 2617 aga,
3131 2546 3443 2615 Spaltoglan
3490 2562 3610 2618 aga,

2029 2634 2293 2689 Siliehtar
2355 2637 2604 2706 agazde
2664 2637 2867 2707 quibus
2935 2637 3196 2693 omnibus
3259 2641 3613 2695 convenienti

2028 2723 2149 2779 loco
2176 2730 2522 2783 tractabitur.

2028 2841 2147 2897 174.
2179 2835 2314 2897 Batti
2359 2860 2636 2914 regnorum
2666 2847 2806 2914 apud
2853 2845 3110 2916 Ungaror,
3135 2846 3438 2916 Cltrobataz,
3473 2848 3611 2905 Clio-

2452 2927 2640 2984 ruata',
2677 2917 2912 2972 Diremit
2938 2917 3073 2973 Ban.

2094 3003 2455 3063 Promisimus
2487 3024 2654 3079 supra
2705 3012 2884 3080 capite
2949 3012 3354 3083 septuagesimo
3406 3013 3606 3082 primo,

2021 3113 2124 3152 nos
2146 3098 2214 3152 de
2244 3098 2412 3156 Banis
2444 3110 2500 3154 ct
2523 3100 2825 3157 Banatibus
2867 3105 2918 3157 in
2953 3104 3138 3175 regnis
3185 3105 3438 3175 Ungariae
3504 3107 3603 3160 ad-

2013 3190 2222 3258 junctis
2249 3192 2718 3262 aliquitldictttros
2740 3195 2974 3263 plenius.
3030 3197 3085 3251 ld
3158 3196 3328 3269 igitur
3385 3208 3444 3252 ut
3500 3199 3607 3255 hoc

2019 3293 2265 3351 praestem
2303 3286 2440 3351 loco,
2480 3302 2589 3355 quo
2620 3287 2752 3340 Baui
2789 3287 3046 3358 ngarici
3091 3291 3296 3346 mentio
3355 3289 3444 3356 ﬁt,
3471 3291 3599 3346 dico

2019 3375 2228 3431 Danum
2263 3379 2404 3448 apud
2450 3378 2702 3449 Ungaros
2725 3381 2928 3443 vocari,
2984 3398 3092 3436 nun
3149 3382 3599 3452 gubernatorem,

2016 3469 2098 3521 vel
2133 3472 2590 3524 locutntencnte'n
2659 3472 3062 3543 (τοποτηρητὴν
3094 3472 3322 3536 Graecis,
3354 3486 3406 3528 et
3431 3476 3597 3545 ἐξαρ-

2016 3579 2130 3632 χον,
2161 3563 2305 3617 unde
2327 3579 2527 3618 nomen
2560 3566 2924 3619 crarcltornm
2961 3568 3130 3621 ltali._e
3165 3567 3597 3638 Ravennatiutn)

2014 3655 2130 3710 sive
2166 3657 2421 3709 vicarium
2464 3657 2606 3725 regis
2653 3658 2706 3712 in
2743 3659 2861 3727 ipsa
2919 3659 3177 3729 Ungaria,
3219 3662 3311 3716 sed
3367 3661 3600 3730 alicujus

2016 3747 2082 3799 ad
2123 3744 2372 3814 Ungariaa
2402 3747 2547 3814 juris
2577 3749 2876 3816 spectantis
2905 3750 3055 3818 regni
3116 3749 3424 3818 praesidem.
3459 3751 3590 3804 Per-

2017 3837 2193 3891 tinent
2225 3852 2353 3892 vero
2380 3841 2574 3907 partim
2609 3839 2933 3908 antiquitus,
2966 3844 3163 3910 partim
3235 3844 3397 3895 etiam
3431 3860 3599 3908 nunc,

2017 3930 2129 3982 Ita-c
2158 3929 2223 3982 atl
2262 3928 2558 3998 Ungariam
2585 3945 2754 3999 regna
2785 3950 2798 3984 :
2834 3931 3123 3996 Dalmatia,
3143 3931 3385 3998 Crnatia,
3411 3933 3591 3989 Slavo-

2016 4021 2185 4090 nia(id
2218 4029 2322 4084 cst,
2350 4019 2883 4090 lllyricnm),f|tamia
2906 4020 2989 4074 vel
3016 4021 3186 4076 [tanta
3216 4024 3348 4091 (quo
3371 4026 3594 4078 nomine

2015 4113 2067 4165 in
2129 4110 2469 4182 Ungarorunt
2528 4128 2715 4180 regum
2758 4113 2930 4168 titulis
2991 4114 3312 4185 intelligitur
3370 4115 3596 4183 llnzina)

2017 4201 2225 4268 Set-via,
2270 4204 2491 4258 Gallicia
2544 4204 2660 4259 sive
2705 4202 3348 4272 Valacltia,Lodonteria,
3394 4206 3596 4261 Coma-

2013 4296 2125 4359 nia,
2159 4295 2430 4365 Bulgaria.
2450 4296 2650 4352 Praeter
2682 4298 2781 4353 bos
2802 4297 3000 4368 Banos,
3023 4299 3244 4353 mentio»
3265 4299 3322 4353 ﬁt
3352 4300 3402 4354 in
3429 4301 3602 4354 histo-

2015 4389 2109 4445 riis
2138 4388 2460 4452 Banatnum,
2487 4390 2910 4454 Macltovicnsis,
2926 4401 2980 4445 ct
3013 4392 3597 4464 ZeVBt‘lllCllSi5,(SUt‘-

2015 4484 2190 4538 riuum
2243 4486 2354 4556 jam
2411 4485 2573 4552 vulgo
2611 4495 2804 4539 vocant
2837 4484 2891 4540 in
2928 4483 3288 4556 Transalpina
3335 4485 3594 4542 Valacltia

337 4549 756 4612 similitudinem
820 4561 1122 4620 oﬁiciorum
1203 4573 1386 4634 palatii
1443 4586 1609 4646 atque
1694 4581 1906 4650 imperii

2028 4585 2238 4646 propter
2279 4577 2606 4643 Danubium,
2643 4593 2671 4631 a
2700 4578 2906 4633 Severo
2961 4578 3212 4647 Augusto
3263 4580 3590 4634 aediﬁcatum

336 4640 534 4708 Graeci,
563 4662 685 4701 cum
719 4650 915 4708 oﬁiciis
969 4673 1139 4726 portae
1199 4661 1546 4731 Osmanicaz,
1571 4669 1717 4736 dico,
1776 4674 1914 4729 Tur-

335 4737 416 4789 cis
439 4739 721 4804 Agalarios
769 4759 892 4799 esse
941 4765 1038 4803 sua
1074 4753 1287 4818 lingua,
1350 4759 1443 4826 qui
1504 4758 1705 4816 Cra-cis
1756 4779 1914 4820 erant

334 4826 413 4875 vel
441 4826 856 4900 Drungarii,vel
894 4838 1180 4898 Drnnearti
1238 4851 1447 4916 potius.
1491 4851 1599 4908 Eos
1646 4855 1754 4911 Leo
1814 4863 1912 4914 Sa-

332 4916 790 5013 piens-Augustus
831 4927 884 4981 in
916 4930 1058 4985 libro
1107 4950 1209 4989 suo
1240 4938 1404 5011 565
1445 4942 1516 4997 De
1565 4949 1910 5013 apparatibus

328 5003 534 5062 bellicis
567 5011 696 5066 olim
729 5013 911 5072 dictos
939 5020 1107 5078 tuisse
1147 5003 1730 5096 traditvtibiliarcltos.
1762 5042 1909 5107 quod

329 5105 597 5162 militibus
647 5110 794 5166 mille
827 5126 1168 5185 praeessent;
1203 5133 1256 5175 et
1313 5123 1616 5196 Druncunt,
1670 5131 1909 5189 Cltiliar-

329 5202 512 5255 etiam.
575 5200 757 5259 Latini
828 5205 1175 5267 Cluiliarcltos
1220 5225 1420 5271 vocant
1486 5222 1756 5288 tribunos,
1813 5228 1905 5296 qui

327 5309 478 5348 nunc
508 5295 775 5353 Colonelli
807 5309 955 5355 sunt.
988 5303 1266 5360 Druncum
1310 5310 1411 5378 (sic
1450 5316 1594 5370 enim
1664 5295 1906 5386 pronun-

325 5387 499 5442 tiabat
521 5393 848 5461 Zygonialas
888 5403 943 5448 et
1000 5395 1365 5457 Druncarium
1397 5445 1412 5467 ,
1441 5422 1547 5461 non
1600 5410 1904 5482 Drungum,

324 5481 412 5534 vel
447 5480 840 5553 Druugarium,
862 5490 1004 5556 quod
1038 5492 1198 5561 vulgo
1244 5495 1357 5549 ﬁeri
1394 5499 1556 5560 solet)
1611 5503 1690 5557 sic
1721 5480 1904 5573 appcl¥

323 5571 497 5624 latum
528 5575 765 5630 arbitror
792 5593 817 5628 a
845 5588 1066 5642 trunco,
1098 5584 1215 5638 sive
1242 5586 1460 5652 baculo,
1500 5592 1614 5646 sive
1640 5571 1897 5663 sceptro;

321 5665 790 5730 quemadmodum
861 5670 1132 5740 ltolieque
1194 5679 1552 5747 regimentum
1637 5701 1900 5745 vocamus

321 5764 434 5807 tam
483 5757 652 5818 ipsius
697 5759 927 5814 Ttibtttti
986 5763 1238 5820 baculum
1293 5771 1476 5837 (\‘llt‘tlt
1537 5775 1721 5829 tlixrte
1770 5787 1898 5844 puto

321 5845 606 5918 Romani),
646 5866 810 5919 quem
880 5869 977 5910 ceu
1015 5859 1370 5927 magistratus
1437 5865 1645 5935 insigne
1695 5879 1890 5939 gestat,

2017 4669 2303 4740 oppidum)
2329 4683 2381 4725 et
2412 4671 2635 4736 Ertlclii,
2689 4670 2938 4724 Turcicis
3011 4673 3064 4725 in
3121 4672 3408 4738 historiis;
3469 4688 3592 4742 qua:

2014 4761 2274 4816 Joannem
2303 4765 2368 4817 de
2408 4762 2651 4833 Zapolia,
2718 4765 2974 4818 comitem
3013 4764 3410 4832 Cepisicnscm,
3436 4768 3589 4836 regni

2018 4863 2419 4922 usurpatorem.
2457 4865 2510 4908 et
2544 4855 2729 4922 patria:
2766 4856 3002 4923 pestem,
3038 4855 3183 4909 Ertel
3240 4856 3352 4910 Ban
3408 4859 3593 4924 appel-

2017 4947 2129 4999 lnnt
2157 4964 2169 4999 :
2193 4946 2318 4999 licet
2347 4963 2375 4998 a
2402 4947 2602 5001 nostris
2623 4946 2819 4999 Ertlclii
2853 4946 2967 4999 sive
2998 4943 3442 5016 Transsylvaniae
3467 4947 3590 4999 Vai-

2016 5038 2150 5091 voda
2201 5037 2582 5091 tantummodo
2639 5037 3046 5091 nominaretur.
3101 5035 3321 5105 lpsimet
3387 5035 3589 5105 Ungari

2012 5130 2220 5184 Banum
2250 5146 2345 5185 seu
2406 5128 2644 5185 Wanum
2707 5143 2905 5183 vocare
2952 5144 3011 5182 se
3056 5129 3249 5183 dicunt
3297 5144 3444 5189 eum,
3494 5129 3587 5198 qui

2013 5225 2210 5279 vexillo
2235 5225 2360 5279 aliis
2413 5225 2592 5294 prmit.
2621 5223 2779 5278 Unde
2809 5231 2985 5293 paret,
3009 5223 3426 5277 discrimenltoc
3447 5222 3589 5276 inter

2010 5313 2433 5383 gubernatorem
2465 5324 2520 5367 et
2548 5313 2757 5368 Battum
2791 5329 2938 5378 esse,
2969 5313 3116 5382 quod
3152 5314 3224 5365 illi
3253 5321 3362 5366 tam
3423 5328 3581 5382 pace.

2005 5423 2169 5477 quam
2196 5407 2354 5474 bello,
2387 5422 2515 5461 cura
2546 5408 2694 5478 regni
2716 5406 3234 5473 omnisincumbat;
3264 5405 3351 5459 hic
3369 5405 3583 5459 bellicis

2007 5510 2218 5555 tantum
2253 5502 2485 5571 negotiis
2506 5499 2902 5570 prazsithsum
2934 5501 3096 5553 etiam
3128 5515 3322 5554 nomen
3343 5515 3370 5550 a
3394 5498 3581 5550 Bando

2009 5595 2214 5648 factum
2254 5597 2607 5664 perspicitur,
2651 5594 2796 5662 quod
2831 5592 2994 5660 regiis
3021 5592 3263 5661 ipsotum
3296 5593 3572 5643 constitu-

2003 5686 2245 5740 tionibus
2271 5686 2475 5740 dicitur
2504 5686 2830 5739 Banderiutn
2869 5705 2882 5739 :
2913 5695 3108 5755 estque
3165 5684 3343 5736 Battus
3371 5682 3578 5735 Grmcis

2002 5778 2349 5843 Flatnularis,
2383 5780 2795 5849 φλαμουλὰρης,
2833 5779 3149 5845 Sanzacbcg
3173 5791 3267 5829 sou
3316 5776 3576 5827 Flambu-

2002 5871 2104 5935 lar,
2140 5869 2625 5927 Turcis.l\‘unead
2664 5870 2885 5926 attnalcs
2932 5884 2986 5924 ut
3041 5870 3348 5931 redeamus,
3408 5885 3569 5937 quem
