4204 6300
567 357 669 423 851

1777 354 2108 419 JOANNIS
2141 357 2611 423 LEUNCLAVII

3739 353 3842 417 852

566 469 657 525 hic
689 467 1024 540 Ungaricum
1067 464 1276 522 Banum
1301 465 1626 537 generaliter
1663 469 1962 537 appellant,
2015 467 2147 521 Bon-
2180 475 2227 534 Α
2257 469 2488 540 Agareni
2526 466 2937 535 et,Osmanida:,
2998 473 3059 520 ut
3099 465 3154 520 in
3211 462 3376 520 rebus
3427 465 3492 518 ad
3553 463 3839 532 imperium

569 561 740 614 (initis
767 559 1007 613 Oroatia:
1049 557 1435 613 tantummodo
1460 555 1672 612 Banum
1732 558 1902 613 fuisse
1959 559 2152 624 tradit,

569 653 724 722 regni
752 650 1008 706 videlicet
1039 648 1293 720 Ungarise
1317 665 1488 716 regno
1517 649 1790 719 adjuncti.
1820 651 2152 704 Croatarum

569 760 703 800 vero
733 759 930 800 nomen
967 742 1244 812 hodieque
1274 743 1654 798 notissimum.
1688 742 1838 800 Gens
1866 755 1949 797 est
1985 743 2160 813 perti-

571 854 677 893 nax
703 839 756 891 in
790 836 1071 892 retinenda
1107 837 1368 904 religione
1385 851 1481 890 sua
1505 835 1838 892 Christiana.
1862 835 2159 907 Propterea

576 929 775 986 Turcis
803 943 925 985 esse
948 928 1164 985 subdita
1183 943 1307 984 cum
1331 928 1452 998 ejus
1479 926 1792 983 amittenda
1810 929 2056 997 periculo
2079 945 2164 984 re-

576 1035 801 1088 rusans,
823 1021 890 1075 ad
912 1018 1126 1076 vicinos
1146 1021 1368 1090 migrat,
1385 1035 1746 1091 magnamque
1767 1037 1912 1077 nunc
1927 1022 2162 1076 Anstriae

571 1113 932 1180 “oravitque
966 1122 1197 1180 partem,
1227 1114 1373 1182 agris
1411 1113 1656 1167 colendis
1685 1111 1869 1167 dedita
1903 1114 2161 1183 complet-

573 1204 849 1262 Cedrinus
878 1203 931 1258 in
965 1202 1167 1260 Basilio
1200 1203 1947 1274 Bnlgaroctono,Chorvatas
1983 1204 2162 1276 appel-

574 1297 694 1354 lans
729 1315 742 1352 :
779 1295 1025 1351 Finitimi
1073 1307 1224 1363 sunt,
1253 1296 1454 1366 inquit,
1488 1295 1742 1366 Bulgaria
1764 1295 2162 1350 Chorvatztrnm

574 1387 783 1458 populi,
810 1387 953 1458 quod
1012 1402 1209 1442 nomen
1262 1387 1528 1450 Ghorvat,
1557 1386 1641 1440 vel
1698 1386 1921 1450 llorvat,
1954 1385 2165 1454 aspira-

578 1482 729 1536 tione
761 1481 909 1547 fortl,
939 1496 1086 1534 nunc
1105 1481 1184 1536 eis
1210 1490 1297 1536 est
1329 1479 1495 1535 etiam
1520 1480 1577 1534 in
1602 1494 1728 1534 usu.
1758 1477 1952 1534 Caeteri
1990 1477 2165 1532 Graeci

577 1573 885 1630 Chrobatas
919 1574 1036 1629 sive
1062 1573 1368 1629 Chrovatas
1389 1574 1697 1628 nominant.
1721 1571 1786 1626 Et
1807 1571 2011 1628 alicubi
2035 1571 2137 1625 scri

581 1679 730 1738 ptum
765 1664 912 1738 apud
954 1667 1104 1738 ipsos
1125 1666 1306 1738 legere
1333 1667 1580 1732 memini,
1605 1664 1830 1721 Servios
1845 1674 1900 1721 et
1921 1663 2134 1721 Cltrovn

578 1772 666 1818 tas
697 1762 922 1817 eosdem
957 1776 1081 1818 esse
1113 1769 1364 1831 respectu
1395 1760 1653 1816 nimirum
1707 1758 1956 1829 ejusdem
2004 1758 2167 1827 origi-

578 1854 733 1910 niset
763 1851 962 1922 linguae
996 1852 1229 1907 Venedae
1255 1889 1270 1915 ,
1305 1864 1467 1921 quam
1499 1849 1553 1903 in
1584 1847 1789 1903 Serviis
1816 1846 2163 1902 demonstra-
2196 1835 2237 1893 Β

579 1949 759 2002 vimus
787 1946 962 2016 capite
990 1946 1269 2002 tricesimo
1296 1946 1514 2017 quinto.
1534 1942 1747 1998 Rursus
1773 1942 1838 1996 ab
1857 1938 2175 2014 Annalibus.

583 2042 669 2096 his
697 2041 878 2095 Bautis
920 2039 1233 2110 Ungaricus
1259 2041 1427 2094 etiam
1463 2036 1701 2092 Dirensil
1751 2034 1861 2090 Ban
1899 2033 2159 2090 nomina-

584 2145 694 2198 tur.
713 2133 878 2190 veluti
918 2132 1094 2189 Drenz
1118 2132 1220 2189 Gili
1253 2131 1386 2198 Ban,
1427 2130 1532 2186 hoc
1579 2139 1688 2195 est,
1746 2129 1990 2185 Drenzus
2010 2125 2163 2183 Gilia

582 2227 791 2283 Banus.
821 2227 1035 2299 Quippe
1086 2226 1480 2284 celeberrimus
1539 2223 1691 2279 Ciliae
1745 2222 2042 2279 comitatus
2092 2219 2160 2275 ad

582 2321 816 2378 Croatia:
847 2319 1111 2376 Banatum
1151 2320 1456 2390 antiquitus
1513 2315 1840 2388 pertinebat.
1868 2322 1924 2372 et
1978 2312 2157 2369 Bonfi-

581 2415 712 2469 nius
734 2424 996 2484 expresse
1027 2413 1194 2470 tradit
1223 2413 1442 2469 bassam
1479 2412 1610 2482 (quo
1644 2409 1870 2464 nomine
1898 2404 2161 2475 Jacupem

584 2523 741 2579 agam
770 2504 1047 2576 intelligit)
1082 2509 1318 2576 primum
1370 2503 1621 2558 omnium
1662 2501 1766 2556 hoc
1802 2499 1944 2558 bello
1998 2497 2164 2554 Cilia-

584 2614 716 2656 nntn
747 2616 938 2668 agrum
958 2599 1313 2670 papulatione
1333 2595 1696 2652 defui-messe.
1719 2593 1855 2650 Bani
1877 2591 2161 2664 proprium

585 2710 784 2749 nomen
813 2695 952 2764 apud
984 2709 1107 2749 eum
1130 2693 1348 2762 legitur.
1374 2691 1658 2746 Emericus
1690 2687 2032 2752 Drenzenns,
2055 2685 2166 2737 vir-

588 2789 671 2858 (ut
702 2787 818 2858 ipse
850 2785 1073 2853 fatetur)
1106 2799 1332 2840 summae
1362 2793 1472 2839 tam
1501 2783 1808 2845 industria-,
1842 2794 2007 2849 quam
2034 2793 2166 2831 con-

592 2882 700 2936 silii
735 2881 865 2943 :qni
899 2879 1162 2935 suffectus
1193 2879 1245 2931 in
1266 2879 1445 2932 locum
1473 2873 1702 2931 Joannis
1731 2872 1960 2930 Corvini
2007 2871 2163 2926 ducis

594 2988 624 3028 a
656 2971 930 3028 Vladislao
966 2986 1093 3042 rege
1122 2971 1320 3026 fuerat.
1351 2969 1574 3035 Habuit,
1614 2978 1842 3023 auctore
1889 2963 2160 3028 Bontinio,

590 3083 772 3124 secum
813 3067 992 3122 Battus
1014 3075 1222 3135 septem
1259 3065 1488 3119 militum
1522 3060 1899 3117 tantummodo
1947 3059 2115 3113 millia
2148 3075 2161 3112 :

590 3163 784 3229 reliqui
819 3164 1039 3215 rustica:
1060 3159 1232 3228 plebis
1257 3157 1573 3220 inconditae,
1603 3170 1703 3210 nec
1735 3153 1902 3208 armis
1933 3159 2165 3207 assuetae

589 3254 909 3311 cohortibus
936 3253 1286 3309 constabant.
1329 3248 1545 3305 Accidit
1585 3247 1731 3302 aliud
1754 3246 1919 3301 etiam
1963 3242 2166 3299 malum

591 3347 738 3418 quod
763 3347 1077 3401 Drenzenus
1107 3357 1297 3399 contra
1324 3343 1655 3398 sententiam
1687 3340 1856 3394 animi
1917 3337 2000 3393 sui
2042 3351 2169 3390 eoa.

593 3453 716 3496 ctus
745 3454 774 3492 a
803 3437 1144 3493 Bernardino
1161 3435 1540 3506 Frangepano,
1559 3433 1853 3505 pugnavit:
1879 3430 1974 3502 qui
1992 3441 2172 3484 tamen

594 3551 624 3587 e
657 3534 846 3604 prmlio
873 3514 1090 3608 fugase
1128 3531 1413 3586 subduxit.
1448 3527 1571 3584 Haec
1593 3527 1762 3602 466
1793 3527 2004 3585 scilicet
2053 3531 2172 3581 erat

596 3628 686 3681 illa
716 3637 826 3681 tum
856 3624 1155 3692 discordia,
1188 3632 1303 3678 tttm
1343 3622 1488 3694 fuga,
1513 3636 1677 3694 quam
1724 3622 1952 3676 innuere
1980 3620 2174 3674 volunt

597 3720 858 3785 Annales,
883 3732 1009 3775 cum
1048 3721 1226 3784 aiunt,
1287 3716 1536 3788 Ungaros
1562 3717 1711 3788 ipsos
1765 3716 1905 3771 inter
1972 3731 2030 3770 ae
2060 3715 2178 3770 dis-

595 3815 924 3876 Sentientes,
948 3813 1174 3881 fugisse.
1195 3811 1563 3868 Bernardinns
1595 3819 1748 3880 pater
1793 3817 1914 3864 erat
1936 3807 2170 3864 Joannis

599 3903 746 3959 illius
775 3902 1142 3973 Frangepani,
1183 3919 1347 3973 quem
1385 3903 1673 3958 obsessum
1741 3900 1913 3956 fuisse
1976 3899 2167 3955 Brevia

597 3997 861 4052 diximus.
897 3996 1094 4062 Filius,
1121 3997 1202 4050 vir
1231 3997 1412 4061 fertis,
1438 3996 1609 4050 hostis
1635 4001 1815 4060 antea,
1839 3994 1922 4050 vel
1957 3992 2177 4049 rebellis

598 4091 806 4159 potius,
835 4090 937 4144 hac
963 4105 1143 4160 pugna
1188 4104 1366 4144 caesus
1391 4088 1670 4144 occubuit.

603 4236 725 4290 175.
769 4233 991 4289 Orrasio
1023 4241 1072 4287 ct
1113 4247 1274 4284 causa
1328 4229 1451 4284 belli
1484 4227 1743 4296 Bajnzitis
1798 4227 2045 4279 adversus
2077 4223 2178 4296 γε.

676 4315 819 4360 netos
847 4307 900 4357 in
935 4302 1329 4366 Peloponneso:
1357 4295 1649 4352 Ludovicus
1675 4297 1901 4350 Maurus
1931 4297 2040 4348 dux
2065 4295 2177 4347 Me—

676 4376 1000 4430 diolanensis
1033 4374 1259 4428 Tim-unt
1289 4373 1344 4425 in
1383 4369 1602 4426 Venetos
1628 4371 1888 4424 concitat:
1910 4366 2179 4422 lnebcchti

675 4467 705 4501 ιι
752 4447 939 4501 Turcis
978 4449 1212 4500 obsessa.

2261 561 2664 632 spectantibus,
2695 570 2750 618 et
2779 576 2881 616 usu
2905 574 3006 615 suo
3041 559 3199 614 Iidem
3236 560 3414 613 datam
3439 556 3590 612 tlocci
3617 556 3838 619 faciant,

2262 669 2364 710 nec
2396 655 2566 710 ullum
2598 655 2999 724 promissorum
3051 651 3383 708 Christianis
3431 650 3697 705 factorum
3759 665 3818 705 ra

2267 755 2469 804 tionem
2509 748 2766 804 habeant.
2793 747 3002 802 Bellum
3033 747 3199 817 igitur
3226 747 3280 800 in
3337 760 3433 800 eos
3489 745 3730 807 molitur,
3795 755 3845 798 et

2266 843 2562 912 praetentus
2619 856 2788 897 causa
2842 839 3042 911 cupide
3113 839 3556 895 occasiunculam
3630 837 3844 905 arripit,

2265 935 2410 1004 quod
2463 931 2656 990 Veneti
2720 933 3114 1005 protegendum
3174 932 3546 1003 suscepissent
3590 930 3845 987 comitem

2265 1029 2530 1085 Joannem
2566 1027 2989 1090 Cernovichium
3018 1025 3416 1095 (Cernovitaios
3443 1023 3708 1080 dicendos
3759 1038 3848 1079 os-

2269 1121 2549 1176 tendimus
2572 1135 2761 1190 supra,
2794 1120 2976 1190 capite
3009 1121 3101 1197 ιδ,
3131 1126 3185 1176 et
3221 1119 3366 1173 hunc
3419 1119 3511 1172 alii
3535 1117 3846 1186 .Gcorgiunt

2269 1215 2516 1279 vocanti,
2552 1213 2746 1268 vicina:
2774 1212 2977 1268 Gataro
3007 1212 3234 1269 ditionis
3257 1212 3520 1283 regulum,
3551 1212 3636 1266 cui
3676 1210 3848 1278 plera-

2269 1319 2375 1376 que
2403 1305 2678 1373 Bajazites
2708 1305 3009 1360 ademerat.
3044 1304 3149 1360 Sed
3207 1302 3314 1359 alia
3373 1317 3568 1372 reapse
3627 1301 3850 1357 suberat

2269 1410 2601 1471 causa.qu:e
2635 1413 2774 1468 pene
2800 1405 3006 1454 certam
3039 1398 3088 1452 ei
3122 1412 3273 1466 spem
3311 1394 3550 1452 faciebat
3596 1392 3848 1464 ejiciendi

2272 1493 2510 1549 Venetos
2543 1508 2574 1547 e
2606 1489 2788 1546 ﬂorea
2827 1491 2940 1547 sive
2969 1489 3369 1558 Peloponneso,
3399 1489 3454 1542 in
3513 1503 3622 1558 qua
3652 1485 3851 1542 multas

2273 1599 2406 1638 sane
2433 1597 2659 1652 magnas
2683 1592 2739 1638 et
2771 1581 3014 1636 munitas
3046 1578 3213 1636 urbes
3275 1593 3540 1649 arcesque
3600 1575 3860 1647 possideo.

2273 1674 2427 1731 bant.
2455 1674 2666 1730 Etenim
2736 1673 2926 1731 Gallia
2968 1689 3062 1731 res
3124 1672 3441 1731 Ludovicus
3489 1674 3852 1731 duodecimae

2275 1767 2612 1826 Ludovleum
2666 1767 3009 1840 Sphortiam,
3095 1776 3466 1840 cognomento
3527 1766 3852 1829 laurum,a

2266 1861 2554 1930 nigredine
2598 1859 2802 1923 vultus.
2835 1860 3041 1917 ducatu
3071 1860 3464 1917 Mediolancnsi
3489 1860 3852 1930 spoliaturus,

2265 1966 2428 2026 quem
2455 1953 2541 2008 sui
2566 1952 2709 2024 juris
2733 1953 3036 2013 asserebat.
3071 1953 3255 2009 fmdns
3280 1963 3471 2007 contra
3533 1949 3848 2020 Sphortiam

2267 2063 2393 2104 cum
2426 2047 2704 2118 republica
2743 2044 2950 2102 Veneta
3015 2052 3365 2116 percusserat
3445 2043 3518 2099 Ea
3569 2043 3852 2100 Gallorum

2266 2153 2391 2197 cum
2429 2139 2647 2198 Venetis
2676 2139 3064 2208 conjunctione
3095 2138 3318 2194 territus
3374 2137 3658 2208 Sphortia,
3712 2138 3854 2208 lega-

2269 2242 2385 2288 tum
2415 2231 2485 2287 ad
2515 2229 2812 2303 Bajazitem
2866 2229 3056 2292 mittit,
3109 2229 3202 2300 qui
3261 2239 3375 2286 turn
3410 2228 3730 2284 muneribus
3777 2230 3853 2290 ei,

2269 2340 2381 2384 tum
2414 2330 2580 2384 variis
2603 2327 2913 2383 rationibus
2956 2326 3344 2396 persuaderet,
3406 2335 3464 2379 ut
3498 2324 3694 2380 bellum
3745 2322 3852 2380 Ve-

2267 2421 2685 2477 netisinferret.
2726 2421 2942 2489 Quippe
2983 2419 3229 2476 fntnrum
3264 2420 3465 2484 aiebat,
3492 2419 3856 2488 utoccupatis

2268 2514 2457 2569 Italico
2485 2513 2630 2569 bello
2670 2510 2913 2576 Venetis,
2972 2511 3089 2582 ipse
3141 2512 3295 2568 nullo
3361 2513 3586 2582 negotio
3644 2512 3852 2568 Graecis

2272 2608 2499 2662 urbibus
2533 2616 2586 2663 et
2617 2606 2838 2669 castris,
2866 2611 2922 2662 et
2946 2604 3143 2660 insulis
3170 2619 3267 2660 eos
3315 2612 3566 2659 exueret.
3597 2602 3707 2657 liae
3735 2604 3855 2657 ille-

2269 2708 2390 2756 ctus
2434 2714 2530 2768 spe
2562 2697 2850 2768 Bajazites,
2885 2712 2916 2751 a
2944 2711 3076 2765 pace
3108 2711 3232 2751 cum
3265 2694 3485 2752 Venetis
3515 2696 3723 2751 sancita
3739 2693 3856 2749 dis-

2269 2794 2456 2850 cessit.
2491 2792 2567 2847 Ac
2597 2789 2698 2846 fuit
2732 2790 2981 2861 profecto
3011 2790 3234 2844 noxium
3289 2786 3513 2844 Venetis
3572 2787 3626 2843 id
3679 2785 3849 2841 Mauri

2272 2888 2507 2949 facinus,
2538 2886 2631 2941 sed
2655 2886 2878 2943 tandem
2909 2884 3028 2940 haac
3063 2880 3124 2940 in
3149 2886 3354 2953 ipsum,
3374 2881 3521 2952 quod
3545 2882 3652 2935 diei
3685 2881 3849 2942 solet,

2270 2992 2400 3033 cusa
2434 2976 2555 3031 faba
2574 2976 2727 3046 justo
2758 2973 2850 3030 Dei
2877 2975 3089 3042 judicio
3111 2974 3235 3030 fuit.
3265 2973 3403 3029 Nam
3430 2985 3482 3029 et
3508 2973 3844 3036 ambitionis,

2271 3079 2325 3124 et
2355 3069 2678 3138 injuriarnm
2705 3068 3090 3138 multiplicium
3113 3067 3516 3139 ergaJoannem
3536 3066 3848 3123 Galeacium

2275 3161 2462 3217 fratris
2493 3161 2686 3227 filium,
2719 3171 2776 3218 et
2819 3162 3162 3218 funestorum
3228 3163 3414 3232 patriae
3469 3162 3850 3220 consiliorum,

2276 3257 2476 3327 quibus
2497 3254 2682 3312 Gallos
2717 3256 2980 3311 adversus
3010 3253 3400 3324 Neapolitanos
3430 3269 3607 3324 reges,
3641 3252 3853 3308 Turcos

2278 3349 2543 3405 adversus
2580 3346 2818 3404 Venetos
2840 3349 3161 3413 commovit,
3192 3350 3421 3404 acerbas
3477 3348 3715 3415 denique
3736 3361 3852 3416 pte-

2282 3456 2380 3497 nas
2412 3441 2531 3496 luit.
2566 3440 2720 3507 Quod
2752 3441 2973 3510 quidem
3007 3440 3055 3494 ei
3086 3441 3305 3496 subtilis
3328 3447 3384 3492 et
3414 3437 3592 3506 argnti
3623 3438 3706 3492 vir
3768 3437 3854 3490 in:

2279 3535 2446 3605 genii,
2475 3534 2686 3605 legatus
2723 3531 3053 3588 Florentium
3083 3530 3424 3603 reipublicae,
3489 3529 3728 3584 futurum
3755 3527 3858 3582 ali-

2277 3623 2497 3694 quando
2523 3624 2864 3692 praedixerat.
2898 3620 3109 3692 Qnippc
3143 3637 3268 3676 eum
3297 3623 3426 3677 huic
3453 3621 3520 3676 ad
3558 3637 3618 3677 se
3687 3620 3856 3674 misso

2278 3732 2412 3772 suos
2441 3727 2757 3788 arroganter
2782 3724 3114 3781 ostentaret,
3147 3715 3228 3770 uti
3260 3717 3587 3786 plerumque
3645 3712 3858 3769 solebas

2279 3818 2333 3864 et
2360 3824 2514 3879 opes,
2547 3820 2599 3864 et
2650 3809 2852 3879 ingenii
2907 3810 3093 3865 vires:
3143 3810 3289 3864 inter
3353 3808 3455 3863 alia
3517 3809 3750 3878 quodam
3799 3808 3854 3861 in

2280 3903 2520 3958 conclavi
2544 3903 2818 3971 depictum
2844 3904 2890 3958 ei
2924 3912 3195 3957 monstrat
3221 3902 3580 3960 simulacrum
3609 3902 3856 3954 mulieris

2281 3997 2481 4050 amictu
2516 3995 2884 4066 pulcherrimo
2915 3996 3149 4072 vestitae,
3184 3997 3239 4050 in
3293 4011 3406 4066 quo
3455 4010 3717 4064 expressa
3755 3993 3854 4047 mi-

2283 4090 2437 4145 rilico
2462 4087 2697 4143 artiﬁcio
2755 4098 2866 4143 tota
2911 4086 3359 4156 conspiciebatur
3411 4087 3586 4142 Italia.
3627 4083 3860 4155 Propter

2283 4181 2424 4236 hanc
2452 4180 2733 4237 mulierem
2768 4179 2983 4235 astabat
3009 4177 3265 4248 Ethiops
3295 4195 3420 4234 cum
3456 4179 3725 4248 peniculo,
3751 4192 3861 4247 quo

2285 4291 2344 4330 se
2380 4275 2551 4342 ipsum
2572 4274 2804 4328 innucre
2839 4272 3079 4338 volebat,
3112 4272 3206 4343 qui
3235 4282 3295 4327 et
3342 4270 3566 4326 Maurus
3588 4275 3749 4341 vulgo
3772 4276 3855 4327 vel

2288 4367 2540 4436 [Ethiops
2564 4366 2798 4433 audiret,
2827 4375 2882 4422 et
2929 4366 3316 4421 emblematum
3365 4364 3485 4419 loco
3547 4366 3746 4419 soleret
3782 4367 3856 4420 ιιεί

2288 4461 2371 4514 γετί
2410 4459 2830 4528 peniculo,cum
2872 4459 3234 4528 inscriptione
3283 4456 3498 4522 Latina,
3528 4466 3577 4510 et
3610 4461 3858 4512 ηερε-ἱ(οΜ

672 4564 990 4633 Naupactus
1018 4562 1236 4618 Achaia-
1265 4560 1536 4636 maritima
1559 4561 1754 4614 civitas
1784 4565 1889 4619 est,
1917 4555 2178 4624 Opinione
2213 4543 2254 4598 θ
2290 4565 2544 4623 tempore,
2571 4554 2658 4608 vel
2694 4557 3010 4607 ramusculo
3035 4563 3143 4606 tres
3200 4552 3670 4619 complesorosas,
3729 4565 3852 4606 cum

601 4657 992 4726 quorumdam,
1048 4654 1264 4710 Etolizc
1324 4652 1490 4706 Leoni
1541 4653 1800 4719 Augusto.
1870 4649 1935 4702 ad
1993 4651 2173 4703 sinum

603 4752 879 4820 quondam
899 4749 1318 4803 Corinthiacum
1353 4763 1438 4799 vot
1459 4757 1603 4799 atum
1631 4746 1754 4796 sita.
1783 4741 1981 4797 Nautis
2013 4740 2177 4808 vulgo

599 4844 713 4908 jam
776 4841 1023 4907 chanto
1083 4838 1305 4902 dicitur,
1350 4835 1624 4890 luebcchti
1683 4832 1898 4895 Turcis,
1950 4831 2090 4899 quod
2147 4845 2178 4884 a

601 4931 854 5000 Nepanto
881 4930 1035 4984 Marii
1065 4929 1214 5000 Nigri
1243 4945 1351 4984 non
1401 4927 1594 4998 procul
1647 4927 1852 4981 recedit
1884 4942 1898 4979 :
1948 4924 2176 4986 Achaia,

602 5023 826 5078 Livadia
863 5023 1121 5090 :Aitolia,
1154 5025 1481 5093 Despotatus
1517 5041 1528 5075 :
1568 5021 1723 5076 sinus
1770 5019 2180 5084 Cerinthiacns,

603 5118 797 5187 Golpo,
827 5119 941 5174 sive
975 5117 1135 5173 Golfo
1176 5120 1227 5172 di
1257 5117 1518 5186 Lepanto.
1570 5117 1704 5170 Erat
1759 5114 1866 5168 hoc
1907 5120 2177 5181 tempore.

605 5213 868 5269 nimirum
907 5228 1053 5268 anno
1079 5213 1404 5266 Christiano
1447 5208 1607 5284 H98,
1656 5207 1973 5277 Naupactus
2001 5206 2052 5259 in
2084 5219 2182 5273 po-

605 5315 802 5361 testate
827 5305 1151 5360 Venetornm
1181 5319 1209 5356 a
1232 5304 1322 5362 70,
1348 5303 1469 5372 plus
1489 5303 1691 5379 minus,
1716 5301 1875 5353 annis
1894 5315 1908 5354 :
1926 5298 2020 5367 qui
2045 5296 2181 5350 mis-

602 5415 666 5456 so
695 5397 759 5450 ad
789 5398 1083 5468 Bajazitem
1126 5395 1343 5449 Andrea
1386 5393 1653 5457 Zantano,
1701 5394 1880 5461 legato
1931 5406 2052 5452 suo,
2085 5405 2180 5456 pa-

605 5501 721 5546 ‘ccm
755 5491 804 5543 in
835 5507 1019 5543 annos
1044 5489 1118 5544 25
1155 5503 1279 5541 cum
1329 5502 1396 5542 eo
1459 5486 1722 5545 fecerant.
1774 5483 1938 5550 cujus
1995 5482 2177 5535 tabula

607 5580 873 5648 Bajaziles
904 5581 1178 5647 scriptura
1216 5594 1410 5632 manus
1432 5592 1570 5639 suae,
1629 5591 1726 5644 pro
1769 5589 1920 5629 more
1978 5572 2180 5628 contir-

609 5680 803 5725 marat.
839 5670 1206 5725 Nihilominus
1233 5672 1318 5721 vix
1348 5667 1622 5738 appellere
1678 5665 1940 5720 Venetias
1967 5664 2178 5733 legatus

613 5767 806 5829 potuit,
841 5777 964 5815 Cum
990 5762 1174 5814 (latam
1211 5760 1431 5812 Venetis
1462 5760 1619 5815 ﬁdem
1669 5759 1935 5827 Bajazites
1976 5757 2164 5809 violat.

614 5854 823 5924 Quippe
846 5855 949 5910 sibi
975 5855 1086 5924 lege
1120 5869 1212 5908 sun
1276 5850 1659 5911 Mahumetana
1723 5852 1962 5918 permitti
1991 5855 2175 5905 volunt

2287 4648 2642 4714 inscriptione
2669 4646 2990 4702 Germanica
3006 4647 3096 4697 mit
3115 4645 3245 4709 Zet't,
3266 4646 3315 4698 id
3335 4654 3437 4709 est,
3466 4661 3581 4698 cum
3608 4655 3859 4710 tempore.

2289 4741 2421 4808 Qum.
2459 4740 2677 4809 quidem
2721 4741 2896 4806 ipsius
2916 4737 3240 4792 emblemata
3270 4739 3629 4808 symbolaqtte
3653 4739 3854 4805 passim

2291 4837 2343 4891 in
2375 4836 2754 4904 pzlrielibUS'CI
2794 4834 2981 4886 aulaeis
3006 4832 3321 4895 Mediolani,
3359 4830 3560 4893 Ticini,
3602 4831 3857 4894 Taurini,

2290 4929 2428 4997 apud
2459 4928 2840 4982 doctissimum
2879 4935 2929 4979 et
2961 4927 3231 4979 illustrem
3253 4925 3373 4993 ejns
3404 4926 3556 4978 urbis
3589 4925 3855 4993 archiepi-

2288 5035 2538 5090 scopum,
2572 5020 2963 5088 Hieronymum
3005 5019 3328 5075 ltoveremn.
3354 5027 3409 5072 et
3443 5019 3567 5071 aliis
3609 5018 3661 5072 in
3721 5017 3855 5072 locis

2289 5115 2473 5170 videre
2499 5113 2742 5168 memini.
2774 5114 2904 5167 Erat
2959 5114 3047 5166 hic
3101 5111 3354 5179 Aithiops
3414 5110 3493 5164 ira
3552 5112 3745 5180 pit'llls.
3801 5123 3852 5164 ut

2288 5203 2544 5274 peniculo
2571 5203 2862 5257 mulierise
2897 5214 3047 5255 veS'e
3102 5202 3377 5268 pulverem
3419 5214 3545 5252 cum
3597 5200 3856 5252 sontibus

2291 5300 2413 5352 aliis
2443 5307 2768 5367 extergeret.
2795 5296 2868 5348 Ea
2893 5296 3104 5363 pictura
3143 5295 3321 5362 leg-ito
3349 5303 3677 5350 monstrata,
3717 5293 3848 5360 quid

2290 5393 2392 5460 ipsi
2425 5391 2491 5444 de
2522 5389 2620 5442 hac
2647 5389 2949 5451 videretur,
2984 5388 3307 5451 interrogat.
3348 5383 3484 5436 Tum
3513 5387 3556 5438 is
3592 5384 3690 5439 :Ut
3723 5385 3853 5436 mihi

2287 5484 2509 5554 quidem
2544 5483 2777 5541 videtur,
2811 5480 3007 5548 inquit,
3037 5479 3123 5530 bic
3154 5476 3407 5543 .AEiliiops
3445 5476 3718 5540 |?ulV('l't‘ln
3740 5491 3858 5528 om-

2292 5593 2412 5630 nem
2441 5577 2570 5628 inse
2601 5575 2779 5642 ipsuzn
2817 5572 3119 5624 ro:w--rrit.
3156 5570 3311 5635 Quod
3346 5569 3580 5622 hominis
3619 5569 3765 5622 acuti
3792 5570 3862 5620 de

2288 5668 2568 5723 Ludovico
2593 5665 2782 5719 Mauro
2829 5664 3148 5717 vaticinium
3191 5662 3447 5729 deinceps
3496 5671 3857 5715 eventutom-

2292 5760 2571 5829 probatum
2609 5756 2729 5813 fuit.
