4228 6298
519 323 627 389 853

1654 335 2058 402 PANDECTE
2091 341 2144 403 Il
2159 343 2290 405 lST.
2336 343 2646 408 TURCIC.

3673 350 3780 415 854

523 449 640 504 1ῑϐ.
684 447 1050 540 ’ἔξιςρεείαςὺεξξ
1100 458 1299 540 [rustra
1363 458 1558 540 Δνι-ηεριὲ
1586 479 1918 540 _sucrurrere
1976 482 2092 519 cum
2121 471 2170 533 Α
2199 467 2400 540 Tangri
2436 469 2651 525 Vcrcris
2671 483 2769 539 per
2795 467 3051 526 virtutem
3081 467 3306 528 Sillanis
3336 469 3538 539 bassai,
3558 470 3779 532 hebicr-

681 519 850 577 Gallis
889 535 939 578 et
974 519 1223 595 Hispanis
1251 531 1621 600 confwderatis
1663 537 1927 589 nituntur.

588 636 717 704 Quae
743 638 810 696 de
834 642 1043 700 infelici
1101 656 1300 703 conatu
1351 650 1666 705 removendi
1719 651 1977 722 Bajazitis
2025 653 2124 708 ab.

516 729 804 792 obsidione
837 735 1101 810 Naupacti
1128 753 1354 799 narrant
1387 745 1646 811 Annales,
1679 747 1844 818 paqu
1895 746 2097 802 diluci-

516 825 641 881 dius
675 827 761 883 his
796 827 907 886 fere
943 834 1127 890 verbis
1163 835 1555 907 Spanduginus
1590 844 1850 912 exposuit
1933 843 2093 900 Anno

519 917 719 987 inquit,
775 921 1071 979 millesimo
1131 929 1681 998 quadringentesimo
1736 934 2097 1004 nonagesimo

516 1026 686 1076 nono,
719 1014 1102 1077 Ferdinandus
1137 1038 1231 1077 rex
1252 1022 1534 1094 Hispanus
1557 1029 1842 1096 occupatis
1874 1022 2091 1096 Naupa-

517 1110 628 1165 ctio
652 1109 796 1168 bello
823 1111 1064 1182 Venetis,
1093 1130 1156 1170 ex
1183 1117 1298 1188 lege
1325 1115 1548 1175 hederis
1608 1121 1850 1176 subsidia
1904 1125 2091 1190 misit;

517 1205 783 1272 auspiciis
803 1206 1060 1263 Consaivi
1090 1212 1201 1276 sui,
1233 1227 1397 1281 quem
1455 1213 1708 1281 Magnum
1739 1217 2092 1283 capitaneum

517 1297 808 1352 vorabant.
838 1298 890 1355 is
905 1301 1204 1371 adjunctus
1225 1306 1389 1359 classi
1415 1305 1660 1368 Venetze,
1678 1307 2092 1377 Cephalleniam

517 1389 754 1445 insulam
772 1389 965 1450 Turcis
991 1405 1231 1464 ereptam
1266 1397 1631 1468 recuperavit;
1661 1416 1786 1455 cum
1809 1401 1866 1456 S.
1908 1400 2095 1456 Iiaura

517 1485 663 1554 quod
699 1487 958 1557 oppidum
1000 1488 1055 1544 in
1085 1489 1262 1544 insula
1302 1494 1649 1560 cognomine,
1703 1495 1892 1565 (prisci
1951 1493 2094 1550 Leu-

518 1579 707 1633 cadem
744 1585 1034 1654 vocarunt)
1065 1599 1175 1639 non
1220 1586 1412 1654 procul
1443 1584 1776 1656 aNauparto
1806 1588 2097 1654 Patrisque

514 1669 679 1744 86⁷
700 1673 890 1739 situm,
924 1676 991 1730 ab
1011 1680 1254 1748 Augusto
1287 1687 1410 1748 post
1438 1679 1720 1734 Actiacam
1786 1656 2092 1749 victoriam,

514 1763 792 1836 Nicopolis
816 1770 1023 1825 dictum
1047 1769 1168 1826 fuit.
1200 1774 1446 1828 Adaucta
1469 1788 1691 1845 quoque
1717 1784 1847 1829 tunc
1891 1773 2092 1831 Veneta

2199 561 2318 631 begi
2349 562 2477 624 mei,
2512 561 2919 634 violentamque
2950 562 3335 632 genizarorum
3391 579 3637 626 meorum
3677 581 3774 623 ex-

2197 657 2608 728 pugnationem,
2641 659 2936 714 concessit.
2965 656 3176 724 Quibus
3205 658 3259 713 in
3294 659 3478 716 verbis
3519 658 3611 715 illa
3630 658 3776 714 Ture

2197 752 2336 816 cica,
2358 750 2559 822 Tangri
2585 750 2824 816 Vereris,
2852 762 2950 809 aut
2976 750 3193 809 Vcrersi
3222 752 3426 823 potius,
3445 751 3618 815 Deum
3640 766 3778 824 pro-

2199 843 2393 916 pitium
2442 845 2772 917 signiticaut.
2815 844 2986 902 Sinan
3041 860 3172 902 vero
3225 846 3408 913 bassa,
3464 844 3626 914 cujus
3686 845 3777 902 hic

2197 937 2404 992 mentio
2435 937 2513 1002 iit,
2558 938 2718 994 initio
2767 939 3065 1010 expugnati
3118 936 3268 993 Cairi
3301 938 3472 992 ductu
3527 937 3774 1002 Selim'ts,

2197 1027 2451 1102 Bajazitis
2482 1030 2604 1094 ﬁlii,
2635 1045 2810 1087 czesus
2834 1045 2864 1087 a
2913 1029 3239 1086 Mameiucis
3287 1028 3582 1095 occubuit,
3638 1037 3697 1086 ut
3722 1031 3779 1086 in

2198 1121 2502 1179 Annalibus
2533 1137 2640 1178 suo
2672 1124 2794 1180 loco
2821 1133 3104 1195 sequetur.

2200 1235 2320 1291 178.
2343 1233 2588 1308 Nitgline
2604 1255 2652 1308 a7
2669 1233 2892 1308 Venetis,
2909 1247 2956 1294 et
2979 1238 3368 1308 confederatis,
3389 1235 3777 1308 irritocanotu,

2183 1371 2185 1373 ι
2272 1306 2494 1362 tentata.
2531 1307 2767 1378 Philippi
2799 1306 3091 1365 Rauentani
3126 1309 3294 1380 reguli
3342 1309 3705 1381 naufragium.

2270 1399 2510 1455 Annales
2541 1400 2762 1456 Turcici
2794 1403 3062 1462 duntaxat
3088 1399 3511 1472 llispanlcormn
3537 1403 3776 1461 auxilio-

2199 1508 2320 1547 rum
2356 1491 2676 1555 meminere.
2706 1507 2829 1562 quas
2862 1492 3075 1549 scilicet
3120 1507 3148 1547 a
3182 1492 3529 1550 Ferdinando
3564 1496 3776 1566 Arago-

2201 1602 2329 1641 num
2354 1594 2414 1639 et
2443 1584 2695 1642 Castellae
2729 1599 2885 1655 rege,
2922 1585 3111 1641 Karuli
3142 1585 3181 1640 ν
3236 1586 3475 1644 Caesaris
3511 1602 3615 1644 avo
3664 1602 3782 1644 ma-

2201 1689 2376 1743 terno,
2431 1679 2775 1749 suppeditata
2814 1677 2968 1735 l‘uere
2997 1675 3244 1747 Venetis,
3297 1679 3438 1736 duce
3466 1681 3776 1746 Cousalvo.

2200 1774 2267 1828 de
2291 1787 2400 1842 quo
2422 1772 2683 1828 diximus.
2710 1773 2816 1829 Sed
2850 1781 3073 1828 constat
3102 1774 3207 1830 hoc
3261 1774 3426 1829 etiam
3461 1773 3607 1831 bello
3644 1775 3774 1830 Gal-

515 1859 709 1915 classis
734 1859 833 1915 iuit
861 1861 1221 1920 auxiliaribus
1247 1865 1479 1936 navigiis
1504 1864 1936 1923 aconi'mderato
1964 1884 2093 1938 rege
2129 1849 2169 1903 Β
2200 1867 2302 1922 lira
2362 1864 2584 1921 Venetis
2633 1882 2662 1920 a
2723 1882 2848 1936 rege
2897 1866 3182 1924 Ludovico
3227 1869 3443 1926 venisse
3506 1869 3778 1936 subsidia,

518 1949 851 2009 Francorum
885 1953 1162 2012 Ludovico
1193 1956 1290 2013 ιιι
1320 1959 1488 2016 duetu
1541 1961 1715 2030 reguli
1773 1960 2094 2023 Ravestani,

518 2047 750 2116 Philippi
780 2048 1074 2114 Clivensis,
1106 2052 1200 2120 qui
1224 2049 1468 2107 Genu-im
1503 2069 1602 2122 pro
1641 2067 1770 2126 rege
1801 2064 1935 2110 tunc
1996 2056 2094 2109 ad-

518 2139 885 2197 ministrabat.
930 2143 979 2198 ls
1014 2145 1201 2215 praelio
1228 2159 1352 2199 cum
1379 2143 1574 2202 Turcis
1596 2162 2092 2216 congressus,cum

518 2231 852 2288 Venetorum
873 2236 1128 2292 triremes
1158 2238 1367 2291 nullum
1401 2238 1634 2308 navigiis
1651 2240 1933 2296 suisi'erre
1964 2242 2094 2297 sub-

517 2327 716 2381 sidium
773 2328 1045 2386 vidisset:
1111 2330 1448 2402 indignatus,
1480 2334 1594 2387 vela
1629 2333 1804 2389 ventis
1853 2333 2097 2399 dedit,et

516 2420 645 2476 inde
679 2421 993 2489 discedens,
1013 2423 1314 2481 Massiliam
1345 2443 1599 2482 reversus
1623 2441 1725 2483 cst.
1757 2429 1886 2483 Erat
1910 2441 2091 2483 autem

515 2509 736 2567 Venetae
764 2515 958 2571 classis
992 2518 1290 2589 imperator
1321 2519 1596 2576 Antonius
1617 2520 1935 2582 Grimanus.
2000 2519 2092 2590 qui

518 2615 827 2676 propterea,
861 2608 1005 2677 quod
1040 2613 1309 2682 pugnanti
1330 2612 1647 2670 Ravestano
1689 2629 1802 2668 non
1873 2628 2098 2669 succur-

516 2707 686 2763 rcrat,
720 2708 770 2751 et
791 2698 1032 2770 alioquin
1060 2703 1226 2757 etiam
1257 2719 1318 2759 se
1348 2719 1588 2774 gesserat
1613 2707 1875 2772 segniter,
1903 2703 2097 2760 ferreis

516 2790 572 2846 in
603 2793 960 2860 compedibus
990 2792 1248 2851 \‘cnetias
1276 2798 1480 2852 missus
1517 2797 1639 2851 i‘nit.
1669 2798 1855 2852 Nihilo
1912 2807 2091 2854 tamen

515 2882 698 2937 minus
727 2878 869 2938 idem
905 2898 1091 2954 posma
1120 2885 1277 2943 ducis
1304 2889 1626 2959 dignitatem
1648 2889 1913 2944 obtinuit.

515 2997 640 3054 177.
684 3001 924 3055 Methone
984 3001 1605 3088 Corciteqtte_llnjaaitis
1669 3007 1721 3058 in
1780 3014 2093 3072 potestatem

1204 3085 1437 3129 veniunt.

2194 1959 2340 2013 duce
2377 1957 2634 2029 Philippo
2695 1959 2886 2029 regulo
2941 1958 3282 2020 Ravcstano.
3317 1958 3662 2017 Clivensium
3722 1962 3778 2017 in

2196 2047 2494 2102 Germania
2531 2048 2844 2120 principum
2877 2048 3089 2104 familia
3131 2059 3278 2115 nato,
3301 2050 3396 2119 qui
3426 2051 3531 2108 hac.
3550 2050 3780 2121 expedi-

2200 2140 2352 2195 tione
2409 2156 2599 2196 secnm
2647 2142 2956 2197 adduxerat
3007 2141 3254 2198 Albaniae
3295 2143 3490 2199 ducem
3534 2143 3781 2209 Scotum,

2197 2248 2359 2302 quem
2414 2233 2728 2302 Albignium
2767 2233 2849 2288 vel
2879 2232 3172 2305 Obignium
3201 2234 3446 2291 historia:
3470 2243 3693 2304 vocant,
3724 2245 3782 2292 et

2199 2324 2467 2380 infantem
2501 2323 2876 2382 Navarrenum
2913 2327 3017 2398 (sic
3053 2325 3297 2398 iiispano
3336 2341 3488 2382 more
3513 2328 3786 2384 secundo-

2198 2419 2362 2490 geniti
2382 2434 2569 2488 regum
2599 2420 2698 2480 iitii
2721 2423 3129 2495 nominantur),
3160 2436 3287 2478 cum
3322 2435 3521 2491 magno
3549 2420 3780 2478 aliorum

2199 2510 2467 2567 nobilium
2514 2528 2544 2569 e
2584 2513 2762 2569 Gallia
2802 2530 3052 2570 numero.
3095 2515 3234 2571 Tota
3269 2515 3468 2572 classis
3498 2515 3780 2572 hominum

2200 2605 2340 2660 bello
2373 2606 2694 2661 idoneorum
2735 2610 2800 2662 ad
2862 2608 3038 2665 i0000
3093 2609 3440 2673 continebat,
3490 2621 3549 2664 ut
3602 2608 3781 2679 Span-

2196 2696 2434 2767 duginus
2468 2701 2657 2756 refert.
2685 2700 2767 2755 Ab
2822 2701 2910 2758 his
2941 2702 3168 2758 obsessa
3199 2701 3303 2756 iuit
3331 2704 3465 2758 urbs
3490 2701 3655 2757 Lesbi
3679 2700 3783 2756 Mi-

2199 2790 2388 2860 tyline,
2429 2794 2719 2863 captisque
2750 2795 3033 2851 suburbiis
3057 2795 3357 2866 oppugnati
3398 2796 3703 2851 terribilem
3726 2796 3780 2850 in

2195 2881 2420 2937 modum
2490 2887 2656 2948 muri,
2707 2884 2802 2941 sed
2853 2885 3080 2942 frustra.
3115 2885 3362 2958 Regulus
3414 2888 3779 2951 Ravestanus.

2198 2986 2488 3045 postquam
2525 2976 2816 3034 obsidione
2872 2978 3052 3034 soluta
3110 2977 3414 3035 discessum
3447 2994 3513 3035 ex
3574 2979 3780 3046 insula,

2196 3064 2452 3136 Magnum
2481 3066 2656 3124 Rhodi
2693 3068 3016 3140 Magistrum
3049 3085 3174 3126 cum
3206 3072 3278 3127 29
3310 3073 3542 3145 navigiis
3579 3089 3782 3148 exspe-

582 3162 806 3221 Nobiles
828 3165 882 3220 in
909 3164 1099 3237 primis
1126 3165 1485 3237 Peloponnesi
1517 3179 1645 3224 sunt
1679 3172 1840 3225 urbes
1878 3172 1935 3226 in
1956 3170 2066 3226 Mes
2126 3193 2167 3250 ο
2199 3171 2353 3216 etare
2386 3161 2602 3226 nolens,
2623 3161 2971 3234 naufragium
2997 3173 3219 3235 propter
3245 3166 3482 3238 insulam
3499 3165 3781 3238 Cerigum,

512 3259 666 3315 senia
710 3261 1018 3327 maritimae,
1073 3260 1326 3317 Methone
1382 3271 1437 3317 et
1480 3264 1716 3330 Corone,
1764 3280 1886 3334 qua:
1934 3265 2094 3332 vulgo

513 3367 662 3408 nunc
699 3351 894 3408 Medon
925 3363 979 3410 et
1010 3354 1192 3411 Coron
1241 3358 1614 3426 appellantur.
1649 3357 1950 3425 L'tramque
1982 3373 2092 3413 non

513 3439 634 3494 sine
685 3441 932 3510 periculo
969 3444 1231 3501 vidimus.
1287 3445 1596 3501 Metlioncm
1650 3448 1960 3503 Nicoiaides
1999 3463 2094 3518 per

513 3527 756 3589 errorem
811 3536 1037 3605 scripsit
1075 3538 1205 3593 olim
1263 3538 1468 3595 dictam
1528 3539 1699 3596 fuisse
1737 3540 2092 3598 Mantineam.

512 3622 726 3695 Quippe
748 3636 904 3683 vetus
940 3629 1202 3685 Methonae
1236 3647 1436 3688 nomen
1467 3642 1572 3696 cst,
1607 3642 1660 3690 et
1689 3635 1808 3703 ipsa
1841 3636 2038 3691 civitas
2063 3651 2090 3689 a

510 3717 716 3787 dttplit'i
757 3718 1051 3783 Mantinea,
1083 3731 1193 3775 tam
1233 3723 1391 3779 sinus
1438 3723 1703 3795 Argolici,
1737 3729 1908 3783 (nunc
1941 3727 2095 3783 lian-

512 3809 698 3876 digna)
720 3824 887 3879 quam
934 3811 1183 3866 Arcadize
1215 3815 1382 3881 (nunc
1428 3812 1629 3883 blandi)
1663 3819 1820 3886 longe
1853 3819 2090 3876 diversa.

514 3900 711 3956 Leonis
745 3902 972 3968 Augusti
1013 3903 1233 3959 Novella
1274 3906 1344 3961 de
1398 3906 1654 3971 Turonis,
1696 3909 1985 3968 Methonen
2041 3923 2094 3966 ci.

511 3994 762 4049 Coronen
803 3997 930 4051 facit
958 3998 1329 4067 episcopatus,
1361 4013 1564 4067 eosque
1600 3999 1847 4057 Patrensi
1893 4013 2094 4058 metro-

514 4089 758 4156 politano
805 4090 858 4142 in
892 4087 1274 4157 Peloponneso
1328 4092 1572 4161 subjicit.
1605 4092 1875 4148 Creterum
1929 4098 2095 4166 paulo

513 4178 673 4233 aliter
698 4195 724 4232 a
747 4177 909 4236 Jovio
932 4192 1186 4236 narratur
1210 4201 1236 4237 a
1273 4183 1474 4238 Turcis
1505 4197 1770 4254 occepata
1806 4187 2086 4254 Methone,

513 4288 676 4344 quam
705 4277 794 4328 hic
821 4277 874 4329 in
905 4277 1234 4336 Annalibus.
1283 4277 1497 4347 Quippe
1532 4281 1699 4334 tradit
1733 4296 1852 4335 eam
1882 4285 2092 4339 incuria

513 4368 980 4436 pra'sidiariorum
1011 4370 1063 4423 in
1117 4371 1293 4425 imsris
1328 4381 1654 4442 potestatein
1701 4373 1935 4438 venisse,
2001 4377 2093 4447 qui

514 4474 736 4514 rumore
765 4462 831 4515 de
858 4461 1126 4516 subsidiis
1146 4472 1387 4530 quatuor
1410 4471 1506 4517 aut
1535 4481 1628 4520 sex
1653 4466 1972 4524 triremibus
2000 4471 2093 4523 ad-

2197 3268 2361 3325 quam
2426 3263 2639 3308 veteres
2687 3254 2982 3326 Cytheram
3036 3258 3247 3323 dixere,
3305 3259 3471 3314 iecit:
3532 3260 3784 3336 adeoque

2197 3344 2356 3414 pauci
2413 3362 2477 3399 ex
2540 3346 2607 3401 iis
2647 3347 2741 3415 qui
2773 3348 3007 3403 navibus
3037 3348 3194 3404 hisce
3227 3349 3591 3417 vehebantur,
3623 3352 3780 3407 inco-

2200 3439 2377 3494 lumes
2417 3450 2735 3495 evaserunt.
2783 3441 2865 3494 Ad
2906 3458 2966 3495 ea
2994 3456 3114 3512 quae
3169 3443 3394 3498 tradunt
3443 3443 3684 3501 Annales
3714 3446 3781 3500 de

2195 3531 2458 3602 placatoa
2495 3530 2740 3594 Venetis,
2780 3533 3143 3606 impetrandae
3174 3535 3328 3604 pacis
3361 3549 3555 3602 causa,
3588 3551 3781 3592 mune-

2197 3626 2349 3680 ribus
2367 3622 2624 3694 Bajazitis
2644 3626 2852 3693 animo,
2905 3625 3240 3693 addendum,
3259 3642 3360 3688 eos
3389 3641 3487 3698 per
3509 3628 3780 3688 Andream

2195 3719 2461 3785 Grittum,
2482 3728 2604 3790 post
2628 3719 2739 3774 hac.
2767 3718 3013 3790 ipsorum
3037 3719 3256 3786 ducem,
3278 3719 3510 3789 Bajaziti
3533 3721 3593 3777 S.
3630 3720 3780 3776 Mau-

2198 3827 2314 3868 ram
2339 3827 2557 3883 quoque
2588 3812 2918 3879 restituisse,
2954 3812 3136 3866 locum
3169 3812 3442 3885 hodieque
3462 3813 3773 3871 Turcorum

2201 3905 2254 3958 in
2291 3913 2571 3974 potestate
2588 3903 2980 3970 constitutum,
3013 3903 3285 3975 longeque
3316 3905 3778 3962 munitissimum.

2201 3996 2515 4052 Leucadem
2551 3997 2639 4051 alii
2675 3997 2875 4068 priscis
2901 3997 3104 4052 dictam
3135 3999 3353 4063 volunt,
3382 3998 3474 4053 alii
3505 3995 3778 4054 Neritnm.

2199 4089 2539 4146 Sententiam
2568 4090 2813 4160 priorum
2841 4105 2905 4146 ex
2934 4097 3170 4161 praetore
3194 4089 3419 4148 Graecia
3449 4100 3641 4148 nostro
3658 4106 3782 4165 pro-

2201 4183 2332 4238 bare
2365 4182 2576 4254 liquido
2615 4182 2764 4237 licet.

2205 4297 2327 4353 179.
2355 4297 2626 4351 Secundus
2651 4296 3077 4366 Sopliilariorum
3104 4309 3272 4353 motus
3300 4298 3550 4353 adversus
3584 4297 3780 4355 Osuin-

2302 4371 2466 4433 nicos,
2505 4368 2693 4430 Scaclt,
2724 4368 2868 4432 (Iuli,
2899 4368 3086 4423 Scitan
3121 4369 3261 4436 Culi,
3305 4369 3454 4425 Kisel
3497 4371 3675 4426 bnssa.

2273 4463 2346 4519 De
2411 4462 2634 4531 regione
2684 4459 2854 4516 Tekic
2908 4462 3025 4517 sive
3055 4461 3201 4518 Telte
3243 4463 3453 4519 dictum
3508 4465 3779 4536 superius,

515 4553 689 4608 vectis
721 4568 817 4622 per
859 4554 1052 4609 urbem
1089 4554 1284 4614 didito,
1342 4557 1555 4612 relictis
1587 4558 1925 4615 stationibus
1979 4561 2098 4615 suis
2131 4538 2176 4597 θ
2205 4568 2329 4624 cap.
2366 4553 2457 4608 57.
2491 4554 2674 4606 Altera
2711 4551 2816 4608 fuit
2865 4554 2979 4608 haec
3033 4553 3302 4612 adversus
3334 4552 3686 4623 Osmanidas,
3730 4564 3786 4614 et

515 4644 580 4698 ad
603 4654 822 4714 portum
850 4647 1255 4702 concurrerint.
1281 4648 1337 4702 ω
1357 4662 1488 4702 vero
1512 4651 1866 4714 censpicatos
1887 4651 2097 4718 hostes,

515 4751 611 4805 spe
649 4739 844 4808 praedae
873 4750 1206 4806 commotos,
1260 4742 1557 4797 accedente
1603 4741 1858 4810 Bajazitis
1891 4744 2093 4801 incita-

515 4833 689 4897 tione,
720 4847 842 4886 cum
878 4834 1045 4887 variis
1087 4834 1435 4904 praemiorum
1475 4837 1788 4904 promissis,
1822 4837 1879 4893 in
1907 4839 2100 4893 urbem

519 4928 880 4996 desertasque
936 4926 1203 4981 stationes
1245 4927 1536 4996 irrupisse,
1596 4937 1926 5000 captamque
1961 4930 2099 4986 diri-

520 5018 729 5090 puisse.
771 5019 928 5085 Quod
981 5019 1184 5075 deinde
1237 5019 1557 5084 subiicitur,
1608 5037 1635 5074 a
1679 5021 1874 5077 Turris
1911 5039 2099 5089 prcecs

519 5117 576 5170 in
629 5113 764 5170 urbe
793 5122 952 5181 capta
984 5113 1156 5168 fuisse
1197 5123 1516 5185 conceptas,
1564 5129 1686 5184 quae
1726 5113 1813 5168 die
1873 5113 2099 5172 Veneris

520 5204 710 5262 haberi
751 5205 1012 5270 soleant,
1071 5203 1163 5259 his
1195 5220 1226 5257 a
1275 5201 1636 5274 Spandugino
1679 5203 1862 5258 verbis
1908 5205 2097 5260 itidem

517 5303 800 5360 narratur,
847 5311 970 5365 qua:
1003 5293 1214 5349 reddita
1268 5294 1445 5347 inbuit
1503 5295 1769 5347 inserere.
1823 5289 2100 5346 Mentoris:

523 5387 802 5459 proditum
837 5396 943 5452 est,
979 5385 1179 5456 inquit,
1208 5383 1480 5456 postridie
1511 5399 1676 5454 quam
1723 5393 1879 5453 capta
1903 5381 2102 5439 fuisset

524 5476 798 5542 Methone,
820 5479 1109 5548 Bajazitem
1141 5480 1370 5531 omnino
1387 5475 1625 5531 voluisse
1667 5475 1856 5529 urbem
1890 5474 2098 5545 ingredi

524 5572 592 5628 ad
616 5573 857 5642 agendas
897 5570 1010 5626 Deo
1044 5571 1250 5642 gratias
1274 5571 1328 5624 in
1358 5570 1480 5640 ipso
1496 5567 1933 5624 Cinistiauorum
1962 5577 2101 5622 tem-

520 5664 635 5735 plo.
660 5663 909 5733 Cumque
925 5662 1035 5732 jam
1063 5662 1403 5731 pervenisset
1432 5664 1484 5714 in
1511 5669 1755 5730 pontem,
1779 5673 1892 5730 quo
1918 5668 2099 5715 trans-

524 5759 720 5813 eunda:
764 5758 918 5812 urbis
951 5767 1105 5811 erant
1176 5753 1361 5819 iossrc,
1402 5754 1780 5822 conspiratum
1824 5751 2094 5804 fossarum

526 5850 1129 5916 altitudincm,.dixissc
1165 5867 1176 5906 :
1202 5847 1336 5903 Tam
1363 5846 1626 5903 munitam
1657 5847 1932 5901 civitatem
1963 5845 2093 5900 mihi

2207 4655 2413 4699 sectam
2442 4644 2864 4699 tlsmanicorum
2898 4644 3119 4711 seditio,
3147 4647 3216 4699 ah
3255 4645 3327 4703 iis
3356 4644 3612 4714 excitata,
3643 4661 3785 4716 quos

2207 4738 2549 4807 Sophilarios
2572 4748 2626 4793 et
2660 4737 2882 4793 Kiseles
2910 4740 3104 4794 hassas
3136 4739 3419 4794 dixerunt.
3464 4738 3679 4811 Quippe
3716 4743 3784 4795 de

2206 4829 2380 4897 prima
2407 4828 2666 4898 superius
2696 4828 3001 4884 indicatum
3023 4845 3146 4900 cap.
3173 4830 3262 4887 8i.
3288 4829 3480 4888 invius
3495 4842 3780 4888 auctorem

2207 4917 2496 4972 seditionis
2526 4919 2760 4988 appellat
2789 4918 3122 4985 Techellem,
3148 4935 3178 4974 a
3201 4923 3395 4992 patria,
3420 4933 3560 4994 puto
3584 4940 3597 4979 :
3619 4921 3785 4980 Dres-

2209 5012 2358 5067 lerus
2419 5027 2542 5065 cum
2586 5012 2711 5068 aliis
2737 5011 2936 5077 Etiam,
2995 5013 3139 5067 nulla
3173 5014 3380 5070 ratione
3412 5033 3428 5069 :
3468 5014 3775 5073 Turcorum

2207 5104 2516 5160 Annalibus
2573 5104 2890 5160 ScachCnli
2944 5106 3259 5161 nominatus
3312 5105 3485 5162 fuisse
3524 5107 3781 5176 refertur,

2207 5213 2339 5253 voce
2362 5199 2706 5270 signiﬁcante
2733 5198 2929 5255 Scachi
2962 5213 3205 5261 servum.
3236 5197 3304 5253 Et
3352 5197 3548 5256 Scachi
3586 5202 3777 5270 appel-

2208 5286 2410 5343 latione
2435 5288 2765 5360 intelligitur
2804 5288 2980 5343 Scach
3031 5288 3449 5356 Ismail,rccens
3480 5289 3776 5364 Persarum

2210 5395 2377 5448 regno
2411 5382 2638 5450 potitus,
2665 5380 2735 5434 dc
2768 5395 2879 5450 quo
2915 5381 3076 5450 paulo
3109 5379 3277 5452 ωε
3305 5392 3432 5450 post
3475 5385 3782 5452 exposituii

2208 5474 2417 5543 prolixe
2447 5490 2660 5532 sumus.
2693 5475 2784 5528 Ait
2811 5471 3032 5549 Jovius,
3070 5489 3196 5527 eum
3233 5474 3409 5529 luisse
3441 5476 3776 5546 discipulum

2207 5566 2482 5630 Arduclis,
2509 5566 2578 5620 tle
2607 5582 2718 5631 quo
2753 5566 2939 5619 itidem
2972 5581 3096 5619 mox
3142 5565 3436 5622 dicendum
3474 5584 3488 5619 :
3523 5578 3651 5635 post
3684 5584 3781 5620 cu-

2201 5657 2294 5727 jus
2330 5657 2556 5722 caedem,
2596 5656 2875 5727 Euphrate
2933 5658 3281 5720 transmisso,
3324 5659 3533 5713 venerit
3563 5659 3639 5716 .s'n
3677 5659 3782 5713 Ar-

2207 5752 2443 5805 meniam
2478 5752 2765 5806 minorem.
2801 5762 2848 5803 et
2883 5753 2934 5804 in
2979 5753 3238 5818 spelunca
3272 5751 3505 5818 quadam
3543 5752 3608 5806 ad
3637 5753 3776 5806 radi-

2206 5861 2296 5902 ces
2351 5843 2626 5899 Antitauri
2667 5843 2868 5898 montis
2925 5843 3272 5899 habitaverit.
3308 5841 3381 5897 Ea
3417 5858 3609 5913 parum
3645 5860 3773 5909 vero
