  <div class='ocr_page' id='page_1' title='image "/cluster/home/n/w/nwhite01/storage/ocr_20150623/159/mdp.39015015350443/435.png"; bbox 0 0 4204 6300; ppageno 0'>
   <div class='ocr_carea' id='block_1_1' title="bbox 550 308 656 370">
    <p class='ocr_par' dir='ltr' id='par_1_1' title="bbox 550 308 656 370">
     <span class='ocr_line' id='line_1_1' title="bbox 550 308 656 370; baseline 0.019 -2"><span class='ocrx_word' id='word_1_1' title='bbox 550 308 656 370; x_wconf 81' lang='grc'><strong>855</strong></span> 
     </span>
    </p>
   </div>
   <div class='ocr_carea' id='block_1_2' title="bbox 1707 319 2531 385">
    <p class='ocr_par' dir='ltr' id='par_1_2' title="bbox 1707 319 2531 385">
     <span class='ocr_line' id='line_1_2' title="bbox 1707 319 2531 385; baseline 0.006 -7"><span class='ocrx_word' id='word_1_2' title='bbox 1707 319 2029 381; x_wconf 83' lang='lat' dir='ltr'><strong>JOANNIS</strong></span> <span class='ocrx_word' id='word_1_3' title='bbox 2068 321 2531 385; x_wconf 81' lang='lat' dir='ltr'><strong>LEUNCLAVII</strong></span> 
     </span>
    </p>
   </div>
   <div class='ocr_carea' id='block_1_3' title="bbox 3686 324 3791 390">
    <p class='ocr_par' dir='ltr' id='par_1_3' title="bbox 3686 324 3791 390">
     <span class='ocr_line' id='line_1_3' title="bbox 3686 324 3791 390; baseline 0 0"><span class='ocrx_word' id='word_1_4' title='bbox 3686 324 3791 390; x_wconf 80' lang='lat'><strong>856</strong></span> 
     </span>
    </p>
   </div>
   <div class='ocr_carea' id='block_1_4' title="bbox 552 423 3793 507">
    <p class='ocr_par' dir='ltr' id='par_1_4' title="bbox 552 423 3793 507">
     <span class='ocr_line' id='line_1_4' title="bbox 552 423 3793 507; baseline 0.006 -32"><span class='ocrx_word' id='word_1_5' title='bbox 552 423 803 478; x_wconf 82' lang='lat' dir='ltr'><strong>tidentur</strong></span> <span class='ocrx_word' id='word_1_6' title='bbox 828 435 1214 489; x_wconf 74' lang='lat' dir='ltr'><strong>consentanea,</strong></span> <span class='ocrx_word' id='word_1_7' title='bbox 1238 436 1352 481; x_wconf 88' lang='lat' dir='ltr'><strong>tum</strong></span> <span class='ocrx_word' id='word_1_8' title='bbox 1378 430 1522 498; x_wconf 89' lang='lat' dir='ltr'><strong>quod</strong></span> <span class='ocrx_word' id='word_1_9' title='bbox 1547 428 1687 485; x_wconf 76' lang='lat' dir='ltr'><strong>Tcke</strong></span> <span class='ocrx_word' id='word_1_10' title='bbox 1704 433 1852 503; x_wconf 77' lang='lat' dir='ltr'><strong>regio</strong></span> <span class='ocrx_word' id='word_1_11' title='bbox 1900 437 2122 490; x_wconf 90' lang='lat' dir='ltr'><strong>minime</strong></span> <span class='ocrx_word' id='word_1_12' title='bbox 2153 443 2197 497; x_wconf 78' lang='grc' dir='ltr'><strong>Α</strong></span> <span class='ocrx_word' id='word_1_13' title='bbox 2230 452 2345 490; x_wconf 88' lang='lat' dir='ltr'><strong>sam</strong></span> <span class='ocrx_word' id='word_1_14' title='bbox 2373 438 2651 493; x_wconf 87' lang='lat' dir='ltr'><strong>civitatem</strong></span> <span class='ocrx_word' id='word_1_15' title='bbox 2682 438 2879 494; x_wconf 88' lang='lat' dir='ltr'><strong>habeat</strong></span> <span class='ocrx_word' id='word_1_16' title='bbox 2912 439 3073 507; x_wconf 83' lang='lat' dir='ltr'><strong>Coui,</strong></span> <span class='ocrx_word' id='word_1_17' title='bbox 3102 440 3209 495; x_wconf 86' lang='lat' dir='ltr'><strong>hoc</strong></span> <span class='ocrx_word' id='word_1_18' title='bbox 3244 445 3352 501; x_wconf 88' lang='lat' dir='ltr'><strong>est,</strong></span> <span class='ocrx_word' id='word_1_19' title='bbox 3385 437 3651 495; x_wconf 81' lang='lat' dir='ltr'><strong>lr0nium.</strong></span> <span class='ocrx_word' id='word_1_20' title='bbox 3687 442 3793 495; x_wconf 76' lang='lat' dir='ltr'><strong>Rc-</strong></span> 
     </span>
    </p>
   </div>
   <div class='ocr_carea' id='block_1_5' title="bbox 551 514 2094 595">
    <p class='ocr_par' dir='ltr' id='par_1_5' title="bbox 551 514 2094 595">
     <span class='ocr_line' id='line_1_5' title="bbox 551 514 2094 595; baseline 0.009 -26"><span class='ocrx_word' id='word_1_21' title='bbox 551 517 623 569; x_wconf 85' lang='lat' dir='ltr'><strong>sit</strong></span> <span class='ocrx_word' id='word_1_22' title='bbox 647 514 904 571; x_wconf 83' lang='lat' dir='ltr'><strong>Armenia</strong></span> <span class='ocrx_word' id='word_1_23' title='bbox 935 519 1137 583; x_wconf 90' lang='lat' dir='ltr'><strong>minor,</strong></span> <span class='ocrx_word' id='word_1_24' title='bbox 1172 520 1268 575; x_wconf 87' lang='lat' dir='ltr'><strong>sed</strong></span> <span class='ocrx_word' id='word_1_25' title='bbox 1304 516 1535 592; x_wconf 77' lang='lat' dir='ltr'><strong>Phrygia</strong></span> <span class='ocrx_word' id='word_1_26' title='bbox 1569 522 1763 591; x_wconf 74' lang='lat' dir='ltr'><strong>maior,</strong></span> <span class='ocrx_word' id='word_1_27' title='bbox 1800 534 1855 577; x_wconf 77' lang='lat' dir='ltr'><strong>ut</strong></span> <span class='ocrx_word' id='word_1_28' title='bbox 1905 536 2094 595; x_wconf 89' lang='lat' dir='ltr'><strong>aperte</strong></span> 
     </span>
    </p>
   </div>
   <div class='ocr_carea' id='block_1_6' title="bbox 550 608 2115 679">
    <p class='ocr_par' dir='ltr' id='par_1_6' title="bbox 550 608 2115 679">
     <span class='ocr_line' id='line_1_6' title="bbox 550 608 2115 679; baseline 0.009 -18"><span class='ocrx_word' id='word_1_29' title='bbox 550 608 720 662; x_wconf 93' lang='lat' dir='ltr'><strong>lector</strong></span> <span class='ocrx_word' id='word_1_30' title='bbox 748 624 814 662; x_wconf 82' lang='lat' dir='ltr'><strong>ex</strong></span> <span class='ocrx_word' id='word_1_31' title='bbox 847 609 978 679; x_wconf 87' lang='lat' dir='ltr'><strong>ipsis</strong></span> <span class='ocrx_word' id='word_1_32' title='bbox 1006 611 1302 666; x_wconf 80' lang='lat' dir='ltr'><strong>Annalium</strong></span> <span class='ocrx_word' id='word_1_33' title='bbox 1328 613 1509 667; x_wconf 79' lang='lat' dir='ltr'><strong>verbis</strong></span> <span class='ocrx_word' id='word_1_34' title='bbox 1545 629 1776 671; x_wconf 89' lang='lat' dir='ltr'><strong>numero</strong></span> <span class='ocrx_word' id='word_1_35' title='bbox 1815 617 1883 671; x_wconf 85' lang='lat'><strong>57</strong></span> <span class='ocrx_word' id='word_1_36' title='bbox 1915 622 2115 675; x_wconf 76' lang='lat' dir='ltr'><strong>notatis</strong></span> 
     </span>
    </p>
   </div>
   <div class='ocr_carea' id='block_1_7' title="bbox 546 699 2113 771">
    <p class='ocr_par' dir='ltr' id='par_1_7' title="bbox 546 699 2113 771">
     <span class='ocr_line' id='line_1_7' title="bbox 546 699 2113 771; baseline 0.008 -18"><span class='ocrx_word' id='word_1_37' title='bbox 546 699 805 769; x_wconf 74' lang='lat' dir='ltr'><strong>perspicit</strong></span> <span class='ocrx_word' id='word_1_38' title='bbox 834 717 849 765; x_wconf 90' lang='lat'><strong>;</strong></span> <span class='ocrx_word' id='word_1_39' title='bbox 892 710 1005 753; x_wconf 89' lang='lat' dir='ltr'><strong>tum</strong></span> <span class='ocrx_word' id='word_1_40' title='bbox 1037 702 1224 768; x_wconf 89' lang='lat' dir='ltr'><strong>etiam,</strong></span> <span class='ocrx_word' id='word_1_41' title='bbox 1278 703 1420 771; x_wconf 89' lang='lat' dir='ltr'><strong>quod</strong></span> <span class='ocrx_word' id='word_1_42' title='bbox 1447 719 1477 759; x_wconf 92' lang='lat' dir='ltr'><strong>e</strong></span> <span class='ocrx_word' id='word_1_43' title='bbox 1519 703 1704 761; x_wconf 76' lang='lat' dir='ltr'><strong>Persia</strong></span> <span class='ocrx_word' id='word_1_44' title='bbox 1738 711 1975 764; x_wconf 87' lang='lat' dir='ltr'><strong>venienti</strong></span> <span class='ocrx_word' id='word_1_45' title='bbox 2013 715 2113 766; x_wconf 86' lang='lat' dir='ltr'><strong>mi-</strong></span> 
     </span>
    </p>
   </div>
   <div class='ocr_carea' id='block_1_8' title="bbox 548 791 2110 865">
    <p class='ocr_par' dir='ltr' id='par_1_8' title="bbox 548 791 2110 865">
     <span class='ocr_line' id='line_1_8' title="bbox 548 791 2110 865; baseline 0.012 -22"><span class='ocrx_word' id='word_1_46' title='bbox 548 792 694 848; x_wconf 87' lang='lat' dir='ltr'><strong>nime</strong></span> <span class='ocrx_word' id='word_1_47' title='bbox 720 791 991 861; x_wconf 84' lang='lat' dir='ltr'><strong>Bajazites</strong></span> <span class='ocrx_word' id='word_1_48' title='bbox 1024 810 1251 850; x_wconf 87' lang='lat' dir='ltr'><strong>munera</strong></span> <span class='ocrx_word' id='word_1_49' title='bbox 1286 798 1586 865; x_wconf 79' lang='lat' dir='ltr'><strong>quotannis</strong></span> <span class='ocrx_word' id='word_1_50' title='bbox 1625 802 1895 858; x_wconf 85' lang='lat' dir='ltr'><strong>missurus</strong></span> <span class='ocrx_word' id='word_1_51' title='bbox 1924 805 2110 861; x_wconf 77' lang='lat' dir='ltr'><strong>fuerit.</strong></span> 
     </span>
    </p>
   </div>
   <div class='ocr_carea' id='block_1_9' title="bbox 545 880 2109 965">
    <p class='ocr_par' dir='ltr' id='par_1_9' title="bbox 545 880 2109 965">
     <span class='ocr_line' id='line_1_9' title="bbox 545 880 2109 965; baseline 0.01 -28"><span class='ocrx_word' id='word_1_52' title='bbox 545 880 677 937; x_wconf 90' lang='lat' dir='ltr'><strong>Utut</strong></span> <span class='ocrx_word' id='word_1_53' title='bbox 705 898 826 939; x_wconf 88' lang='lat' dir='ltr'><strong>sese</strong></span> <span class='ocrx_word' id='word_1_54' title='bbox 849 900 936 939; x_wconf 84' lang='lat' dir='ltr'><strong>res</strong></span> <span class='ocrx_word' id='word_1_55' title='bbox 965 885 1182 953; x_wconf 81' lang='lat' dir='ltr'><strong>habeat,</strong></span> <span class='ocrx_word' id='word_1_56' title='bbox 1203 887 1398 943; x_wconf 87' lang='lat' dir='ltr'><strong>Scachi</strong></span> <span class='ocrx_word' id='word_1_57' title='bbox 1424 890 1641 957; x_wconf 82' lang='lat' dir='ltr'><strong>quidem</strong></span> <span class='ocrx_word' id='word_1_58' title='bbox 1666 892 1893 951; x_wconf 87' lang='lat' dir='ltr'><strong>lsmailis</strong></span> <span class='ocrx_word' id='word_1_59' title='bbox 1930 909 2109 965; x_wconf 87' lang='lat' dir='ltr'><strong>partes</strong></span> 
     </span>
    </p>
   </div>
   <div class='ocr_carea' id='block_1_10' title="bbox 542 974 2106 1051">
    <p class='ocr_par' dir='ltr' id='par_1_10' title="bbox 542 974 2106 1051">
     <span class='ocr_line' id='line_1_10' title="bbox 542 974 2106 1051; baseline 0.011 -25"><span class='ocrx_word' id='word_1_60' title='bbox 542 974 829 1043; x_wconf 78' lang='lat' dir='ltr'><strong>amplexus</strong></span> <span class='ocrx_word' id='word_1_61' title='bbox 858 975 980 1051; x_wconf 64' lang='lat' dir='ltr'><strong>fuit,</strong></span> <span class='ocrx_word' id='word_1_62' title='bbox 1011 977 1244 1048; x_wconf 86' lang='lat' dir='ltr'><strong>ideoque</strong></span> <span class='ocrx_word' id='word_1_63' title='bbox 1284 979 1455 1035; x_wconf 84' lang='lat' dir='ltr'><strong>Scach</strong></span> <span class='ocrx_word' id='word_1_64' title='bbox 1491 982 1611 1037; x_wconf 82' lang='lat' dir='ltr'><strong>Culi</strong></span> <span class='ocrx_word' id='word_1_65' title='bbox 1643 986 1953 1041; x_wconf 87' lang='lat' dir='ltr'><strong>nominatus</strong></span> <span class='ocrx_word' id='word_1_66' title='bbox 1985 1006 1996 1041; x_wconf 92' lang='lat'>:</span> <span class='ocrx_word' id='word_1_67' title='bbox 2040 1005 2106 1043; x_wconf 78' lang='lat' dir='ltr'><strong>es</strong></span> 
     </span>
    </p>
   </div>
   <div class='ocr_carea' id='block_1_11' title="bbox 540 1066 2106 1144">
    <p class='ocr_par' dir='ltr' id='par_1_11' title="bbox 540 1066 2106 1144">
     <span class='ocr_line' id='line_1_11' title="bbox 540 1066 2106 1144; baseline 0.01 -24"><span class='ocrx_word' id='word_1_68' title='bbox 540 1080 650 1134; x_wconf 88' lang='lat' dir='ltr'><strong>quo</strong></span> <span class='ocrx_word' id='word_1_69' title='bbox 714 1066 903 1135; x_wconf 87' lang='lat' dir='ltr'><strong>Turci,</strong></span> <span class='ocrx_word' id='word_1_70' title='bbox 968 1071 1217 1139; x_wconf 86' lang='lat' dir='ltr'><strong>partibus</strong></span> <span class='ocrx_word' id='word_1_71' title='bbox 1263 1069 1682 1129; x_wconf 75' lang='lat' dir='ltr'><strong>Osmanidarum</strong></span> <span class='ocrx_word' id='word_1_72' title='bbox 1745 1076 2106 1144; x_wconf 71' lang='lat' dir='ltr'><strong>adhaerentes,</strong></span> 
     </span>
    </p>
   </div>
   <div class='ocr_carea' id='block_1_12' title="bbox 538 1156 2105 1236">
    <p class='ocr_par' dir='ltr' id='par_1_12' title="bbox 538 1156 2105 1236">
     <span class='ocr_line' id='line_1_12' title="bbox 538 1156 2105 1236; baseline 0.01 -25"><span class='ocrx_word' id='word_1_73' title='bbox 538 1156 720 1213; x_wconf 76' lang='lat' dir='ltr'><strong>fecere</strong></span> <span class='ocrx_word' id='word_1_74' title='bbox 774 1157 963 1214; x_wconf 90' lang='lat' dir='ltr'><strong>Scitan</strong></span> <span class='ocrx_word' id='word_1_75' title='bbox 1009 1161 1151 1227; x_wconf 86' lang='lat' dir='ltr'><strong>Culi,</strong></span> <span class='ocrx_word' id='word_1_76' title='bbox 1188 1177 1320 1220; x_wconf 85' lang='lat' dir='ltr'><strong>voce</strong></span> <span class='ocrx_word' id='word_1_77' title='bbox 1349 1165 1690 1236; x_wconf 75' lang='lat' dir='ltr'><strong>signiﬁcante</strong></span> <span class='ocrx_word' id='word_1_78' title='bbox 1744 1168 1958 1227; x_wconf 66' lang='lat' dir='ltr'><strong>Satanas</strong></span> <span class='ocrx_word' id='word_1_79' title='bbox 2021 1173 2105 1227; x_wconf 85' lang='lat' dir='ltr'><strong>vel</strong></span> 
     </span>
    </p>
   </div>
   <div class='ocr_carea' id='block_1_13' title="bbox 536 1250 2105 1335">
    <p class='ocr_par' dir='ltr' id='par_1_13' title="bbox 536 1250 2105 1335">
     <span class='ocr_line' id='line_1_13' title="bbox 536 1250 2105 1335; baseline 0.01 -32"><span class='ocrx_word' id='word_1_80' title='bbox 536 1250 735 1306; x_wconf 86' lang='lat' dir='ltr'><strong>diaboli</strong></span> <span class='ocrx_word' id='word_1_81' title='bbox 764 1266 979 1307; x_wconf 87' lang='lat' dir='ltr'><strong>servum</strong></span> <span class='ocrx_word' id='word_1_82' title='bbox 1009 1256 1431 1325; x_wconf 87' lang='lat' dir='ltr'><strong>mancipiumve.</strong></span> <span class='ocrx_word' id='word_1_83' title='bbox 1471 1259 1753 1317; x_wconf 68' lang='lat' dir='ltr'><strong>Geuiraeus</strong></span> <span class='ocrx_word' id='word_1_84' title='bbox 1782 1263 1977 1320; x_wconf 89' lang='lat' dir='ltr'><strong>alicubi</strong></span> <span class='ocrx_word' id='word_1_85' title='bbox 2006 1281 2105 1335; x_wconf 88' lang='lat' dir='ltr'><strong>pro</strong></span> 
     </span>
    </p>
   </div>
   <div class='ocr_carea' id='block_1_14' title="bbox 537 1345 2101 1425">
    <p class='ocr_par' dir='ltr' id='par_1_14' title="bbox 537 1345 2101 1425">
     <span class='ocr_line' id='line_1_14' title="bbox 537 1345 2101 1425; baseline 0.011 -29"><span class='ocrx_word' id='word_1_86' title='bbox 537 1345 658 1399; x_wconf 82' lang='lat' dir='ltr'><strong>Cnli</strong></span> <span class='ocrx_word' id='word_1_87' title='bbox 715 1346 936 1415; x_wconf 76' lang='lat' dir='ltr'><strong>scripsit</strong></span> <span class='ocrx_word' id='word_1_88' title='bbox 966 1347 1201 1405; x_wconf 85' lang='lat' dir='ltr'><strong>Coullet.</strong></span> <span class='ocrx_word' id='word_1_89' title='bbox 1241 1350 1625 1422; x_wconf 85' lang='lat' dir='ltr'><strong>Spandnginus</strong></span> <span class='ocrx_word' id='word_1_90' title='bbox 1658 1354 1705 1407; x_wconf 92' lang='lat' dir='ltr'><strong>ei</strong></span> <span class='ocrx_word' id='word_1_91' title='bbox 1761 1358 2101 1425; x_wconf 84' lang='lat' dir='ltr'><strong>suppeditata</strong></span> 
     </span>
    </p>
   </div>
   <div class='ocr_carea' id='block_1_15' title="bbox 534 1435 2099 1513">
    <p class='ocr_par' dir='ltr' id='par_1_15' title="bbox 534 1435 2099 1513">
     <span class='ocr_line' id='line_1_15' title="bbox 534 1435 2099 1513; baseline 0.01 -25"><span class='ocrx_word' id='word_1_92' title='bbox 534 1435 705 1490; x_wconf 80' lang='lat' dir='ltr'><strong>fuisse</strong></span> <span class='ocrx_word' id='word_1_93' title='bbox 747 1438 913 1491; x_wconf 78' lang='lat' dir='ltr'><strong>tradit</strong></span> <span class='ocrx_word' id='word_1_94' title='bbox 949 1440 1018 1494; x_wconf 88' lang='lat' dir='ltr'><strong>ab</strong></span> <span class='ocrx_word' id='word_1_95' title='bbox 1065 1438 1283 1496; x_wconf 86' lang='lat' dir='ltr'><strong>lsmaile</strong></span> <span class='ocrx_word' id='word_1_96' title='bbox 1318 1442 1529 1497; x_wconf 85' lang='lat' dir='ltr'><strong>Scaclio</strong></span> <span class='ocrx_word' id='word_1_97' title='bbox 1572 1444 1751 1500; x_wconf 78' lang='grc'>20000</span> <span class='ocrx_word' id='word_1_98' title='bbox 1796 1448 2099 1513; x_wconf 90' lang='lat' dir='ltr'><strong>hominum,</strong></span> 
     </span>
    </p>
   </div>
   <div class='ocr_carea' id='block_1_16' title="bbox 532 1527 2102 1610">
    <p class='ocr_par' dir='ltr' id='par_1_16' title="bbox 532 1527 2102 1610">
     <span class='ocr_line' id='line_1_16' title="bbox 532 1527 2102 1610; baseline 0.011 -31"><span class='ocrx_word' id='word_1_99' title='bbox 532 1527 679 1593; x_wconf 79' lang='lat' dir='ltr'><strong>quod</strong></span> <span class='ocrx_word' id='word_1_100' title='bbox 712 1530 965 1595; x_wconf 86' lang='lat' dir='ltr'><strong>equidem</strong></span> <span class='ocrx_word' id='word_1_101' title='bbox 996 1545 1184 1586; x_wconf 85' lang='lat' dir='ltr'><strong>verum</strong></span> <span class='ocrx_word' id='word_1_102' title='bbox 1223 1549 1330 1587; x_wconf 90' lang='lat' dir='ltr'><strong>non</strong></span> <span class='ocrx_word' id='word_1_103' title='bbox 1369 1535 1625 1602; x_wconf 83' lang='lat' dir='ltr'><strong>arbitror,</strong></span> <span class='ocrx_word' id='word_1_104' title='bbox 1657 1553 1718 1592; x_wconf 77' lang='lat' dir='ltr'><strong>ex</strong></span> <span class='ocrx_word' id='word_1_105' title='bbox 1764 1540 1832 1594; x_wconf 89' lang='lat' dir='ltr'><strong>iis</strong></span> <span class='ocrx_word' id='word_1_106' title='bbox 1860 1557 1982 1610; x_wconf 68' lang='lat' dir='ltr'><strong>quae</strong></span> <span class='ocrx_word' id='word_1_107' title='bbox 2012 1543 2102 1597; x_wconf 88' lang='lat' dir='ltr'><strong>hic</strong></span> 
     </span>
    </p>
   </div>
   <div class='ocr_carea' id='block_1_17' title="bbox 531 1619 2099 1697">
    <p class='ocr_par' dir='ltr' id='par_1_17' title="bbox 531 1619 2099 1697">
     <span class='ocr_line' id='line_1_17' title="bbox 531 1619 2099 1697; baseline 0.011 -25"><span class='ocrx_word' id='word_1_108' title='bbox 531 1619 587 1673; x_wconf 90' lang='lat' dir='ltr'><strong>in</strong></span> <span class='ocrx_word' id='word_1_109' title='bbox 619 1621 927 1678; x_wconf 80' lang='lat' dir='ltr'><strong>Annalibus</strong></span> <span class='ocrx_word' id='word_1_110' title='bbox 965 1638 1293 1694; x_wconf 84' lang='lat' dir='ltr'><strong>sequuntur.</strong></span> <span class='ocrx_word' id='word_1_111' title='bbox 1326 1627 1495 1697; x_wconf 71' lang='lat' dir='ltr'><strong>Magis</strong></span> <span class='ocrx_word' id='word_1_112' title='bbox 1522 1638 1606 1684; x_wconf 90' lang='lat' dir='ltr'><strong>est</strong></span> <span class='ocrx_word' id='word_1_113' title='bbox 1652 1647 1781 1685; x_wconf 86' lang='lat' dir='ltr'><strong>vero</strong></span> <span class='ocrx_word' id='word_1_114' title='bbox 1809 1643 2099 1689; x_wconf 80' lang='lat' dir='ltr'><strong>consenta-</strong></span> 
     </span>
    </p>
   </div>
   <div class='ocr_carea' id='block_1_18' title="bbox 531 1711 2097 1787">
    <p class='ocr_par' dir='ltr' id='par_1_18' title="bbox 531 1711 2097 1787">
     <span class='ocr_line' id='line_1_18' title="bbox 531 1711 2097 1787; baseline 0.012 -25"><span class='ocrx_word' id='word_1_115' title='bbox 531 1726 715 1775; x_wconf 89' lang='lat' dir='ltr'><strong>neum,</strong></span> <span class='ocrx_word' id='word_1_116' title='bbox 747 1714 893 1781; x_wconf 87' lang='lat' dir='ltr'><strong>quod</strong></span> <span class='ocrx_word' id='word_1_117' title='bbox 920 1711 1109 1771; x_wconf 81' lang='lat' dir='ltr'><strong>Jovius</strong></span> <span class='ocrx_word' id='word_1_118' title='bbox 1139 1717 1237 1783; x_wconf 90' lang='lat' dir='ltr'><strong>ait,</strong></span> <span class='ocrx_word' id='word_1_119' title='bbox 1271 1732 1367 1787; x_wconf 84' lang='lat' dir='ltr'><strong>per</strong></span> <span class='ocrx_word' id='word_1_120' title='bbox 1395 1719 1767 1778; x_wconf 84' lang='lat' dir='ltr'><strong>internuntios</strong></span> <span class='ocrx_word' id='word_1_121' title='bbox 1795 1723 1865 1777; x_wconf 85' lang='lat' dir='ltr'><strong>ab</strong></span> <span class='ocrx_word' id='word_1_122' title='bbox 1887 1722 2097 1781; x_wconf 90' lang='lat' dir='ltr'><strong>lsmaile</strong></span> 
     </span>
    </p>
   </div>
   <div class='ocr_carea' id='block_1_19' title="bbox 527 1803 2094 1878">
    <p class='ocr_par' dir='ltr' id='par_1_19' title="bbox 527 1803 2094 1878">
     <span class='ocr_line' id='line_1_19' title="bbox 527 1803 2094 1878; baseline 0.011 -21"><span class='ocrx_word' id='word_1_123' title='bbox 527 1803 913 1859; x_wconf 77' lang='lat' dir='ltr'><strong>conﬁrmatum</strong></span> <span class='ocrx_word' id='word_1_124' title='bbox 963 1808 1016 1860; x_wconf 92' lang='lat' dir='ltr'><strong>in</strong></span> <span class='ocrx_word' id='word_1_125' title='bbox 1080 1809 1364 1878; x_wconf 82' lang='lat' dir='ltr'><strong>preposito</strong></span> <span class='ocrx_word' id='word_1_126' title='bbox 1406 1811 1592 1867; x_wconf 78' lang='lat' dir='ltr'><strong>fuisse.</strong></span> <span class='ocrx_word' id='word_1_127' title='bbox 1628 1813 1776 1868; x_wconf 85' lang='lat' dir='ltr'><strong>Kisel</strong></span> <span class='ocrx_word' id='word_1_128' title='bbox 1806 1815 1986 1871; x_wconf 89' lang='lat' dir='ltr'><strong>bassa.</strong></span> <span class='ocrx_word' id='word_1_129' title='bbox 2016 1820 2094 1874; x_wconf 86' lang='lat' dir='ltr'><strong>si-</strong></span> 
     </span>
    </p>
   </div>
   <div class='ocr_carea' id='block_1_20' title="bbox 523 1893 2095 1968">
    <p class='ocr_par' dir='ltr' id='par_1_20' title="bbox 523 1893 2095 1968">
     <span class='ocr_line' id='line_1_20' title="bbox 523 1893 2095 1968; baseline 0.01 -21"><span class='ocrx_word' id='word_1_130' title='bbox 523 1893 744 1962; x_wconf 76' lang='lat' dir='ltr'><strong>gniﬁcat</strong></span> <span class='ocrx_word' id='word_1_131' title='bbox 775 1897 1001 1951; x_wconf 89' lang='lat' dir='ltr'><strong>rubrum</strong></span> <span class='ocrx_word' id='word_1_132' title='bbox 1023 1909 1203 1968; x_wconf 86' lang='lat' dir='ltr'><strong>caput.</strong></span> <span class='ocrx_word' id='word_1_133' title='bbox 1227 1898 1279 1953; x_wconf 88' lang='lat' dir='ltr'><strong>Id</strong></span> <span class='ocrx_word' id='word_1_134' title='bbox 1312 1915 1507 1955; x_wconf 80' lang='lat' dir='ltr'><strong>nomen</strong></span> <span class='ocrx_word' id='word_1_135' title='bbox 1529 1903 1803 1958; x_wconf 87' lang='lat' dir='ltr'><strong>Osmanici</strong></span> <span class='ocrx_word' id='word_1_136' title='bbox 1825 1906 2095 1964; x_wconf 84' lang='lat' dir='ltr'><strong>dederunt</strong></span> 
     </span>
    </p>
   </div>
   <div class='ocr_carea' id='block_1_21' title="bbox 528 1984 2092 2055">
    <p class='ocr_par' dir='ltr' id='par_1_21' title="bbox 528 1984 2092 2055">
     <span class='ocr_line' id='line_1_21' title="bbox 528 1984 2092 2055; baseline 0.007 -16"><span class='ocrx_word' id='word_1_137' title='bbox 528 1984 631 2039; x_wconf 87' lang='lat' dir='ltr'><strong>hoc</strong></span> <span class='ocrx_word' id='word_1_138' title='bbox 657 1986 777 2055; x_wconf 90' lang='lat' dir='ltr'><strong>ipso</strong></span> <span class='ocrx_word' id='word_1_139' title='bbox 807 1996 1050 2053; x_wconf 86' lang='lat' dir='ltr'><strong>tempore</strong></span> <span class='ocrx_word' id='word_1_140' title='bbox 1080 1990 1445 2045; x_wconf 90' lang='lat' dir='ltr'><strong>sectatoribus</strong></span> <span class='ocrx_word' id='word_1_141' title='bbox 1475 1988 1705 2047; x_wconf 89' lang='lat' dir='ltr'><strong>lsmailis</strong></span> <span class='ocrx_word' id='word_1_142' title='bbox 1732 1994 1923 2050; x_wconf 85' lang='lat' dir='ltr'><strong>Scaehi</strong></span> <span class='ocrx_word' id='word_1_143' title='bbox 1965 1996 2092 2053; x_wconf 85' lang='lat' dir='ltr'><strong>Pcr-</strong></span> 
     </span>
    </p>
   </div>
   <div class='ocr_carea' id='block_1_22' title="bbox 523 2081 2091 2160">
    <p class='ocr_par' dir='ltr' id='par_1_22' title="bbox 523 2081 2091 2160">
     <span class='ocr_line' id='line_1_22' title="bbox 523 2081 2091 2160; baseline 0.008 -27"><span class='ocrx_word' id='word_1_144' title='bbox 523 2094 733 2142; x_wconf 81' lang='lat' dir='ltr'><strong>sarum,</strong></span> <span class='ocrx_word' id='word_1_145' title='bbox 758 2095 790 2132; x_wconf 90' lang='lat' dir='ltr'><strong>a</strong></span> <span class='ocrx_word' id='word_1_146' title='bbox 823 2081 987 2135; x_wconf 88' lang='lat' dir='ltr'><strong>rubro</strong></span> <span class='ocrx_word' id='word_1_147' title='bbox 1024 2082 1217 2151; x_wconf 81' lang='lat' dir='ltr'><strong>capitis</strong></span> <span class='ocrx_word' id='word_1_148' title='bbox 1249 2094 1560 2153; x_wconf 78' lang='lat' dir='ltr'><strong>legumento</strong></span> <span class='ocrx_word' id='word_1_149' title='bbox 1588 2102 1601 2138; x_wconf 87' lang='lat'><strong>:</strong></span> <span class='ocrx_word' id='word_1_150' title='bbox 1641 2101 1753 2157; x_wconf 84' lang='lat' dir='ltr'><strong>quo</strong></span> <span class='ocrx_word' id='word_1_151' title='bbox 1781 2088 1847 2143; x_wconf 84' lang='lat' dir='ltr'><strong>de</strong></span> <span class='ocrx_word' id='word_1_152' title='bbox 1879 2090 2091 2160; x_wconf 85' lang='lat' dir='ltr'><strong>plenius</strong></span> 
     </span>
    </p>
   </div>
   <div class='ocr_carea' id='block_1_23' title="bbox 523 2174 1183 2245">
    <p class='ocr_par' dir='ltr' id='par_1_23' title="bbox 523 2174 1183 2245">
     <span class='ocr_line' id='line_1_23' title="bbox 523 2174 1183 2245; baseline 0.006 -20"><span class='ocrx_word' id='word_1_153' title='bbox 523 2174 791 2243; x_wconf 77' lang='lat' dir='ltr'><strong>agendum</strong></span> <span class='ocrx_word' id='word_1_154' title='bbox 832 2174 995 2244; x_wconf 87' lang='lat' dir='ltr'><strong>paulo</strong></span> <span class='ocrx_word' id='word_1_155' title='bbox 1038 2184 1183 2245; x_wconf 87' lang='lat' dir='ltr'><strong>post.</strong></span> 
     </span>
    </p>
   </div>
   <div class='ocr_carea' id='block_1_24' title="bbox 524 2309 2091 2369">
    <p class='ocr_par' dir='ltr' id='par_1_24' title="bbox 524 2309 2091 2369">
     <span class='ocr_line' id='line_1_24' title="bbox 524 2309 2091 2369; baseline 0.004 -6"><span class='ocrx_word' id='word_1_156' title='bbox 524 2309 644 2366; x_wconf 77' lang='grc'><strong>180.</strong></span> <span class='ocrx_word' id='word_1_157' title='bbox 682 2311 887 2369; x_wconf 78' lang='lat' dir='ltr'><strong>Antali.</strong></span> <span class='ocrx_word' id='word_1_158' title='bbox 920 2310 1106 2364; x_wconf 79' lang='lat' dir='ltr'><strong>civitas</strong></span> <span class='ocrx_word' id='word_1_159' title='bbox 1168 2310 1431 2365; x_wconf 73' lang='lat' dir='ltr'><strong>Anatolio:</strong></span> <span class='ocrx_word' id='word_1_160' title='bbox 1463 2328 1482 2367; x_wconf 92' lang='lat'><strong><em>:</em></strong></span> <span class='ocrx_word' id='word_1_161' title='bbox 1513 2310 1818 2367; x_wconf 67' lang='lat' dir='ltr'><strong>Gra&#39;corum</strong></span> <span class='ocrx_word' id='word_1_162' title='bbox 1869 2316 1998 2368; x_wconf 83' lang='lat' dir='ltr'><strong>anni</strong></span> <span class='ocrx_word' id='word_1_163' title='bbox 2056 2332 2091 2369; x_wconf 77' lang='grc' dir='ltr'><strong>α</strong></span> 
     </span>
    </p>
   </div>
   <div class='ocr_carea' id='block_1_25' title="bbox 590 2383 2086 2449">
    <p class='ocr_par' dir='ltr' id='par_1_25' title="bbox 590 2383 2086 2449">
     <span class='ocr_line' id='line_1_25' title="bbox 590 2383 2086 2449; baseline 0.002 -13"><span class='ocrx_word' id='word_1_164' title='bbox 590 2385 787 2436; x_wconf 69' lang='lat' dir='ltr'><strong>arundo</strong></span> <span class='ocrx_word' id='word_1_165' title='bbox 808 2383 1037 2446; x_wconf 83' lang='lat' dir='ltr'><strong>condito,</strong></span> <span class='ocrx_word' id='word_1_166' title='bbox 1066 2397 1297 2449; x_wconf 80' lang='lat' dir='ltr'><strong>quonam</strong></span> <span class='ocrx_word' id='word_1_167' title='bbox 1334 2383 1488 2436; x_wconf 84' lang='lat' dir='ltr'><strong>modo</strong></span> <span class='ocrx_word' id='word_1_168' title='bbox 1513 2400 1631 2437; x_wconf 79' lang='lat' dir='ltr'><strong>cum</strong></span> <span class='ocrx_word' id='word_1_169' title='bbox 1665 2386 1859 2438; x_wconf 80' lang='lat' dir='ltr'><strong>nostris</strong></span> <span class='ocrx_word' id='word_1_170' title='bbox 1904 2402 2086 2439; x_wconf 81' lang='lat' dir='ltr'><strong>conve-</strong></span> 
     </span>
    </p>
   </div>
   <div class='ocr_carea' id='block_1_26' title="bbox 589 2451 2086 2521">
    <p class='ocr_par' dir='ltr' id='par_1_26' title="bbox 589 2451 2086 2521">
     <span class='ocr_line' id='line_1_26' title="bbox 589 2451 2086 2521; baseline 0.001 -14"><span class='ocrx_word' id='word_1_171' title='bbox 589 2456 761 2509; x_wconf 84' lang='lat' dir='ltr'><strong>niant.</strong></span> <span class='ocrx_word' id='word_1_172' title='bbox 809 2451 1042 2507; x_wconf 83' lang='lat' dir='ltr'><strong>Nomina</strong></span> <span class='ocrx_word' id='word_1_173' title='bbox 1084 2453 1323 2521; x_wconf 77' lang='lat' dir='ltr'><strong>quwdam</strong></span> <span class='ocrx_word' id='word_1_174' title='bbox 1354 2462 1557 2507; x_wconf 82' lang='lat' dir='ltr'><strong>vetusta</strong></span> <span class='ocrx_word' id='word_1_175' title='bbox 1577 2470 1693 2508; x_wconf 82' lang='lat' dir='ltr'><strong>cum</strong></span> <span class='ocrx_word' id='word_1_176' title='bbox 1711 2458 2086 2509; x_wconf 78' lang='lat' dir='ltr'><strong>recentioribus</strong></span> 
     </span>
    </p>
   </div>
   <div class='ocr_carea' id='block_1_27' title="bbox 588 2525 809 2581">
    <p class='ocr_par' dir='ltr' id='par_1_27' title="bbox 588 2525 809 2581">
     <span class='ocr_line' id='line_1_27' title="bbox 588 2525 809 2581; baseline 0.009 -4"><span class='ocrx_word' id='word_1_177' title='bbox 588 2525 809 2581; x_wconf 82' lang='lat' dir='ltr'><strong>collata.</strong></span> 
     </span>
    </p>
   </div>
   <div class='ocr_carea' id='block_1_28' title="bbox 592 2642 2084 2724">
    <p class='ocr_par' dir='ltr' id='par_1_28' title="bbox 592 2642 2084 2724">
     <span class='ocr_line' id='line_1_28' title="bbox 592 2642 2084 2724; baseline 0.013 -28"><span class='ocrx_word' id='word_1_178' title='bbox 592 2642 727 2709; x_wconf 67' lang='lat' dir='ltr'><strong>Quae</strong></span> <span class='ocrx_word' id='word_1_179' title='bbox 760 2644 953 2701; x_wconf 82' lang='lat' dir='ltr'><strong>Turcis</strong></span> <span class='ocrx_word' id='word_1_180' title='bbox 984 2647 1072 2701; x_wconf 90' lang='lat' dir='ltr'><strong>hic</strong></span> <span class='ocrx_word' id='word_1_181' title='bbox 1115 2648 1299 2705; x_wconf 80' lang='lat' dir='ltr'><strong>Antali</strong></span> <span class='ocrx_word' id='word_1_182' title='bbox 1341 2659 1582 2716; x_wconf 83' lang='lat' dir='ltr'><strong>vocatur,</strong></span> <span class='ocrx_word' id='word_1_183' title='bbox 1609 2656 1808 2724; x_wconf 74' lang='lat' dir='ltr'><strong>prisois</strong></span> <span class='ocrx_word' id='word_1_184' title='bbox 1846 2667 1965 2713; x_wconf 82' lang='lat' dir='ltr'><strong>erat</strong></span> <span class='ocrx_word' id='word_1_185' title='bbox 1993 2663 2084 2715; x_wconf 84' lang='lat' dir='ltr'><strong>At-</strong></span> 
     </span>
    </p>
   </div>
   <div class='ocr_carea' id='block_1_29' title="bbox 520 2733 2085 2811">
    <p class='ocr_par' dir='ltr' id='par_1_29' title="bbox 520 2733 2085 2811">
     <span class='ocr_line' id='line_1_29' title="bbox 520 2733 2085 2811; baseline 0.011 -26"><span class='ocrx_word' id='word_1_186' title='bbox 520 2733 669 2799; x_wconf 89' lang='lat' dir='ltr'><strong>talia,</strong></span> <span class='ocrx_word' id='word_1_187' title='bbox 701 2737 975 2805; x_wconf 87' lang='lat' dir='ltr'><strong>quondam</strong></span> <span class='ocrx_word' id='word_1_188' title='bbox 1001 2738 1070 2794; x_wconf 90' lang='lat' dir='ltr'><strong>ab</strong></span> <span class='ocrx_word' id='word_1_189' title='bbox 1121 2737 1303 2793; x_wconf 79' lang='lat' dir='ltr'><strong>Attalo</strong></span> <span class='ocrx_word' id='word_1_190' title='bbox 1331 2756 1480 2811; x_wconf 87' lang='lat' dir='ltr'><strong>rege,</strong></span> <span class='ocrx_word' id='word_1_191' title='bbox 1513 2758 1623 2799; x_wconf 91' lang='lat' dir='ltr'><strong>uno</strong></span> <span class='ocrx_word' id='word_1_192' title='bbox 1658 2746 1724 2801; x_wconf 90' lang='lat' dir='ltr'><strong>de</strong></span> <span class='ocrx_word' id='word_1_193' title='bbox 1750 2751 2085 2804; x_wconf 82' lang='lat' dir='ltr'><strong>successori-</strong></span> 
     </span>
    </p>
   </div>
   <div class='ocr_carea' id='block_1_30' title="bbox 518 2827 2081 2907">
    <p class='ocr_par' dir='ltr' id='par_1_30' title="bbox 518 2827 2081 2907">
     <span class='ocr_line' id='line_1_30' title="bbox 518 2827 2081 2907; baseline 0.01 -27"><span class='ocrx_word' id='word_1_194' title='bbox 518 2827 617 2883; x_wconf 86' lang='lat' dir='ltr'><strong>bus</strong></span> <span class='ocrx_word' id='word_1_195' title='bbox 645 2829 943 2882; x_wconf 78' lang='lat' dir='ltr'><strong>Alexandri</strong></span> <span class='ocrx_word' id='word_1_196' title='bbox 983 2829 1185 2898; x_wconf 78' lang='lat' dir='ltr'><strong>Magni,</strong></span> <span class='ocrx_word' id='word_1_197' title='bbox 1216 2832 1459 2886; x_wconf 86' lang='lat' dir='ltr'><strong>condita.</strong></span> <span class='ocrx_word' id='word_1_198' title='bbox 1496 2834 1693 2891; x_wconf 86' lang='lat' dir='ltr'><strong>Leonis</strong></span> <span class='ocrx_word' id='word_1_199' title='bbox 1734 2838 2081 2907; x_wconf 75' lang='lat' dir='ltr'><strong>imperatoris</strong></span> 
     </span>
    </p>
   </div>
   <div class='ocr_carea' id='block_1_31' title="bbox 513 2918 2081 2997">
    <p class='ocr_par' dir='ltr' id='par_1_31' title="bbox 513 2918 2081 2997">
     <span class='ocr_line' id='line_1_31' title="bbox 513 2918 2081 2997; baseline 0.008 -24"><span class='ocrx_word' id='word_1_200' title='bbox 513 2918 735 2975; x_wconf 83' lang='lat' dir='ltr'><strong>Novella</strong></span> <span class='ocrx_word' id='word_1_201' title='bbox 763 2921 830 2975; x_wconf 92' lang='lat' dir='ltr'><strong>de</strong></span> <span class='ocrx_word' id='word_1_202' title='bbox 854 2922 1065 2977; x_wconf 87' lang='lat' dir='ltr'><strong>thronis</strong></span> <span class='ocrx_word' id='word_1_203' title='bbox 1101 2937 1222 2976; x_wconf 89' lang='lat' dir='ltr'><strong>eam</strong></span> <span class='ocrx_word' id='word_1_204' title='bbox 1254 2925 1483 2979; x_wconf 76' lang='lat' dir='ltr'><strong>collocat</strong></span> <span class='ocrx_word' id='word_1_205' title='bbox 1536 2928 1588 2979; x_wconf 91' lang='lat' dir='ltr'><strong>in</strong></span> <span class='ocrx_word' id='word_1_206' title='bbox 1642 2928 1940 2997; x_wconf 85' lang='lat' dir='ltr'><strong>Pamphilia</strong></span> <span class='ocrx_word' id='word_1_207' title='bbox 1994 2948 2081 2986; x_wconf 85' lang='lat' dir='ltr'><strong>se-</strong></span> 
     </span>
    </p>
   </div>
   <div class='ocr_carea' id='block_1_32' title="bbox 512 3014 2079 3090">
    <p class='ocr_par' dir='ltr' id='par_1_32' title="bbox 512 3014 2079 3090">
     <span class='ocr_line' id='line_1_32' title="bbox 512 3014 2079 3090; baseline 0.008 -26"><span class='ocrx_word' id='word_1_208' title='bbox 512 3014 714 3075; x_wconf 87' lang='lat' dir='ltr'><strong>cunda,</strong></span> <span class='ocrx_word' id='word_1_209' title='bbox 746 3014 849 3068; x_wconf 89' lang='lat' dir='ltr'><strong>sub</strong></span> <span class='ocrx_word' id='word_1_210' title='bbox 879 3015 1161 3083; x_wconf 85' lang='lat' dir='ltr'><strong>metropoli</strong></span> <span class='ocrx_word' id='word_1_211' title='bbox 1196 3015 1370 3085; x_wconf 67' lang='lat' dir='ltr'><strong>Sylazo</strong></span> <span class='ocrx_word' id='word_1_212' title='bbox 1407 3018 1520 3071; x_wconf 88' lang='lat' dir='ltr'><strong>sive</strong></span> <span class='ocrx_word' id='word_1_213' title='bbox 1552 3018 1742 3089; x_wconf 82' lang='lat' dir='ltr'><strong>Perga.</strong></span> <span class='ocrx_word' id='word_1_214' title='bbox 1773 3022 1946 3076; x_wconf 64' lang='lat' dir='ltr'><strong>Graeci</strong></span> <span class='ocrx_word' id='word_1_215' title='bbox 1981 3040 2079 3090; x_wconf 75' lang='lat' dir='ltr'><strong>po-</strong></span> 
     </span>
    </p>
   </div>
   <div class='ocr_carea' id='block_1_33' title="bbox 2218 529 3787 603">
    <p class='ocr_par' dir='ltr' id='par_1_33' title="bbox 2218 529 3787 603">
     <span class='ocr_line' id='line_1_33' title="bbox 2218 529 3787 603; baseline 0.004 -20"><span class='ocrx_word' id='word_1_216' title='bbox 2218 531 2367 585; x_wconf 88' lang='lat' dir='ltr'><strong>ctins</strong></span> <span class='ocrx_word' id='word_1_217' title='bbox 2401 529 2542 585; x_wconf 88' lang='lat' dir='ltr'><strong>hanc</strong></span> <span class='ocrx_word' id='word_1_218' title='bbox 2598 532 2831 586; x_wconf 79' lang='lat' dir='ltr'><strong>collocat</strong></span> <span class='ocrx_word' id='word_1_219' title='bbox 2862 532 2915 586; x_wconf 91' lang='lat' dir='ltr'><strong>in</strong></span> <span class='ocrx_word' id='word_1_220' title='bbox 2961 529 3265 603; x_wconf 86' lang='lat' dir='ltr'><strong>Lycaonia,</strong></span> <span class='ocrx_word' id='word_1_221' title='bbox 3308 547 3470 602; x_wconf 91' lang='lat' dir='ltr'><strong>quam</strong></span> <span class='ocrx_word' id='word_1_222' title='bbox 3512 532 3787 589; x_wconf 83' lang='lat' dir='ltr'><strong>Laonicns</strong></span> 
     </span>
    </p>
   </div>
   <div class='ocr_carea' id='block_1_34' title="bbox 2216 622 3782 694">
    <p class='ocr_par' dir='ltr' id='par_1_34' title="bbox 2216 622 3782 694">
     <span class='ocr_line' id='line_1_34' title="bbox 2216 622 3782 694; baseline 0.002 -19"><span class='ocrx_word' id='word_1_223' title='bbox 2216 622 2269 676; x_wconf 89' lang='lat' dir='ltr'><strong>in</strong></span> <span class='ocrx_word' id='word_1_224' title='bbox 2298 622 2458 676; x_wconf 84' lang='lat' dir='ltr'><strong>Caria</strong></span> <span class='ocrx_word' id='word_1_225' title='bbox 2487 640 2501 688; x_wconf 90' lang='lat'><strong>;</strong></span> <span class='ocrx_word' id='word_1_226' title='bbox 2537 627 2601 679; x_wconf 86' lang='lat' dir='ltr'><strong>de</strong></span> <span class='ocrx_word' id='word_1_227' title='bbox 2632 640 2737 693; x_wconf 87' lang='lat' dir='ltr'><strong>quo</strong></span> <span class='ocrx_word' id='word_1_228' title='bbox 2764 640 2929 694; x_wconf 89' lang='lat' dir='ltr'><strong>supra</strong></span> <span class='ocrx_word' id='word_1_229' title='bbox 2968 642 3195 680; x_wconf 86' lang='lat' dir='ltr'><strong>numero</strong></span> <span class='ocrx_word' id='word_1_230' title='bbox 3221 626 3306 689; x_wconf 74' lang='grc'><strong>12,</strong></span> <span class='ocrx_word' id='word_1_231' title='bbox 3334 628 3561 680; x_wconf 82' lang='lat' dir='ltr'><strong>dictum.</strong></span> <span class='ocrx_word' id='word_1_232' title='bbox 3600 626 3782 691; x_wconf 80' lang='lat' dir='ltr'><strong>Addit,</strong></span> 
     </span>
    </p>
   </div>
   <div class='ocr_carea' id='block_1_35' title="bbox 2215 718 3783 788">
    <p class='ocr_par' dir='ltr' id='par_1_35' title="bbox 2215 718 3783 788">
     <span class='ocr_line' id='line_1_35' title="bbox 2215 718 3783 788; baseline 0.001 -18"><span class='ocrx_word' id='word_1_233' title='bbox 2215 719 2355 771; x_wconf 87' lang='lat' dir='ltr'><strong>hanc</strong></span> <span class='ocrx_word' id='word_1_234' title='bbox 2382 731 2505 771; x_wconf 89' lang='lat' dir='ltr'><strong>esse</strong></span> <span class='ocrx_word' id='word_1_235' title='bbox 2532 718 2794 787; x_wconf 83' lang='lat' dir='ltr'><strong>majorem</strong></span> <span class='ocrx_word' id='word_1_236' title='bbox 2832 719 2998 772; x_wconf 78' lang='lat' dir='ltr'><strong>totius</strong></span> <span class='ocrx_word' id='word_1_237' title='bbox 3048 718 3303 788; x_wconf 81' lang='lat' dir='ltr'><strong>Turquia:</strong></span> <span class='ocrx_word' id='word_1_238' title='bbox 3349 719 3525 787; x_wconf 75' lang='lat' dir='ltr'><strong>regni,</strong></span> <span class='ocrx_word' id='word_1_239' title='bbox 3564 720 3783 774; x_wconf 79' lang='lat' dir='ltr'><strong>hoc-cst</strong></span> 
     </span>
    </p>
   </div>
   <div class='ocr_carea' id='block_1_36' title="bbox 2213 810 3785 881">
    <p class='ocr_par' dir='ltr' id='par_1_36' title="bbox 2213 810 3785 881">
     <span class='ocr_line' id='line_1_36' title="bbox 2213 810 3785 881; baseline 0.001 -18"><span class='ocrx_word' id='word_1_240' title='bbox 2213 810 2581 879; x_wconf 87' lang='lat' dir='ltr'><strong>metropolim.</strong></span> <span class='ocrx_word' id='word_1_241' title='bbox 2658 810 2934 881; x_wconf 86' lang='lat' dir='ltr'><strong>Briqniam</strong></span> <span class='ocrx_word' id='word_1_242' title='bbox 3010 810 3337 866; x_wconf 81' lang='lat' dir='ltr'><strong>Reineccius</strong></span> <span class='ocrx_word' id='word_1_243' title='bbox 3394 812 3785 880; x_wconf 79' lang='lat' dir='ltr'><strong>interpretatur</strong></span> 
     </span>
    </p>
   </div>
   <div class='ocr_carea' id='block_1_37' title="bbox 2210 900 3785 974">
    <p class='ocr_par' dir='ltr' id='par_1_37' title="bbox 2210 900 3785 974">
     <span class='ocr_line' id='line_1_37' title="bbox 2210 900 3785 974; baseline 0 -19"><span class='ocrx_word' id='word_1_244' title='bbox 2210 900 2456 971; x_wconf 82' lang='lat' dir='ltr'><strong>Lyciam,</strong></span> <span class='ocrx_word' id='word_1_245' title='bbox 2479 918 2601 956; x_wconf 90' lang='lat' dir='ltr'><strong>cum</strong></span> <span class='ocrx_word' id='word_1_246' title='bbox 2641 902 2860 972; x_wconf 84' lang='lat' dir='ltr'><strong>Briquia</strong></span> <span class='ocrx_word' id='word_1_247' title='bbox 2890 918 2983 957; x_wconf 83' lang='lat' dir='ltr'><strong>seu</strong></span> <span class='ocrx_word' id='word_1_248' title='bbox 3023 902 3255 974; x_wconf 84' lang='lat' dir='ltr'><strong>Bryquia</strong></span> <span class='ocrx_word' id='word_1_249' title='bbox 3288 904 3359 957; x_wconf 86' lang='lat' dir='ltr'><strong>sit</strong></span> <span class='ocrx_word' id='word_1_250' title='bbox 3390 902 3645 973; x_wconf 79' lang='lat' dir='ltr'><strong>Phrygia.</strong></span> <span class='ocrx_word' id='word_1_251' title='bbox 3679 904 3785 957; x_wconf 83' lang='lat' dir='ltr'><strong>Fa-</strong></span> 
     </span>
    </p>
   </div>
   <div class='ocr_carea' id='block_1_38' title="bbox 2208 992 3779 1065">
    <p class='ocr_par' dir='ltr' id='par_1_38' title="bbox 2208 992 3779 1065">
     <span class='ocr_line' id='line_1_38' title="bbox 2208 992 3779 1065; baseline -0.001 -18"><span class='ocrx_word' id='word_1_252' title='bbox 2208 994 2283 1047; x_wconf 88' lang='lat' dir='ltr'><strong>cit</strong></span> <span class='ocrx_word' id='word_1_253' title='bbox 2322 1002 2501 1047; x_wconf 81' lang='lat' dir='ltr'><strong>antem</strong></span> <span class='ocrx_word' id='word_1_254' title='bbox 2526 992 2777 1064; x_wconf 66' lang='lat' dir='ltr'><strong>Bryquia’.</strong></span> <span class='ocrx_word' id='word_1_255' title='bbox 2811 994 3154 1063; x_wconf 90' lang='lat' dir='ltr'><strong>metropolim</strong></span> <span class='ocrx_word' id='word_1_256' title='bbox 3202 994 3491 1065; x_wconf 85' lang='lat' dir='ltr'><strong>Aytlionus</strong></span> <span class='ocrx_word' id='word_1_257' title='bbox 3528 992 3779 1048; x_wconf 79' lang='lat' dir='ltr'><strong>Zicliiain</strong></span> 
     </span>
    </p>
   </div>
   <div class='ocr_carea' id='block_1_39' title="bbox 2207 1082 3785 1155">
    <p class='ocr_par' dir='ltr' id='par_1_39' title="bbox 2207 1082 3785 1155">
     <span class='ocr_line' id='line_1_39' title="bbox 2207 1082 3785 1155; baseline 0.002 -17"><span class='ocrx_word' id='word_1_258' title='bbox 2207 1082 2449 1139; x_wconf 69' lang='lat' dir='ltr'><strong>Crtceiaa.</strong></span> <span class='ocrx_word' id='word_1_259' title='bbox 2484 1084 2573 1139; x_wconf 90' lang='lat' dir='ltr'><strong>Sic</strong></span> <span class='ocrx_word' id='word_1_260' title='bbox 2601 1087 2745 1139; x_wconf 87' lang='lat' dir='ltr'><strong>enim</strong></span> <span class='ocrx_word' id='word_1_261' title='bbox 2779 1086 3028 1155; x_wconf 78' lang='lat' dir='ltr'><strong>scripsit,</strong></span> <span class='ocrx_word' id='word_1_262' title='bbox 3068 1088 3292 1141; x_wconf 88' lang='lat' dir='ltr'><strong>nomine</strong></span> <span class='ocrx_word' id='word_1_263' title='bbox 3335 1088 3557 1141; x_wconf 70' lang='lat' dir='ltr'><strong>Graeciae</strong></span> <span class='ocrx_word' id='word_1_264' title='bbox 3582 1088 3785 1143; x_wconf 75' lang='lat' dir='ltr'><strong>Roma-</strong></span> 
     </span>
    </p>
   </div>
   <div class='ocr_carea' id='block_1_40' title="bbox 2208 1174 3777 1246">
    <p class='ocr_par' dir='ltr' id='par_1_40' title="bbox 2208 1174 3777 1246">
     <span class='ocr_line' id='line_1_40' title="bbox 2208 1174 3777 1246; baseline 0.001 -18"><span class='ocrx_word' id='word_1_265' title='bbox 2208 1175 2354 1228; x_wconf 89' lang='lat' dir='ltr'><strong>niam</strong></span> <span class='ocrx_word' id='word_1_266' title='bbox 2420 1175 2727 1246; x_wconf 78' lang='lat' dir='ltr'><strong>intelligens</strong></span> <span class='ocrx_word' id='word_1_267' title='bbox 2784 1176 3106 1243; x_wconf 86' lang='lat' dir='ltr'><strong>Asiaticam,</strong></span> <span class='ocrx_word' id='word_1_268' title='bbox 3146 1175 3214 1231; x_wconf 89' lang='lat' dir='ltr'><strong>de</strong></span> <span class='ocrx_word' id='word_1_269' title='bbox 3248 1192 3353 1245; x_wconf 84' lang='lat' dir='ltr'><strong>qua</strong></span> <span class='ocrx_word' id='word_1_270' title='bbox 3381 1177 3587 1230; x_wconf 88' lang='lat' dir='ltr'><strong>dictum</strong></span> <span class='ocrx_word' id='word_1_271' title='bbox 3638 1191 3688 1230; x_wconf 92' lang='lat' dir='ltr'><strong>c.</strong></span> <span class='ocrx_word' id='word_1_272' title='bbox 3721 1174 3777 1230; x_wconf 87' lang='lat'><strong>6.</strong></span> 
     </span>
    </p>
   </div>
   <div class='ocr_carea' id='block_1_41' title="bbox 2206 1265 3776 1338">
    <p class='ocr_par' dir='ltr' id='par_1_41' title="bbox 2206 1265 3776 1338">
     <span class='ocr_line' id='line_1_41' title="bbox 2206 1265 3776 1338; baseline -0.001 -17"><span class='ocrx_word' id='word_1_273' title='bbox 2206 1265 2453 1321; x_wconf 75' lang='lat' dir='ltr'><strong>Ziehiam</strong></span> <span class='ocrx_word' id='word_1_274' title='bbox 2518 1268 2659 1321; x_wconf 86' lang='lat' dir='ltr'><strong>hanc</strong></span> <span class='ocrx_word' id='word_1_275' title='bbox 2702 1268 3027 1324; x_wconf 75' lang='lat' dir='ltr'><strong>lieineecius</strong></span> <span class='ocrx_word' id='word_1_276' title='bbox 3075 1269 3479 1338; x_wconf 86' lang='lat' dir='ltr'><strong>interpretatur</strong></span> <span class='ocrx_word' id='word_1_277' title='bbox 3508 1268 3776 1338; x_wconf 78' lang='lat' dir='ltr'><strong>Cydnam.</strong></span> 
     </span>
    </p>
   </div>
   <div class='ocr_carea' id='block_1_42' title="bbox 2203 1358 3784 1431">
    <p class='ocr_par' dir='ltr' id='par_1_42' title="bbox 2203 1358 3784 1431">
     <span class='ocr_line' id='line_1_42' title="bbox 2203 1358 3784 1431; baseline -0.002 -16"><span class='ocrx_word' id='word_1_278' title='bbox 2203 1361 2364 1430; x_wconf 84' lang='lat' dir='ltr'><strong>Atqui</strong></span> <span class='ocrx_word' id='word_1_279' title='bbox 2400 1358 2638 1414; x_wconf 64' lang='lat' dir='ltr'><strong>Zicchiaz</strong></span> <span class='ocrx_word' id='word_1_280' title='bbox 2686 1360 2961 1415; x_wconf 81' lang='lat' dir='ltr'><strong>Cedrinus</strong></span> <span class='ocrx_word' id='word_1_281' title='bbox 2993 1376 3217 1431; x_wconf 84' lang='lat' dir='ltr'><strong>quoque</strong></span> <span class='ocrx_word' id='word_1_282' title='bbox 3270 1360 3603 1416; x_wconf 87' lang='lat' dir='ltr'><strong>mentionem</strong></span> <span class='ocrx_word' id='word_1_283' title='bbox 3653 1359 3784 1413; x_wconf 81' lang='lat' dir='ltr'><strong>fecit</strong></span> 
     </span>
    </p>
   </div>
   <div class='ocr_carea' id='block_1_43' title="bbox 2202 1453 3773 1523">
    <p class='ocr_par' dir='ltr' id='par_1_43' title="bbox 2202 1453 3773 1523">
     <span class='ocr_line' id='line_1_43' title="bbox 2202 1453 3773 1523; baseline -0.001 -17"><span class='ocrx_word' id='word_1_284' title='bbox 2202 1454 2351 1508; x_wconf 82' lang='lat' dir='ltr'><strong>velut</strong></span> <span class='ocrx_word' id='word_1_285' title='bbox 2375 1453 2614 1508; x_wconf 78' lang='lat' dir='ltr'><strong>civitatis</strong></span> <span class='ocrx_word' id='word_1_286' title='bbox 2640 1455 2692 1507; x_wconf 89' lang='lat' dir='ltr'><strong>in</strong></span> <span class='ocrx_word' id='word_1_287' title='bbox 2720 1455 2849 1509; x_wconf 85' lang='lat' dir='ltr'><strong>Asia</strong></span> <span class='ocrx_word' id='word_1_288' title='bbox 2891 1455 3087 1509; x_wconf 89' lang='lat' dir='ltr'><strong>minori</strong></span> <span class='ocrx_word' id='word_1_289' title='bbox 3120 1455 3238 1510; x_wconf 72' lang='lat' dir='ltr'><strong>situ:</strong></span> <span class='ocrx_word' id='word_1_290' title='bbox 3271 1471 3287 1508; x_wconf 89' lang='lat'><strong>:</strong></span> <span class='ocrx_word' id='word_1_291' title='bbox 3325 1470 3447 1508; x_wconf 89' lang='lat' dir='ltr'><strong>cum</strong></span> <span class='ocrx_word' id='word_1_292' title='bbox 3495 1454 3547 1506; x_wconf 90' lang='lat' dir='ltr'><strong>in</strong></span> <span class='ocrx_word' id='word_1_293' title='bbox 3572 1454 3773 1523; x_wconf 86' lang='lat' dir='ltr'><strong>Copro-</strong></span> 
     </span>
    </p>
   </div>
   <div class='ocr_carea' id='block_1_44' title="bbox 2200 1543 3780 1617">
    <p class='ocr_par' dir='ltr' id='par_1_44' title="bbox 2200 1543 3780 1617">
     <span class='ocr_line' id='line_1_44' title="bbox 2200 1543 3780 1617; baseline -0.003 -18"><span class='ocrx_word' id='word_1_294' title='bbox 2200 1559 2366 1616; x_wconf 81' lang='lat' dir='ltr'><strong>nymo</strong></span> <span class='ocrx_word' id='word_1_295' title='bbox 2403 1547 2574 1617; x_wconf 82' lang='lat' dir='ltr'><strong>frigus</strong></span> <span class='ocrx_word' id='word_1_296' title='bbox 2603 1546 2909 1600; x_wconf 87' lang='lat' dir='ltr'><strong>inauditum</strong></span> <span class='ocrx_word' id='word_1_297' title='bbox 2941 1546 3222 1599; x_wconf 77' lang='lat' dir='ltr'><strong>memoria:</strong></span> <span class='ocrx_word' id='word_1_298' title='bbox 3262 1543 3461 1613; x_wconf 85' lang='lat' dir='ltr'><strong>prodit,</strong></span> <span class='ocrx_word' id='word_1_299' title='bbox 3488 1557 3597 1611; x_wconf 91' lang='lat' dir='ltr'><strong>quo</strong></span> <span class='ocrx_word' id='word_1_300' title='bbox 3643 1558 3780 1596; x_wconf 89' lang='lat' dir='ltr'><strong>con-</strong></span> 
     </span>
    </p>
   </div>
   <div class='ocr_carea' id='block_1_45' title="bbox 2199 1632 3773 1705">
    <p class='ocr_par' dir='ltr' id='par_1_45' title="bbox 2199 1632 3773 1705">
     <span class='ocr_line' id='line_1_45' title="bbox 2199 1632 3773 1705; baseline -0.003 -15"><span class='ocrx_word' id='word_1_301' title='bbox 2199 1636 2393 1705; x_wconf 86' lang='lat' dir='ltr'><strong>gelalis</strong></span> <span class='ocrx_word' id='word_1_302' title='bbox 2424 1636 2677 1691; x_wconf 86' lang='lat' dir='ltr'><strong>amnibus</strong></span> <span class='ocrx_word' id='word_1_303' title='bbox 2730 1643 2786 1689; x_wconf 91' lang='lat' dir='ltr'><strong>et</strong></span> <span class='ocrx_word' id='word_1_304' title='bbox 2812 1635 2931 1704; x_wconf 87' lang='lat' dir='ltr'><strong>ipso</strong></span> <span class='ocrx_word' id='word_1_305' title='bbox 2970 1634 3131 1697; x_wconf 91' lang='lat' dir='ltr'><strong>mari,</strong></span> <span class='ocrx_word' id='word_1_306' title='bbox 3160 1635 3408 1703; x_wconf 85' lang='lat' dir='ltr'><strong>potuisse</strong></span> <span class='ocrx_word' id='word_1_307' title='bbox 3448 1642 3641 1687; x_wconf 84' lang='lat' dir='ltr'><strong>narrat</strong></span> <span class='ocrx_word' id='word_1_308' title='bbox 3681 1632 3773 1685; x_wconf 86' lang='lat' dir='ltr'><strong>iti-</strong></span> 
     </span>
    </p>
   </div>
   <div class='ocr_carea' id='block_1_46' title="bbox 2201 1725 3768 1801">
    <p class='ocr_par' dir='ltr' id='par_1_46' title="bbox 2201 1725 3768 1801">
     <span class='ocr_line' id='line_1_46' title="bbox 2201 1725 3768 1801; baseline -0.003 -20"><span class='ocrx_word' id='word_1_309' title='bbox 2201 1742 2332 1784; x_wconf 88' lang='lat' dir='ltr'><strong>nere</strong></span> <span class='ocrx_word' id='word_1_310' title='bbox 2390 1729 2697 1801; x_wconf 88' lang='lat' dir='ltr'><strong>pedestria</strong></span> <span class='ocrx_word' id='word_1_311' title='bbox 2728 1728 2951 1783; x_wconf 86' lang='lat' dir='ltr'><strong>Zicchia</strong></span> <span class='ocrx_word' id='word_1_312' title='bbox 3000 1727 3227 1782; x_wconf 88' lang='lat' dir='ltr'><strong>transiri</strong></span> <span class='ocrx_word' id='word_1_313' title='bbox 3288 1742 3438 1781; x_wconf 89' lang='lat' dir='ltr'><strong>mare</strong></span> <span class='ocrx_word' id='word_1_314' title='bbox 3488 1725 3555 1780; x_wconf 90' lang='lat' dir='ltr'><strong>ad</strong></span> <span class='ocrx_word' id='word_1_315' title='bbox 3586 1728 3768 1796; x_wconf 79' lang='lat' dir='ltr'><strong>ipsum</strong></span> 
     </span>
    </p>
   </div>
   <div class='ocr_carea' id='block_1_47' title="bbox 2199 1816 3772 1888">
    <p class='ocr_par' dir='ltr' id='par_1_47' title="bbox 2199 1816 3772 1888">
     <span class='ocr_line' id='line_1_47' title="bbox 2199 1816 3772 1888; baseline -0.004 -15"><span class='ocrx_word' id='word_1_316' title='bbox 2199 1834 2370 1888; x_wconf 84' lang='lat' dir='ltr'><strong>usque</strong></span> <span class='ocrx_word' id='word_1_317' title='bbox 2397 1818 2724 1881; x_wconf 85' lang='lat' dir='ltr'><strong>Danubium,</strong></span> <span class='ocrx_word' id='word_1_318' title='bbox 2748 1818 2802 1873; x_wconf 89' lang='lat' dir='ltr'><strong>id</strong></span> <span class='ocrx_word' id='word_1_319' title='bbox 2842 1826 2926 1873; x_wconf 79' lang='lat' dir='ltr'><strong>est</strong></span> <span class='ocrx_word' id='word_1_320' title='bbox 2990 1817 3057 1872; x_wconf 88' lang='lat' dir='ltr'><strong>ad</strong></span> <span class='ocrx_word' id='word_1_321' title='bbox 3104 1818 3244 1871; x_wconf 86' lang='lat' dir='ltr'><strong>ostia</strong></span> <span class='ocrx_word' id='word_1_322' title='bbox 3277 1816 3531 1877; x_wconf 89' lang='lat' dir='ltr'><strong>Danubii,</strong></span> <span class='ocrx_word' id='word_1_323' title='bbox 3568 1830 3688 1885; x_wconf 61' lang='lat' dir='ltr'><strong>qua!</strong></span> <span class='ocrx_word' id='word_1_324' title='bbox 3714 1816 3772 1869; x_wconf 84' lang='lat' dir='ltr'><strong>in</strong></span> 
     </span>
    </p>
   </div>
   <div class='ocr_carea' id='block_1_48' title="bbox 2196 1908 3769 1981">
    <p class='ocr_par' dir='ltr' id='par_1_48' title="bbox 2196 1908 3769 1981">
     <span class='ocr_line' id='line_1_48' title="bbox 2196 1908 3769 1981; baseline -0.003 -18"><span class='ocrx_word' id='word_1_325' title='bbox 2196 1909 2428 1965; x_wconf 84' lang='lat' dir='ltr'><strong>Thracia</strong></span> <span class='ocrx_word' id='word_1_326' title='bbox 2463 1922 2613 1967; x_wconf 87' lang='lat' dir='ltr'><strong>sunt.</strong></span> <span class='ocrx_word' id='word_1_327' title='bbox 2642 1909 2910 1981; x_wconf 72' lang='lat' dir='ltr'><strong>Bithynia:</strong></span> <span class='ocrx_word' id='word_1_328' title='bbox 2940 1908 3263 1978; x_wconf 83' lang='lat' dir='ltr'><strong>metropolis</strong></span> <span class='ocrx_word' id='word_1_329' title='bbox 3282 1908 3420 1978; x_wconf 89' lang='lat' dir='ltr'><strong>apud</strong></span> <span class='ocrx_word' id='word_1_330' title='bbox 3454 1909 3769 1977; x_wconf 83' lang='lat' dir='ltr'><strong>Aythonum</strong></span> 
     </span>
    </p>
   </div>
   <div class='ocr_carea' id='block_1_49' title="bbox 2195 1996 3774 2070">
    <p class='ocr_par' dir='ltr' id='par_1_49' title="bbox 2195 1996 3774 2070">
     <span class='ocr_line' id='line_1_49' title="bbox 2195 1996 3774 2070; baseline 0 -16"><span class='ocrx_word' id='word_1_331' title='bbox 2195 2001 2458 2055; x_wconf 83' lang='lat' dir='ltr'><strong>scribitur</strong></span> <span class='ocrx_word' id='word_1_332' title='bbox 2502 2014 2625 2056; x_wconf 86' lang='lat' dir='ltr'><strong>esse</strong></span> <span class='ocrx_word' id='word_1_333' title='bbox 2655 1997 2880 2064; x_wconf 87' lang='lat' dir='ltr'><strong>Nicbor,</strong></span> <span class='ocrx_word' id='word_1_334' title='bbox 2905 2015 3068 2069; x_wconf 84' lang='lat' dir='ltr'><strong>quam</strong></span> <span class='ocrx_word' id='word_1_335' title='bbox 3100 1997 3340 2053; x_wconf 68' lang='lat' dir='ltr'><strong>Nicaeam</strong></span> <span class='ocrx_word' id='word_1_336' title='bbox 3384 2010 3535 2070; x_wconf 89' lang='lat' dir='ltr'><strong>puto,</strong></span> <span class='ocrx_word' id='word_1_337' title='bbox 3572 1996 3774 2054; x_wconf 80' lang='lat' dir='ltr'><strong>Turcis</strong></span> 
     </span>
    </p>
   </div>
   <div class='ocr_carea' id='block_1_50' title="bbox 2195 2091 3764 2164">
    <p class='ocr_par' dir='ltr' id='par_1_50' title="bbox 2195 2091 3764 2164">
     <span class='ocr_line' id='line_1_50' title="bbox 2195 2091 3764 2164; baseline -0.001 -16"><span class='ocrx_word' id='word_1_338' title='bbox 2195 2094 2337 2150; x_wconf 89' lang='lat' dir='ltr'><strong>isnic</strong></span> <span class='ocrx_word' id='word_1_339' title='bbox 2367 2112 2382 2159; x_wconf 90' lang='lat'><strong>;</strong></span> <span class='ocrx_word' id='word_1_340' title='bbox 2410 2110 2519 2150; x_wconf 86' lang='lat' dir='ltr'><strong>non</strong></span> <span class='ocrx_word' id='word_1_341' title='bbox 2569 2093 2969 2157; x_wconf 85' lang='lat' dir='ltr'><strong>Nicomediam,</strong></span> <span class='ocrx_word' id='word_1_342' title='bbox 3018 2110 3139 2164; x_wconf 72' lang='lat' dir='ltr'><strong>qua:</strong></span> <span class='ocrx_word' id='word_1_343' title='bbox 3193 2092 3388 2147; x_wconf 86' lang='lat' dir='ltr'><strong>Turcis</strong></span> <span class='ocrx_word' id='word_1_344' title='bbox 3422 2100 3506 2146; x_wconf 86' lang='lat' dir='ltr'><strong>est</strong></span> <span class='ocrx_word' id='word_1_345' title='bbox 3555 2091 3764 2146; x_wconf 83' lang='lat' dir='ltr'><strong>lsmid:</strong></span> 
     </span>
    </p>
   </div>
   <div class='ocr_carea' id='block_1_51' title="bbox 2193 2182 3767 2243">
    <p class='ocr_par' dir='ltr' id='par_1_51' title="bbox 2193 2182 3767 2243">
     <span class='ocr_line' id='line_1_51' title="bbox 2193 2182 3767 2243; baseline -0.002 -2"><span class='ocrx_word' id='word_1_346' title='bbox 2193 2202 2315 2241; x_wconf 90' lang='lat' dir='ltr'><strong>cum</strong></span> <span class='ocrx_word' id='word_1_347' title='bbox 2342 2188 2668 2243; x_wconf 79' lang='lat' dir='ltr'><strong>Reineccius</strong></span> <span class='ocrx_word' id='word_1_348' title='bbox 2698 2203 2762 2242; x_wconf 81' lang='lat' dir='ltr'><strong>ex</strong></span> <span class='ocrx_word' id='word_1_349' title='bbox 2787 2184 2992 2240; x_wconf 79' lang='lat' dir='ltr'><strong>Niclior</strong></span> <span class='ocrx_word' id='word_1_350' title='bbox 3019 2186 3185 2241; x_wconf 78' lang='lat' dir='ltr'><strong>iaciat</strong></span> <span class='ocrx_word' id='word_1_351' title='bbox 3225 2184 3617 2239; x_wconf 81' lang='lat' dir='ltr'><strong>Nicomediam.</strong></span> <span class='ocrx_word' id='word_1_352' title='bbox 3654 2182 3767 2239; x_wconf 74' lang='lat' dir='ltr'><strong>Nec</strong></span> 
     </span>
    </p>
   </div>
   <div class='ocr_carea' id='block_1_52' title="bbox 2193 2274 3762 2349">
    <p class='ocr_par' dir='ltr' id='par_1_52' title="bbox 2193 2274 3762 2349">
     <span class='ocr_line' id='line_1_52' title="bbox 2193 2274 3762 2349; baseline -0.002 -17"><span class='ocrx_word' id='word_1_353' title='bbox 2193 2280 2332 2348; x_wconf 89' lang='lat' dir='ltr'><strong>apud</strong></span> <span class='ocrx_word' id='word_1_354' title='bbox 2381 2279 2613 2335; x_wconf 71' lang='lat' dir='ltr'><strong>leonem</strong></span> <span class='ocrx_word' id='word_1_355' title='bbox 2657 2282 2962 2349; x_wconf 74' lang='lat' dir='ltr'><strong>Augustum</strong></span> <span class='ocrx_word' id='word_1_356' title='bbox 3001 2280 3182 2331; x_wconf 85' lang='lat' dir='ltr'><strong>minus</strong></span> <span class='ocrx_word' id='word_1_357' title='bbox 3212 2287 3297 2333; x_wconf 90' lang='lat' dir='ltr'><strong>est</strong></span> <span class='ocrx_word' id='word_1_358' title='bbox 3323 2276 3641 2345; x_wconf 80' lang='lat' dir='ltr'><strong>metropolis</strong></span> <span class='ocrx_word' id='word_1_359' title='bbox 3669 2274 3762 2329; x_wconf 91' lang='lat' dir='ltr'><strong>Bi-</strong></span> 
     </span>
    </p>
   </div>
   <div class='ocr_carea' id='block_1_53' title="bbox 2190 2368 3763 2447">
    <p class='ocr_par' dir='ltr' id='par_1_53' title="bbox 2190 2368 3763 2447">
     <span class='ocr_line' id='line_1_53' title="bbox 2190 2368 3763 2447; baseline -0.003 -20"><span class='ocrx_word' id='word_1_360' title='bbox 2190 2375 2395 2447; x_wconf 68' lang='lat' dir='ltr'><strong>thyniae</strong></span> <span class='ocrx_word' id='word_1_361' title='bbox 2434 2373 2622 2428; x_wconf 78' lang='lat' dir='ltr'><strong>Nicaea</strong></span> <span class='ocrx_word' id='word_1_362' title='bbox 2681 2389 2844 2441; x_wconf 83' lang='lat' dir='ltr'><strong>quam</strong></span> <span class='ocrx_word' id='word_1_363' title='bbox 2878 2370 3220 2426; x_wconf 85' lang='lat' dir='ltr'><strong>Nicomedia.</strong></span> <span class='ocrx_word' id='word_1_364' title='bbox 3256 2368 3474 2424; x_wconf 82' lang='lat' dir='ltr'><strong>Ceneeh</strong></span> <span class='ocrx_word' id='word_1_365' title='bbox 3527 2368 3763 2439; x_wconf 79' lang='lat' dir='ltr'><strong>Aytiioni</strong></span> 
     </span>
    </p>
   </div>
   <div class='ocr_carea' id='block_1_54' title="bbox 2190 2463 3765 2535">
    <p class='ocr_par' dir='ltr' id='par_1_54' title="bbox 2190 2463 3765 2535">
     <span class='ocr_line' id='line_1_54' title="bbox 2190 2463 3765 2535; baseline -0.003 -17"><span class='ocrx_word' id='word_1_366' title='bbox 2190 2465 2514 2522; x_wconf 41' lang='lat' dir='ltr'><strong>iit-ineccius</strong></span> <span class='ocrx_word' id='word_1_367' title='bbox 2545 2467 2937 2535; x_wconf 86' lang='lat' dir='ltr'><strong>interpretatur</strong></span> <span class='ocrx_word' id='word_1_368' title='bbox 2968 2465 3227 2531; x_wconf 82' lang='lat' dir='ltr'><strong>Pontum,</strong></span> <span class='ocrx_word' id='word_1_369' title='bbox 3263 2477 3389 2517; x_wconf 87' lang='lat' dir='ltr'><strong>cum</strong></span> <span class='ocrx_word' id='word_1_370' title='bbox 3428 2463 3601 2530; x_wconf 71' lang='lat' dir='ltr'><strong>magis</strong></span> <span class='ocrx_word' id='word_1_371' title='bbox 3635 2476 3765 2530; x_wconf 88' lang='lat' dir='ltr'><strong>pro-</strong></span> 
     </span>
    </p>
   </div>
   <div class='ocr_carea' id='block_1_55' title="bbox 2189 2550 3762 2629">
    <p class='ocr_par' dir='ltr' id='par_1_55' title="bbox 2189 2550 3762 2629">
     <span class='ocr_line' id='line_1_55' title="bbox 2189 2550 3762 2629; baseline -0.006 -15"><span class='ocrx_word' id='word_1_372' title='bbox 2189 2561 2305 2629; x_wconf 86' lang='lat' dir='ltr'><strong>prie</strong></span> <span class='ocrx_word' id='word_1_373' title='bbox 2326 2561 2406 2617; x_wconf 85' lang='lat' dir='ltr'><strong>sic</strong></span> <span class='ocrx_word' id='word_1_374' title='bbox 2436 2560 2676 2624; x_wconf 80' lang='lat' dir='ltr'><strong>dicatur,</strong></span> <span class='ocrx_word' id='word_1_375' title='bbox 2711 2573 2833 2628; x_wconf 72' lang='lat' dir='ltr'><strong>quae</strong></span> <span class='ocrx_word' id='word_1_376' title='bbox 2856 2557 2983 2614; x_wconf 90' lang='lat' dir='ltr'><strong>olim</strong></span> <span class='ocrx_word' id='word_1_377' title='bbox 3012 2557 3233 2612; x_wconf 87' lang='lat' dir='ltr'><strong>Colchis</strong></span> <span class='ocrx_word' id='word_1_378' title='bbox 3263 2564 3402 2619; x_wconf 89' lang='lat' dir='ltr'><strong>erat,</strong></span> <span class='ocrx_word' id='word_1_379' title='bbox 3434 2563 3623 2625; x_wconf 89' lang='lat' dir='ltr'><strong>postea</strong></span> <span class='ocrx_word' id='word_1_380' title='bbox 3660 2550 3762 2606; x_wconf 81' lang='lat' dir='ltr'><strong>La-</strong></span> 
     </span>
    </p>
   </div>
   <div class='ocr_carea' id='block_1_56' title="bbox 2188 2648 3762 2723">
    <p class='ocr_par' dir='ltr' id='par_1_56' title="bbox 2188 2648 3762 2723">
     <span class='ocr_line' id='line_1_56' title="bbox 2188 2648 3762 2723; baseline -0.005 -15"><span class='ocrx_word' id='word_1_381' title='bbox 2188 2668 2375 2708; x_wconf 84' lang='lat' dir='ltr'><strong>zorum</strong></span> <span class='ocrx_word' id='word_1_382' title='bbox 2410 2653 2679 2723; x_wconf 87' lang='lat' dir='ltr'><strong>appellata</strong></span> <span class='ocrx_word' id='word_1_383' title='bbox 2726 2651 2898 2723; x_wconf 80' lang='lat' dir='ltr'><strong>regio,</strong></span> <span class='ocrx_word' id='word_1_384' title='bbox 2929 2651 3043 2706; x_wconf 82' lang='lat' dir='ltr'><strong>sive</strong></span> <span class='ocrx_word' id='word_1_385' title='bbox 3092 2649 3308 2714; x_wconf 86' lang='lat' dir='ltr'><strong>Lazice,</strong></span> <span class='ocrx_word' id='word_1_386' title='bbox 3340 2648 3497 2718; x_wconf 74' lang='lat' dir='ltr'><strong>cuius</strong></span> <span class='ocrx_word' id='word_1_387' title='bbox 3557 2658 3762 2701; x_wconf 87' lang='lat' dir='ltr'><strong>metro-</strong></span> 
     </span>
    </p>
   </div>
   <div class='ocr_carea' id='block_1_57' title="bbox 2186 2738 3751 2815">
    <p class='ocr_par' dir='ltr' id='par_1_57' title="bbox 2186 2738 3751 2815">
     <span class='ocr_line' id='line_1_57' title="bbox 2186 2738 3751 2815; baseline -0.004 -18"><span class='ocrx_word' id='word_1_388' title='bbox 2186 2749 2325 2814; x_wconf 87' lang='lat' dir='ltr'><strong>polis</strong></span> <span class='ocrx_word' id='word_1_389' title='bbox 2349 2755 2432 2801; x_wconf 85' lang='lat' dir='ltr'><strong>est</strong></span> <span class='ocrx_word' id='word_1_390' title='bbox 2470 2744 2637 2801; x_wconf 88' lang='lat' dir='ltr'><strong>Leoni</strong></span> <span class='ocrx_word' id='word_1_391' title='bbox 2671 2746 2918 2815; x_wconf 79' lang='lat' dir='ltr'><strong>Angusto</strong></span> <span class='ocrx_word' id='word_1_392' title='bbox 2938 2742 3237 2810; x_wconf 83' lang='lat' dir='ltr'><strong>Trapezns,</strong></span> <span class='ocrx_word' id='word_1_393' title='bbox 3263 2756 3423 2811; x_wconf 87' lang='lat' dir='ltr'><strong>quam</strong></span> <span class='ocrx_word' id='word_1_394' title='bbox 3452 2740 3506 2793; x_wconf 91' lang='lat' dir='ltr'><strong>in</strong></span> <span class='ocrx_word' id='word_1_395' title='bbox 3531 2738 3751 2793; x_wconf 85' lang='lat' dir='ltr'><strong>Genech</strong></span> 
     </span>
    </p>
   </div>
   <div class='ocr_carea' id='block_1_58' title="bbox 2186 2831 3760 2909">
    <p class='ocr_par' dir='ltr' id='par_1_58' title="bbox 2186 2831 3760 2909">
     <span class='ocr_line' id='line_1_58' title="bbox 2186 2831 3760 2909; baseline -0.006 -16"><span class='ocrx_word' id='word_1_396' title='bbox 2186 2839 2336 2907; x_wconf 85' lang='lat' dir='ltr'><strong>ponit</strong></span> <span class='ocrx_word' id='word_1_397' title='bbox 2356 2840 2659 2909; x_wconf 77' lang='lat' dir='ltr'><strong>A&#39;ythonus.</strong></span> <span class='ocrx_word' id='word_1_398' title='bbox 2682 2836 3066 2906; x_wconf 66' lang='lat' dir='ltr'><strong>Paphlagonia</strong></span> <span class='ocrx_word' id='word_1_399' title='bbox 3084 2836 3357 2890; x_wconf 79' lang='lat' dir='ltr'><strong>civitatem</strong></span> <span class='ocrx_word' id='word_1_400' title='bbox 3379 2842 3529 2888; x_wconf 85' lang='lat' dir='ltr'><strong>vocat</strong></span> <span class='ocrx_word' id='word_1_401' title='bbox 3554 2831 3760 2904; x_wconf 80' lang='lat' dir='ltr'><strong>Aytho-</strong></span> 
     </span>
    </p>
   </div>
   <div class='ocr_carea' id='block_1_59' title="bbox 2184 2926 3751 2998">
    <p class='ocr_par' dir='ltr' id='par_1_59' title="bbox 2184 2926 3751 2998">
     <span class='ocr_line' id='line_1_59' title="bbox 2184 2926 3751 2998; baseline -0.004 -13"><span class='ocrx_word' id='word_1_402' title='bbox 2184 2947 2288 2985; x_wconf 81' lang='lat' dir='ltr'><strong>nus</strong></span> <span class='ocrx_word' id='word_1_403' title='bbox 2316 2929 2645 2997; x_wconf 82' lang='lat' dir='ltr'><strong>Ginapolim,</strong></span> <span class='ocrx_word' id='word_1_404' title='bbox 2699 2944 2765 2983; x_wconf 80' lang='lat' dir='ltr'><strong>ex</strong></span> <span class='ocrx_word' id='word_1_405' title='bbox 2800 2944 2907 2998; x_wconf 86' lang='lat' dir='ltr'><strong>qua</strong></span> <span class='ocrx_word' id='word_1_406' title='bbox 2931 2927 3259 2983; x_wconf 78' lang='lat' dir='ltr'><strong>Reineccius</strong></span> <span class='ocrx_word' id='word_1_407' title='bbox 3290 2926 3415 2981; x_wconf 82' lang='lat' dir='ltr'><strong>fecit</strong></span> <span class='ocrx_word' id='word_1_408' title='bbox 3445 2926 3751 2981; x_wconf 83' lang='lat' dir='ltr'><strong>Germano-</strong></span> 
     </span>
    </p>
   </div>
   <div class='ocr_carea' id='block_1_60' title="bbox 2184 3018 3745 3092">
    <p class='ocr_par' dir='ltr' id='par_1_60' title="bbox 2184 3018 3745 3092">
     <span class='ocr_line' id='line_1_60' title="bbox 2184 3018 3745 3092; baseline -0.004 -16"><span class='ocrx_word' id='word_1_409' title='bbox 2184 3024 2555 3092; x_wconf 78' lang='lat' dir='ltr'><strong>polim.Atqui</strong></span> <span class='ocrx_word' id='word_1_410' title='bbox 2595 3020 2877 3091; x_wconf 81' lang='lat' dir='ltr'><strong>Ginapolis</strong></span> <span class='ocrx_word' id='word_1_411' title='bbox 2910 3021 3164 3091; x_wconf 80' lang='lat' dir='ltr'><strong>Aythoni,</strong></span> <span class='ocrx_word' id='word_1_412' title='bbox 3204 3020 3285 3074; x_wconf 78' lang='lat' dir='ltr'><strong>vel</strong></span> <span class='ocrx_word' id='word_1_413' title='bbox 3326 3018 3608 3087; x_wconf 80' lang='lat' dir='ltr'><strong>Ginopolis</strong></span> <span class='ocrx_word' id='word_1_414' title='bbox 3643 3032 3745 3086; x_wconf 84' lang='lat' dir='ltr'><strong>po-</strong></span> 
     </span>
    </p>
   </div>
   <div class='ocr_carea' id='block_1_61' title="bbox 510 3105 3753 3182">
    <p class='ocr_par' dir='ltr' id='par_1_61' title="bbox 510 3105 3753 3182">
     <span class='ocr_line' id='line_1_61' title="bbox 510 3105 3753 3182; baseline 0.001 -22"><span class='ocrx_word' id='word_1_415' title='bbox 510 3106 771 3162; x_wconf 83' lang='lat' dir='ltr'><strong>steriores</strong></span> <span class='ocrx_word' id='word_1_416' title='bbox 799 3105 1083 3182; x_wconf 63' lang='lat' dir='ltr'><strong>adnotant,</strong></span> <span class='ocrx_word' id='word_1_417' title='bbox 1116 3108 1313 3160; x_wconf 81' lang='lat' dir='ltr'><strong>factam</strong></span> <span class='ocrx_word' id='word_1_418' title='bbox 1349 3112 1688 3178; x_wconf 90' lang='lat' dir='ltr'><strong>metropolim</strong></span> <span class='ocrx_word' id='word_1_419' title='bbox 1718 3128 1863 3167; x_wconf 87' lang='lat' dir='ltr'><strong>anno</strong></span> <span class='ocrx_word' id='word_1_420' title='bbox 1892 3117 2075 3170; x_wconf 84' lang='lat' dir='ltr'><strong>mundi</strong></span> <span class='ocrx_word' id='word_1_421' title='bbox 2108 3115 2146 3169; x_wconf 92' lang='lat' dir='ltr'><strong>C</strong></span> <span class='ocrx_word' id='word_1_422' title='bbox 2182 3115 2311 3175; x_wconf 82' lang='lat' dir='ltr'><strong>tius,</strong></span> <span class='ocrx_word' id='word_1_423' title='bbox 2333 3114 2400 3169; x_wconf 90' lang='lat' dir='ltr'><strong>ad</strong></span> <span class='ocrx_word' id='word_1_424' title='bbox 2447 3112 2681 3168; x_wconf 84' lang='lat' dir='ltr'><strong>Pontum</strong></span> <span class='ocrx_word' id='word_1_425' title='bbox 2726 3113 2997 3167; x_wconf 80' lang='lat' dir='ltr'><strong>Euxinum</strong></span> <span class='ocrx_word' id='word_1_426' title='bbox 3035 3115 3161 3172; x_wconf 84' lang='lat' dir='ltr'><strong>sita.</strong></span> <span class='ocrx_word' id='word_1_427' title='bbox 3206 3112 3473 3179; x_wconf 79' lang='lat' dir='ltr'><strong>hodieque</strong></span> <span class='ocrx_word' id='word_1_428' title='bbox 3496 3108 3753 3177; x_wconf 80' lang='lat' dir='ltr'><strong>Ginopoli</strong></span> 
     </span>
    </p>
   </div>
   <div class='ocr_carea' id='block_1_62' title="bbox 509 3197 2075 3272">
    <p class='ocr_par' dir='ltr' id='par_1_62' title="bbox 509 3197 2075 3272">
     <span class='ocr_line' id='line_1_62' title="bbox 509 3197 2075 3272; baseline 0.001 -19"><span class='ocrx_word' id='word_1_429' title='bbox 509 3197 671 3264; x_wconf 70' lang='lat'><strong>0592,</strong></span> <span class='ocrx_word' id='word_1_430' title='bbox 701 3200 803 3253; x_wconf 82' lang='lat' dir='ltr'><strong>sub</strong></span> <span class='ocrx_word' id='word_1_431' title='bbox 835 3197 1108 3251; x_wconf 83' lang='lat' dir='ltr'><strong>Eustratio</strong></span> <span class='ocrx_word' id='word_1_432' title='bbox 1146 3200 1495 3255; x_wconf 81' lang='lat' dir='ltr'><strong>sanctissimo</strong></span> <span class='ocrx_word' id='word_1_433' title='bbox 1524 3202 1851 3271; x_wconf 89' lang='lat' dir='ltr'><strong>patriarcha,</strong></span> <span class='ocrx_word' id='word_1_434' title='bbox 1901 3205 2075 3272; x_wconf 85' lang='lat' dir='ltr'><strong>impe-</strong></span> 
     </span>
    </p>
   </div>
   <div class='ocr_carea' id='block_1_63' title="bbox 517 3292 2073 3365">
    <p class='ocr_par' dir='ltr' id='par_1_63' title="bbox 517 3292 2073 3365">
     <span class='ocr_line' id='line_1_63' title="bbox 517 3292 2073 3365; baseline 0.004 -21"><span class='ocrx_word' id='word_1_435' title='bbox 517 3292 715 3348; x_wconf 81' lang='lat' dir='ltr'><strong>ratoris</strong></span> <span class='ocrx_word' id='word_1_436' title='bbox 748 3292 923 3346; x_wconf 83' lang='lat' dir='ltr'><strong>Alexii</strong></span> <span class='ocrx_word' id='word_1_437' title='bbox 959 3292 1226 3347; x_wconf 85' lang='lat' dir='ltr'><strong>Comneni</strong></span> <span class='ocrx_word' id='word_1_438' title='bbox 1275 3293 1616 3348; x_wconf 85' lang='lat' dir='ltr'><strong>auctoritate.</strong></span> <span class='ocrx_word' id='word_1_439' title='bbox 1664 3293 1821 3360; x_wconf 84' lang='lat' dir='ltr'><strong>Quod</strong></span> <span class='ocrx_word' id='word_1_440' title='bbox 1856 3294 2073 3365; x_wconf 89' lang='lat' dir='ltr'><strong>quidem</strong></span> 
     </span>
    </p>
   </div>
   <div class='ocr_carea' id='block_1_64' title="bbox 508 3383 2075 3454">
    <p class='ocr_par' dir='ltr' id='par_1_64' title="bbox 508 3383 2075 3454">
     <span class='ocr_line' id='line_1_64' title="bbox 508 3383 2075 3454; baseline 0.004 -16"><span class='ocrx_word' id='word_1_441' title='bbox 508 3384 782 3440; x_wconf 86' lang='lat' dir='ltr'><strong>accidisse</strong></span> <span class='ocrx_word' id='word_1_442' title='bbox 834 3383 1112 3439; x_wconf 85' lang='lat' dir='ltr'><strong>constabit</strong></span> <span class='ocrx_word' id='word_1_443' title='bbox 1169 3400 1315 3440; x_wconf 88' lang='lat' dir='ltr'><strong>anno</strong></span> <span class='ocrx_word' id='word_1_444' title='bbox 1349 3385 1667 3441; x_wconf 82' lang='lat' dir='ltr'><strong>Christiano</strong></span> <span class='ocrx_word' id='word_1_445' title='bbox 1724 3387 1883 3454; x_wconf 80' lang='grc'><strong>1084,</strong></span> <span class='ocrx_word' id='word_1_446' title='bbox 1929 3390 1972 3442; x_wconf 89' lang='lat' dir='ltr'><strong>si</strong></span> <span class='ocrx_word' id='word_1_447' title='bbox 2007 3390 2075 3445; x_wconf 86' lang='lat' dir='ltr'><strong>de</strong></span> 
     </span>
    </p>
   </div>
   <div class='ocr_carea' id='block_1_65' title="bbox 508 3472 2073 3534">
    <p class='ocr_par' dir='ltr' id='par_1_65' title="bbox 508 3472 2073 3534">
     <span class='ocr_line' id='line_1_65' title="bbox 508 3472 2073 3534; baseline 0.003 -4"><span class='ocrx_word' id='word_1_448' title='bbox 508 3476 777 3531; x_wconf 85' lang='lat' dir='ltr'><strong>sententia</strong></span> <span class='ocrx_word' id='word_1_449' title='bbox 828 3472 1140 3529; x_wconf 63' lang='lat' dir='ltr'><strong>Grazcorum</strong></span> <span class='ocrx_word' id='word_1_450' title='bbox 1189 3476 1316 3531; x_wconf 88' lang='lat' dir='ltr'><strong>anni</strong></span> <span class='ocrx_word' id='word_1_451' title='bbox 1353 3492 1381 3529; x_wconf 90' lang='lat' dir='ltr'><strong>a</strong></span> <span class='ocrx_word' id='word_1_452' title='bbox 1418 3477 1639 3532; x_wconf 91' lang='lat' dir='ltr'><strong>condito</strong></span> <span class='ocrx_word' id='word_1_453' title='bbox 1687 3480 1886 3533; x_wconf 87' lang='lat' dir='ltr'><strong>mundo</strong></span> <span class='ocrx_word' id='word_1_454' title='bbox 1933 3479 2073 3534; x_wconf 78' lang='lat'><strong>5508</strong></span> 
     </span>
    </p>
   </div>
   <div class='ocr_carea' id='block_1_66' title="bbox 509 3568 2072 3641">
    <p class='ocr_par' dir='ltr' id='par_1_66' title="bbox 509 3568 2072 3641">
     <span class='ocr_line' id='line_1_66' title="bbox 509 3568 2072 3641; baseline 0.001 -17"><span class='ocrx_word' id='word_1_455' title='bbox 509 3577 821 3624; x_wconf 83' lang='lat' dir='ltr'><strong>statuantur</strong></span> <span class='ocrx_word' id='word_1_456' title='bbox 846 3582 1015 3637; x_wconf 90' lang='lat' dir='ltr'><strong>usque</strong></span> <span class='ocrx_word' id='word_1_457' title='bbox 1041 3568 1105 3622; x_wconf 88' lang='lat' dir='ltr'><strong>ad</strong></span> <span class='ocrx_word' id='word_1_458' title='bbox 1131 3568 1412 3626; x_wconf 88' lang='lat' dir='ltr'><strong>Christum</strong></span> <span class='ocrx_word' id='word_1_459' title='bbox 1440 3580 1624 3625; x_wconf 90' lang='lat' dir='ltr'><strong>natum</strong></span> <span class='ocrx_word' id='word_1_460' title='bbox 1653 3571 1845 3641; x_wconf 87' lang='lat' dir='ltr'><strong>e!apsi,</strong></span> <span class='ocrx_word' id='word_1_461' title='bbox 1874 3585 2072 3626; x_wconf 84' lang='lat' dir='ltr'><strong>secun-</strong></span> 
     </span>
    </p>
   </div>
   <div class='ocr_carea' id='block_1_67' title="bbox 504 3659 2067 3736">
    <p class='ocr_par' dir='ltr' id='par_1_67' title="bbox 504 3659 2067 3736">
     <span class='ocr_line' id='line_1_67' title="bbox 504 3659 2067 3736; baseline 0.006 -19"><span class='ocrx_word' id='word_1_462' title='bbox 504 3663 633 3718; x_wconf 88' lang='lat' dir='ltr'><strong>dum</strong></span> <span class='ocrx_word' id='word_1_463' title='bbox 684 3663 978 3719; x_wconf 86' lang='lat' dir='ltr'><strong>editionem</strong></span> <span class='ocrx_word' id='word_1_464' title='bbox 1034 3659 1103 3715; x_wconf 72' lang='lat'><strong>72</strong></span> <span class='ocrx_word' id='word_1_465' title='bbox 1161 3660 1545 3732; x_wconf 87' lang='lat' dir='ltr'><strong>interpretmn.</strong></span> <span class='ocrx_word' id='word_1_466' title='bbox 1583 3664 1867 3736; x_wconf 84' lang='lat' dir='ltr'><strong>Aythonus</strong></span> <span class='ocrx_word' id='word_1_467' title='bbox 1905 3668 2067 3727; x_wconf 77' lang='lat' dir='ltr'><strong>Nata-</strong></span> 
     </span>
    </p>
   </div>
   <div class='ocr_carea' id='block_1_68' title="bbox 506 3754 2067 3830">
    <p class='ocr_par' dir='ltr' id='par_1_68' title="bbox 506 3754 2067 3830">
     <span class='ocr_line' id='line_1_68' title="bbox 506 3754 2067 3830; baseline 0.004 -21"><span class='ocrx_word' id='word_1_468' title='bbox 506 3757 655 3818; x_wconf 86' lang='lat' dir='ltr'><strong>liam,</strong></span> <span class='ocrx_word' id='word_1_469' title='bbox 687 3754 1034 3825; x_wconf 88' lang='lat' dir='ltr'><strong>transpositis</strong></span> <span class='ocrx_word' id='word_1_470' title='bbox 1066 3768 1097 3808; x_wconf 87' lang='lat' dir='ltr'><strong>a</strong></span> <span class='ocrx_word' id='word_1_471' title='bbox 1126 3754 1353 3807; x_wconf 90' lang='lat' dir='ltr'><strong>librario</strong></span> <span class='ocrx_word' id='word_1_472' title='bbox 1376 3756 1568 3824; x_wconf 83' lang='lat' dir='ltr'><strong>primis</strong></span> <span class='ocrx_word' id='word_1_473' title='bbox 1589 3756 1787 3813; x_wconf 90' lang='lat' dir='ltr'><strong>litteris</strong></span> <span class='ocrx_word' id='word_1_474' title='bbox 1808 3763 2067 3830; x_wconf 79' lang='lat' dir='ltr'><strong>appellat,</strong></span> 
     </span>
    </p>
   </div>
   <div class='ocr_carea' id='block_1_69' title="bbox 504 3844 2066 3917">
    <p class='ocr_par' dir='ltr' id='par_1_69' title="bbox 504 3844 2066 3917">
     <span class='ocr_line' id='line_1_69' title="bbox 504 3844 2066 3917; baseline 0.001 -20"><span class='ocrx_word' id='word_1_475' title='bbox 504 3861 604 3917; x_wconf 86' lang='lat' dir='ltr'><strong>pro</strong></span> <span class='ocrx_word' id='word_1_476' title='bbox 629 3846 845 3903; x_wconf 86' lang='lat' dir='ltr'><strong>Anlalia</strong></span> <span class='ocrx_word' id='word_1_477' title='bbox 876 3862 890 3900; x_wconf 86' lang='lat'><strong>:</strong></span> <span class='ocrx_word' id='word_1_478' title='bbox 931 3862 1045 3915; x_wconf 85' lang='lat' dir='ltr'><strong>quo</strong></span> <span class='ocrx_word' id='word_1_479' title='bbox 1094 3844 1216 3899; x_wconf 87' lang='lat' dir='ltr'><strong>loco</strong></span> <span class='ocrx_word' id='word_1_480' title='bbox 1248 3845 1574 3903; x_wconf 83' lang='lat' dir='ltr'><strong>Reineccins</strong></span> <span class='ocrx_word' id='word_1_481' title='bbox 1608 3859 1776 3916; x_wconf 87' lang='lat' dir='ltr'><strong>notat,</strong></span> <span class='ocrx_word' id='word_1_482' title='bbox 1821 3855 2066 3908; x_wconf 73' lang='lat' dir='ltr'><strong>serilien-</strong></span> 
     </span>
    </p>
   </div>
   <div class='ocr_carea' id='block_1_70' title="bbox 500 3937 2064 4016">
    <p class='ocr_par' dir='ltr' id='par_1_70' title="bbox 500 3937 2064 4016">
     <span class='ocr_line' id='line_1_70' title="bbox 500 3937 2064 4016; baseline 0.004 -21"><span class='ocrx_word' id='word_1_483' title='bbox 500 3945 628 3995; x_wconf 91' lang='lat' dir='ltr'><strong>dum</strong></span> <span class='ocrx_word' id='word_1_484' title='bbox 670 3957 767 4010; x_wconf 91' lang='lat' dir='ltr'><strong>pro</strong></span> <span class='ocrx_word' id='word_1_485' title='bbox 807 3938 1014 3994; x_wconf 82' lang='lat' dir='ltr'><strong>Natalia</strong></span> <span class='ocrx_word' id='word_1_486' title='bbox 1059 3937 1365 3995; x_wconf 82' lang='lat' dir='ltr'><strong>Nacoliam.</strong></span> <span class='ocrx_word' id='word_1_487' title='bbox 1412 3940 1576 4010; x_wconf 84' lang='lat' dir='ltr'><strong>Atqui</strong></span> <span class='ocrx_word' id='word_1_488' title='bbox 1630 3942 1854 3999; x_wconf 85' lang='lat' dir='ltr'><strong>Nacolia</strong></span> <span class='ocrx_word' id='word_1_489' title='bbox 1908 3946 2064 4016; x_wconf 74' lang='lat' dir='ltr'><strong>longe</strong></span> 
     </span>
    </p>
   </div>
   <div class='ocr_carea' id='block_1_71' title="bbox 499 4034 2063 4107">
    <p class='ocr_par' dir='ltr' id='par_1_71' title="bbox 499 4034 2063 4107">
     <span class='ocr_line' id='line_1_71' title="bbox 499 4034 2063 4107; baseline 0.003 -18"><span class='ocrx_word' id='word_1_490' title='bbox 499 4037 760 4093; x_wconf 84' lang='lat' dir='ltr'><strong>distatab</strong></span> <span class='ocrx_word' id='word_1_491' title='bbox 787 4036 1021 4100; x_wconf 84' lang='lat' dir='ltr'><strong>Antalia,</strong></span> <span class='ocrx_word' id='word_1_492' title='bbox 1061 4034 1308 4106; x_wconf 70' lang='lat' dir='ltr'><strong>Phrygiae</strong></span> <span class='ocrx_word' id='word_1_493' title='bbox 1347 4036 1604 4090; x_wconf 87' lang='lat' dir='ltr'><strong>nimirum</strong></span> <span class='ocrx_word' id='word_1_494' title='bbox 1630 4038 1855 4107; x_wconf 85' lang='lat' dir='ltr'><strong>majoris</strong></span> <span class='ocrx_word' id='word_1_495' title='bbox 1892 4041 2063 4094; x_wconf 89' lang='lat' dir='ltr'><strong>medi-</strong></span> 
     </span>
    </p>
   </div>
   <div class='ocr_carea' id='block_1_72' title="bbox 498 4127 2059 4195">
    <p class='ocr_par' dir='ltr' id='par_1_72' title="bbox 498 4127 2059 4195">
     <span class='ocr_line' id='line_1_72' title="bbox 498 4127 2059 4195; baseline 0.003 -15"><span class='ocrx_word' id='word_1_496' title='bbox 498 4139 749 4183; x_wconf 71' lang='lat' dir='ltr'><strong>torranea</strong></span> <span class='ocrx_word' id='word_1_497' title='bbox 803 4129 1015 4194; x_wconf 83' lang='lat' dir='ltr'><strong>civitas,</strong></span> <span class='ocrx_word' id='word_1_498' title='bbox 1056 4129 1121 4181; x_wconf 88' lang='lat' dir='ltr'><strong>ad</strong></span> <span class='ocrx_word' id='word_1_499' title='bbox 1151 4127 1475 4195; x_wconf 85' lang='lat' dir='ltr'><strong>Sangarium</strong></span> <span class='ocrx_word' id='word_1_500' title='bbox 1515 4127 1715 4183; x_wconf 77' lang='lat' dir='ltr'><strong>ﬂumen</strong></span> <span class='ocrx_word' id='word_1_501' title='bbox 1745 4131 1850 4184; x_wconf 89' lang='lat' dir='ltr'><strong>sita</strong></span> <span class='ocrx_word' id='word_1_502' title='bbox 1885 4148 1898 4184; x_wconf 76' lang='grc' dir='ltr'>ε</span> <span class='ocrx_word' id='word_1_503' title='bbox 1937 4147 2059 4185; x_wconf 89' lang='lat' dir='ltr'><strong>cum</strong></span> 
     </span>
    </p>
   </div>
   <div class='ocr_carea' id='block_1_73' title="bbox 492 4220 2057 4290">
    <p class='ocr_par' dir='ltr' id='par_1_73' title="bbox 492 4220 2057 4290">
     <span class='ocr_line' id='line_1_73' title="bbox 492 4220 2057 4290; baseline 0.002 -15"><span class='ocrx_word' id='word_1_504' title='bbox 492 4221 563 4277; x_wconf 88' lang='lat' dir='ltr'><strong>de</strong></span> <span class='ocrx_word' id='word_1_505' title='bbox 598 4220 814 4275; x_wconf 86' lang='lat' dir='ltr'><strong>Antalia</strong></span> <span class='ocrx_word' id='word_1_506' title='bbox 842 4236 941 4275; x_wconf 89' lang='lat' dir='ltr'><strong>sua</strong></span> <span class='ocrx_word' id='word_1_507' title='bbox 966 4221 1151 4275; x_wconf 86' lang='lat' dir='ltr'><strong>statim</strong></span> <span class='ocrx_word' id='word_1_508' title='bbox 1181 4221 1437 4288; x_wconf 86' lang='lat' dir='ltr'><strong>subjiciat</strong></span> <span class='ocrx_word' id='word_1_509' title='bbox 1464 4222 1768 4290; x_wconf 83' lang='lat' dir='ltr'><strong>Aythonus,</strong></span> <span class='ocrx_word' id='word_1_510' title='bbox 1797 4238 1915 4277; x_wconf 88' lang='lat' dir='ltr'><strong>eam</strong></span> <span class='ocrx_word' id='word_1_511' title='bbox 1961 4239 2057 4278; x_wconf 86' lang='lat' dir='ltr'><strong>su-</strong></span> 
     </span>
    </p>
   </div>
   <div class='ocr_carea' id='block_1_74' title="bbox 496 4313 2054 4385">
    <p class='ocr_par' dir='ltr' id='par_1_74' title="bbox 496 4313 2054 4385">
     <span class='ocr_line' id='line_1_74' title="bbox 496 4313 2054 4385; baseline 0.002 -18"><span class='ocrx_word' id='word_1_512' title='bbox 496 4329 594 4385; x_wconf 87' lang='lat' dir='ltr'><strong>pra</strong></span> <span class='ocrx_word' id='word_1_513' title='bbox 636 4329 787 4368; x_wconf 86' lang='lat' dir='ltr'><strong>mare</strong></span> <span class='ocrx_word' id='word_1_514' title='bbox 809 4313 1032 4369; x_wconf 64' lang='lat' dir='ltr'><strong>Graeciaa</strong></span> <span class='ocrx_word' id='word_1_515' title='bbox 1058 4314 1286 4382; x_wconf 84' lang='lat' dir='ltr'><strong>(Gallice</strong></span> <span class='ocrx_word' id='word_1_516' title='bbox 1313 4315 1573 4382; x_wconf 85' lang='lat' dir='ltr'><strong>loquitur,</strong></span> <span class='ocrx_word' id='word_1_517' title='bbox 1626 4331 1742 4381; x_wconf 89' lang='lat' dir='ltr'><strong>pro,</strong></span> <span class='ocrx_word' id='word_1_518' title='bbox 1787 4317 1851 4370; x_wconf 89' lang='lat' dir='ltr'><strong>ad</strong></span> <span class='ocrx_word' id='word_1_519' title='bbox 1884 4317 2054 4382; x_wconf 89' lang='lat' dir='ltr'><strong>mare)</strong></span> 
     </span>
    </p>
   </div>
   <div class='ocr_carea' id='block_1_75' title="bbox 495 4406 2059 4479">
    <p class='ocr_par' dir='ltr' id='par_1_75' title="bbox 495 4406 2059 4479">
     <span class='ocr_line' id='line_1_75' title="bbox 495 4406 2059 4479; baseline 0.001 -18"><span class='ocrx_word' id='word_1_520' title='bbox 495 4408 680 4461; x_wconf 87' lang='lat' dir='ltr'><strong>sitam.</strong></span> <span class='ocrx_word' id='word_1_521' title='bbox 735 4406 800 4462; x_wconf 83' lang='lat' dir='ltr'><strong>Et</strong></span> <span class='ocrx_word' id='word_1_522' title='bbox 872 4409 1037 4461; x_wconf 83' lang='lat' dir='ltr'><strong>maris</strong></span> <span class='ocrx_word' id='word_1_523' title='bbox 1099 4408 1324 4461; x_wconf 59' lang='grc' dir='ltr'><strong>(ἱππείῃ</strong></span> <span class='ocrx_word' id='word_1_524' title='bbox 1398 4409 1667 4462; x_wconf 85' lang='lat' dir='ltr'><strong>vocabulo</strong></span> <span class='ocrx_word' id='word_1_525' title='bbox 1736 4409 2059 4479; x_wconf 79' lang='lat' dir='ltr'><strong>intelligitur</strong></span> 
     </span>
    </p>
   </div>
   <div class='ocr_carea' id='block_1_76' title="bbox 2183 3200 3746 3275">
    <p class='ocr_par' dir='ltr' id='par_1_76' title="bbox 2183 3200 3746 3275">
     <span class='ocr_line' id='line_1_76' title="bbox 2183 3200 3746 3275; baseline -0.004 -16"><span class='ocrx_word' id='word_1_526' title='bbox 2183 3208 2513 3261; x_wconf 88' lang='lat' dir='ltr'><strong>nominatur.</strong></span> <span class='ocrx_word' id='word_1_527' title='bbox 2550 3206 2707 3275; x_wconf 85' lang='lat' dir='ltr'><strong>Apud</strong></span> <span class='ocrx_word' id='word_1_528' title='bbox 2736 3204 2965 3261; x_wconf 89' lang='lat' dir='ltr'><strong>Leonem</strong></span> <span class='ocrx_word' id='word_1_529' title='bbox 2999 3207 3302 3274; x_wconf 79' lang='lat' dir='ltr'><strong>Angustum</strong></span> <span class='ocrx_word' id='word_1_530' title='bbox 3340 3202 3622 3272; x_wconf 87' lang='lat' dir='ltr'><strong>lnnopnlis</strong></span> <span class='ocrx_word' id='word_1_531' title='bbox 3655 3200 3746 3255; x_wconf 81' lang='lat' dir='ltr'><strong>di-</strong></span> 
     </span>
    </p>
   </div>
   <div class='ocr_carea' id='block_1_77' title="bbox 2178 3294 3746 3371">
    <p class='ocr_par' dir='ltr' id='par_1_77' title="bbox 2178 3294 3746 3371">
     <span class='ocr_line' id='line_1_77' title="bbox 2178 3294 3746 3371; baseline -0.002 -18"><span class='ocrx_word' id='word_1_532' title='bbox 2178 3299 2343 3366; x_wconf 91' lang='lat' dir='ltr'><strong>citur,</strong></span> <span class='ocrx_word' id='word_1_533' title='bbox 2366 3311 2420 3353; x_wconf 91' lang='lat' dir='ltr'><strong>et</strong></span> <span class='ocrx_word' id='word_1_534' title='bbox 2443 3300 2790 3371; x_wconf 85' lang='lat' dir='ltr'><strong>episcopatus</strong></span> <span class='ocrx_word' id='word_1_535' title='bbox 2816 3301 2938 3371; x_wconf 81' lang='lat' dir='ltr'><strong>ejus</strong></span> <span class='ocrx_word' id='word_1_536' title='bbox 2966 3297 3033 3354; x_wconf 88' lang='lat' dir='ltr'><strong>ad</strong></span> <span class='ocrx_word' id='word_1_537' title='bbox 3065 3298 3338 3370; x_wconf 84' lang='lat' dir='ltr'><strong>Gangram</strong></span> <span class='ocrx_word' id='word_1_538' title='bbox 3363 3294 3746 3366; x_wconf 66' lang='lat' dir='ltr'><strong>Paphlagonia</strong></span> 
     </span>
    </p>
   </div>
   <div class='ocr_carea' id='block_1_78' title="bbox 2176 3390 3004 3463">
    <p class='ocr_par' dir='ltr' id='par_1_78' title="bbox 2176 3390 3004 3463">
     <span class='ocr_line' id='line_1_78' title="bbox 2176 3390 3004 3463; baseline 0 -16"><span class='ocrx_word' id='word_1_539' title='bbox 2176 3390 2431 3447; x_wconf 79' lang='lat' dir='ltr'><strong>refertur.</strong></span> <span class='ocrx_word' id='word_1_540' title='bbox 2467 3391 2571 3446; x_wconf 88' lang='lat' dir='ltr'><strong>Sed</strong></span> <span class='ocrx_word' id='word_1_541' title='bbox 2610 3392 2800 3447; x_wconf 89' lang='lat' dir='ltr'><strong>desino</strong></span> <span class='ocrx_word' id='word_1_542' title='bbox 2826 3393 3004 3463; x_wconf 87' lang='lat' dir='ltr'><strong>plura.</strong></span> 
     </span>
    </p>
   </div>
   <div class='ocr_carea' id='block_1_79' title="bbox 2179 3503 3747 3574">
    <p class='ocr_par' dir='ltr' id='par_1_79' title="bbox 2179 3503 3747 3574">
     <span class='ocr_line' id='line_1_79' title="bbox 2179 3503 3747 3574; baseline -0.002 -14"><span class='ocrx_word' id='word_1_543' title='bbox 2179 3503 2302 3560; x_wconf 85' lang='grc'>181.</span> <span class='ocrx_word' id='word_1_544' title='bbox 2352 3503 2585 3574; x_wconf 83' lang='lat' dir='ltr'><strong>Gnragos</strong></span> <span class='ocrx_word' id='word_1_545' title='bbox 2641 3504 2831 3565; x_wconf 82' lang='lat' dir='ltr'><strong>bassa.</strong></span> <span class='ocrx_word' id='word_1_546' title='bbox 2893 3504 3221 3573; x_wconf 76' lang='lat' dir='ltr'><strong>beylet‘begtts</strong></span> <span class='ocrx_word' id='word_1_547' title='bbox 3276 3504 3545 3558; x_wconf 81' lang='lat' dir='ltr'><strong>‘Anatolia:</strong></span> <span class='ocrx_word' id='word_1_548' title='bbox 3599 3504 3747 3557; x_wconf 76' lang='lat' dir='ltr'><strong>vivus</strong></span> 
     </span>
    </p>
   </div>
   <div class='ocr_carea' id='block_1_80' title="bbox 2690 3575 3215 3643">
    <p class='ocr_par' dir='ltr' id='par_1_80' title="bbox 2690 3575 3215 3643">
     <span class='ocr_line' id='line_1_80' title="bbox 2690 3575 3215 3643; baseline 0.004 -16"><span class='ocrx_word' id='word_1_549' title='bbox 2690 3575 2812 3643; x_wconf 78' lang='lat' dir='ltr'><strong>palo</strong></span> <span class='ocrx_word' id='word_1_550' title='bbox 2864 3575 3215 3643; x_wconf 79' lang='lat' dir='ltr'><strong>transﬁgitur.</strong></span> 
     </span>
    </p>
   </div>
   <div class='ocr_carea' id='block_1_81' title="bbox 2244 3664 3743 3738">
    <p class='ocr_par' dir='ltr' id='par_1_81' title="bbox 2244 3664 3743 3738">
     <span class='ocr_line' id='line_1_81' title="bbox 2244 3664 3743 3738; baseline -0.002 -18"><span class='ocrx_word' id='word_1_551' title='bbox 2244 3665 2420 3721; x_wconf 79' lang='lat' dir='ltr'><strong>Habes</strong></span> <span class='ocrx_word' id='word_1_552' title='bbox 2459 3666 2548 3722; x_wconf 89' lang='lat' dir='ltr'><strong>hic</strong></span> <span class='ocrx_word' id='word_1_553' title='bbox 2581 3668 2791 3738; x_wconf 78' lang='lat' dir='ltr'><strong>insigne</strong></span> <span class='ocrx_word' id='word_1_554' title='bbox 2809 3666 3155 3721; x_wconf 84' lang='lat' dir='ltr'><strong>crudelitatis</strong></span> <span class='ocrx_word' id='word_1_555' title='bbox 3190 3666 3498 3735; x_wconf 81' lang='lat' dir='ltr'><strong>exemplum</strong></span> <span class='ocrx_word' id='word_1_556' title='bbox 3531 3665 3585 3720; x_wconf 92' lang='lat' dir='ltr'><strong>in</strong></span> <span class='ocrx_word' id='word_1_557' title='bbox 3617 3664 3743 3718; x_wconf 85' lang='lat' dir='ltr'><strong>reli-</strong></span> 
     </span>
    </p>
   </div>
   <div class='ocr_carea' id='block_1_82' title="bbox 2170 3752 3736 3822">
    <p class='ocr_par' dir='ltr' id='par_1_82' title="bbox 2170 3752 3736 3822">
     <span class='ocr_line' id='line_1_82' title="bbox 2170 3752 3736 3822; baseline 0 -18"><span class='ocrx_word' id='word_1_558' title='bbox 2170 3753 2339 3820; x_wconf 81' lang='lat' dir='ltr'><strong>giosis</strong></span> <span class='ocrx_word' id='word_1_559' title='bbox 2385 3752 2711 3816; x_wconf 81' lang='lat' dir='ltr'><strong>Turcornm,</strong></span> <span class='ocrx_word' id='word_1_560' title='bbox 2746 3755 2907 3822; x_wconf 85' lang='lat' dir='ltr'><strong>cujus</strong></span> <span class='ocrx_word' id='word_1_561' title='bbox 2963 3754 3143 3808; x_wconf 88' lang='lat' dir='ltr'><strong>obiter</strong></span> <span class='ocrx_word' id='word_1_562' title='bbox 3195 3756 3531 3807; x_wconf 78' lang='lat' dir='ltr'><strong>mentionem</strong></span> <span class='ocrx_word' id='word_1_563' title='bbox 3570 3766 3736 3821; x_wconf 79' lang='lat' dir='ltr'><strong>supra</strong></span> 
     </span>
    </p>
   </div>
   <div class='ocr_carea' id='block_1_83' title="bbox 2171 3846 3739 3918">
    <p class='ocr_par' dir='ltr' id='par_1_83' title="bbox 2171 3846 3739 3918">
     <span class='ocr_line' id='line_1_83' title="bbox 2171 3846 3739 3918; baseline -0.001 -18"><span class='ocrx_word' id='word_1_564' title='bbox 2171 3847 2422 3912; x_wconf 88' lang='lat' dir='ltr'><strong>fecimus,</strong></span> <span class='ocrx_word' id='word_1_565' title='bbox 2491 3862 2612 3918; x_wconf 80' lang='lat' dir='ltr'><strong>cap.</strong></span> <span class='ocrx_word' id='word_1_566' title='bbox 2647 3848 2735 3903; x_wconf 60' lang='lat' dir='ltr'><strong>6L.</strong></span> <span class='ocrx_word' id='word_1_567' title='bbox 2800 3846 3124 3902; x_wconf 81' lang='lat' dir='ltr'><strong>Transtixus</strong></span> <span class='ocrx_word' id='word_1_568' title='bbox 3157 3861 3186 3901; x_wconf 87' lang='lat' dir='ltr'><strong>a</strong></span> <span class='ocrx_word' id='word_1_569' title='bbox 3227 3846 3547 3900; x_wconf 77' lang='lat' dir='ltr'><strong>Scachoculi</strong></span> <span class='ocrx_word' id='word_1_570' title='bbox 3613 3846 3739 3914; x_wconf 89' lang='lat' dir='ltr'><strong>palo</strong></span> 
     </span>
    </p>
   </div>
   <div class='ocr_carea' id='block_1_84' title="bbox 2167 3938 3735 4009">
    <p class='ocr_par' dir='ltr' id='par_1_84' title="bbox 2167 3938 3735 4009">
     <span class='ocr_line' id='line_1_84' title="bbox 2167 3938 3735 4009; baseline 0.001 -18"><span class='ocrx_word' id='word_1_571' title='bbox 2167 3938 2272 3992; x_wconf 81' lang='lat' dir='ltr'><strong>fuit</strong></span> <span class='ocrx_word' id='word_1_572' title='bbox 2316 3942 2576 3995; x_wconf 75' lang='lat' dir='ltr'><strong>Anatoiizc</strong></span> <span class='ocrx_word' id='word_1_573' title='bbox 2605 3942 2983 4009; x_wconf 79' lang='lat' dir='ltr'><strong>beglerliegns.</strong></span> <span class='ocrx_word' id='word_1_574' title='bbox 3024 3950 3081 3994; x_wconf 94' lang='lat' dir='ltr'><strong>nt</strong></span> <span class='ocrx_word' id='word_1_575' title='bbox 3106 3940 3345 3995; x_wconf 82' lang='lat' dir='ltr'><strong>Annales</strong></span> <span class='ocrx_word' id='word_1_576' title='bbox 3374 3939 3641 3995; x_wconf 79' lang='lat' dir='ltr'><strong>referunt.</strong></span> <span class='ocrx_word' id='word_1_577' title='bbox 3676 3938 3735 3992; x_wconf 84' lang='lat' dir='ltr'><strong>Ei</strong></span> 
     </span>
    </p>
   </div>
   <div class='ocr_carea' id='block_1_85' title="bbox 2169 4033 3737 4106">
    <p class='ocr_par' dir='ltr' id='par_1_85' title="bbox 2169 4033 3737 4106">
     <span class='ocr_line' id='line_1_85' title="bbox 2169 4033 3737 4106; baseline -0.001 -18"><span class='ocrx_word' id='word_1_578' title='bbox 2169 4048 2368 4088; x_wconf 73' lang='lat' dir='ltr'><strong>nomen</strong></span> <span class='ocrx_word' id='word_1_579' title='bbox 2403 4036 2535 4088; x_wconf 90' lang='lat' dir='ltr'><strong>dant</strong></span> <span class='ocrx_word' id='word_1_580' title='bbox 2558 4033 2725 4106; x_wconf 62' lang='grc'><strong>469</strong></span> <span class='ocrx_word' id='word_1_581' title='bbox 2746 4034 2909 4088; x_wconf 90' lang='lat' dir='ltr'><strong>Turci</strong></span> <span class='ocrx_word' id='word_1_582' title='bbox 2936 4035 3196 4103; x_wconf 81' lang='lat' dir='ltr'><strong>Caragos,</strong></span> <span class='ocrx_word' id='word_1_583' title='bbox 3230 4042 3287 4089; x_wconf 92' lang='lat' dir='ltr'><strong>ut</strong></span> <span class='ocrx_word' id='word_1_584' title='bbox 3308 4044 3495 4088; x_wconf 89' lang='lat' dir='ltr'><strong>nostro</strong></span> <span class='ocrx_word' id='word_1_585' title='bbox 3520 4046 3737 4102; x_wconf 85' lang='lat' dir='ltr'><strong>quoque</strong></span> 
     </span>
    </p>
   </div>
   <div class='ocr_carea' id='block_1_86' title="bbox 2168 4124 3729 4195">
    <p class='ocr_par' dir='ltr' id='par_1_86' title="bbox 2168 4124 3729 4195">
     <span class='ocr_line' id='line_1_86' title="bbox 2168 4124 3729 4195; baseline 0.001 -17"><span class='ocrx_word' id='word_1_586' title='bbox 2168 4134 2414 4195; x_wconf 87' lang='lat' dir='ltr'><strong>tempore</strong></span> <span class='ocrx_word' id='word_1_587' title='bbox 2445 4126 2678 4182; x_wconf 82' lang='lat' dir='ltr'><strong>celebris</strong></span> <span class='ocrx_word' id='word_1_588' title='bbox 2712 4126 2813 4180; x_wconf 76' lang='lat' dir='ltr'><strong>fuit</strong></span> <span class='ocrx_word' id='word_1_589' title='bbox 2838 4126 3079 4195; x_wconf 76' lang='lat' dir='ltr'><strong>Caragos</strong></span> <span class='ocrx_word' id='word_1_590' title='bbox 3113 4124 3264 4190; x_wconf 72' lang='lat' dir='ltr'><strong>Bais,</strong></span> <span class='ocrx_word' id='word_1_591' title='bbox 3293 4142 3453 4195; x_wconf 86' lang='lat' dir='ltr'><strong>quem</strong></span> <span class='ocrx_word' id='word_1_592' title='bbox 3487 4127 3540 4179; x_wconf 89' lang='lat' dir='ltr'><strong>in</strong></span> <span class='ocrx_word' id='word_1_593' title='bbox 3584 4124 3729 4195; x_wconf 81' lang='lat' dir='ltr'><strong>Sup-</strong></span> 
     </span>
    </p>
   </div>
   <div class='ocr_carea' id='block_1_87' title="bbox 2162 4218 3727 4289">
    <p class='ocr_par' dir='ltr' id='par_1_87' title="bbox 2162 4218 3727 4289">
     <span class='ocr_line' id='line_1_87' title="bbox 2162 4218 3727 4289; baseline 0 -19"><span class='ocrx_word' id='word_1_594' title='bbox 2162 4220 2419 4289; x_wconf 85' lang='lat' dir='ltr'><strong>plementi</strong></span> <span class='ocrx_word' id='word_1_595' title='bbox 2455 4220 2767 4273; x_wconf 85' lang='lat' dir='ltr'><strong>narratione</strong></span> <span class='ocrx_word' id='word_1_596' title='bbox 2799 4219 2867 4273; x_wconf 90' lang='lat' dir='ltr'><strong>de</strong></span> <span class='ocrx_word' id='word_1_597' title='bbox 2904 4218 3046 4273; x_wconf 88' lang='lat' dir='ltr'><strong>bello</strong></span> <span class='ocrx_word' id='word_1_598' title='bbox 3076 4218 3280 4289; x_wconf 83' lang='lat' dir='ltr'><strong>Cyprio</strong></span> <span class='ocrx_word' id='word_1_599' title='bbox 3330 4228 3727 4273; x_wconf 82' lang='lat' dir='ltr'><strong>commemora-</strong></span> 
     </span>
    </p>
   </div>
   <div class='ocr_carea' id='block_1_88' title="bbox 2160 4304 3727 4380">
    <p class='ocr_par' dir='ltr' id='par_1_88' title="bbox 2160 4304 3727 4380">
     <span class='ocr_line' id='line_1_88' title="bbox 2160 4304 3727 4380; baseline -0.003 -17"><span class='ocrx_word' id='word_1_600' title='bbox 2160 4310 2380 4373; x_wconf 84' lang='lat' dir='ltr'><strong>vimus;</strong></span> <span class='ocrx_word' id='word_1_601' title='bbox 2428 4310 2590 4380; x_wconf 80' lang='lat' dir='ltr'><strong>vulgo</strong></span> <span class='ocrx_word' id='word_1_602' title='bbox 2633 4310 2805 4365; x_wconf 84' lang='lat' dir='ltr'><strong>nostri</strong></span> <span class='ocrx_word' id='word_1_603' title='bbox 2877 4309 3237 4365; x_wconf 82' lang='lat' dir='ltr'><strong>Caracossam</strong></span> <span class='ocrx_word' id='word_1_604' title='bbox 3298 4309 3506 4363; x_wconf 77' lang='lat' dir='ltr'><strong>dixere.</strong></span> <span class='ocrx_word' id='word_1_605' title='bbox 3567 4304 3727 4362; x_wconf 79' lang='lat' dir='ltr'><strong>Jovio</strong></span> 
     </span>
    </p>
   </div>
   <div class='ocr_carea' id='block_1_89' title="bbox 2161 4400 3727 4472">
    <p class='ocr_par' dir='ltr' id='par_1_89' title="bbox 2161 4400 3727 4472">
     <span class='ocr_line' id='line_1_89' title="bbox 2161 4400 3727 4472; baseline -0.003 -15"><span class='ocrx_word' id='word_1_606' title='bbox 2161 4403 2391 4472; x_wconf 79' lang='lat' dir='ltr'><strong>Cargius</strong></span> <span class='ocrx_word' id='word_1_607' title='bbox 2424 4402 2587 4459; x_wconf 83' lang='lat' dir='ltr'><strong>bassa</strong></span> <span class='ocrx_word' id='word_1_608' title='bbox 2624 4404 2962 4467; x_wconf 89' lang='lat' dir='ltr'><strong>nominatur,</strong></span> <span class='ocrx_word' id='word_1_609' title='bbox 3015 4411 3069 4457; x_wconf 87' lang='lat' dir='ltr'><strong>et</strong></span> <span class='ocrx_word' id='word_1_610' title='bbox 3109 4403 3284 4457; x_wconf 87' lang='lat' dir='ltr'><strong>eidem</strong></span> <span class='ocrx_word' id='word_1_611' title='bbox 3336 4402 3462 4457; x_wconf 86' lang='lat' dir='ltr'><strong>alibi</strong></span> <span class='ocrx_word' id='word_1_612' title='bbox 3493 4400 3727 4455; x_wconf 83' lang='lat' dir='ltr'><strong>Caraius</strong></span> 
     </span>
    </p>
   </div>
   <div class='ocr_carea' id='block_1_90' title="bbox 491 4490 3730 4575">
    <p class='ocr_par' dir='ltr' id='par_1_90' title="bbox 491 4490 3730 4575">
     <span class='ocr_line' id='line_1_90' title="bbox 491 4490 3730 4575; baseline -0.004 -19"><span class='ocrx_word' id='word_1_613' title='bbox 491 4498 736 4570; x_wconf 63' lang='lat' dir='ltr'><strong>[Egacum</strong></span> <span class='ocrx_word' id='word_1_614' title='bbox 764 4514 933 4575; x_wconf 67' lang='lat' dir='ltr'><strong>mare,</strong></span> <span class='ocrx_word' id='word_1_615' title='bbox 963 4499 1048 4553; x_wconf 81' lang='lat' dir='ltr'><strong>vel</strong></span> <span class='ocrx_word' id='word_1_616' title='bbox 1074 4499 1484 4569; x_wconf 85' lang='lat' dir='ltr'><strong>Archipelagus.</strong></span> <span class='ocrx_word' id='word_1_617' title='bbox 1518 4500 1679 4553; x_wconf 84' lang='lat' dir='ltr'><strong>Addit</strong></span> <span class='ocrx_word' id='word_1_618' title='bbox 1711 4502 1881 4565; x_wconf 89' lang='lat' dir='ltr'><strong>enim,</strong></span> <span class='ocrx_word' id='word_1_619' title='bbox 1908 4499 2054 4571; x_wconf 86' lang='lat' dir='ltr'><strong>quod</strong></span> <span class='ocrx_word' id='word_1_620' title='bbox 2090 4504 2135 4561; x_wconf 79' lang='grc' dir='ltr'><strong>ι)</strong></span> <span class='ocrx_word' id='word_1_621' title='bbox 2164 4505 2265 4550; x_wconf 78' lang='lat' dir='ltr'><strong>est.</strong></span> <span class='ocrx_word' id='word_1_622' title='bbox 2298 4496 2562 4552; x_wconf 84' lang='lat' dir='ltr'><strong>Dissentit</strong></span> <span class='ocrx_word' id='word_1_623' title='bbox 2588 4497 2751 4550; x_wconf 90' lang='lat' dir='ltr'><strong>etiam</strong></span> <span class='ocrx_word' id='word_1_624' title='bbox 2776 4496 2829 4551; x_wconf 91' lang='lat' dir='ltr'><strong>in</strong></span> <span class='ocrx_word' id='word_1_625' title='bbox 2850 4495 3455 4566; x_wconf 71' lang='lat' dir='ltr'><strong>esposltioneliistoriae</strong></span> <span class='ocrx_word' id='word_1_626' title='bbox 3480 4490 3730 4549; x_wconf 83' lang='lat' dir='ltr'><strong>nonnihil</strong></span> 
     </span>
    </p>
   </div>
   <div class='ocr_carea' id='block_1_91' title="bbox 491 4592 2056 4662">
    <p class='ocr_par' dir='ltr' id='par_1_91' title="bbox 491 4592 2056 4662">
     <span class='ocr_line' id='line_1_91' title="bbox 491 4592 2056 4662; baseline -0.001 -15"><span class='ocrx_word' id='word_1_627' title='bbox 491 4594 605 4647; x_wconf 70' lang='lat' dir='ltr'><strong>haec</strong></span> <span class='ocrx_word' id='word_1_628' title='bbox 621 4592 817 4648; x_wconf 82' lang='lat' dir='ltr'><strong>civitas</strong></span> <span class='ocrx_word' id='word_1_629' title='bbox 847 4592 1107 4662; x_wconf 82' lang='lat' dir='ltr'><strong>respiciat</strong></span> <span class='ocrx_word' id='word_1_630' title='bbox 1160 4606 1389 4662; x_wconf 87' lang='lat' dir='ltr'><strong>regnum</strong></span> <span class='ocrx_word' id='word_1_631' title='bbox 1419 4592 1602 4661; x_wconf 74' lang='lat' dir='ltr'><strong>Cypri.</strong></span> <span class='ocrx_word' id='word_1_632' title='bbox 1638 4592 1849 4662; x_wconf 76' lang='lat' dir='ltr'><strong>Quippe</strong></span> <span class='ocrx_word' id='word_1_633' title='bbox 1874 4609 2056 4647; x_wconf 84' lang='lat' dir='ltr'><strong>verum</strong></span> 
     </span>
    </p>
   </div>
   <div class='ocr_carea' id='block_1_92' title="bbox 494 4680 2058 4750">
    <p class='ocr_par' dir='ltr' id='par_1_92' title="bbox 494 4680 2058 4750">
     <span class='ocr_line' id='line_1_92' title="bbox 494 4680 2058 4750; baseline -0.001 -13"><span class='ocrx_word' id='word_1_634' title='bbox 494 4683 596 4737; x_wconf 81' lang='lat' dir='ltr'><strong>hoc</strong></span> <span class='ocrx_word' id='word_1_635' title='bbox 647 4690 753 4746; x_wconf 88' lang='lat' dir='ltr'><strong>est,</strong></span> <span class='ocrx_word' id='word_1_636' title='bbox 785 4691 840 4736; x_wconf 90' lang='lat' dir='ltr'><strong>et</strong></span> <span class='ocrx_word' id='word_1_637' title='bbox 870 4680 939 4735; x_wconf 89' lang='lat' dir='ltr'><strong>ab</strong></span> <span class='ocrx_word' id='word_1_638' title='bbox 974 4681 1196 4746; x_wconf 83' lang='lat' dir='ltr'><strong>Attaiia,</strong></span> <span class='ocrx_word' id='word_1_639' title='bbox 1224 4696 1389 4750; x_wconf 88' lang='lat' dir='ltr'><strong>quam</strong></span> <span class='ocrx_word' id='word_1_640' title='bbox 1431 4681 1710 4736; x_wconf 90' lang='lat' dir='ltr'><strong>Setteliam</strong></span> <span class='ocrx_word' id='word_1_641' title='bbox 1768 4682 1929 4737; x_wconf 92' lang='lat' dir='ltr'><strong>modo</strong></span> <span class='ocrx_word' id='word_1_642' title='bbox 1960 4699 2058 4736; x_wconf 89' lang='lat' dir='ltr'><strong>vo-</strong></span> 
     </span>
    </p>
   </div>
   <div class='ocr_carea' id='block_1_93' title="bbox 491 4772 2056 4843">
    <p class='ocr_par' dir='ltr' id='par_1_93' title="bbox 491 4772 2056 4843">
     <span class='ocr_line' id='line_1_93' title="bbox 491 4772 2056 4843; baseline 0 -15"><span class='ocrx_word' id='word_1_643' title='bbox 491 4782 643 4837; x_wconf 89' lang='lat' dir='ltr'><strong>cant,</strong></span> <span class='ocrx_word' id='word_1_644' title='bbox 675 4782 825 4830; x_wconf 88' lang='lat' dir='ltr'><strong>totus</strong></span> <span class='ocrx_word' id='word_1_645' title='bbox 857 4774 947 4829; x_wconf 89' lang='lat' dir='ltr'><strong>ille</strong></span> <span class='ocrx_word' id='word_1_646' title='bbox 996 4775 1153 4827; x_wconf 88' lang='lat' dir='ltr'><strong>sinus</strong></span> <span class='ocrx_word' id='word_1_647' title='bbox 1188 4772 1433 4841; x_wconf 72' lang='lat' dir='ltr'><strong>obiectus</strong></span> <span class='ocrx_word' id='word_1_648' title='bbox 1463 4774 1665 4843; x_wconf 82' lang='lat' dir='ltr'><strong>Cypro,</strong></span> <span class='ocrx_word' id='word_1_649' title='bbox 1720 4790 1865 4829; x_wconf 89' lang='lat' dir='ltr'><strong>nunc</strong></span> <span class='ocrx_word' id='word_1_650' title='bbox 1893 4773 2056 4829; x_wconf 84' lang='lat' dir='ltr'><strong>Goll&#39;o</strong></span> 
     </span>
    </p>
   </div>
   <div class='ocr_carea' id='block_1_94' title="bbox 489 4865 2053 4937">
    <p class='ocr_par' dir='ltr' id='par_1_94' title="bbox 489 4865 2053 4937">
     <span class='ocr_line' id='line_1_94' title="bbox 489 4865 2053 4937; baseline -0.003 -16"><span class='ocrx_word' id='word_1_651' title='bbox 489 4868 543 4921; x_wconf 90' lang='lat' dir='ltr'><strong>di</strong></span> <span class='ocrx_word' id='word_1_652' title='bbox 579 4867 802 4921; x_wconf 81' lang='lat' dir='ltr'><strong>Settelia</strong></span> <span class='ocrx_word' id='word_1_653' title='bbox 830 4867 1166 4920; x_wconf 81' lang='lat' dir='ltr'><strong>nominatur.</strong></span> <span class='ocrx_word' id='word_1_654' title='bbox 1186 4866 1530 4921; x_wconf 81' lang='lat' dir='ltr'><strong>Belvacensis</strong></span> <span class='ocrx_word' id='word_1_655' title='bbox 1562 4865 1845 4919; x_wconf 83' lang='lat' dir='ltr'><strong>Satteliam</strong></span> <span class='ocrx_word' id='word_1_656' title='bbox 1884 4868 2053 4937; x_wconf 87' lang='lat' dir='ltr'><strong>scrip-</strong></span> 
     </span>
    </p>
   </div>
   <div class='ocr_carea' id='block_1_95' title="bbox 491 4958 2054 5028">
    <p class='ocr_par' dir='ltr' id='par_1_95' title="bbox 491 4958 2054 5028">
     <span class='ocr_line' id='line_1_95' title="bbox 491 4958 2054 5028; baseline -0.001 -15"><span class='ocrx_word' id='word_1_657' title='bbox 491 4961 584 5025; x_wconf 88' lang='lat' dir='ltr'><strong>sit,</strong></span> <span class='ocrx_word' id='word_1_658' title='bbox 637 4959 920 5028; x_wconf 85' lang='lat' dir='ltr'><strong>eidemque</strong></span> <span class='ocrx_word' id='word_1_659' title='bbox 979 4959 1135 5012; x_wconf 84' lang='lat' dir='ltr'><strong>sinus</strong></span> <span class='ocrx_word' id='word_1_660' title='bbox 1177 4958 1266 5012; x_wconf 89' lang='lat' dir='ltr'><strong>ille</strong></span> <span class='ocrx_word' id='word_1_661' title='bbox 1300 4961 1467 5013; x_wconf 88' lang='lat' dir='ltr'><strong>maris</strong></span> <span class='ocrx_word' id='word_1_662' title='bbox 1508 4960 1811 5028; x_wconf 83' lang='lat' dir='ltr'><strong>appellatur</strong></span> <span class='ocrx_word' id='word_1_663' title='bbox 1851 4960 2054 5012; x_wconf 82' lang='lat' dir='ltr'><strong>Gantra</strong></span> 
     </span>
    </p>
   </div>
   <div class='ocr_carea' id='block_1_96' title="bbox 491 5050 2055 5118">
    <p class='ocr_par' dir='ltr' id='par_1_96' title="bbox 491 5050 2055 5118">
     <span class='ocr_line' id='line_1_96' title="bbox 491 5050 2055 5118; baseline -0.001 -12"><span class='ocrx_word' id='word_1_664' title='bbox 491 5050 756 5113; x_wconf 78' lang='lat' dir='ltr'><strong>Satteliae,</strong></span> <span class='ocrx_word' id='word_1_665' title='bbox 816 5051 1087 5106; x_wconf 80' lang='lat' dir='ltr'><strong>voeabulo</strong></span> <span class='ocrx_word' id='word_1_666' title='bbox 1149 5050 1355 5105; x_wconf 85' lang='lat' dir='ltr'><strong>Gallico</strong></span> <span class='ocrx_word' id='word_1_667' title='bbox 1401 5050 1619 5118; x_wconf 76' lang='lat' dir='ltr'><strong>Coufre,</strong></span> <span class='ocrx_word' id='word_1_668' title='bbox 1689 5052 1832 5118; x_wconf 90' lang='lat' dir='ltr'><strong>quod</strong></span> <span class='ocrx_word' id='word_1_669' title='bbox 1896 5051 2055 5104; x_wconf 80' lang='lat' dir='ltr'><strong>hodie</strong></span> 
     </span>
    </p>
   </div>
   <div class='ocr_carea' id='block_1_97' title="bbox 489 5141 2052 5213">
    <p class='ocr_par' dir='ltr' id='par_1_97' title="bbox 489 5141 2052 5213">
     <span class='ocr_line' id='line_1_97' title="bbox 489 5141 2052 5213; baseline -0.003 -13"><span class='ocrx_word' id='word_1_670' title='bbox 489 5146 692 5200; x_wconf 78' lang='lat' dir='ltr'><strong>Graecis</strong></span> <span class='ocrx_word' id='word_1_671' title='bbox 743 5152 827 5199; x_wconf 88' lang='lat' dir='ltr'><strong>est</strong></span> <span class='ocrx_word' id='word_1_672' title='bbox 864 5144 1102 5213; x_wconf 87' lang='lat' dir='ltr'><strong>Corpho,</strong></span> <span class='ocrx_word' id='word_1_673' title='bbox 1149 5143 1345 5212; x_wconf 89' lang='lat' dir='ltr'><strong>priscis</strong></span> <span class='ocrx_word' id='word_1_674' title='bbox 1403 5144 1639 5204; x_wconf 75' lang='grc' dir='ltr'><strong>Κὸλπος,</strong></span> <span class='ocrx_word' id='word_1_675' title='bbox 1682 5141 1831 5197; x_wconf 89' lang='lat' dir='ltr'><strong>italis</strong></span> <span class='ocrx_word' id='word_1_676' title='bbox 1872 5142 2052 5207; x_wconf 80' lang='lat' dir='ltr'><strong>Collo,</strong></span> 
     </span>
    </p>
   </div>
   <div class='ocr_carea' id='block_1_98' title="bbox 487 5235 2054 5302">
    <p class='ocr_par' dir='ltr' id='par_1_98' title="bbox 487 5235 2054 5302">
     <span class='ocr_line' id='line_1_98' title="bbox 487 5235 2054 5302; baseline -0.003 -10"><span class='ocrx_word' id='word_1_677' title='bbox 487 5237 698 5292; x_wconf 87' lang='lat' dir='ltr'><strong>Latinis</strong></span> <span class='ocrx_word' id='word_1_678' title='bbox 722 5237 898 5292; x_wconf 90' lang='lat' dir='ltr'><strong>sinus.</strong></span> <span class='ocrx_word' id='word_1_679' title='bbox 928 5236 1064 5302; x_wconf 82' lang='lat' dir='ltr'><strong>Quia</strong></span> <span class='ocrx_word' id='word_1_680' title='bbox 1089 5252 1221 5289; x_wconf 86' lang='lat' dir='ltr'><strong>vero</strong></span> <span class='ocrx_word' id='word_1_681' title='bbox 1244 5239 1296 5291; x_wconf 88' lang='lat' dir='ltr'><strong>in</strong></span> <span class='ocrx_word' id='word_1_682' title='bbox 1330 5238 1475 5289; x_wconf 83' lang='lat' dir='ltr'><strong>linnc</strong></span> <span class='ocrx_word' id='word_1_683' title='bbox 1498 5235 1728 5302; x_wconf 75' lang='lat' dir='ltr'><strong>Aytlioni</strong></span> <span class='ocrx_word' id='word_1_684' title='bbox 1756 5237 1934 5289; x_wconf 87' lang='lat' dir='ltr'><strong>locum</strong></span> <span class='ocrx_word' id='word_1_685' title='bbox 1969 5237 2054 5289; x_wconf 86' lang='lat' dir='ltr'><strong>in-</strong></span> 
     </span>
    </p>
   </div>
   <div class='ocr_carea' id='block_1_99' title="bbox 487 5327 2046 5399">
    <p class='ocr_par' dir='ltr' id='par_1_99' title="bbox 487 5327 2046 5399">
     <span class='ocr_line' id='line_1_99' title="bbox 487 5327 2046 5399; baseline -0.003 -15"><span class='ocrx_word' id='word_1_686' title='bbox 487 5332 742 5396; x_wconf 88' lang='lat' dir='ltr'><strong>cidimus,</strong></span> <span class='ocrx_word' id='word_1_687' title='bbox 777 5330 1110 5399; x_wconf 80' lang='lat' dir='ltr'><strong>explicemus</strong></span> <span class='ocrx_word' id='word_1_688' title='bbox 1148 5328 1323 5383; x_wconf 90' lang='lat' dir='ltr'><strong>obiter</strong></span> <span class='ocrx_word' id='word_1_689' title='bbox 1349 5338 1404 5382; x_wconf 91' lang='lat' dir='ltr'><strong>et</strong></span> <span class='ocrx_word' id='word_1_690' title='bbox 1437 5328 1539 5381; x_wconf 85' lang='lat' dir='ltr'><strong>alia</strong></span> <span class='ocrx_word' id='word_1_691' title='bbox 1565 5331 1813 5395; x_wconf 64' lang='lat' dir='ltr'><strong>quaedam</strong></span> <span class='ocrx_word' id='word_1_692' title='bbox 1847 5327 2046 5382; x_wconf 86' lang='lat' dir='ltr'><strong>ibidem</strong></span> 
     </span>
    </p>
   </div>
   <div class='ocr_carea' id='block_1_100' title="bbox 486 5421 2051 5492">
    <p class='ocr_par' dir='ltr' id='par_1_100' title="bbox 486 5421 2051 5492">
     <span class='ocr_line' id='line_1_100' title="bbox 486 5421 2051 5492; baseline -0.002 -15"><span class='ocrx_word' id='word_1_693' title='bbox 486 5424 658 5492; x_wconf 82' lang='lat' dir='ltr'><strong>posita</strong></span> <span class='ocrx_word' id='word_1_694' title='bbox 685 5426 958 5491; x_wconf 72' lang='lat' dir='ltr'><strong>regionem</strong></span> <span class='ocrx_word' id='word_1_695' title='bbox 993 5433 1045 5477; x_wconf 86' lang='lat' dir='ltr'><strong>et</strong></span> <span class='ocrx_word' id='word_1_696' title='bbox 1077 5424 1361 5477; x_wconf 87' lang='lat' dir='ltr'><strong>civitatum</strong></span> <span class='ocrx_word' id='word_1_697' title='bbox 1386 5423 1632 5475; x_wconf 89' lang='lat' dir='ltr'><strong>nomina.</strong></span> <span class='ocrx_word' id='word_1_698' title='bbox 1656 5421 1891 5475; x_wconf 51' lang='lat' dir='ltr'><strong>Primam</strong></span> <span class='ocrx_word' id='word_1_699' title='bbox 1915 5423 2051 5475; x_wconf 85' lang='lat' dir='ltr'><strong>Tur—</strong></span> 
     </span>
    </p>
   </div>
   <div class='ocr_carea' id='block_1_101' title="bbox 485 5516 2053 5584">
    <p class='ocr_par' dir='ltr' id='par_1_101' title="bbox 485 5516 2053 5584">
     <span class='ocr_line' id='line_1_101' title="bbox 485 5516 2053 5584; baseline 0.001 -16"><span class='ocrx_word' id='word_1_700' title='bbox 485 5522 627 5584; x_wconf 65' lang='lat' dir='ltr'><strong>quiaz</strong></span> <span class='ocrx_word' id='word_1_701' title='bbox 657 5517 998 5570; x_wconf 82' lang='lat' dir='ltr'><strong>sultanornm</strong></span> <span class='ocrx_word' id='word_1_702' title='bbox 1034 5516 1201 5569; x_wconf 89' lang='lat' dir='ltr'><strong>lconii</strong></span> <span class='ocrx_word' id='word_1_703' title='bbox 1255 5530 1502 5583; x_wconf 77' lang='lat' dir='ltr'><strong>regnum,</strong></span> <span class='ocrx_word' id='word_1_704' title='bbox 1544 5516 1624 5568; x_wconf 83' lang='lat' dir='ltr'><strong>vel</strong></span> <span class='ocrx_word' id='word_1_705' title='bbox 1656 5517 1837 5567; x_wconf 73' lang='lat' dir='ltr'><strong>Asiam</strong></span> <span class='ocrx_word' id='word_1_706' title='bbox 1875 5518 2053 5571; x_wconf 85' lang='lat' dir='ltr'><strong>miuo-</strong></span> 
     </span>
    </p>
   </div>
   <div class='ocr_carea' id='block_1_102' title="bbox 487 5607 2046 5679">
    <p class='ocr_par' dir='ltr' id='par_1_102' title="bbox 487 5607 2046 5679">
     <span class='ocr_line' id='line_1_102' title="bbox 487 5607 2046 5679; baseline -0.003 -16"><span class='ocrx_word' id='word_1_707' title='bbox 487 5627 601 5665; x_wconf 90' lang='lat' dir='ltr'><strong>rem</strong></span> <span class='ocrx_word' id='word_1_708' title='bbox 636 5612 908 5679; x_wconf 79' lang='lat' dir='ltr'><strong>intelligit)</strong></span> <span class='ocrx_word' id='word_1_709' title='bbox 938 5610 1275 5677; x_wconf 77' lang='lat' dir='ltr'><strong>provinciam</strong></span> <span class='ocrx_word' id='word_1_710' title='bbox 1330 5608 1487 5661; x_wconf 89' lang='lat' dir='ltr'><strong>initio</strong></span> <span class='ocrx_word' id='word_1_711' title='bbox 1536 5618 1695 5661; x_wconf 74' lang='lat' dir='ltr'><strong>Vocat</strong></span> <span class='ocrx_word' id='word_1_712' title='bbox 1730 5607 2046 5678; x_wconf 76' lang='lat' dir='ltr'><strong>Lygonintn,</strong></span> 
     </span>
    </p>
   </div>
   <div class='ocr_carea' id='block_1_103' title="bbox 485 5702 2049 5771">
    <p class='ocr_par' dir='ltr' id='par_1_103' title="bbox 485 5702 2049 5771">
     <span class='ocr_line' id='line_1_103' title="bbox 485 5702 2049 5771; baseline -0.003 -16"><span class='ocrx_word' id='word_1_713' title='bbox 485 5706 681 5757; x_wconf 88' lang='lat' dir='ltr'><strong>deinde</strong></span> <span class='ocrx_word' id='word_1_714' title='bbox 735 5710 935 5759; x_wconf 80' lang='lat' dir='ltr'><strong>rectius</strong></span> <span class='ocrx_word' id='word_1_715' title='bbox 979 5703 1311 5771; x_wconf 84' lang='lat' dir='ltr'><strong>Lyquouiam</strong></span> <span class='ocrx_word' id='word_1_716' title='bbox 1371 5702 1840 5768; x_wconf 79' lang='lat' dir='ltr'><strong>(pronuntiatione</strong></span> <span class='ocrx_word' id='word_1_717' title='bbox 1869 5702 2049 5756; x_wconf 71' lang='lat' dir='ltr'><strong>Gallo.</strong></span> 
     </span>
    </p>
   </div>
   <div class='ocr_carea' id='block_1_104' title="bbox 486 5795 2046 5869">
    <p class='ocr_par' dir='ltr' id='par_1_104' title="bbox 486 5795 2046 5869">
     <span class='ocr_line' id='line_1_104' title="bbox 486 5795 2046 5869; baseline -0.002 -17"><span class='ocrx_word' id='word_1_718' title='bbox 486 5814 606 5854; x_wconf 76' lang='lat' dir='ltr'><strong>rum</strong></span> <span class='ocrx_word' id='word_1_719' title='bbox 642 5798 867 5856; x_wconf 68' lang='lat' dir='ltr'><strong>effertur</strong></span> <span class='ocrx_word' id='word_1_720' title='bbox 896 5798 1153 5869; x_wconf 71' lang='lat' dir='ltr'><strong>Lyconia,</strong></span> <span class='ocrx_word' id='word_1_721' title='bbox 1184 5797 1232 5851; x_wconf 86' lang='lat' dir='ltr'><strong>id</strong></span> <span class='ocrx_word' id='word_1_722' title='bbox 1266 5807 1348 5853; x_wconf 84' lang='lat' dir='ltr'><strong>est</strong></span> <span class='ocrx_word' id='word_1_723' title='bbox 1410 5795 1701 5866; x_wconf 83' lang='lat' dir='ltr'><strong>Lycaonia)</strong></span> <span class='ocrx_word' id='word_1_724' title='bbox 1721 5813 1839 5867; x_wconf 76' lang='lat' dir='ltr'><strong>qua:</strong></span> <span class='ocrx_word' id='word_1_725' title='bbox 1878 5796 2046 5851; x_wconf 81' lang='lat' dir='ltr'><strong>lanio-</strong></span> 
     </span>
    </p>
   </div>
   <div class='ocr_carea' id='block_1_105' title="bbox 2164 4586 3731 4659">
    <p class='ocr_par' dir='ltr' id='par_1_105' title="bbox 2164 4586 3731 4659">
     <span class='ocr_line' id='line_1_105' title="bbox 2164 4586 3731 4659; baseline -0.002 -18"><span class='ocrx_word' id='word_1_726' title='bbox 2164 4589 2232 4643; x_wconf 86' lang='lat' dir='ltr'><strong>ab</strong></span> <span class='ocrx_word' id='word_1_727' title='bbox 2264 4588 2585 4654; x_wconf 84' lang='lat' dir='ltr'><strong>Annalibus,</strong></span> <span class='ocrx_word' id='word_1_728' title='bbox 2615 4590 2708 4658; x_wconf 73' lang='lat' dir='ltr'><strong>qui</strong></span> <span class='ocrx_word' id='word_1_729' title='bbox 2762 4588 3093 4659; x_wconf 81' lang='lat' dir='ltr'><strong>Caragosam</strong></span> <span class='ocrx_word' id='word_1_730' title='bbox 3127 4598 3345 4656; x_wconf 89' lang='lat' dir='ltr'><strong>captum</strong></span> <span class='ocrx_word' id='word_1_731' title='bbox 3382 4586 3553 4641; x_wconf 83' lang='lat' dir='ltr'><strong>inisse</strong></span> <span class='ocrx_word' id='word_1_732' title='bbox 3599 4600 3731 4640; x_wconf 83' lang='lat' dir='ltr'><strong>nar-</strong></span> 
     </span>
    </p>
   </div>
   <div class='ocr_carea' id='block_1_106' title="bbox 2163 4676 3729 4751">
    <p class='ocr_par' dir='ltr' id='par_1_106' title="bbox 2163 4676 3729 4751">
     <span class='ocr_line' id='line_1_106' title="bbox 2163 4676 3729 4751; baseline -0.004 -17"><span class='ocrx_word' id='word_1_733' title='bbox 2163 4692 2309 4745; x_wconf 81' lang='lat' dir='ltr'><strong>rant,</strong></span> <span class='ocrx_word' id='word_1_734' title='bbox 2340 4690 2391 4734; x_wconf 91' lang='lat' dir='ltr'><strong>et</strong></span> <span class='ocrx_word' id='word_1_735' title='bbox 2417 4679 2679 4751; x_wconf 73' lang='lat' dir='ltr'><strong>Cutaigen</strong></span> <span class='ocrx_word' id='word_1_736' title='bbox 2704 4678 2809 4734; x_wconf 86' lang='lat' dir='ltr'><strong>adu</strong></span> <span class='ocrx_word' id='word_1_737' title='bbox 2830 4690 3031 4743; x_wconf 64' lang='lat' dir='ltr'><strong>ictum,</strong></span> <span class='ocrx_word' id='word_1_738' title='bbox 3052 4689 3104 4734; x_wconf 92' lang='lat' dir='ltr'><strong>et</strong></span> <span class='ocrx_word' id='word_1_739' title='bbox 3123 4679 3239 4734; x_wconf 87' lang='lat' dir='ltr'><strong>suis</strong></span> <span class='ocrx_word' id='word_1_740' title='bbox 3267 4678 3321 4733; x_wconf 91' lang='lat' dir='ltr'><strong>in</strong></span> <span class='ocrx_word' id='word_1_741' title='bbox 3348 4676 3551 4748; x_wconf 89' lang='lat' dir='ltr'><strong>oppido</strong></span> <span class='ocrx_word' id='word_1_742' title='bbox 3580 4690 3729 4729; x_wconf 86' lang='lat' dir='ltr'><strong>com-</strong></span> 
     </span>
    </p>
   </div>
   <div class='ocr_carea' id='block_1_107' title="bbox 2161 4768 3728 4842">
    <p class='ocr_par' dir='ltr' id='par_1_107' title="bbox 2161 4768 3728 4842">
     <span class='ocr_line' id='line_1_107' title="bbox 2161 4768 3728 4842; baseline -0.003 -17"><span class='ocrx_word' id='word_1_743' title='bbox 2161 4780 2566 4827; x_wconf 87' lang='lat' dir='ltr'><strong>monstratum:</strong></span> <span class='ocrx_word' id='word_1_744' title='bbox 2597 4786 2831 4842; x_wconf 89' lang='lat' dir='ltr'><strong>cumque</strong></span> <span class='ocrx_word' id='word_1_745' title='bbox 2855 4770 3188 4827; x_wconf 89' lang='lat' dir='ltr'><strong>deditionem</strong></span> <span class='ocrx_word' id='word_1_746' title='bbox 3229 4770 3489 4841; x_wconf 85' lang='lat' dir='ltr'><strong>oppidani</strong></span> <span class='ocrx_word' id='word_1_747' title='bbox 3548 4768 3728 4825; x_wconf 78' lang='lat' dir='ltr'><strong>facere</strong></span> 
     </span>
    </p>
   </div>
   <div class='ocr_carea' id='block_1_108' title="bbox 2160 4858 3726 4933">
    <p class='ocr_par' dir='ltr' id='par_1_108' title="bbox 2160 4858 3726 4933">
     <span class='ocr_line' id='line_1_108' title="bbox 2160 4858 3726 4933; baseline 0 -18"><span class='ocrx_word' id='word_1_748' title='bbox 2160 4863 2390 4925; x_wconf 84' lang='lat' dir='ltr'><strong>nollent,</strong></span> <span class='ocrx_word' id='word_1_749' title='bbox 2432 4864 2487 4917; x_wconf 87' lang='lat' dir='ltr'><strong>in</strong></span> <span class='ocrx_word' id='word_1_750' title='bbox 2529 4878 2719 4919; x_wconf 79' lang='lat' dir='ltr'><strong>earum</strong></span> <span class='ocrx_word' id='word_1_751' title='bbox 2756 4872 3052 4933; x_wconf 76' lang='lat' dir='ltr'><strong>conSpectu</strong></span> <span class='ocrx_word' id='word_1_752' title='bbox 3095 4862 3219 4933; x_wconf 87' lang='lat' dir='ltr'><strong>palo</strong></span> <span class='ocrx_word' id='word_1_753' title='bbox 3250 4861 3601 4917; x_wconf 78' lang='lat' dir='ltr'><strong>transﬁxum.</strong></span> <span class='ocrx_word' id='word_1_754' title='bbox 3632 4858 3726 4915; x_wconf 81' lang='lat' dir='ltr'><strong>Jo-</strong></span> 
     </span>
    </p>
   </div>
   <div class='ocr_carea' id='block_1_109' title="bbox 2159 4946 3720 5022">
    <p class='ocr_par' dir='ltr' id='par_1_109' title="bbox 2159 4946 3720 5022">
     <span class='ocr_line' id='line_1_109' title="bbox 2159 4946 3720 5022; baseline -0.002 -18"><span class='ocrx_word' id='word_1_755' title='bbox 2159 4952 2277 5005; x_wconf 87' lang='lat' dir='ltr'><strong>vius</strong></span> <span class='ocrx_word' id='word_1_756' title='bbox 2312 4962 2492 5005; x_wconf 89' lang='lat' dir='ltr'><strong>autem</strong></span> <span class='ocrx_word' id='word_1_757' title='bbox 2516 4966 2682 5022; x_wconf 89' lang='lat' dir='ltr'><strong>prope</strong></span> <span class='ocrx_word' id='word_1_758' title='bbox 2707 4950 2837 5005; x_wconf 91' lang='lat' dir='ltr'><strong>dicit</strong></span> <span class='ocrx_word' id='word_1_759' title='bbox 2861 4950 3128 5015; x_wconf 82' lang='lat' dir='ltr'><strong>abfuisse,</strong></span> <span class='ocrx_word' id='word_1_760' title='bbox 3156 4956 3217 5004; x_wconf 90' lang='lat' dir='ltr'><strong>ut</strong></span> <span class='ocrx_word' id='word_1_761' title='bbox 3247 4958 3543 5016; x_wconf 80' lang='lat' dir='ltr'><strong>caperetur</strong></span> <span class='ocrx_word' id='word_1_762' title='bbox 3581 4968 3596 5003; x_wconf 89' lang='lat'><strong>:</strong></span> <span class='ocrx_word' id='word_1_763' title='bbox 3623 4946 3720 5005; x_wconf 82' lang='lat' dir='ltr'><strong>sed</strong></span> 
     </span>
    </p>
   </div>
   <div class='ocr_carea' id='block_1_110' title="bbox 2160 5040 3725 5111">
    <p class='ocr_par' dir='ltr' id='par_1_110' title="bbox 2160 5040 3725 5111">
     <span class='ocr_line' id='line_1_110' title="bbox 2160 5040 3725 5111; baseline -0.003 -15"><span class='ocrx_word' id='word_1_764' title='bbox 2160 5042 2529 5097; x_wconf 88' lang='lat' dir='ltr'><strong>substractum</strong></span> <span class='ocrx_word' id='word_1_765' title='bbox 2556 5057 2585 5095; x_wconf 89' lang='lat' dir='ltr'><strong>a</strong></span> <span class='ocrx_word' id='word_1_766' title='bbox 2633 5043 2769 5108; x_wconf 90' lang='lat' dir='ltr'><strong>suis,</strong></span> <span class='ocrx_word' id='word_1_767' title='bbox 2810 5040 3056 5111; x_wconf 82' lang='lat' dir='ltr'><strong>Cutejam</strong></span> <span class='ocrx_word' id='word_1_768' title='bbox 3084 5040 3328 5095; x_wconf 81' lang='lat' dir='ltr'><strong>evasisse</strong></span> <span class='ocrx_word' id='word_1_769' title='bbox 3358 5059 3371 5095; x_wconf 88' lang='lat'><strong>:</strong></span> <span class='ocrx_word' id='word_1_770' title='bbox 3403 5055 3509 5111; x_wconf 87' lang='lat' dir='ltr'><strong>qua</strong></span> <span class='ocrx_word' id='word_1_771' title='bbox 3569 5041 3725 5095; x_wconf 88' lang='lat' dir='ltr'><strong>dein-</strong></span> 
     </span>
    </p>
   </div>
   <div class='ocr_carea' id='block_1_111' title="bbox 2159 5131 3719 5203">
    <p class='ocr_par' dir='ltr' id='par_1_111' title="bbox 2159 5131 3719 5203">
     <span class='ocr_line' id='line_1_111' title="bbox 2159 5131 3719 5203; baseline 0 -16"><span class='ocrx_word' id='word_1_772' title='bbox 2159 5150 2290 5203; x_wconf 70' lang='lat' dir='ltr'><strong>ceps</strong></span> <span class='ocrx_word' id='word_1_773' title='bbox 2312 5149 2339 5186; x_wconf 91' lang='lat' dir='ltr'><strong>a</strong></span> <span class='ocrx_word' id='word_1_774' title='bbox 2372 5134 2644 5189; x_wconf 89' lang='lat' dir='ltr'><strong>seditiosis</strong></span> <span class='ocrx_word' id='word_1_775' title='bbox 2673 5144 3002 5203; x_wconf 71' lang='lat' dir='ltr'><strong>expugnata,</strong></span> <span class='ocrx_word' id='word_1_776' title='bbox 3033 5131 3195 5187; x_wconf 87' lang='lat' dir='ltr'><strong>etiam</strong></span> <span class='ocrx_word' id='word_1_777' title='bbox 3227 5132 3343 5202; x_wconf 89' lang='lat' dir='ltr'><strong>ipse</strong></span> <span class='ocrx_word' id='word_1_778' title='bbox 3385 5131 3623 5188; x_wconf 83' lang='lat' dir='ltr'><strong>hostium</strong></span> <span class='ocrx_word' id='word_1_779' title='bbox 3663 5132 3719 5187; x_wconf 90' lang='lat' dir='ltr'><strong>in</strong></span> 
     </span>
    </p>
   </div>
   <div class='ocr_carea' id='block_1_112' title="bbox 2160 5221 3723 5293">
    <p class='ocr_par' dir='ltr' id='par_1_112' title="bbox 2160 5221 3723 5293">
     <span class='ocr_line' id='line_1_112' title="bbox 2160 5221 3723 5293; baseline -0.003 -14"><span class='ocrx_word' id='word_1_780' title='bbox 2160 5241 2353 5279; x_wconf 87' lang='lat' dir='ltr'><strong>manus</strong></span> <span class='ocrx_word' id='word_1_781' title='bbox 2377 5225 2603 5279; x_wconf 80' lang='lat' dir='ltr'><strong>venerit.</strong></span> <span class='ocrx_word' id='word_1_782' title='bbox 2639 5227 2831 5278; x_wconf 84' lang='lat' dir='ltr'><strong>Postea</strong></span> <span class='ocrx_word' id='word_1_783' title='bbox 2854 5240 2981 5279; x_wconf 86' lang='lat' dir='ltr'><strong>vero</strong></span> <span class='ocrx_word' id='word_1_784' title='bbox 3016 5226 3080 5277; x_wconf 90' lang='lat' dir='ltr'><strong>ad</strong></span> <span class='ocrx_word' id='word_1_785' title='bbox 3104 5223 3421 5286; x_wconf 81' lang='lat' dir='ltr'><strong>Caraéssar,</strong></span> <span class='ocrx_word' id='word_1_786' title='bbox 3443 5221 3723 5293; x_wconf 88' lang='lat' dir='ltr'><strong>(Carachi-</strong></span> 
     </span>
    </p>
   </div>
   <div class='ocr_carea' id='block_1_113' title="bbox 2158 5317 3721 5387">
    <p class='ocr_par' dir='ltr' id='par_1_113' title="bbox 2158 5317 3721 5387">
     <span class='ocr_line' id='line_1_113' title="bbox 2158 5317 3721 5387; baseline -0.004 -16"><span class='ocrx_word' id='word_1_787' title='bbox 2158 5334 2248 5372; x_wconf 92' lang='lat' dir='ltr'><strong>sar</strong></span> <span class='ocrx_word' id='word_1_788' title='bbox 2273 5318 2517 5371; x_wconf 84' lang='lat' dir='ltr'><strong>scribere</strong></span> <span class='ocrx_word' id='word_1_789' title='bbox 2564 5317 2775 5384; x_wconf 84' lang='lat' dir='ltr'><strong>debuit)</strong></span> <span class='ocrx_word' id='word_1_790' title='bbox 2823 5318 2874 5370; x_wconf 93' lang='lat' dir='ltr'><strong>in</strong></span> <span class='ocrx_word' id='word_1_791' title='bbox 2929 5317 3105 5370; x_wconf 88' lang='lat' dir='ltr'><strong>media</strong></span> <span class='ocrx_word' id='word_1_792' title='bbox 3142 5317 3248 5382; x_wconf 86' lang='lat' dir='ltr'><strong>via,</strong></span> <span class='ocrx_word' id='word_1_793' title='bbox 3280 5332 3386 5387; x_wconf 83' lang='lat' dir='ltr'><strong>qua</strong></span> <span class='ocrx_word' id='word_1_794' title='bbox 3429 5324 3721 5371; x_wconf 83' lang='lat' dir='ltr'><strong>transenn-</strong></span> 
     </span>
    </p>
   </div>
   <div class='ocr_carea' id='block_1_114' title="bbox 2156 5408 3719 5479">
    <p class='ocr_par' dir='ltr' id='par_1_114' title="bbox 2156 5408 3719 5479">
     <span class='ocr_line' id='line_1_114' title="bbox 2156 5408 3719 5479; baseline 0.001 -17"><span class='ocrx_word' id='word_1_795' title='bbox 2156 5409 2282 5462; x_wconf 90' lang='lat' dir='ltr'><strong>dum</strong></span> <span class='ocrx_word' id='word_1_796' title='bbox 2317 5416 2431 5463; x_wconf 84' lang='lat' dir='ltr'><strong>erat</strong></span> <span class='ocrx_word' id='word_1_797' title='bbox 2463 5408 2545 5462; x_wconf 87' lang='lat' dir='ltr'><strong>Ali</strong></span> <span class='ocrx_word' id='word_1_798' title='bbox 2596 5409 2786 5473; x_wconf 70' lang='lat' dir='ltr'><strong>bassae,</strong></span> <span class='ocrx_word' id='word_1_799' title='bbox 2823 5425 2944 5462; x_wconf 89' lang='lat' dir='ltr'><strong>cum</strong></span> <span class='ocrx_word' id='word_1_800' title='bbox 2984 5411 3222 5464; x_wconf 82' lang='lat' dir='ltr'><strong>exercitu</strong></span> <span class='ocrx_word' id='word_1_801' title='bbox 3261 5409 3490 5464; x_wconf 82' lang='lat' dir='ltr'><strong>rebelles</strong></span> <span class='ocrx_word' id='word_1_802' title='bbox 3531 5425 3719 5479; x_wconf 83' lang='lat' dir='ltr'><strong>perse-</strong></span> 
     </span>
    </p>
   </div>
   <div class='ocr_carea' id='block_1_115' title="bbox 2155 5500 3719 5571">
    <p class='ocr_par' dir='ltr' id='par_1_115' title="bbox 2155 5500 3719 5571">
     <span class='ocr_line' id='line_1_115' title="bbox 2155 5500 3719 5571; baseline 0 -18"><span class='ocrx_word' id='word_1_803' title='bbox 2155 5502 2367 5571; x_wconf 81' lang='lat' dir='ltr'><strong>quenti,</strong></span> <span class='ocrx_word' id='word_1_804' title='bbox 2410 5500 2593 5554; x_wconf 81' lang='lat' dir='ltr'><strong>virum</strong></span> <span class='ocrx_word' id='word_1_805' title='bbox 2637 5500 2705 5555; x_wconf 89' lang='lat' dir='ltr'><strong>ab</strong></span> <span class='ocrx_word' id='word_1_806' title='bbox 2742 5501 2823 5555; x_wconf 88' lang='lat' dir='ltr'><strong>eis</strong></span> <span class='ocrx_word' id='word_1_807' title='bbox 2851 5500 2974 5570; x_wconf 91' lang='lat' dir='ltr'><strong>palo</strong></span> <span class='ocrx_word' id='word_1_808' title='bbox 3005 5502 3326 5555; x_wconf 75' lang='lat' dir='ltr'><strong>transﬁxum</strong></span> <span class='ocrx_word' id='word_1_809' title='bbox 3359 5520 3373 5555; x_wconf 88' lang='lat'><strong>:</strong></span> <span class='ocrx_word' id='word_1_810' title='bbox 3413 5511 3469 5554; x_wconf 92' lang='lat' dir='ltr'><strong>ut</strong></span> <span class='ocrx_word' id='word_1_811' title='bbox 3500 5517 3526 5554; x_wconf 91' lang='lat' dir='ltr'><strong>a</strong></span> <span class='ocrx_word' id='word_1_812' title='bbox 3562 5511 3719 5570; x_wconf 84' lang='lat' dir='ltr'><strong>tergo</strong></span> 
     </span>
    </p>
   </div>
   <div class='ocr_carea' id='block_1_116' title="bbox 2155 5592 3717 5663">
    <p class='ocr_par' dir='ltr' id='par_1_116' title="bbox 2155 5592 3717 5663">
     <span class='ocr_line' id='line_1_116' title="bbox 2155 5592 3717 5663; baseline -0.002 -16"><span class='ocrx_word' id='word_1_813' title='bbox 2155 5595 2511 5663; x_wconf 85' lang='lat' dir='ltr'><strong>sequentibus</strong></span> <span class='ocrx_word' id='word_1_814' title='bbox 2548 5606 2653 5647; x_wconf 74' lang='lat' dir='ltr'><strong>tam</strong></span> <span class='ocrx_word' id='word_1_815' title='bbox 2691 5594 2834 5648; x_wconf 69' lang='lat' dir='ltr'><strong>[cedo</strong></span> <span class='ocrx_word' id='word_1_816' title='bbox 2866 5594 2997 5647; x_wconf 91' lang='lat' dir='ltr'><strong>tanti</strong></span> <span class='ocrx_word' id='word_1_817' title='bbox 3032 5596 3130 5648; x_wconf 88' lang='lat' dir='ltr'><strong>viri</strong></span> <span class='ocrx_word' id='word_1_818' title='bbox 3169 5593 3438 5662; x_wconf 86' lang='lat' dir='ltr'><strong>supplicio</strong></span> <span class='ocrx_word' id='word_1_819' title='bbox 3467 5592 3717 5646; x_wconf 73' lang='lat' dir='ltr'><strong>formidi-</strong></span> 
     </span>
    </p>
   </div>
   <div class='ocr_carea' id='block_1_117' title="bbox 2156 5686 3714 5758">
    <p class='ocr_par' dir='ltr' id='par_1_117' title="bbox 2156 5686 3714 5758">
     <span class='ocr_line' id='line_1_117' title="bbox 2156 5686 3714 5758; baseline -0.001 -20"><span class='ocrx_word' id='word_1_820' title='bbox 2156 5703 2275 5738; x_wconf 78' lang='lat' dir='ltr'><strong>ncm</strong></span> <span class='ocrx_word' id='word_1_821' title='bbox 2340 5694 2393 5738; x_wconf 77' lang='lat' dir='ltr'><strong>ct</strong></span> <span class='ocrx_word' id='word_1_822' title='bbox 2428 5686 2710 5740; x_wconf 81' lang='lat' dir='ltr'><strong>horrorem</strong></span> <span class='ocrx_word' id='word_1_823' title='bbox 2778 5689 3107 5743; x_wconf 78' lang='lat' dir='ltr'><strong>incuterent.</strong></span> <span class='ocrx_word' id='word_1_824' title='bbox 3144 5686 3216 5742; x_wconf 87' lang='lat' dir='ltr'><strong>De</strong></span> <span class='ocrx_word' id='word_1_825' title='bbox 3247 5686 3511 5758; x_wconf 79' lang='lat' dir='ltr'><strong>Cutaliige</strong></span> <span class='ocrx_word' id='word_1_826' title='bbox 3546 5698 3714 5756; x_wconf 87' lang='lat' dir='ltr'><strong>supra</strong></span> 
     </span>
    </p>
   </div>
   <div class='ocr_carea' id='block_1_118' title="bbox 2153 5778 2731 5848">
    <p class='ocr_par' dir='ltr' id='par_1_118' title="bbox 2153 5778 2731 5848">
     <span class='ocr_line' id='line_1_118' title="bbox 2153 5778 2731 5848; baseline 0 -16"><span class='ocrx_word' id='word_1_827' title='bbox 2153 5778 2357 5834; x_wconf 81' lang='lat' dir='ltr'><strong>dictum</strong></span> <span class='ocrx_word' id='word_1_828' title='bbox 2387 5819 2400 5842; x_wconf 92' lang='lat'><strong>,</strong></span> <span class='ocrx_word' id='word_1_829' title='bbox 2437 5781 2611 5848; x_wconf 82' lang='lat' dir='ltr'><strong>capite</strong></span> <span class='ocrx_word' id='word_1_830' title='bbox 2645 5778 2731 5834; x_wconf 70' lang='grc'><strong>40.</strong></span> 
     </span>
    </p>
   </div>
  </div>
