  <div class='ocr_page' id='page_1' title='image "/cluster/home/n/w/nwhite01/storage/ocr_20150623/159/mdp.39015015350443/436.png"; bbox 0 0 4204 6300; ppageno 0'>
   <div class='ocr_carea' id='block_1_1' title="bbox 441 310 549 374">
    <p class='ocr_par' dir='ltr' id='par_1_1' title="bbox 441 310 549 374">
     <span class='ocr_line' id='line_1_1' title="bbox 441 310 549 374; baseline 0.019 -2"><span class='ocrx_word' id='word_1_1' title='bbox 441 310 549 374; x_wconf 82' lang='grc'><strong>857</strong></span> 
     </span>
    </p>
   </div>
   <div class='ocr_carea' id='block_1_2' title="bbox 1567 303 2568 368">
    <p class='ocr_par' dir='ltr' id='par_1_2' title="bbox 1567 303 2568 368">
     <span class='ocr_line' id='line_1_2' title="bbox 1567 303 2568 368; baseline -0.001 -1"><span class='ocrx_word' id='word_1_2' title='bbox 1567 304 1972 367; x_wconf 82' lang='lat' dir='ltr'><strong>PANDECTE</strong></span> <span class='ocrx_word' id='word_1_3' title='bbox 2011 305 2063 365; x_wconf 88' lang='lat' dir='ltr'><strong>Il</strong></span> <span class='ocrx_word' id='word_1_4' title='bbox 2080 305 2214 368; x_wconf 70' lang='grc' dir='ltr'><strong>[ΒΤ.</strong></span> <span class='ocrx_word' id='word_1_5' title='bbox 2256 304 2357 366; x_wconf 85' lang='lat' dir='ltr'><strong>TU</strong></span> <span class='ocrx_word' id='word_1_6' title='bbox 2372 303 2568 366; x_wconf 74' lang='lat' dir='ltr'><strong>llClC.</strong></span> 
     </span>
    </p>
   </div>
   <div class='ocr_carea' id='block_1_3' title="bbox 3575 293 3686 356">
    <p class='ocr_par' dir='ltr' id='par_1_3' title="bbox 3575 293 3686 356">
     <span class='ocr_line' id='line_1_3' title="bbox 3575 293 3686 356; baseline 0.009 -1"><span class='ocrx_word' id='word_1_7' title='bbox 3575 293 3686 356; x_wconf 74' lang='lat'><strong>858</strong></span> 
     </span>
    </p>
   </div>
   <div class='ocr_carea' id='block_1_4' title="bbox 445 409 3688 494">
    <p class='ocr_par' dir='ltr' id='par_1_4' title="bbox 445 409 3688 494">
     <span class='ocr_line' id='line_1_4' title="bbox 445 409 3688 494; baseline -0.006 -13"><span class='ocrx_word' id='word_1_8' title='bbox 445 425 575 481; x_wconf 72' lang='grc'><strong>182.</strong></span> <span class='ocrx_word' id='word_1_9' title='bbox 605 423 799 480; x_wconf 79' lang='lat' dir='ltr'><strong>Corcut</strong></span> <span class='ocrx_word' id='word_1_10' title='bbox 833 439 865 479; x_wconf 77' lang='grc' dir='ltr'><em>α</em></span> <span class='ocrx_word' id='word_1_11' title='bbox 897 424 1162 480; x_wconf 76' lang='lat' dir='ltr'><strong>seditiosis</strong></span> <span class='ocrx_word' id='word_1_12' title='bbox 1183 423 1426 478; x_wconf 81' lang='lat' dir='ltr'><strong>vincitur.</strong></span> <span class='ocrx_word' id='word_1_13' title='bbox 1465 421 1695 478; x_wconf 65' lang='lat' dir='ltr'><strong>Diversa</strong></span> <span class='ocrx_word' id='word_1_14' title='bbox 1728 422 2020 476; x_wconf 78' lang='lat' dir='ltr'><strong>Turcorum</strong></span> <span class='ocrx_word' id='word_1_15' title='bbox 2051 429 2094 483; x_wconf 76' lang='grc' dir='ltr'>Α</span> <span class='ocrx_word' id='word_1_16' title='bbox 2127 425 2433 494; x_wconf 81' lang='lat' dir='ltr'><strong>provincia.</strong></span> <span class='ocrx_word' id='word_1_17' title='bbox 2470 419 2870 491; x_wconf 79' lang='lat' dir='ltr'><strong>complectente</strong></span> <span class='ocrx_word' id='word_1_18' title='bbox 2919 413 3343 486; x_wconf 73' lang='lat' dir='ltr'><strong>Paphlagoniam</strong></span> <span class='ocrx_word' id='word_1_19' title='bbox 3367 452 3383 476; x_wconf 87' lang='lat'><strong>,</strong></span> <span class='ocrx_word' id='word_1_20' title='bbox 3418 409 3688 466; x_wconf 80' lang='lat' dir='ltr'><strong>Galatiam</strong></span> 
     </span>
    </p>
   </div>
   <div class='ocr_carea' id='block_1_5' title="bbox 931 496 1573 548">
    <p class='ocr_par' dir='ltr' id='par_1_5' title="bbox 931 496 1573 548">
     <span class='ocr_line' id='line_1_5' title="bbox 931 496 1573 548; baseline -0.002 -1"><span class='ocrx_word' id='word_1_21' title='bbox 931 497 1260 548; x_wconf 81' lang='lat' dir='ltr'><strong>narrationes</strong></span> <span class='ocrx_word' id='word_1_22' title='bbox 1294 511 1324 547; x_wconf 87' lang='lat' dir='ltr'><strong>a</strong></span> <span class='ocrx_word' id='word_1_23' title='bbox 1362 496 1573 547; x_wconf 80' lang='lat' dir='ltr'><strong>nostris.</strong></span> 
     </span>
    </p>
   </div>
   <div class='ocr_carea' id='block_1_6' title="bbox 516 585 2017 656">
    <p class='ocr_par' dir='ltr' id='par_1_6' title="bbox 516 585 2017 656">
     <span class='ocr_line' id='line_1_6' title="bbox 516 585 2017 656; baseline -0.005 -13"><span class='ocrx_word' id='word_1_24' title='bbox 516 588 810 644; x_wconf 88' lang='lat' dir='ltr'><strong>Corcutem</strong></span> <span class='ocrx_word' id='word_1_25' title='bbox 847 588 901 642; x_wconf 90' lang='lat' dir='ltr'><strong>in</strong></span> <span class='ocrx_word' id='word_1_26' title='bbox 943 586 1368 644; x_wconf 87' lang='lat' dir='ltr'><strong>Osmanidarum</strong></span> <span class='ocrx_word' id='word_1_27' title='bbox 1405 587 1723 656; x_wconf 81' lang='lat' dir='ltr'><strong>genealogia</strong></span> <span class='ocrx_word' id='word_1_28' title='bbox 1766 585 2017 653; x_wconf 89' lang='lat' dir='ltr'><strong>quintum</strong></span> 
     </span>
    </p>
   </div>
   <div class='ocr_carea' id='block_1_7' title="bbox 445 677 2016 752">
    <p class='ocr_par' dir='ltr' id='par_1_7' title="bbox 445 677 2016 752">
     <span class='ocr_line' id='line_1_7' title="bbox 445 677 2016 752; baseline -0.005 -14"><span class='ocrx_word' id='word_1_29' title='bbox 445 685 640 740; x_wconf 80' lang='lat' dir='ltr'><strong>ordine</strong></span> <span class='ocrx_word' id='word_1_30' title='bbox 668 681 925 752; x_wconf 81' lang='lat' dir='ltr'><strong>Bajazitis</strong></span> <span class='ocrx_word' id='word_1_31' title='bbox 966 685 1133 739; x_wconf 81' lang='lat' dir='ltr'><strong>tilium</strong></span> <span class='ocrx_word' id='word_1_32' title='bbox 1179 683 1429 744; x_wconf 76' lang='lat' dir='ltr'><strong>fecimus,</strong></span> <span class='ocrx_word' id='word_1_33' title='bbox 1463 688 1520 732; x_wconf 84' lang='lat' dir='ltr'><strong>et</strong></span> <span class='ocrx_word' id='word_1_34' title='bbox 1570 693 1889 747; x_wconf 82' lang='lat' dir='ltr'><strong>germanum</strong></span> <span class='ocrx_word' id='word_1_35' title='bbox 1916 677 2016 730; x_wconf 82' lang='lat' dir='ltr'><strong>Se-</strong></span> 
     </span>
    </p>
   </div>
   <div class='ocr_carea' id='block_1_8' title="bbox 447 769 2016 848">
    <p class='ocr_par' dir='ltr' id='par_1_8' title="bbox 447 769 2016 848">
     <span class='ocr_line' id='line_1_8' title="bbox 447 769 2016 848; baseline -0.006 -16"><span class='ocrx_word' id='word_1_36' title='bbox 447 777 596 834; x_wconf 90' lang='lat' dir='ltr'><strong>limis</strong></span> <span class='ocrx_word' id='word_1_37' title='bbox 635 779 888 844; x_wconf 78' lang='lat' dir='ltr'><strong>fratrem,</strong></span> <span class='ocrx_word' id='word_1_38' title='bbox 944 780 1034 848; x_wconf 86' lang='lat' dir='ltr'><strong>qui</strong></span> <span class='ocrx_word' id='word_1_39' title='bbox 1099 778 1364 846; x_wconf 82' lang='lat' dir='ltr'><strong>deinceps</strong></span> <span class='ocrx_word' id='word_1_40' title='bbox 1439 774 1752 842; x_wconf 81' lang='lat' dir='ltr'><strong>imperavit.</strong></span> <span class='ocrx_word' id='word_1_41' title='bbox 1801 769 2016 825; x_wconf 81' lang='lat' dir='ltr'><strong>Etenim</strong></span> 
     </span>
    </p>
   </div>
   <div class='ocr_carea' id='block_1_9' title="bbox 449 863 2018 926">
    <p class='ocr_par' dir='ltr' id='par_1_9' title="bbox 449 863 2018 926">
     <span class='ocr_line' id='line_1_9' title="bbox 449 863 2018 926; baseline -0.006 0"><span class='ocrx_word' id='word_1_42' title='bbox 449 871 700 926; x_wconf 82' lang='lat' dir='ltr'><strong>eamdem</strong></span> <span class='ocrx_word' id='word_1_43' title='bbox 737 887 860 926; x_wconf 87' lang='lat' dir='ltr'><strong>cum</strong></span> <span class='ocrx_word' id='word_1_44' title='bbox 909 871 1114 926; x_wconf 84' lang='lat' dir='ltr'><strong>Selime</strong></span> <span class='ocrx_word' id='word_1_45' title='bbox 1149 881 1374 923; x_wconf 68' lang='lat' dir='ltr'><strong>matrem</strong></span> <span class='ocrx_word' id='word_1_46' title='bbox 1429 866 1642 921; x_wconf 80' lang='lat' dir='ltr'><strong>habuit.</strong></span> <span class='ocrx_word' id='word_1_47' title='bbox 1679 864 1832 919; x_wconf 86' lang='lat' dir='ltr'><strong>Hunc</strong></span> <span class='ocrx_word' id='word_1_48' title='bbox 1877 863 2018 918; x_wconf 83' lang='lat' dir='ltr'><strong>rele-</strong></span> 
     </span>
    </p>
   </div>
   <div class='ocr_carea' id='block_1_10' title="bbox 449 959 2019 1031">
    <p class='ocr_par' dir='ltr' id='par_1_10' title="bbox 449 959 2019 1031">
     <span class='ocr_line' id='line_1_10' title="bbox 449 959 2019 1031; baseline -0.007 -12"><span class='ocrx_word' id='word_1_49' title='bbox 449 979 577 1019; x_wconf 83' lang='lat' dir='ltr'><strong>runt</strong></span> <span class='ocrx_word' id='word_1_50' title='bbox 609 964 847 1020; x_wconf 79' lang='lat' dir='ltr'><strong>Annales</strong></span> <span class='ocrx_word' id='word_1_51' title='bbox 878 980 908 1018; x_wconf 89' lang='lat' dir='ltr'><strong>a</strong></span> <span class='ocrx_word' id='word_1_52' title='bbox 948 963 1240 1019; x_wconf 81' lang='lat' dir='ltr'><strong>rebellibus</strong></span> <span class='ocrx_word' id='word_1_53' title='bbox 1277 963 1330 1017; x_wconf 88' lang='lat' dir='ltr'><strong>in</strong></span> <span class='ocrx_word' id='word_1_54' title='bbox 1359 976 1538 1031; x_wconf 79' lang='lat' dir='ltr'><strong>Pugna</strong></span> <span class='ocrx_word' id='word_1_55' title='bbox 1572 959 1739 1014; x_wconf 75' lang='lat' dir='ltr'><strong>fuisse</strong></span> <span class='ocrx_word' id='word_1_56' title='bbox 1787 970 2019 1025; x_wconf 81' lang='lat' dir='ltr'><strong>supera-</strong></span> 
     </span>
    </p>
   </div>
   <div class='ocr_carea' id='block_1_11' title="bbox 448 1049 2021 1125">
    <p class='ocr_par' dir='ltr' id='par_1_11' title="bbox 448 1049 2021 1125">
     <span class='ocr_line' id='line_1_11' title="bbox 448 1049 2021 1125; baseline -0.006 -15"><span class='ocrx_word' id='word_1_57' title='bbox 448 1066 588 1110; x_wconf 91' lang='lat' dir='ltr'><strong>tum.</strong></span> <span class='ocrx_word' id='word_1_58' title='bbox 619 1056 811 1111; x_wconf 84' lang='lat' dir='ltr'><strong>Jovius</strong></span> <span class='ocrx_word' id='word_1_59' title='bbox 872 1072 1000 1110; x_wconf 82' lang='lat' dir='ltr'><strong>vero</strong></span> <span class='ocrx_word' id='word_1_60' title='bbox 1065 1065 1364 1125; x_wconf 82' lang='lat' dir='ltr'><strong>pugnatum</strong></span> <span class='ocrx_word' id='word_1_61' title='bbox 1415 1052 1491 1106; x_wconf 91' lang='lat' dir='ltr'><strong>ait</strong></span> <span class='ocrx_word' id='word_1_62' title='bbox 1521 1053 1574 1106; x_wconf 91' lang='lat' dir='ltr'><strong>in</strong></span> <span class='ocrx_word' id='word_1_63' title='bbox 1633 1053 1732 1105; x_wconf 84' lang='lat' dir='ltr'><strong>hos</strong></span> <span class='ocrx_word' id='word_1_64' title='bbox 1791 1049 2021 1103; x_wconf 88' lang='lat' dir='ltr'><strong>adverso</strong></span> 
     </span>
    </p>
   </div>
   <div class='ocr_carea' id='block_1_12' title="bbox 450 1140 2022 1217">
    <p class='ocr_par' dir='ltr' id='par_1_12' title="bbox 450 1140 2022 1217">
     <span class='ocr_line' id='line_1_12' title="bbox 450 1140 2022 1217; baseline -0.007 -16"><span class='ocrx_word' id='word_1_65' title='bbox 450 1147 641 1217; x_wconf 70' lang='lat' dir='ltr'><strong>przelio</strong></span> <span class='ocrx_word' id='word_1_66' title='bbox 680 1147 895 1201; x_wconf 84' lang='lat' dir='ltr'><strong>duobus</strong></span> <span class='ocrx_word' id='word_1_67' title='bbox 955 1160 982 1199; x_wconf 88' lang='lat' dir='ltr'><strong>a</strong></span> <span class='ocrx_word' id='word_1_68' title='bbox 1041 1146 1336 1212; x_wconf 71' lang='lat' dir='ltr'><strong>nepotibus</strong></span> <span class='ocrx_word' id='word_1_69' title='bbox 1365 1141 1640 1205; x_wconf 80' lang='lat' dir='ltr'><strong>Bajazitis,</strong></span> <span class='ocrx_word' id='word_1_70' title='bbox 1683 1140 2022 1194; x_wconf 80' lang='lat' dir='ltr'><strong>Iluchemete</strong></span> 
     </span>
    </p>
   </div>
   <div class='ocr_carea' id='block_1_13' title="bbox 451 1231 2022 1305">
    <p class='ocr_par' dir='ltr' id='par_1_13' title="bbox 451 1231 2022 1305">
     <span class='ocr_line' id='line_1_13' title="bbox 451 1231 2022 1305; baseline -0.008 -10"><span class='ocrx_word' id='word_1_71' title='bbox 451 1237 1000 1304; x_wconf 69' lang='lat' dir='ltr'><strong>SciemsciaiiSinan</strong></span> <span class='ocrx_word' id='word_1_72' title='bbox 1057 1239 1272 1293; x_wconf 88' lang='lat' dir='ltr'><strong>Sehach</strong></span> <span class='ocrx_word' id='word_1_73' title='bbox 1317 1235 1520 1290; x_wconf 88' lang='lat' dir='ltr'><strong>rectius</strong></span> <span class='ocrx_word' id='word_1_74' title='bbox 1577 1231 1934 1305; x_wconf 75' lang='lat' dir='ltr'><strong>appellatur),</strong></span> <span class='ocrx_word' id='word_1_75' title='bbox 1968 1239 2022 1284; x_wconf 87' lang='lat' dir='ltr'><strong>et</strong></span> 
     </span>
    </p>
   </div>
   <div class='ocr_carea' id='block_1_14' title="bbox 451 1324 2019 1398">
    <p class='ocr_par' dir='ltr' id='par_1_14' title="bbox 451 1324 2019 1398">
     <span class='ocr_line' id='line_1_14' title="bbox 451 1324 2019 1398; baseline -0.006 -13"><span class='ocrx_word' id='word_1_76' title='bbox 451 1329 664 1385; x_wconf 84' lang='lat' dir='ltr'><strong>Orcane</strong></span> <span class='ocrx_word' id='word_1_77' title='bbox 714 1330 1048 1398; x_wconf 85' lang='lat' dir='ltr'><strong>Alempsaci,</strong></span> <span class='ocrx_word' id='word_1_78' title='bbox 1082 1329 1208 1382; x_wconf 86' lang='lat' dir='ltr'><strong>liliis</strong></span> <span class='ocrx_word' id='word_1_79' title='bbox 1263 1329 1443 1395; x_wconf 80' lang='lat' dir='ltr'><strong>{pater</strong></span> <span class='ocrx_word' id='word_1_80' title='bbox 1501 1327 1653 1381; x_wconf 80' lang='lat' dir='ltr'><strong>Alcm</strong></span> <span class='ocrx_word' id='word_1_81' title='bbox 1690 1324 1771 1379; x_wconf 84' lang='lat' dir='ltr'><strong>vel</strong></span> <span class='ocrx_word' id='word_1_82' title='bbox 1809 1325 2019 1376; x_wconf 86' lang='lat' dir='ltr'><strong>Allama</strong></span> 
     </span>
    </p>
   </div>
   <div class='ocr_carea' id='block_1_15' title="bbox 451 1415 2019 1486">
    <p class='ocr_par' dir='ltr' id='par_1_15' title="bbox 451 1415 2019 1486">
     <span class='ocr_line' id='line_1_15' title="bbox 451 1415 2019 1486; baseline -0.005 -10"><span class='ocrx_word' id='word_1_83' title='bbox 451 1422 690 1484; x_wconf 86' lang='lat' dir='ltr'><strong>Schaeli,</strong></span> <span class='ocrx_word' id='word_1_84' title='bbox 725 1422 871 1475; x_wconf 82' lang='lat' dir='ltr'><strong>ﬁlius</strong></span> <span class='ocrx_word' id='word_1_85' title='bbox 904 1419 1128 1475; x_wconf 84' lang='lat' dir='ltr'><strong>Urchau</strong></span> <span class='ocrx_word' id='word_1_86' title='bbox 1187 1420 1344 1474; x_wconf 90' lang='lat' dir='ltr'><strong>nobis</strong></span> <span class='ocrx_word' id='word_1_87' title='bbox 1410 1426 1494 1474; x_wconf 88' lang='lat' dir='ltr'><strong>est</strong></span> <span class='ocrx_word' id='word_1_88' title='bbox 1547 1421 1598 1471; x_wconf 92' lang='lat' dir='ltr'><strong>in</strong></span> <span class='ocrx_word' id='word_1_89' title='bbox 1635 1415 1973 1486; x_wconf 84' lang='lat' dir='ltr'><strong>genealogia)</strong></span> <span class='ocrx_word' id='word_1_90' title='bbox 2006 1435 2019 1468; x_wconf 89' lang='lat'><strong>:</strong></span> 
     </span>
    </p>
   </div>
   <div class='ocr_carea' id='block_1_16' title="bbox 451 1507 2020 1583">
    <p class='ocr_par' dir='ltr' id='par_1_16' title="bbox 451 1507 2020 1583">
     <span class='ocr_line' id='line_1_16' title="bbox 451 1507 2020 1583; baseline -0.007 -14"><span class='ocrx_word' id='word_1_91' title='bbox 451 1513 746 1569; x_wconf 87' lang='lat' dir='ltr'><strong>Corcntem</strong></span> <span class='ocrx_word' id='word_1_92' title='bbox 773 1528 1038 1583; x_wconf 78' lang='lat' dir='ltr'><strong>expresse</strong></span> <span class='ocrx_word' id='word_1_93' title='bbox 1060 1513 1260 1579; x_wconf 81' lang='lat' dir='ltr'><strong>tradit,</strong></span> <span class='ocrx_word' id='word_1_94' title='bbox 1291 1526 1401 1567; x_wconf 92' lang='lat' dir='ltr'><strong>non</strong></span> <span class='ocrx_word' id='word_1_95' title='bbox 1441 1526 1636 1564; x_wconf 86' lang='lat' dir='ltr'><strong>ausum</strong></span> <span class='ocrx_word' id='word_1_96' title='bbox 1696 1507 1869 1563; x_wconf 81' lang='lat' dir='ltr'><strong>fuisse</strong></span> <span class='ocrx_word' id='word_1_97' title='bbox 1896 1522 2020 1562; x_wconf 86' lang='lat' dir='ltr'><strong>eum</strong></span> 
     </span>
    </p>
   </div>
   <div class='ocr_carea' id='block_1_17' title="bbox 451 1601 2020 1674">
    <p class='ocr_par' dir='ltr' id='par_1_17' title="bbox 451 1601 2020 1674">
     <span class='ocr_line' id='line_1_17' title="bbox 451 1601 2020 1674; baseline -0.005 -14"><span class='ocrx_word' id='word_1_98' title='bbox 451 1606 707 1662; x_wconf 72' lang='lat' dir='ltr'><strong>Techclle</strong></span> <span class='ocrx_word' id='word_1_99' title='bbox 739 1607 1026 1674; x_wconf 80' lang='lat' dir='ltr'><strong>congredi.</strong></span> <span class='ocrx_word' id='word_1_100' title='bbox 1079 1604 1209 1671; x_wconf 75' lang='lat' dir='ltr'><strong>Qua-</strong></span> <span class='ocrx_word' id='word_1_101' title='bbox 1241 1620 1372 1659; x_wconf 88' lang='lat' dir='ltr'><strong>sane</strong></span> <span class='ocrx_word' id='word_1_102' title='bbox 1401 1618 1527 1656; x_wconf 89' lang='lat' dir='ltr'><strong>vcra</strong></span> <span class='ocrx_word' id='word_1_103' title='bbox 1591 1601 1727 1666; x_wconf 85' lang='lat' dir='ltr'><strong>sint,</strong></span> <span class='ocrx_word' id='word_1_104' title='bbox 1772 1615 1870 1653; x_wconf 89' lang='lat' dir='ltr'><strong>nec</strong></span> <span class='ocrx_word' id='word_1_105' title='bbox 1932 1615 2020 1660; x_wconf 85' lang='lat' dir='ltr'><strong>ne,</strong></span> 
     </span>
    </p>
   </div>
   <div class='ocr_carea' id='block_1_18' title="bbox 451 1690 2024 1769">
    <p class='ocr_par' dir='ltr' id='par_1_18' title="bbox 451 1690 2024 1769">
     <span class='ocr_line' id='line_1_18' title="bbox 451 1690 2024 1769; baseline -0.008 -15"><span class='ocrx_word' id='word_1_106' title='bbox 451 1701 584 1756; x_wconf 85' lang='lat' dir='ltr'><strong>mihi</strong></span> <span class='ocrx_word' id='word_1_107' title='bbox 610 1699 832 1769; x_wconf 85' lang='lat' dir='ltr'><strong>quidem</strong></span> <span class='ocrx_word' id='word_1_108' title='bbox 866 1700 1180 1767; x_wconf 82' lang='lat' dir='ltr'><strong>disceptare</strong></span> <span class='ocrx_word' id='word_1_109' title='bbox 1227 1712 1335 1751; x_wconf 91' lang='lat' dir='ltr'><strong>non</strong></span> <span class='ocrx_word' id='word_1_110' title='bbox 1389 1695 1539 1750; x_wconf 85' lang='lat' dir='ltr'><strong>lubet</strong></span> <span class='ocrx_word' id='word_1_111' title='bbox 1569 1712 1582 1748; x_wconf 89' lang='lat'><strong>:</strong></span> <span class='ocrx_word' id='word_1_112' title='bbox 1616 1690 1909 1746; x_wconf 88' lang='lat' dir='ltr'><strong>indicanda</strong></span> <span class='ocrx_word' id='word_1_113' title='bbox 1945 1699 2024 1742; x_wconf 81' lang='lat' dir='ltr'><strong>ta-</strong></span> 
     </span>
    </p>
   </div>
   <div class='ocr_carea' id='block_1_19' title="bbox 2122 500 3689 583">
    <p class='ocr_par' dir='ltr' id='par_1_19' title="bbox 2122 500 3689 583">
     <span class='ocr_line' id='line_1_19' title="bbox 2122 500 3689 583; baseline -0.013 -13"><span class='ocrx_word' id='word_1_114' title='bbox 2122 525 2176 570; x_wconf 88' lang='lat' dir='ltr'><strong>et</strong></span> <span class='ocrx_word' id='word_1_115' title='bbox 2203 510 2607 583; x_wconf 76' lang='lat' dir='ltr'><strong>Cappadociam</strong></span> <span class='ocrx_word' id='word_1_116' title='bbox 2646 528 2659 563; x_wconf 89' lang='lat'><strong>:</strong></span> <span class='ocrx_word' id='word_1_117' title='bbox 2704 507 2796 563; x_wconf 79' lang='lat' dir='ltr'><strong>ubi</strong></span> <span class='ocrx_word' id='word_1_118' title='bbox 2861 501 3290 574; x_wconf 75' lang='lat' dir='ltr'><strong>sangiacatushi</strong></span> <span class='ocrx_word' id='word_1_119' title='bbox 3350 500 3689 566; x_wconf 78' lang='lat' dir='ltr'><strong>coniungun-</strong></span> 
     </span>
    </p>
   </div>
   <div class='ocr_carea' id='block_1_20' title="bbox 2124 590 3691 670">
    <p class='ocr_par' dir='ltr' id='par_1_20' title="bbox 2124 590 3691 670">
     <span class='ocr_line' id='line_1_20' title="bbox 2124 590 3691 670; baseline -0.013 -10"><span class='ocrx_word' id='word_1_120' title='bbox 2124 616 2234 669; x_wconf 87' lang='lat' dir='ltr'><strong>tur,</strong></span> <span class='ocrx_word' id='word_1_121' title='bbox 2269 603 2621 665; x_wconf 80' lang='lat' dir='ltr'><strong>Carschisar,</strong></span> <span class='ocrx_word' id='word_1_122' title='bbox 2648 599 2794 670; x_wconf 88' lang='lat' dir='ltr'><strong>(vide</strong></span> <span class='ocrx_word' id='word_1_123' title='bbox 2823 605 2986 666; x_wconf 89' lang='lat' dir='ltr'><strong>caput</strong></span> <span class='ocrx_word' id='word_1_124' title='bbox 3022 595 3142 655; x_wconf 69' lang='lat' dir='ltr'><strong>lu,</strong></span> <span class='ocrx_word' id='word_1_125' title='bbox 3169 604 3220 649; x_wconf 92' lang='lat' dir='ltr'><strong>et</strong></span> <span class='ocrx_word' id='word_1_126' title='bbox 3240 590 3433 646; x_wconf 80' lang='lat' dir='ltr'><strong>eodem</strong></span> <span class='ocrx_word' id='word_1_127' title='bbox 3461 601 3691 642; x_wconf 87' lang='lat' dir='ltr'><strong>numero</strong></span> 
     </span>
    </p>
   </div>
   <div class='ocr_carea' id='block_1_21' title="bbox 2134 681 3692 757">
    <p class='ocr_par' dir='ltr' id='par_1_21' title="bbox 2134 681 3692 757">
     <span class='ocr_line' id='line_1_21' title="bbox 2134 681 3692 757; baseline -0.014 -2"><span class='ocrx_word' id='word_1_128' title='bbox 2134 709 2347 756; x_wconf 78' lang='lat' dir='ltr'><strong>textum</strong></span> <span class='ocrx_word' id='word_1_129' title='bbox 2384 697 2712 757; x_wconf 83' lang='lat' dir='ltr'><strong>Annalium,</strong></span> <span class='ocrx_word' id='word_1_130' title='bbox 2774 693 2918 746; x_wconf 87' lang='lat' dir='ltr'><strong>hanc</strong></span> <span class='ocrx_word' id='word_1_131' title='bbox 2966 705 2992 742; x_wconf 90' lang='lat' dir='ltr'><strong>a</strong></span> <span class='ocrx_word' id='word_1_132' title='bbox 3055 685 3393 741; x_wconf 77' lang='lat' dir='ltr'><strong>Muchemcte</strong></span> <span class='ocrx_word' id='word_1_133' title='bbox 3451 681 3692 736; x_wconf 85' lang='lat' dir='ltr'><strong>secundo</strong></span> 
     </span>
    </p>
   </div>
   <div class='ocr_carea' id='block_1_22' title="bbox 2122 776 3687 864">
    <p class='ocr_par' dir='ltr' id='par_1_22' title="bbox 2122 776 3687 864">
     <span class='ocr_line' id='line_1_22' title="bbox 2122 776 3687 864; baseline -0.014 -16"><span class='ocrx_word' id='word_1_134' title='bbox 2122 801 2339 864; x_wconf 75' lang='lat' dir='ltr'><strong>captam</strong></span> <span class='ocrx_word' id='word_1_135' title='bbox 2367 788 2746 850; x_wconf 85' lang='lat' dir='ltr'><strong>relercntium,</strong></span> <span class='ocrx_word' id='word_1_136' title='bbox 2776 800 2899 839; x_wconf 90' lang='lat' dir='ltr'><strong>cum</strong></span> <span class='ocrx_word' id='word_1_137' title='bbox 2933 783 3196 836; x_wconf 72' lang='lat' dir='ltr'><strong>adversus</strong></span> <span class='ocrx_word' id='word_1_138' title='bbox 3221 776 3687 834; x_wconf 79' lang='lat' dir='ltr'><strong>Usnmcliasancm</strong></span> 
     </span>
    </p>
   </div>
   <div class='ocr_carea' id='block_1_23' title="bbox 2122 866 3688 957">
    <p class='ocr_par' dir='ltr' id='par_1_23' title="bbox 2122 866 3688 957">
     <span class='ocr_line' id='line_1_23' title="bbox 2122 866 3688 957; baseline -0.014 -17"><span class='ocrx_word' id='word_1_139' title='bbox 2122 886 2392 957; x_wconf 79' lang='lat' dir='ltr'><strong>pergeret)</strong></span> <span class='ocrx_word' id='word_1_140' title='bbox 2438 883 2632 937; x_wconf 87' lang='lat' dir='ltr'><strong>Sasum</strong></span> <span class='ocrx_word' id='word_1_141' title='bbox 2672 880 2894 948; x_wconf 86' lang='lat' dir='ltr'><strong>(priscis</strong></span> <span class='ocrx_word' id='word_1_142' title='bbox 2950 876 3187 937; x_wconf 84' lang='lat' dir='ltr'><strong>Sasima,</strong></span> <span class='ocrx_word' id='word_1_143' title='bbox 3232 873 3300 926; x_wconf 89' lang='lat' dir='ltr'><strong>de</strong></span> <span class='ocrx_word' id='word_1_144' title='bbox 3361 866 3688 924; x_wconf 77' lang='lat' dir='ltr'><strong>Naziauzcni</strong></span> 
     </span>
    </p>
   </div>
   <div class='ocr_carea' id='block_1_24' title="bbox 2123 959 3688 1037">
    <p class='ocr_par' dir='ltr' id='par_1_24' title="bbox 2123 959 3688 1037">
     <span class='ocr_line' id='line_1_24' title="bbox 2123 959 3688 1037; baseline -0.013 -8"><span class='ocrx_word' id='word_1_145' title='bbox 2123 975 2298 1030; x_wconf 85' lang='lat' dir='ltr'><strong>nostri</strong></span> <span class='ocrx_word' id='word_1_146' title='bbox 2369 973 2526 1028; x_wconf 76' lang='lat' dir='ltr'><strong>libi-is</strong></span> <span class='ocrx_word' id='word_1_147' title='bbox 2587 971 2786 1037; x_wconf 84' lang='lat' dir='ltr'><strong>nota).</strong></span> <span class='ocrx_word' id='word_1_148' title='bbox 2835 966 3154 1021; x_wconf 83' lang='lat' dir='ltr'><strong>Tarabosan</strong></span> <span class='ocrx_word' id='word_1_149' title='bbox 3218 965 3334 1016; x_wconf 87' lang='lat' dir='ltr'><strong>sive</strong></span> <span class='ocrx_word' id='word_1_150' title='bbox 3389 959 3688 1028; x_wconf 78' lang='lat' dir='ltr'><strong>Trapezus.</strong></span> 
     </span>
    </p>
   </div>
   <div class='ocr_carea' id='block_1_25' title="bbox 2120 1053 3692 1124">
    <p class='ocr_par' dir='ltr' id='par_1_25' title="bbox 2120 1053 3692 1124">
     <span class='ocr_line' id='line_1_25' title="bbox 2120 1053 3692 1124; baseline -0.013 -3"><span class='ocrx_word' id='word_1_151' title='bbox 2120 1067 2287 1124; x_wconf 79' lang='lat' dir='ltr'><strong>Addit</strong></span> <span class='ocrx_word' id='word_1_152' title='bbox 2338 1064 2528 1120; x_wconf 72' lang='lat' dir='ltr'><strong>Jovins</strong></span> <span class='ocrx_word' id='word_1_153' title='bbox 2565 1063 2668 1116; x_wconf 90' lang='lat' dir='ltr'><strong>hoc</strong></span> <span class='ocrx_word' id='word_1_154' title='bbox 2717 1062 2838 1113; x_wconf 90' lang='lat' dir='ltr'><strong>loco</strong></span> <span class='ocrx_word' id='word_1_155' title='bbox 2876 1059 3209 1111; x_wconf 79' lang='lat' dir='ltr'><strong>mentionem</strong></span> <span class='ocrx_word' id='word_1_156' title='bbox 3246 1054 3450 1107; x_wconf 86' lang='lat' dir='ltr'><strong>montis</strong></span> <span class='ocrx_word' id='word_1_157' title='bbox 3474 1053 3560 1105; x_wconf 91' lang='lat' dir='ltr'><strong>cui</strong></span> <span class='ocrx_word' id='word_1_158' title='bbox 3595 1064 3692 1102; x_wconf 73' lang='grc' dir='ltr'><strong>ιιο·</strong></span> 
     </span>
    </p>
   </div>
   <div class='ocr_carea' id='block_1_26' title="bbox 2125 1146 3692 1222">
    <p class='ocr_par' dir='ltr' id='par_1_26' title="bbox 2125 1146 3692 1222">
     <span class='ocr_line' id='line_1_26' title="bbox 2125 1146 3692 1222; baseline -0.011 -8"><span class='ocrx_word' id='word_1_159' title='bbox 2125 1177 2248 1214; x_wconf 71' lang='lat' dir='ltr'><strong>men</strong></span> <span class='ocrx_word' id='word_1_160' title='bbox 2299 1160 2390 1211; x_wconf 90' lang='lat' dir='ltr'><strong>dat</strong></span> <span class='ocrx_word' id='word_1_161' title='bbox 2415 1154 2630 1222; x_wconf 65' lang='lat' dir='ltr'><strong>Olinga,</strong></span> <span class='ocrx_word' id='word_1_162' title='bbox 2665 1171 2763 1208; x_wconf 81' lang='lat' dir='ltr'><strong>nec</strong></span> <span class='ocrx_word' id='word_1_163' title='bbox 2787 1169 2909 1206; x_wconf 86' lang='lat' dir='ltr'><strong>cum</strong></span> <span class='ocrx_word' id='word_1_164' title='bbox 2938 1165 3135 1221; x_wconf 80' lang='lat' dir='ltr'><strong>magno</strong></span> <span class='ocrx_word' id='word_1_165' title='bbox 3157 1150 3225 1203; x_wconf 88' lang='lat' dir='ltr'><strong>ab</strong></span> <span class='ocrx_word' id='word_1_166' title='bbox 3253 1149 3460 1217; x_wconf 75' lang='lat' dir='ltr'><strong>Ancyra</strong></span> <span class='ocrx_word' id='word_1_167' title='bbox 3487 1146 3692 1198; x_wconf 82' lang='lat' dir='ltr'><strong>distare</strong></span> 
     </span>
    </p>
   </div>
   <div class='ocr_carea' id='block_1_27' title="bbox 2128 1249 2649 1306">
    <p class='ocr_par' dir='ltr' id='par_1_27' title="bbox 2128 1249 2649 1306">
     <span class='ocr_line' id='line_1_27' title="bbox 2128 1249 2649 1306; baseline -0.013 0"><span class='ocrx_word' id='word_1_168' title='bbox 2128 1253 2292 1306; x_wconf 83' lang='lat' dir='ltr'><strong>tradit</strong></span> <span class='ocrx_word' id='word_1_169' title='bbox 2335 1249 2649 1303; x_wconf 77' lang='lat' dir='ltr'><strong>intervallo.</strong></span> 
     </span>
    </p>
   </div>
   <div class='ocr_carea' id='block_1_28' title="bbox 2125 1395 3689 1474">
    <p class='ocr_par' dir='ltr' id='par_1_28' title="bbox 2125 1395 3689 1474">
     <span class='ocr_line' id='line_1_28' title="bbox 2125 1395 3689 1474; baseline -0.014 -4"><span class='ocrx_word' id='word_1_170' title='bbox 2125 1414 2226 1470; x_wconf 73' lang='grc'><strong>186</strong></span> <span class='ocrx_word' id='word_1_171' title='bbox 2270 1411 2834 1474; x_wconf 75' lang='lat' dir='ltr'><strong>Kiltaitt.Protoqeros,</strong></span> <span class='ocrx_word' id='word_1_172' title='bbox 2857 1403 3204 1474; x_wconf 72' lang='lat' dir='ltr'><strong>Primikt&#39;rins.</strong></span> <span class='ocrx_word' id='word_1_173' title='bbox 3239 1397 3496 1474; x_wconf 62' lang='lat' dir='ltr'><strong>Vloferlsi,</strong></span> <span class='ocrx_word' id='word_1_174' title='bbox 3530 1395 3689 1465; x_wconf 75' lang='lat' dir='ltr'><strong>Vlefe,</strong></span> 
     </span>
    </p>
   </div>
   <div class='ocr_carea' id='block_1_29' title="bbox 2406 1473 3392 1542">
    <p class='ocr_par' dir='ltr' id='par_1_29' title="bbox 2406 1473 3392 1542">
     <span class='ocr_line' id='line_1_29' title="bbox 2406 1473 3392 1542; baseline -0.014 -6"><span class='ocrx_word' id='word_1_175' title='bbox 2406 1473 2701 1542; x_wconf 77' lang='lat' dir='ltr'><strong>Timarion,</strong></span> <span class='ocrx_word' id='word_1_176' title='bbox 2734 1477 3060 1534; x_wconf 66' lang='lat' dir='ltr'><strong>Timnriotte,</strong></span> <span class='ocrx_word' id='word_1_177' title='bbox 3096 1473 3392 1526; x_wconf 71' lang='lat' dir='ltr'><strong>Romamn.</strong></span> 
     </span>
    </p>
   </div>
   <div class='ocr_carea' id='block_1_30' title="bbox 2193 1603 3694 1684">
    <p class='ocr_par' dir='ltr' id='par_1_30' title="bbox 2193 1603 3694 1684">
     <span class='ocr_line' id='line_1_30' title="bbox 2193 1603 3694 1684; baseline -0.012 -17"><span class='ocrx_word' id='word_1_178' title='bbox 2193 1617 2294 1682; x_wconf 80' lang='lat' dir='ltr'><strong>Qui</strong></span> <span class='ocrx_word' id='word_1_179' title='bbox 2333 1614 2623 1684; x_wconf 60' lang='lat' dir='ltr'><strong>praefectus</strong></span> <span class='ocrx_word' id='word_1_180' title='bbox 2659 1607 3036 1663; x_wconf 73' lang='lat' dir='ltr'><strong>Vloleziorum</strong></span> <span class='ocrx_word' id='word_1_181' title='bbox 3100 1604 3188 1657; x_wconf 88' lang='lat' dir='ltr'><strong>hic</strong></span> <span class='ocrx_word' id='word_1_182' title='bbox 3238 1603 3466 1661; x_wconf 87' lang='lat' dir='ltr'><strong>dicitur,</strong></span> <span class='ocrx_word' id='word_1_183' title='bbox 3528 1612 3694 1654; x_wconf 82' lang='lat' dir='ltr'><strong>voca-</strong></span> 
     </span>
    </p>
   </div>
   <div class='ocr_carea' id='block_1_31' title="bbox 2127 1691 3695 1764">
    <p class='ocr_par' dir='ltr' id='par_1_31' title="bbox 2127 1691 3695 1764">
     <span class='ocr_line' id='line_1_31' title="bbox 2127 1691 3695 1764; baseline -0.013 0"><span class='ocrx_word' id='word_1_184' title='bbox 2127 1712 2257 1764; x_wconf 87' lang='lat' dir='ltr'><strong>bulo</strong></span> <span class='ocrx_word' id='word_1_185' title='bbox 2288 1706 2524 1762; x_wconf 87' lang='lat' dir='ltr'><strong>Turcico</strong></span> <span class='ocrx_word' id='word_1_186' title='bbox 2559 1703 2754 1758; x_wconf 78' lang='lat' dir='ltr'><strong>Kihaia</strong></span> <span class='ocrx_word' id='word_1_187' title='bbox 2811 1702 3152 1755; x_wconf 83' lang='lat' dir='ltr'><strong>nominatur.</strong></span> <span class='ocrx_word' id='word_1_188' title='bbox 3184 1696 3241 1751; x_wconf 68' lang='grc' dir='ltr'><strong>ιιι</strong></span> <span class='ocrx_word' id='word_1_189' title='bbox 3290 1693 3512 1764; x_wconf 85' lang='lat' dir='ltr'><strong>proprie</strong></span> <span class='ocrx_word' id='word_1_190' title='bbox 3548 1691 3695 1744; x_wconf 80' lang='lat' dir='ltr'><strong>vica—</strong></span> 
     </span>
    </p>
   </div>
   <div class='ocr_carea' id='block_1_32' title="bbox 452 1768 2047 1862">
    <p class='ocr_par' dir='ltr' id='par_1_32' title="bbox 452 1793 2023 1862">
     <span class='ocr_line' id='line_1_32' title="bbox 452 1793 2023 1862; baseline -0.009 -11"><span class='ocrx_word' id='word_1_191' title='bbox 452 1807 577 1851; x_wconf 84' lang='lat' dir='ltr'><strong>I‘nen</strong></span> <span class='ocrx_word' id='word_1_192' title='bbox 611 1793 818 1862; x_wconf 90' lang='lat' dir='ltr'><strong>putavi,</strong></span> <span class='ocrx_word' id='word_1_193' title='bbox 853 1807 952 1846; x_wconf 90' lang='lat' dir='ltr'><strong>ceu</strong></span> <span class='ocrx_word' id='word_1_194' title='bbox 1005 1802 1261 1860; x_wconf 84' lang='lat' dir='ltr'><strong>suspecta</strong></span> <span class='ocrx_word' id='word_1_195' title='bbox 1314 1799 1538 1858; x_wconf 79' lang='lat' dir='ltr'><strong>propter</strong></span> <span class='ocrx_word' id='word_1_196' title='bbox 1597 1793 1807 1840; x_wconf 76' lang='lat' dir='ltr'><strong>:etatem</strong></span> <span class='ocrx_word' id='word_1_197' title='bbox 1860 1799 2023 1853; x_wconf 86' lang='lat' dir='ltr'><strong>nepo-</strong></span> 
     </span>
    </p>
   </div>
   <div class='ocr_carea' id='block_1_33' title="bbox 2108 1768 3694 1862">
    <p class='ocr_par' dir='ltr' id='par_1_33' title="bbox 2134 1789 3694 1856">
     <span class='ocr_line' id='line_1_33' title="bbox 2134 1789 3694 1856; baseline -0.014 -1"><span class='ocrx_word' id='word_1_198' title='bbox 2134 1802 2276 1856; x_wconf 89' lang='lat' dir='ltr'><strong>rium</strong></span> <span class='ocrx_word' id='word_1_199' title='bbox 2331 1813 2426 1853; x_wconf 85' lang='lat' dir='ltr'><strong>seu</strong></span> <span class='ocrx_word' id='word_1_200' title='bbox 2479 1798 2967 1856; x_wconf 86' lang='lat' dir='ltr'><strong>locnmtenentem,</strong></span> <span class='ocrx_word' id='word_1_201' title='bbox 3033 1806 3130 1845; x_wconf 88' lang='lat' dir='ltr'><strong>seu</strong></span> <span class='ocrx_word' id='word_1_202' title='bbox 3193 1789 3454 1856; x_wconf 76' lang='lat' dir='ltr'><strong>legatum,</strong></span> <span class='ocrx_word' id='word_1_203' title='bbox 3527 1793 3694 1850; x_wconf 84' lang='lat' dir='ltr'><strong>atque</strong></span> 
     </span>
    </p>
   </div>
   <div class='ocr_carea' id='block_1_34' title="bbox 451 1884 2025 1952">
    <p class='ocr_par' dir='ltr' id='par_1_34' title="bbox 451 1884 2025 1952">
     <span class='ocr_line' id='line_1_34' title="bbox 451 1884 2025 1952; baseline -0.006 -10"><span class='ocrx_word' id='word_1_204' title='bbox 451 1898 590 1943; x_wconf 84' lang='lat' dir='ltr'><strong>tum.</strong></span> <span class='ocrx_word' id='word_1_205' title='bbox 623 1886 757 1952; x_wconf 71' lang='lat' dir='ltr'><strong>Quin</strong></span> <span class='ocrx_word' id='word_1_206' title='bbox 814 1887 951 1942; x_wconf 91' lang='lat' dir='ltr'><strong>ditio</strong></span> <span class='ocrx_word' id='word_1_207' title='bbox 987 1887 1059 1941; x_wconf 90' lang='lat' dir='ltr'><strong>sit</strong></span> <span class='ocrx_word' id='word_1_208' title='bbox 1088 1884 1423 1945; x_wconf 87' lang='lat' dir='ltr'><strong>Aidinensis,</strong></span> <span class='ocrx_word' id='word_1_209' title='bbox 1477 1890 1760 1937; x_wconf 88' lang='lat' dir='ltr'><strong>ostensmn</strong></span> <span class='ocrx_word' id='word_1_210' title='bbox 1795 1892 2025 1932; x_wconf 89' lang='lat' dir='ltr'><strong>numero</strong></span> 
     </span>
    </p>
   </div>
   <div class='ocr_carea' id='block_1_35' title="bbox 454 1969 2024 2046">
    <p class='ocr_par' dir='ltr' id='par_1_35' title="bbox 454 1969 2024 2046">
     <span class='ocr_line' id='line_1_35' title="bbox 454 1969 2024 2046; baseline -0.007 -12"><span class='ocrx_word' id='word_1_211' title='bbox 454 1981 542 2035; x_wconf 76' lang='lat' dir='ltr'><strong>l3.</strong></span> <span class='ocrx_word' id='word_1_212' title='bbox 580 1979 745 2034; x_wconf 89' lang='lat' dir='ltr'><strong>Ducis</strong></span> <span class='ocrx_word' id='word_1_213' title='bbox 780 1979 924 2033; x_wconf 83' lang='lat' dir='ltr'><strong>illius</strong></span> <span class='ocrx_word' id='word_1_214' title='bbox 952 1989 1041 2033; x_wconf 89' lang='lat' dir='ltr'><strong>est</strong></span> <span class='ocrx_word' id='word_1_215' title='bbox 1075 1977 1392 2046; x_wconf 81' lang='lat' dir='ltr'><strong>llerzecogli</strong></span> <span class='ocrx_word' id='word_1_216' title='bbox 1429 1978 1619 2038; x_wconf 83' lang='lat' dir='ltr'><strong>bassa,</strong></span> <span class='ocrx_word' id='word_1_217' title='bbox 1659 1972 1726 2027; x_wconf 90' lang='lat' dir='ltr'><strong>de</strong></span> <span class='ocrx_word' id='word_1_218' title='bbox 1756 1985 1866 2042; x_wconf 91' lang='lat' dir='ltr'><strong>quo</strong></span> <span class='ocrx_word' id='word_1_219' title='bbox 1899 1969 2024 2026; x_wconf 88' lang='lat' dir='ltr'><strong>dic-</strong></span> 
     </span>
    </p>
   </div>
   <div class='ocr_carea' id='block_1_36' title="bbox 453 2069 1148 2138">
    <p class='ocr_par' dir='ltr' id='par_1_36' title="bbox 453 2069 1148 2138">
     <span class='ocr_line' id='line_1_36' title="bbox 453 2069 1148 2138; baseline 0.003 -13"><span class='ocrx_word' id='word_1_220' title='bbox 453 2080 568 2125; x_wconf 88' lang='lat' dir='ltr'><strong>tum</strong></span> <span class='ocrx_word' id='word_1_221' title='bbox 605 2073 782 2138; x_wconf 84' lang='lat' dir='ltr'><strong>rapite</strong></span> <span class='ocrx_word' id='word_1_222' title='bbox 811 2069 902 2124; x_wconf 73' lang='lat' dir='ltr'><strong>l6!</strong></span> <span class='ocrx_word' id='word_1_223' title='bbox 941 2080 994 2125; x_wconf 89' lang='lat' dir='ltr'><strong>et</strong></span> <span class='ocrx_word' id='word_1_224' title='bbox 1025 2071 1148 2127; x_wconf 72' lang='lat'><strong>162.</strong></span> 
     </span>
    </p>
   </div>
   <div class='ocr_carea' id='block_1_37' title="bbox 585 2180 1892 2250">
    <p class='ocr_par' dir='ltr' id='par_1_37' title="bbox 585 2180 1892 2250">
     <span class='ocr_line' id='line_1_37' title="bbox 585 2180 1892 2250; baseline -0.004 -10"><span class='ocrx_word' id='word_1_225' title='bbox 585 2184 709 2240; x_wconf 73' lang='grc'><strong>185.</strong></span> <span class='ocrx_word' id='word_1_226' title='bbox 752 2185 866 2238; x_wconf 81' lang='lat' dir='ltr'><strong>Alis</strong></span> <span class='ocrx_word' id='word_1_227' title='bbox 916 2185 1085 2237; x_wconf 69' lang='lat' dir='ltr'><strong>bassw</strong></span> <span class='ocrx_word' id='word_1_228' title='bbox 1133 2194 1318 2238; x_wconf 82' lang='lat' dir='ltr'><strong>contra</strong></span> <span class='ocrx_word' id='word_1_229' title='bbox 1381 2180 1594 2234; x_wconf 76' lang='lat' dir='ltr'><strong>rebelles</strong></span> <span class='ocrx_word' id='word_1_230' title='bbox 1633 2182 1892 2250; x_wconf 73' lang='lat' dir='ltr'><strong>ea‘petlitio</strong></span> 
     </span>
    </p>
   </div>
   <div class='ocr_carea' id='block_1_38' title="bbox 527 2269 2023 2347">
    <p class='ocr_par' dir='ltr' id='par_1_38' title="bbox 527 2269 2023 2347">
     <span class='ocr_line' id='line_1_38' title="bbox 527 2269 2023 2347; baseline -0.003 -19"><span class='ocrx_word' id='word_1_231' title='bbox 527 2276 877 2347; x_wconf 72' lang='lat' dir='ltr'><strong>Quantopere</strong></span> <span class='ocrx_word' id='word_1_232' title='bbox 925 2275 1193 2329; x_wconf 74' lang='lat' dir='ltr'><strong>creverint</strong></span> <span class='ocrx_word' id='word_1_233' title='bbox 1228 2273 1585 2343; x_wconf 82' lang='lat' dir='ltr'><strong>perduellium</strong></span> <span class='ocrx_word' id='word_1_234' title='bbox 1648 2271 1812 2330; x_wconf 82' lang='lat' dir='ltr'><strong>vires.</strong></span> <span class='ocrx_word' id='word_1_235' title='bbox 1845 2269 1927 2323; x_wconf 83' lang='lat' dir='ltr'><strong>vel</strong></span> <span class='ocrx_word' id='word_1_236' title='bbox 1957 2284 2023 2323; x_wconf 81' lang='lat' dir='ltr'><strong>ex</strong></span> 
     </span>
    </p>
   </div>
   <div class='ocr_carea' id='block_1_39' title="bbox 460 2361 2026 2440">
    <p class='ocr_par' dir='ltr' id='par_1_39' title="bbox 460 2361 2026 2440">
     <span class='ocr_line' id='line_1_39' title="bbox 460 2361 2026 2440; baseline -0.008 -12"><span class='ocrx_word' id='word_1_237' title='bbox 460 2371 728 2440; x_wconf 75' lang='lat' dir='ltr'><strong>eocolligi</strong></span> <span class='ocrx_word' id='word_1_238' title='bbox 785 2377 985 2440; x_wconf 75' lang='lat' dir='ltr'><strong>potest,</strong></span> <span class='ocrx_word' id='word_1_239' title='bbox 1022 2369 1167 2437; x_wconf 87' lang='lat' dir='ltr'><strong>quod</strong></span> <span class='ocrx_word' id='word_1_240' title='bbox 1202 2368 1252 2421; x_wconf 92' lang='lat' dir='ltr'><strong>in</strong></span> <span class='ocrx_word' id='word_1_241' title='bbox 1290 2367 1390 2420; x_wconf 86' lang='lat' dir='ltr'><strong>hos</strong></span> <span class='ocrx_word' id='word_1_242' title='bbox 1417 2364 1851 2434; x_wconf 81' lang='lat' dir='ltr'><strong>proﬁciscentem</strong></span> <span class='ocrx_word' id='word_1_243' title='bbox 1886 2361 2026 2415; x_wconf 86' lang='lat' dir='ltr'><strong>Alim</strong></span> 
     </span>
    </p>
   </div>
   <div class='ocr_carea' id='block_1_40' title="bbox 460 2456 2027 2536">
    <p class='ocr_par' dir='ltr' id='par_1_40' title="bbox 460 2456 2027 2536">
     <span class='ocr_line' id='line_1_40' title="bbox 460 2456 2027 2536; baseline -0.009 -15"><span class='ocrx_word' id='word_1_244' title='bbox 460 2464 678 2536; x_wconf 65' lang='lat' dir='ltr'><strong>bessem</strong></span> <span class='ocrx_word' id='word_1_245' title='bbox 737 2463 960 2518; x_wconf 76' lang='lat' dir='ltr'><strong>duxisse</strong></span> <span class='ocrx_word' id='word_1_246' title='bbox 988 2459 1373 2532; x_wconf 77' lang='lat' dir='ltr'><strong>Spanduginus</strong></span> <span class='ocrx_word' id='word_1_247' title='bbox 1403 2456 1744 2527; x_wconf 88' lang='lat' dir='ltr'><strong>aitequitum</strong></span> <span class='ocrx_word' id='word_1_248' title='bbox 1777 2471 1837 2509; x_wconf 71' lang='lat' dir='ltr'><strong>es</strong></span> <span class='ocrx_word' id='word_1_249' title='bbox 1876 2456 2027 2508; x_wconf 76' lang='lat' dir='ltr'><strong>Ana-</strong></span> 
     </span>
    </p>
   </div>
   <div class='ocr_carea' id='block_1_41' title="bbox 459 2552 2027 2627">
    <p class='ocr_par' dir='ltr' id='par_1_41' title="bbox 459 2552 2027 2627">
     <span class='ocr_line' id='line_1_41' title="bbox 459 2552 2027 2627; baseline -0.009 -14"><span class='ocrx_word' id='word_1_250' title='bbox 459 2558 589 2614; x_wconf 85' lang='lat' dir='ltr'><strong>tolia</strong></span> <span class='ocrx_word' id='word_1_251' title='bbox 623 2556 986 2627; x_wconf 73' lang='lat' dir='ltr'><strong>quadraginta</strong></span> <span class='ocrx_word' id='word_1_252' title='bbox 1023 2554 1217 2619; x_wconf 84' lang='lat' dir='ltr'><strong>millia,</strong></span> <span class='ocrx_word' id='word_1_253' title='bbox 1246 2552 1445 2623; x_wconf 83' lang='lat' dir='ltr'><strong>quibus</strong></span> <span class='ocrx_word' id='word_1_254' title='bbox 1479 2552 1857 2621; x_wconf 83' lang='lat' dir='ltr'><strong>genizarorum</strong></span> <span class='ocrx_word' id='word_1_255' title='bbox 1888 2562 2027 2616; x_wconf 87' lang='lat' dir='ltr'><strong>qua-</strong></span> 
     </span>
    </p>
   </div>
   <div class='ocr_carea' id='block_1_42' title="bbox 459 2642 2030 2718">
    <p class='ocr_par' dir='ltr' id='par_1_42' title="bbox 459 2642 2030 2718">
     <span class='ocr_line' id='line_1_42' title="bbox 459 2642 2030 2718; baseline -0.006 -13"><span class='ocrx_word' id='word_1_256' title='bbox 459 2658 589 2705; x_wconf 89' lang='lat' dir='ltr'><strong>tuor</strong></span> <span class='ocrx_word' id='word_1_257' title='bbox 613 2651 786 2704; x_wconf 83' lang='lat' dir='ltr'><strong>millia</strong></span> <span class='ocrx_word' id='word_1_258' title='bbox 835 2649 1105 2718; x_wconf 75' lang='lat' dir='ltr'><strong>Bajasites</strong></span> <span class='ocrx_word' id='word_1_259' title='bbox 1137 2646 1474 2715; x_wconf 71' lang='lat' dir='ltr'><strong>adiunxerit.</strong></span> <span class='ocrx_word' id='word_1_260' title='bbox 1525 2642 1812 2710; x_wconf 81' lang='lat' dir='ltr'><strong>Nihiloque</strong></span> <span class='ocrx_word' id='word_1_261' title='bbox 1844 2642 2030 2695; x_wconf 80' lang='lat' dir='ltr'><strong>minus</strong></span> 
     </span>
    </p>
   </div>
   <div class='ocr_carea' id='block_1_43' title="bbox 457 2733 2027 2810">
    <p class='ocr_par' dir='ltr' id='par_1_43' title="bbox 457 2733 2027 2810">
     <span class='ocr_line' id='line_1_43' title="bbox 457 2733 2027 2810; baseline -0.01 -11"><span class='ocrx_word' id='word_1_262' title='bbox 457 2743 777 2799; x_wconf 75' lang='lat' dir='ltr'><strong>Achmetetn</strong></span> <span class='ocrx_word' id='word_1_263' title='bbox 806 2756 1025 2810; x_wconf 89' lang='lat' dir='ltr'><strong>quoque</strong></span> <span class='ocrx_word' id='word_1_264' title='bbox 1074 2739 1336 2808; x_wconf 78' lang='lat' dir='ltr'><strong>Bzijasitis</strong></span> <span class='ocrx_word' id='word_1_265' title='bbox 1379 2736 1574 2800; x_wconf 82' lang='lat' dir='ltr'><strong>lilium,</strong></span> <span class='ocrx_word' id='word_1_266' title='bbox 1624 2751 1690 2790; x_wconf 78' lang='lat' dir='ltr'><strong>ex</strong></span> <span class='ocrx_word' id='word_1_267' title='bbox 1732 2733 2027 2787; x_wconf 76' lang='lat' dir='ltr'><strong>Amasiana</strong></span> 
     </span>
    </p>
   </div>
   <div class='ocr_carea' id='block_1_44' title="bbox 461 2825 2024 2905">
    <p class='ocr_par' dir='ltr' id='par_1_44' title="bbox 461 2825 2024 2905">
     <span class='ocr_line' id='line_1_44' title="bbox 461 2825 2024 2905; baseline -0.009 -13"><span class='ocrx_word' id='word_1_268' title='bbox 461 2849 559 2892; x_wconf 83' lang='lat' dir='ltr'><strong>sua</strong></span> <span class='ocrx_word' id='word_1_269' title='bbox 583 2834 869 2905; x_wconf 80' lang='lat' dir='ltr'><strong>provincia</strong></span> <span class='ocrx_word' id='word_1_270' title='bbox 901 2830 1152 2888; x_wconf 85' lang='lat' dir='ltr'><strong>collectis</strong></span> <span class='ocrx_word' id='word_1_271' title='bbox 1184 2830 1379 2901; x_wconf 87' lang='lat' dir='ltr'><strong>copiis,</strong></span> <span class='ocrx_word' id='word_1_272' title='bbox 1411 2830 1461 2883; x_wconf 92' lang='lat' dir='ltr'><strong>ci</strong></span> <span class='ocrx_word' id='word_1_273' title='bbox 1496 2826 1747 2883; x_wconf 86' lang='lat' dir='ltr'><strong>subsidio</strong></span> <span class='ocrx_word' id='word_1_274' title='bbox 1785 2825 2024 2880; x_wconf 89' lang='lat' dir='ltr'><strong>venisse.</strong></span> 
     </span>
    </p>
   </div>
   <div class='ocr_carea' id='block_1_45' title="bbox 461 2939 2025 3007">
    <p class='ocr_par' dir='ltr' id='par_1_45' title="bbox 461 2939 2025 3007">
     <span class='ocr_line' id='line_1_45' title="bbox 461 2939 2025 3007; baseline -0.008 -3"><span class='ocrx_word' id='word_1_275' title='bbox 461 2949 586 3004; x_wconf 62' lang='lat' dir='ltr'><strong>lu.</strong></span> <span class='ocrx_word' id='word_1_276' title='bbox 613 2949 836 3005; x_wconf 73' lang='lat' dir='ltr'><strong>Cheider</strong></span> <span class='ocrx_word' id='word_1_277' title='bbox 875 2949 1030 3001; x_wconf 87' lang='lat' dir='ltr'><strong>bassa</strong></span> <span class='ocrx_word' id='word_1_278' title='bbox 1062 2964 1178 3000; x_wconf 85' lang='lat' dir='ltr'><strong>cum</strong></span> <span class='ocrx_word' id='word_1_279' title='bbox 1203 2945 1361 3000; x_wconf 84' lang='lat' dir='ltr'><strong>Zindi</strong></span> <span class='ocrx_word' id='word_1_280' title='bbox 1397 2941 1610 3001; x_wconf 79' lang='lat' dir='ltr'><strong>Kemale</strong></span> <span class='ocrx_word' id='word_1_281' title='bbox 1647 2939 2025 3007; x_wconf 79' lang='lat' dir='ltr'><strong>Sangiacbego,</strong></span> 
     </span>
    </p>
   </div>
   <div class='ocr_carea' id='block_1_46' title="bbox 529 3009 2029 3104">
    <p class='ocr_par' dir='ltr' id='par_1_46' title="bbox 529 3009 2029 3104">
     <span class='ocr_line' id='line_1_46' title="bbox 529 3009 2029 3104; baseline -0.009 -28"><span class='ocrx_word' id='word_1_282' title='bbox 529 3022 697 3104; x_wconf 71' lang='lat' dir='ltr'><strong>uictus</strong></span> <span class='ocrx_word' id='word_1_283' title='bbox 739 3028 815 3073; x_wconf 76' lang='lat' dir='ltr'><strong>et.</strong></span> <span class='ocrx_word' id='word_1_284' title='bbox 848 3020 1052 3074; x_wconf 84' lang='lat' dir='ltr'><strong>occisus</strong></span> <span class='ocrx_word' id='word_1_285' title='bbox 1107 3035 1139 3071; x_wconf 84' lang='grc' dir='ltr'><em>α</em></span> <span class='ocrx_word' id='word_1_286' title='bbox 1177 3016 1467 3082; x_wconf 70' lang='lat' dir='ltr'><strong>seditiosis,</strong></span> <span class='ocrx_word' id='word_1_287' title='bbox 1503 3011 1813 3076; x_wconf 77' lang='lat' dir='ltr'><strong>Zonchium,</strong></span> <span class='ocrx_word' id='word_1_288' title='bbox 1850 3009 2029 3063; x_wconf 76' lang='lat' dir='ltr'><strong>Nava-</strong></span> 
     </span>
    </p>
   </div>
   <div class='ocr_carea' id='block_1_47' title="bbox 533 3108 728 3144">
    <p class='ocr_par' dir='ltr' id='par_1_47' title="bbox 533 3108 728 3144">
     <span class='ocr_line' id='line_1_47' title="bbox 533 3108 728 3144; baseline 0 0"><span class='ocrx_word' id='word_1_289' title='bbox 533 3108 728 3144; x_wconf 74' lang='lat' dir='ltr'><strong>riuum.</strong></span> 
     </span>
    </p>
   </div>
   <div class='ocr_carea' id='block_1_48' title="bbox 531 3175 2031 3248">
    <p class='ocr_par' dir='ltr' id='par_1_48' title="bbox 531 3175 2031 3248">
     <span class='ocr_line' id='line_1_48' title="bbox 531 3175 2031 3248; baseline -0.007 -10"><span class='ocrx_word' id='word_1_290' title='bbox 531 3181 770 3238; x_wconf 85' lang='lat' dir='ltr'><strong>Cbeider</strong></span> <span class='ocrx_word' id='word_1_291' title='bbox 800 3179 992 3244; x_wconf 86' lang='lat' dir='ltr'><strong>Bassa,</strong></span> <span class='ocrx_word' id='word_1_292' title='bbox 1023 3178 1362 3234; x_wconf 75' lang='lat' dir='ltr'><strong>Caramanize</strong></span> <span class='ocrx_word' id='word_1_293' title='bbox 1396 3177 1823 3248; x_wconf 54' lang='lat' dir='ltr'><strong>beelcrbegusn</strong></span> <span class='ocrx_word' id='word_1_294' title='bbox 1855 3175 2031 3245; x_wconf 89' lang='lat' dir='ltr'><strong>Span-</strong></span> 
     </span>
    </p>
   </div>
   <div class='ocr_carea' id='block_1_49' title="bbox 2131 1874 3693 1962">
    <p class='ocr_par' dir='ltr' id='par_1_49' title="bbox 2131 1874 3693 1962">
     <span class='ocr_line' id='line_1_49' title="bbox 2131 1874 3693 1962; baseline -0.015 -13"><span class='ocrx_word' id='word_1_295' title='bbox 2131 1896 2296 1949; x_wconf 86' lang='lat' dir='ltr'><strong>etiam</strong></span> <span class='ocrx_word' id='word_1_296' title='bbox 2338 1890 2660 1962; x_wconf 60' lang='lat' dir='ltr'><strong>pralectum</strong></span> <span class='ocrx_word' id='word_1_297' title='bbox 2692 1888 2831 1939; x_wconf 72' lang='lat' dir='ltr'><strong>aulze</strong></span> <span class='ocrx_word' id='word_1_298' title='bbox 2864 1882 3169 1954; x_wconf 79' lang='lat' dir='ltr'><strong>signiﬁcat.</strong></span> <span class='ocrx_word' id='word_1_299' title='bbox 3217 1880 3454 1946; x_wconf 89' lang='lat' dir='ltr'><strong>Ideoque</strong></span> <span class='ocrx_word' id='word_1_300' title='bbox 3498 1874 3693 1930; x_wconf 74' lang='lat' dir='ltr'><strong>Kihaia</strong></span> 
     </span>
    </p>
   </div>
   <div class='ocr_carea' id='block_1_50' title="bbox 2133 1969 3694 2042">
    <p class='ocr_par' dir='ltr' id='par_1_50' title="bbox 2133 1969 3694 2042">
     <span class='ocr_line' id='line_1_50' title="bbox 2133 1969 3694 2042; baseline -0.017 -2"><span class='ocrx_word' id='word_1_301' title='bbox 2133 1985 2503 2040; x_wconf 78' lang='lat' dir='ltr'><strong>Violesiorum</strong></span> <span class='ocrx_word' id='word_1_302' title='bbox 2539 1991 2621 2035; x_wconf 84' lang='lat' dir='ltr'><strong>est</strong></span> <span class='ocrx_word' id='word_1_303' title='bbox 2677 1980 2919 2032; x_wconf 84' lang='lat' dir='ltr'><strong>vicarius</strong></span> <span class='ocrx_word' id='word_1_304' title='bbox 2955 1990 3052 2030; x_wconf 84' lang='lat' dir='ltr'><strong>seu</strong></span> <span class='ocrx_word' id='word_1_305' title='bbox 3091 1974 3300 2042; x_wconf 86' lang='lat' dir='ltr'><strong>legatus</strong></span> <span class='ocrx_word' id='word_1_306' title='bbox 3340 1969 3510 2031; x_wconf 91' lang='lat' dir='ltr'><strong>illius,</strong></span> <span class='ocrx_word' id='word_1_307' title='bbox 3533 1978 3694 2032; x_wconf 85' lang='lat' dir='ltr'><strong>quem</strong></span> 
     </span>
    </p>
   </div>
   <div class='ocr_carea' id='block_1_51' title="bbox 2132 2060 3694 2139">
    <p class='ocr_par' dir='ltr' id='par_1_51' title="bbox 2132 2060 3694 2139">
     <span class='ocr_line' id='line_1_51' title="bbox 2132 2060 3694 2139; baseline -0.018 -4"><span class='ocrx_word' id='word_1_308' title='bbox 2132 2077 2499 2135; x_wconf 76' lang='lat' dir='ltr'><strong>Violeziorum</strong></span> <span class='ocrx_word' id='word_1_309' title='bbox 2531 2075 2750 2130; x_wconf 86' lang='lat' dir='ltr'><strong>bassam</strong></span> <span class='ocrx_word' id='word_1_310' title='bbox 2782 2069 3080 2139; x_wconf 89' lang='lat' dir='ltr'><strong>appellant.</strong></span> <span class='ocrx_word' id='word_1_311' title='bbox 3120 2061 3295 2121; x_wconf 73' lang='lat' dir='ltr'><strong>Grmei</strong></span> <span class='ocrx_word' id='word_1_312' title='bbox 3350 2060 3694 2125; x_wconf 81' lang='lat' dir='ltr'><strong>Protogerou</strong></span> 
     </span>
    </p>
   </div>
   <div class='ocr_carea' id='block_1_52' title="bbox 2134 2148 3696 2236">
    <p class='ocr_par' dir='ltr' id='par_1_52' title="bbox 2134 2148 3696 2236">
     <span class='ocr_line' id='line_1_52' title="bbox 2134 2148 3696 2236; baseline -0.019 -10"><span class='ocrx_word' id='word_1_313' title='bbox 2134 2186 2282 2227; x_wconf 88' lang='lat' dir='ltr'><strong>nunc</strong></span> <span class='ocrx_word' id='word_1_314' title='bbox 2321 2170 2533 2231; x_wconf 85' lang='lat' dir='ltr'><strong>dicunt,</strong></span> <span class='ocrx_word' id='word_1_315' title='bbox 2563 2165 2656 2236; x_wconf 86' lang='lat' dir='ltr'><strong>qui</strong></span> <span class='ocrx_word' id='word_1_316' title='bbox 2693 2163 2948 2228; x_wconf 81' lang='lat' dir='ltr'><strong>catalogo</strong></span> <span class='ocrx_word' id='word_1_317' title='bbox 3001 2157 3329 2226; x_wconf 82' lang='lat' dir='ltr'><strong>dignitatum</strong></span> <span class='ocrx_word' id='word_1_318' title='bbox 3362 2151 3443 2205; x_wconf 88' lang='lat' dir='ltr'><strong>vel</strong></span> <span class='ocrx_word' id='word_1_319' title='bbox 3481 2148 3696 2202; x_wconf 75' lang='lat' dir='ltr'><strong>ofﬁcio-</strong></span> 
     </span>
    </p>
   </div>
   <div class='ocr_carea' id='block_1_53' title="bbox 2133 2243 3700 2334">
    <p class='ocr_par' dir='ltr' id='par_1_53' title="bbox 2133 2243 3700 2334">
     <span class='ocr_line' id='line_1_53' title="bbox 2133 2243 3700 2334; baseline -0.02 -13"><span class='ocrx_word' id='word_1_320' title='bbox 2133 2281 2256 2321; x_wconf 89' lang='lat' dir='ltr'><strong>rum</strong></span> <span class='ocrx_word' id='word_1_321' title='bbox 2290 2263 2479 2334; x_wconf 85' lang='lat' dir='ltr'><strong>palatii</strong></span> <span class='ocrx_word' id='word_1_322' title='bbox 2507 2257 2874 2328; x_wconf 75' lang='grc' dir='ltr'><strong>πριμικήριος</strong></span> <span class='ocrx_word' id='word_1_323' title='bbox 2906 2254 3037 2324; x_wconf 86' lang='lat' dir='ltr'><strong>ipsis</strong></span> <span class='ocrx_word' id='word_1_324' title='bbox 3073 2261 3180 2313; x_wconf 88' lang='lat' dir='ltr'><strong>est,</strong></span> <span class='ocrx_word' id='word_1_325' title='bbox 3216 2247 3422 2302; x_wconf 87' lang='lat' dir='ltr'><strong>nostris</strong></span> <span class='ocrx_word' id='word_1_326' title='bbox 3446 2243 3700 2311; x_wconf 80' lang='lat' dir='ltr'><strong>primice-</strong></span> 
     </span>
    </p>
   </div>
   <div class='ocr_carea' id='block_1_54' title="bbox 2134 2332 3697 2425">
    <p class='ocr_par' dir='ltr' id='par_1_54' title="bbox 2134 2332 3697 2425">
     <span class='ocr_line' id='line_1_54' title="bbox 2134 2332 3697 2425; baseline -0.019 -13"><span class='ocrx_word' id='word_1_327' title='bbox 2134 2361 2251 2413; x_wconf 87' lang='lat' dir='ltr'><strong>rius</strong></span> <span class='ocrx_word' id='word_1_328' title='bbox 2292 2332 2678 2425; x_wconf 44' lang='lat' dir='ltr'><strong>_appellatione</strong></span> <span class='ocrx_word' id='word_1_329' title='bbox 2704 2355 2940 2402; x_wconf 82' lang='lat' dir='ltr'><strong>vetusta.</strong></span> <span class='ocrx_word' id='word_1_330' title='bbox 2983 2343 3054 2398; x_wconf 78' lang='lat' dir='ltr'><strong>Es</strong></span> <span class='ocrx_word' id='word_1_331' title='bbox 3085 2343 3384 2407; x_wconf 74' lang='lat' dir='ltr'><strong>Protogero</strong></span> <span class='ocrx_word' id='word_1_332' title='bbox 3415 2332 3697 2389; x_wconf 67' lang='lat' dir='ltr'><strong>Geulrzens</strong></span> 
     </span>
    </p>
   </div>
   <div class='ocr_carea' id='block_1_55' title="bbox 2134 2428 3696 2514">
    <p class='ocr_par' dir='ltr' id='par_1_55' title="bbox 2134 2428 3696 2514">
     <span class='ocr_line' id='line_1_55' title="bbox 2134 2428 3696 2514; baseline -0.022 -6"><span class='ocrx_word' id='word_1_333' title='bbox 2134 2452 2388 2507; x_wconf 83' lang='lat' dir='ltr'><strong>Protortz</strong></span> <span class='ocrx_word' id='word_1_334' title='bbox 2419 2456 2742 2514; x_wconf 87' lang='lat' dir='ltr'><strong>corruptum</strong></span> <span class='ocrx_word' id='word_1_335' title='bbox 2804 2441 2981 2510; x_wconf 87' lang='lat' dir='ltr'><strong>ponit,</strong></span> <span class='ocrx_word' id='word_1_336' title='bbox 3040 2444 3093 2491; x_wconf 83' lang='lat' dir='ltr'><strong>et</strong></span> <span class='ocrx_word' id='word_1_337' title='bbox 3155 2428 3696 2503; x_wconf 79' lang='lat' dir='ltr'><strong>superintendentem</strong></span> 
     </span>
    </p>
   </div>
   <div class='ocr_carea' id='block_1_56' title="bbox 2137 2515 3699 2612">
    <p class='ocr_par' dir='ltr' id='par_1_56' title="bbox 2137 2515 3699 2612">
     <span class='ocr_line' id='line_1_56' title="bbox 2137 2515 3699 2612; baseline -0.022 -10"><span class='ocrx_word' id='word_1_338' title='bbox 2137 2547 2557 2612; x_wconf 85' lang='lat' dir='ltr'><strong>interpretatur.</strong></span> <span class='ocrx_word' id='word_1_339' title='bbox 2600 2537 2811 2592; x_wconf 81' lang='lat' dir='ltr'><strong>Nomen</strong></span> <span class='ocrx_word' id='word_1_340' title='bbox 2869 2529 3240 2585; x_wconf 73' lang='lat' dir='ltr'><strong>\‘lol‘eziorum</strong></span> <span class='ocrx_word' id='word_1_341' title='bbox 3303 2515 3699 2591; x_wconf 81' lang='lat' dir='ltr'><strong>signiticatsti-</strong></span> 
     </span>
    </p>
   </div>
   <div class='ocr_carea' id='block_1_57' title="bbox 2136 2613 3698 2707">
    <p class='ocr_par' dir='ltr' id='par_1_57' title="bbox 2136 2613 3698 2707">
     <span class='ocr_line' id='line_1_57' title="bbox 2136 2613 3698 2707; baseline -0.019 -15"><span class='ocrx_word' id='word_1_342' title='bbox 2136 2635 2473 2707; x_wconf 85' lang='lat' dir='ltr'><strong>pendiarios,</strong></span> <span class='ocrx_word' id='word_1_343' title='bbox 2497 2629 2660 2702; x_wconf 59' lang='lat'><strong>‘70</strong></span> <span class='ocrx_word' id='word_1_344' title='bbox 2682 2628 2879 2696; x_wconf 77' lang='lat' dir='ltr'><strong>quibus</strong></span> <span class='ocrx_word' id='word_1_345' title='bbox 2902 2621 3056 2677; x_wconf 82' lang='lat' dir='ltr'><strong>Vlol’e</strong></span> <span class='ocrx_word' id='word_1_346' title='bbox 3075 2627 3153 2672; x_wconf 75' lang='lat' dir='ltr'><strong>vet</strong></span> <span class='ocrx_word' id='word_1_347' title='bbox 3180 2613 3330 2668; x_wconf 83' lang='lat' dir='ltr'><strong>Vlele</strong></span> <span class='ocrx_word' id='word_1_348' title='bbox 3355 2617 3698 2666; x_wconf 79' lang='lat' dir='ltr'><strong>numeratur.</strong></span> 
     </span>
    </p>
   </div>
   <div class='ocr_carea' id='block_1_58' title="bbox 2138 2705 3698 2788">
    <p class='ocr_par' dir='ltr' id='par_1_58' title="bbox 2138 2705 3698 2788">
     <span class='ocr_line' id='line_1_58' title="bbox 2138 2705 3698 2788; baseline -0.024 -4"><span class='ocrx_word' id='word_1_349' title='bbox 2138 2705 2278 2785; x_wconf 73' lang='lat' dir='ltr'><strong>Sunt</strong></span> <span class='ocrx_word' id='word_1_350' title='bbox 2305 2726 2448 2781; x_wconf 90' lang='lat' dir='ltr'><strong>enim</strong></span> <span class='ocrx_word' id='word_1_351' title='bbox 2478 2723 2585 2777; x_wconf 86' lang='lat' dir='ltr'><strong>duo</strong></span> <span class='ocrx_word' id='word_1_352' title='bbox 2614 2716 3011 2788; x_wconf 87' lang='lat' dir='ltr'><strong>stipendiorum</strong></span> <span class='ocrx_word' id='word_1_353' title='bbox 3040 2709 3181 2780; x_wconf 87' lang='lat' dir='ltr'><strong>apud</strong></span> <span class='ocrx_word' id='word_1_354' title='bbox 3223 2705 3432 2758; x_wconf 86' lang='lat' dir='ltr'><strong>Turcos</strong></span> <span class='ocrx_word' id='word_1_355' title='bbox 3465 2712 3659 2770; x_wconf 83' lang='lat' dir='ltr'><strong>genera</strong></span> <span class='ocrx_word' id='word_1_356' title='bbox 3682 2735 3698 2759; x_wconf 95' lang='lat'><strong>,</strong></span> 
     </span>
    </p>
   </div>
   <div class='ocr_carea' id='block_1_59' title="bbox 2135 2787 3702 2891">
    <p class='ocr_par' dir='ltr' id='par_1_59' title="bbox 2135 2787 3702 2891">
     <span class='ocr_line' id='line_1_59' title="bbox 2135 2787 3702 2891; baseline -0.024 -16"><span class='ocrx_word' id='word_1_357' title='bbox 2135 2831 2367 2891; x_wconf 88' lang='lat' dir='ltr'><strong>quorum</strong></span> <span class='ocrx_word' id='word_1_358' title='bbox 2412 2830 2578 2868; x_wconf 88' lang='lat' dir='ltr'><strong>unum</strong></span> <span class='ocrx_word' id='word_1_359' title='bbox 2610 2820 2839 2865; x_wconf 84' lang='lat' dir='ltr'><strong>vocatur</strong></span> <span class='ocrx_word' id='word_1_360' title='bbox 2873 2802 3040 2866; x_wconf 82' lang='lat' dir='ltr'><strong>Vlel&#39;e,</strong></span> <span class='ocrx_word' id='word_1_361' title='bbox 3069 2801 3257 2854; x_wconf 81' lang='lat' dir='ltr'><strong>Timar</strong></span> <span class='ocrx_word' id='word_1_362' title='bbox 3298 2794 3552 2847; x_wconf 87' lang='lat' dir='ltr'><strong>alterum.</strong></span> <span class='ocrx_word' id='word_1_363' title='bbox 3575 2787 3702 2841; x_wconf 80' lang='lat' dir='ltr'><strong>Vle-</strong></span> 
     </span>
    </p>
   </div>
   <div class='ocr_carea' id='block_1_60' title="bbox 2136 2881 3705 2979">
    <p class='ocr_par' dir='ltr' id='par_1_60' title="bbox 2136 2881 3705 2979">
     <span class='ocr_line' id='line_1_60' title="bbox 2136 2881 3705 2979; baseline -0.024 -11"><span class='ocrx_word' id='word_1_364' title='bbox 2136 2881 2208 2974; x_wconf 62' lang='lat' dir='ltr'><strong>le,</strong></span> <span class='ocrx_word' id='word_1_365' title='bbox 2231 2907 2555 2979; x_wconf 86' lang='lat' dir='ltr'><strong>stipendium</strong></span> <span class='ocrx_word' id='word_1_366' title='bbox 2576 2913 2676 2966; x_wconf 86' lang='lat' dir='ltr'><strong>est,</strong></span> <span class='ocrx_word' id='word_1_367' title='bbox 2694 2899 2836 2970; x_wconf 91' lang='lat' dir='ltr'><strong>quod</strong></span> <span class='ocrx_word' id='word_1_368' title='bbox 2863 2910 3008 2951; x_wconf 86' lang='lat' dir='ltr'><strong>more</strong></span> <span class='ocrx_word' id='word_1_369' title='bbox 3027 2901 3212 2948; x_wconf 89' lang='lat' dir='ltr'><strong>nostro</strong></span> <span class='ocrx_word' id='word_1_370' title='bbox 3230 2884 3492 2942; x_wconf 78' lang='lat' dir='ltr'><strong>militibus</strong></span> <span class='ocrx_word' id='word_1_371' title='bbox 3509 2881 3590 2933; x_wconf 69' lang='lat' dir='ltr'><strong>vol</strong></span> <span class='ocrx_word' id='word_1_372' title='bbox 3606 2894 3705 2932; x_wconf 84' lang='lat' dir='ltr'><strong>au-</strong></span> 
     </span>
    </p>
   </div>
   <div class='ocr_carea' id='block_1_61' title="bbox 2137 2971 3702 3062">
    <p class='ocr_par' dir='ltr' id='par_1_61' title="bbox 2137 2971 3702 3062">
     <span class='ocr_line' id='line_1_61' title="bbox 2137 2971 3702 3062; baseline -0.024 0"><span class='ocrx_word' id='word_1_373' title='bbox 2137 2971 2256 3062; x_wconf 83' lang='lat' dir='ltr'><strong>licis</strong></span> <span class='ocrx_word' id='word_1_374' title='bbox 2290 2971 2518 3060; x_wconf 75' lang='lat' dir='ltr'><strong>solvitur</strong></span> <span class='ocrx_word' id='word_1_375' title='bbox 2554 3013 2581 3051; x_wconf 84' lang='lat' dir='ltr'><strong>a</strong></span> <span class='ocrx_word' id='word_1_376' title='bbox 2613 2993 2970 3051; x_wconf 82' lang='lat' dir='ltr'><strong>rationalibus</strong></span> <span class='ocrx_word' id='word_1_377' title='bbox 3010 2980 3478 3052; x_wconf 76' lang='lat' dir='ltr'><strong>velqurcstoribus</strong></span> <span class='ocrx_word' id='word_1_378' title='bbox 3511 2992 3525 3027; x_wconf 90' lang='lat'><strong>:</strong></span> <span class='ocrx_word' id='word_1_379' title='bbox 3559 2971 3702 3041; x_wconf 87' lang='lat' dir='ltr'><strong>apud</strong></span> 
     </span>
    </p>
   </div>
   <div class='ocr_carea' id='block_1_62' title="bbox 2055 3065 3705 3184">
    <p class='ocr_par' dir='ltr' id='par_1_62' title="bbox 2055 3065 3705 3184">
     <span class='ocr_line' id='line_1_62' title="bbox 2055 3065 3705 3184; baseline -0.026 -28"><span class='ocrx_word' id='word_1_380' title='bbox 2055 3123 2100 3184; x_wconf 71' lang='grc' dir='ltr'>ο</span> <span class='ocrx_word' id='word_1_381' title='bbox 2139 3114 2238 3153; x_wconf 87' lang='lat' dir='ltr'><strong>nos</strong></span> <span class='ocrx_word' id='word_1_382' title='bbox 2260 3101 2597 3150; x_wconf 87' lang='lat' dir='ltr'><strong>menstruum</strong></span> <span class='ocrx_word' id='word_1_383' title='bbox 2618 3089 2699 3142; x_wconf 81' lang='lat' dir='ltr'><strong>vel</strong></span> <span class='ocrx_word' id='word_1_384' title='bbox 2721 3097 2983 3146; x_wconf 88' lang='lat' dir='ltr'><strong>annuum,</strong></span> <span class='ocrx_word' id='word_1_385' title='bbox 3001 3083 3143 3149; x_wconf 86' lang='lat' dir='ltr'><strong>apud</strong></span> <span class='ocrx_word' id='word_1_386' title='bbox 3162 3074 3372 3128; x_wconf 85' lang='lat' dir='ltr'><strong>Turcos</strong></span> <span class='ocrx_word' id='word_1_387' title='bbox 3388 3071 3440 3124; x_wconf 92' lang='lat' dir='ltr'><strong>in</strong></span> <span class='ocrx_word' id='word_1_388' title='bbox 3459 3065 3705 3134; x_wconf 84' lang='lat' dir='ltr'><strong>singulos</strong></span> 
     </span>
     <span class='ocr_line' id='line_1_63' title="bbox 2588 3154 3703 3184; baseline -0.025 6"><span class='ocrx_word' id='word_1_389' title='bbox 2588 3181 2602 3184; x_wconf 85' lang='lat'><strong>-</strong></span> <span class='ocrx_word' id='word_1_390' title='bbox 2914 3170 2974 3184; x_wconf 83' lang='lat'><strong>-..</strong></span> <span class='ocrx_word' id='word_1_391' title='bbox 3019 3170 3040 3184; x_wconf 84' lang='grc'><strong><em>,</em></strong></span> <span class='ocrx_word' id='word_1_392' title='bbox 3089 3170 3100 3184; x_wconf 89' lang='grc'>.</span> <span class='ocrx_word' id='word_1_393' title='bbox 3356 3172 3550 3184; x_wconf 54' lang='lat' dir='ltr'><strong>“mm</strong></span> <span class='ocrx_word' id='word_1_394' title='bbox 3605 3154 3703 3184; x_wconf 46' lang='grc' dir='ltr'><strong>,η-</strong></span> 
     </span>
    </p>
   </div>
   <div class='ocr_carea' id='block_1_63' title="bbox 2134 3154 3704 3254">
    <p class='ocr_par' dir='ltr' id='par_1_63' title="bbox 2134 3154 3704 3254">
     <span class='ocr_line' id='line_1_64' title="bbox 2134 3154 3704 3254; baseline -0.027 -6"><span class='ocrx_word' id='word_1_395' title='bbox 2134 3193 2274 3247; x_wconf 88' lang='lat' dir='ltr'><strong>dies.</strong></span> <span class='ocrx_word' id='word_1_396' title='bbox 2309 3186 2422 3241; x_wconf 88' lang='lat' dir='ltr'><strong>lloc</strong></span> <span class='ocrx_word' id='word_1_397' title='bbox 2455 3184 2542 3254; x_wconf 73' lang='lat' dir='ltr'><strong>qui</strong></span> <span class='ocrx_word' id='word_1_398' title='bbox 2581 3181 2859 3237; x_wconf 72' lang='lat' dir='ltr'><strong>fruuntur,</strong></span> <span class='ocrx_word' id='word_1_399' title='bbox 2914 3168 3320 3226; x_wconf 78' lang='lat' dir='ltr'><strong>Vleledziorum</strong></span> <span class='ocrx_word' id='word_1_400' title='bbox 3356 3172 3550 3216; x_wconf 85' lang='lat' dir='ltr'><strong>nomen</strong></span> <span class='ocrx_word' id='word_1_401' title='bbox 3605 3154 3704 3208; x_wconf 79' lang='lat' dir='ltr'><strong>lis-</strong></span> 
     </span>
    </p>
   </div>
   <div class='ocr_carea' id='block_1_64' title="bbox 461 3246 2047 3345">
    <p class='ocr_par' dir='ltr' id='par_1_64' title="bbox 461 3246 2037 3345">
     <span class='ocr_line' id='line_1_65' title="bbox 461 3246 2037 3345; baseline -0.006 -15"><span class='ocrx_word' id='word_1_402' title='bbox 461 3273 668 3345; x_wconf 88' lang='lat' dir='ltr'><strong>dngino</strong></span> <span class='ocrx_word' id='word_1_403' title='bbox 697 3273 890 3328; x_wconf 83' lang='lat' dir='ltr'><strong>Caidir</strong></span> <span class='ocrx_word' id='word_1_404' title='bbox 941 3273 1269 3342; x_wconf 81' lang='lat' dir='ltr'><strong>appellatur,</strong></span> <span class='ocrx_word' id='word_1_405' title='bbox 1319 3283 1372 3326; x_wconf 89' lang='lat' dir='ltr'><strong>et</strong></span> <span class='ocrx_word' id='word_1_406' title='bbox 1430 3246 1768 3324; x_wconf 84' lang='lat' dir='ltr'><strong>domicilium</strong></span> <span class='ocrx_word' id='word_1_407' title='bbox 1806 3268 1859 3322; x_wconf 92' lang='lat' dir='ltr'><strong>in</strong></span> <span class='ocrx_word' id='word_1_408' title='bbox 1903 3267 2037 3321; x_wconf 89' lang='lat' dir='ltr'><strong>urbe</strong></span> 
     </span>
    </p>
   </div>
   <div class='ocr_carea' id='block_1_65' title="bbox 2108 3246 3703 3345">
    <p class='ocr_par' dir='ltr' id='par_1_65' title="bbox 2136 3246 3703 3338">
     <span class='ocr_line' id='line_1_66' title="bbox 2136 3246 3703 3338; baseline -0.027 0"><span class='ocrx_word' id='word_1_409' title='bbox 2136 3246 2285 3338; x_wconf 85' lang='lat' dir='ltr'><strong>bent.</strong></span> <span class='ocrx_word' id='word_1_410' title='bbox 2314 3246 2565 3332; x_wconf 67' lang='lat' dir='ltr'><strong>Geiilraao</strong></span> <span class='ocrx_word' id='word_1_411' title='bbox 2595 3281 2647 3328; x_wconf 92' lang='lat' dir='ltr'><strong>et</strong></span> <span class='ocrx_word' id='word_1_412' title='bbox 2672 3267 2980 3324; x_wconf 85' lang='lat' dir='ltr'><strong>Sausovino</strong></span> <span class='ocrx_word' id='word_1_413' title='bbox 3019 3268 3148 3314; x_wconf 87' lang='lat' dir='ltr'><strong>sunt</strong></span> <span class='ocrx_word' id='word_1_414' title='bbox 3177 3251 3468 3324; x_wconf 87' lang='lat' dir='ltr'><strong>Olophagi.</strong></span> <span class='ocrx_word' id='word_1_415' title='bbox 3512 3246 3703 3302; x_wconf 82' lang='lat' dir='ltr'><strong>Timar</strong></span> 
     </span>
    </p>
   </div>
   <div class='ocr_carea' id='block_1_66' title="bbox 461 3341 3706 3444">
    <p class='ocr_par' dir='ltr' id='par_1_66' title="bbox 461 3341 3706 3444">
     <span class='ocr_line' id='line_1_67' title="bbox 461 3341 3706 3444; baseline -0.002 -27"><span class='ocrx_word' id='word_1_416' title='bbox 461 3341 670 3437; x_wconf 64' lang='grc' dir='ltr'><strong>εοξςηο,</strong></span> <span class='ocrx_word' id='word_1_417' title='bbox 702 3364 787 3421; x_wconf 87' lang='lat' dir='ltr'><strong>vel</strong></span> <span class='ocrx_word' id='word_1_418' title='bbox 839 3341 1024 3419; x_wconf 87' lang='lat' dir='ltr'><strong>lconii</strong></span> <span class='ocrx_word' id='word_1_419' title='bbox 1071 3365 1330 3420; x_wconf 73' lang='lat' dir='ltr'><strong>habuisse</strong></span> <span class='ocrx_word' id='word_1_420' title='bbox 1364 3365 1586 3419; x_wconf 91' lang='lat' dir='ltr'><strong>dicitur.</strong></span> <span class='ocrx_word' id='word_1_421' title='bbox 1629 3360 1785 3415; x_wconf 87' lang='lat' dir='ltr'><strong>Zindi</strong></span> <span class='ocrx_word' id='word_1_422' title='bbox 1844 3360 2034 3415; x_wconf 80' lang='lat' dir='ltr'><strong>Kemal</strong></span> <span class='ocrx_word' id='word_1_423' title='bbox 2135 3385 2220 3428; x_wconf 52' lang='lat' dir='ltr'><strong>est</strong></span> <span class='ocrx_word' id='word_1_424' title='bbox 2251 3369 2465 3444; x_wconf 74' lang='lat' dir='ltr'><strong>pensio,</strong></span> <span class='ocrx_word' id='word_1_425' title='bbox 2488 3365 2572 3421; x_wconf 89' lang='lat' dir='ltr'><strong>vel</strong></span> <span class='ocrx_word' id='word_1_426' title='bbox 2609 3361 2962 3433; x_wconf 70' lang='lat' dir='ltr'><strong>stipendium.</strong></span> <span class='ocrx_word' id='word_1_427' title='bbox 3001 3356 3084 3408; x_wconf 79' lang='lat' dir='ltr'><strong>vel</strong></span> <span class='ocrx_word' id='word_1_428' title='bbox 3146 3347 3358 3403; x_wconf 76' lang='lat' dir='ltr'><strong>reditus</strong></span> <span class='ocrx_word' id='word_1_429' title='bbox 3393 3341 3706 3444; x_wconf 64' lang='grc' dir='ltr'><strong>ιδεῑεηεξξιιε</strong></span> 
     </span>
    </p>
   </div>
   <div class='ocr_carea' id='block_1_67' title="bbox 465 3428 3709 3534">
    <p class='ocr_par' dir='ltr' id='par_1_67' title="bbox 465 3428 3709 3534">
     <span class='ocr_line' id='line_1_68' title="bbox 465 3428 3709 3534; baseline -0.01 -19"><span class='ocrx_word' id='word_1_430' title='bbox 465 3462 567 3529; x_wconf 80' lang='lat' dir='ltr'><strong>beg</strong></span> <span class='ocrx_word' id='word_1_431' title='bbox 597 3459 775 3513; x_wconf 88' lang='lat' dir='ltr'><strong>eidem</strong></span> <span class='ocrx_word' id='word_1_432' title='bbox 817 3457 1021 3514; x_wconf 86' lang='lat' dir='ltr'><strong>Camali</strong></span> <span class='ocrx_word' id='word_1_433' title='bbox 1082 3457 1437 3520; x_wconf 85' lang='lat' dir='ltr'><strong>nominatur,</strong></span> <span class='ocrx_word' id='word_1_434' title='bbox 1497 3462 1550 3508; x_wconf 90' lang='lat' dir='ltr'><strong>et</strong></span> <span class='ocrx_word' id='word_1_435' title='bbox 1602 3457 1684 3508; x_wconf 87' lang='lat' dir='ltr'><strong>vir</strong></span> <span class='ocrx_word' id='word_1_436' title='bbox 1741 3451 2036 3507; x_wconf 87' lang='lat' dir='ltr'><strong>admodum</strong></span> <span class='ocrx_word' id='word_1_437' title='bbox 2138 3466 2191 3520; x_wconf 75' lang='grc' dir='ltr'><strong>ίη</strong></span> <span class='ocrx_word' id='word_1_438' title='bbox 2230 3428 2486 3534; x_wconf 62' lang='grc' dir='ltr'><strong>ιξι-πιὶὶῑέ,</strong></span> <span class='ocrx_word' id='word_1_439' title='bbox 2536 3465 2589 3510; x_wconf 85' lang='lat' dir='ltr'><strong>et</strong></span> <span class='ocrx_word' id='word_1_440' title='bbox 2619 3428 3063 3524; x_wconf 74' lang='lat' dir='ltr'><strong>possessionibus</strong></span> <span class='ocrx_word' id='word_1_441' title='bbox 3120 3447 3428 3496; x_wconf 84' lang='lat' dir='ltr'><strong>castrorum</strong></span> <span class='ocrx_word' id='word_1_442' title='bbox 3477 3428 3709 3500; x_wconf 81' lang='lat' dir='ltr'><strong>oppido-</strong></span> 
     </span>
    </p>
   </div>
   <div class='ocr_carea' id='block_1_68' title="bbox 465 3523 3707 3624">
    <p class='ocr_par' dir='ltr' id='par_1_68' title="bbox 465 3523 3707 3624">
     <span class='ocr_line' id='line_1_69' title="bbox 465 3523 3707 3624; baseline -0.008 -18"><span class='ocrx_word' id='word_1_443' title='bbox 465 3523 727 3606; x_wconf 73' lang='lat' dir='ltr'><strong>militaris</strong></span> <span class='ocrx_word' id='word_1_444' title='bbox 760 3550 932 3606; x_wconf 78' lang='lat' dir='ltr'><strong>luisse</strong></span> <span class='ocrx_word' id='word_1_445' title='bbox 969 3551 1317 3620; x_wconf 50' lang='lat' dir='ltr'><strong>praidicatur.</strong></span> <span class='ocrx_word' id='word_1_446' title='bbox 1355 3547 1550 3603; x_wconf 80' lang='lat' dir='ltr'><strong>Tradit</strong></span> <span class='ocrx_word' id='word_1_447' title='bbox 1583 3548 1728 3601; x_wconf 90' lang='lat' dir='ltr'><strong>enim</strong></span> <span class='ocrx_word' id='word_1_448' title='bbox 1782 3544 2038 3614; x_wconf 80' lang='lat' dir='ltr'><strong>Spandu-</strong></span> <span class='ocrx_word' id='word_1_449' title='bbox 2141 3523 2282 3620; x_wconf 57' lang='grc' dir='ltr'><strong>ιιιιιξι,</strong></span> <span class='ocrx_word' id='word_1_450' title='bbox 2325 3564 2612 3624; x_wconf 66' lang='lat' dir='ltr'><strong>pagorum,</strong></span> <span class='ocrx_word' id='word_1_451' title='bbox 2671 3557 2929 3616; x_wconf 73' lang='lat' dir='ltr'><strong>agrorum</strong></span> <span class='ocrx_word' id='word_1_452' title='bbox 2953 3577 2970 3602; x_wconf 84' lang='lat'><strong>,</strong></span> <span class='ocrx_word' id='word_1_453' title='bbox 3007 3535 3092 3590; x_wconf 87' lang='lat' dir='ltr'><strong>vel</strong></span> <span class='ocrx_word' id='word_1_454' title='bbox 3138 3535 3192 3589; x_wconf 88' lang='lat' dir='ltr'><strong>in</strong></span> <span class='ocrx_word' id='word_1_455' title='bbox 3231 3525 3590 3601; x_wconf 70' lang='lat' dir='ltr'><strong>percipiendis</strong></span> <span class='ocrx_word' id='word_1_456' title='bbox 3611 3523 3707 3575; x_wconf 69' lang='lat' dir='ltr'><strong>tle-</strong></span> 
     </span>
    </p>
   </div>
   <div class='ocr_carea' id='block_1_69' title="bbox 467 3615 3706 3717">
    <p class='ocr_par' dir='ltr' id='par_1_69' title="bbox 467 3615 3706 3717">
     <span class='ocr_line' id='line_1_70' title="bbox 467 3615 3706 3717; baseline -0.011 -18"><span class='ocrx_word' id='word_1_457' title='bbox 467 3646 653 3717; x_wconf 79' lang='lat' dir='ltr'><strong>glnus,</strong></span> <span class='ocrx_word' id='word_1_458' title='bbox 688 3643 832 3697; x_wconf 83' lang='lat' dir='ltr'><strong>hunc</strong></span> <span class='ocrx_word' id='word_1_459' title='bbox 878 3643 1020 3697; x_wconf 89' lang='lat' dir='ltr'><strong>bello</strong></span> <span class='ocrx_word' id='word_1_460' title='bbox 1051 3640 1311 3710; x_wconf 80' lang='lat' dir='ltr'><strong>Bajasitis</strong></span> <span class='ocrx_word' id='word_1_461' title='bbox 1338 3649 1529 3695; x_wconf 89' lang='lat' dir='ltr'><strong>contra</strong></span> <span class='ocrx_word' id='word_1_462' title='bbox 1555 3637 1792 3693; x_wconf 83' lang='lat' dir='ltr'><strong>Venetos</strong></span> <span class='ocrx_word' id='word_1_463' title='bbox 1827 3638 2041 3707; x_wconf 85' lang='lat' dir='ltr'><strong>cepisse</strong></span> <span class='ocrx_word' id='word_1_464' title='bbox 2140 3615 2341 3707; x_wconf 52' lang='lat' dir='ltr'><strong>cumis;</strong></span> <span class='ocrx_word' id='word_1_465' title='bbox 2369 3615 2561 3696; x_wconf 66' lang='lat' dir='ltr'><strong>aliisve</strong></span> <span class='ocrx_word' id='word_1_466' title='bbox 2586 3615 2880 3698; x_wconf 81' lang='lat' dir='ltr'><strong>fructibus,</strong></span> <span class='ocrx_word' id='word_1_467' title='bbox 2907 3627 3083 3686; x_wconf 66' lang='lat' dir='ltr'><strong>Graeci</strong></span> <span class='ocrx_word' id='word_1_468' title='bbox 3113 3623 3370 3681; x_wconf 82' lang='lat' dir='ltr'><strong>timariou</strong></span> <span class='ocrx_word' id='word_1_469' title='bbox 3410 3615 3706 3687; x_wconf 85' lang='lat' dir='ltr'><strong>appellant,</strong></span> 
     </span>
    </p>
   </div>
   <div class='ocr_carea' id='block_1_70' title="bbox 466 3710 2047 3810">
    <p class='ocr_par' dir='ltr' id='par_1_70' title="bbox 466 3729 2044 3803">
     <span class='ocr_line' id='line_1_71' title="bbox 466 3729 2044 3803; baseline -0.008 -10"><span class='ocrx_word' id='word_1_470' title='bbox 466 3737 758 3793; x_wconf 84' lang='lat' dir='ltr'><strong>castellum</strong></span> <span class='ocrx_word' id='word_1_471' title='bbox 791 3735 984 3791; x_wconf 77' lang='lat' dir='ltr'><strong>Morere</strong></span> <span class='ocrx_word' id='word_1_472' title='bbox 1006 3735 1119 3790; x_wconf 85' lang='lat' dir='ltr'><strong>sive</strong></span> <span class='ocrx_word' id='word_1_473' title='bbox 1167 3731 1524 3803; x_wconf 86' lang='lat' dir='ltr'><strong>Peloponnesi</strong></span> <span class='ocrx_word' id='word_1_474' title='bbox 1554 3731 1916 3796; x_wconf 90' lang='lat' dir='ltr'><strong>maritimum,</strong></span> <span class='ocrx_word' id='word_1_475' title='bbox 1950 3729 2044 3782; x_wconf 78' lang='lat' dir='ltr'><strong>ho-</strong></span> 
     </span>
    </p>
   </div>
   <div class='ocr_carea' id='block_1_71' title="bbox 2108 3710 3703 3810">
    <p class='ocr_par' dir='ltr' id='par_1_71' title="bbox 2143 3710 3703 3810">
     <span class='ocr_line' id='line_1_72' title="bbox 2143 3710 3703 3810; baseline -0.024 -15"><span class='ocrx_word' id='word_1_476' title='bbox 2143 3757 2172 3795; x_wconf 88' lang='lat' dir='ltr'><strong>a</strong></span> <span class='ocrx_word' id='word_1_477' title='bbox 2200 3739 2403 3810; x_wconf 90' lang='lat' dir='ltr'><strong>quibus</strong></span> <span class='ocrx_word' id='word_1_478' title='bbox 2432 3735 2495 3788; x_wconf 90' lang='lat' dir='ltr'><strong>ad</strong></span> <span class='ocrx_word' id='word_1_479' title='bbox 2525 3730 2742 3784; x_wconf 85' lang='lat' dir='ltr'><strong>Turcos</strong></span> <span class='ocrx_word' id='word_1_480' title='bbox 2775 3737 3029 3780; x_wconf 83' lang='lat' dir='ltr'><strong>manasse</strong></span> <span class='ocrx_word' id='word_1_481' title='bbox 3057 3731 3247 3773; x_wconf 88' lang='lat' dir='ltr'><strong>vocem</strong></span> <span class='ocrx_word' id='word_1_482' title='bbox 3269 3714 3411 3767; x_wconf 88' lang='lat' dir='ltr'><strong>hanc</strong></span> <span class='ocrx_word' id='word_1_483' title='bbox 3445 3710 3703 3763; x_wconf 86' lang='lat' dir='ltr'><strong>arbitror.</strong></span> 
     </span>
    </p>
   </div>
   <div class='ocr_carea' id='block_1_72' title="bbox 467 3806 3709 3903">
    <p class='ocr_par' dir='ltr' id='par_1_72' title="bbox 467 3806 3709 3903">
     <span class='ocr_line' id='line_1_73' title="bbox 467 3806 3709 3903; baseline -0.014 -21"><span class='ocrx_word' id='word_1_484' title='bbox 467 3828 669 3897; x_wconf 88' lang='lat' dir='ltr'><strong>dieque</strong></span> <span class='ocrx_word' id='word_1_485' title='bbox 721 3825 1182 3886; x_wconf 78' lang='lat' dir='ltr'><strong>munitissimum,</strong></span> <span class='ocrx_word' id='word_1_486' title='bbox 1217 3838 1315 3877; x_wconf 90' lang='lat' dir='ltr'><strong>nec</strong></span> <span class='ocrx_word' id='word_1_487' title='bbox 1348 3822 1594 3893; x_wconf 88' lang='lat' dir='ltr'><strong>procula</strong></span> <span class='ocrx_word' id='word_1_488' title='bbox 1636 3821 1892 3876; x_wconf 79' lang='lat' dir='ltr'><strong>Methone</strong></span> <span class='ocrx_word' id='word_1_489' title='bbox 1930 3819 2044 3875; x_wconf 83' lang='lat' dir='ltr'><strong>dis—</strong></span> <span class='ocrx_word' id='word_1_490' title='bbox 2143 3806 2433 3903; x_wconf 50' lang='grc' dir='ltr'><strong>Βεβει-ίιυιι</strong></span> <span class='ocrx_word' id='word_1_491' title='bbox 2481 3823 2626 3894; x_wconf 62' lang='lat' dir='ltr'><strong>apud</strong></span> <span class='ocrx_word' id='word_1_492' title='bbox 2668 3821 3065 3875; x_wconf 59' lang='lat' dir='ltr'><strong>Damasccnum</strong></span> <span class='ocrx_word' id='word_1_493' title='bbox 3102 3808 3376 3866; x_wconf 49' lang='lat' dir='ltr'><strong>studium</strong></span> <span class='ocrx_word' id='word_1_494' title='bbox 3415 3806 3468 3856; x_wconf 65' lang='grc' dir='ltr'><strong>ει,</strong></span> <span class='ocrx_word' id='word_1_495' title='bbox 3507 3808 3709 3866; x_wconf 36' lang='lat' dir='ltr'><strong>many-</strong></span> 
     </span>
    </p>
   </div>
   <div class='ocr_carea' id='block_1_73' title="bbox 475 3897 2047 3984">
    <p class='ocr_par' dir='ltr' id='par_1_73' title="bbox 475 3909 2044 3984">
     <span class='ocr_line' id='line_1_74' title="bbox 475 3909 2044 3984; baseline -0.006 -11"><span class='ocrx_word' id='word_1_496' title='bbox 475 3917 673 3979; x_wconf 83' lang='lat' dir='ltr'><strong>situm,</strong></span> <span class='ocrx_word' id='word_1_497' title='bbox 724 3913 1037 3984; x_wconf 83' lang='lat' dir='ltr'><strong>quindecim</strong></span> <span class='ocrx_word' id='word_1_498' title='bbox 1096 3912 1355 3966; x_wconf 89' lang='lat' dir='ltr'><strong>videlicet</strong></span> <span class='ocrx_word' id='word_1_499' title='bbox 1433 3911 1761 3966; x_wconf 87' lang='lat' dir='ltr'><strong>milliarihus</strong></span> <span class='ocrx_word' id='word_1_500' title='bbox 1814 3909 2044 3974; x_wconf 69' lang='lat' dir='ltr'><strong>Graecis,</strong></span> 
     </span>
    </p>
   </div>
   <div class='ocr_carea' id='block_1_74' title="bbox 2108 3897 3709 3984">
    <p class='ocr_par' dir='ltr' id='par_1_74' title="bbox 2144 3897 3709 3982">
     <span class='ocr_line' id='line_1_75' title="bbox 2144 3897 3709 3982; baseline -0.024 -1"><span class='ocrx_word' id='word_1_501' title='bbox 2144 3897 2525 3982; x_wconf 42' lang='lat' dir='ltr'><strong>rio-Theodori</strong></span> <span class='ocrx_word' id='word_1_502' title='bbox 2570 3912 2778 3971; x_wconf 88' lang='lat' dir='ltr'><strong>tribuni</strong></span> <span class='ocrx_word' id='word_1_503' title='bbox 2834 3910 3100 3968; x_wconf 78' lang='lat' dir='ltr'><strong>militum,</strong></span> <span class='ocrx_word' id='word_1_504' title='bbox 3155 3904 3244 3958; x_wconf 92' lang='lat' dir='ltr'><strong>cui</strong></span> <span class='ocrx_word' id='word_1_505' title='bbox 3289 3897 3510 3954; x_wconf 87' lang='lat' dir='ltr'><strong>virtutis</strong></span> <span class='ocrx_word' id='word_1_506' title='bbox 3539 3901 3590 3947; x_wconf 88' lang='lat' dir='ltr'><strong>et</strong></span> <span class='ocrx_word' id='word_1_507' title='bbox 3625 3907 3709 3945; x_wconf 82' lang='lat' dir='ltr'><strong>re-</strong></span> 
     </span>
    </p>
   </div>
   <div class='ocr_carea' id='block_1_75' title="bbox 471 4001 2047 4079">
    <p class='ocr_par' dir='ltr' id='par_1_75' title="bbox 471 4001 2047 4079">
     <span class='ocr_line' id='line_1_76' title="bbox 471 4001 2047 4079; baseline -0.006 -15"><span class='ocrx_word' id='word_1_508' title='bbox 471 4007 623 4079; x_wconf 79' lang='lat' dir='ltr'><strong>quod</strong></span> <span class='ocrx_word' id='word_1_509' title='bbox 657 4024 685 4061; x_wconf 71' lang='grc' dir='ltr'>ι</span> <span class='ocrx_word' id='word_1_510' title='bbox 717 4009 899 4061; x_wconf 85' lang='lat' dir='ltr'><strong>nautis</strong></span> <span class='ocrx_word' id='word_1_511' title='bbox 929 4007 1080 4062; x_wconf 86' lang='lat' dir='ltr'><strong>ltalis</strong></span> <span class='ocrx_word' id='word_1_512' title='bbox 1114 4004 1440 4068; x_wconf 85' lang='lat' dir='ltr'><strong>Zonchium,</strong></span> <span class='ocrx_word' id='word_1_513' title='bbox 1476 4003 1832 4073; x_wconf 83' lang='lat' dir='ltr'><strong>Spandugino</strong></span> <span class='ocrx_word' id='word_1_514' title='bbox 1874 4001 2047 4056; x_wconf 86' lang='lat' dir='ltr'><strong>Giun-</strong></span> 
     </span>
    </p>
   </div>
   <div class='ocr_carea' id='block_1_76' title="bbox 472 4092 2039 4167">
    <p class='ocr_par' dir='ltr' id='par_1_76' title="bbox 472 4092 2039 4167">
     <span class='ocr_line' id='line_1_77' title="bbox 472 4092 2039 4167; baseline -0.005 -12"><span class='ocrx_word' id='word_1_515' title='bbox 472 4101 682 4163; x_wconf 86' lang='lat' dir='ltr'><strong>chium,</strong></span> <span class='ocrx_word' id='word_1_516' title='bbox 716 4097 922 4154; x_wconf 62' lang='lat' dir='ltr'><strong>Griecis</strong></span> <span class='ocrx_word' id='word_1_517' title='bbox 963 4099 1139 4153; x_wconf 89' lang='lat' dir='ltr'><strong>nostri</strong></span> <span class='ocrx_word' id='word_1_518' title='bbox 1193 4095 1457 4167; x_wconf 88' lang='lat' dir='ltr'><strong>temporis</strong></span> <span class='ocrx_word' id='word_1_519' title='bbox 1503 4092 1838 4148; x_wconf 85' lang='lat' dir='ltr'><strong>Navarinum</strong></span> <span class='ocrx_word' id='word_1_520' title='bbox 1872 4107 2039 4147; x_wconf 79' lang='lat' dir='ltr'><strong>voca-</strong></span> 
     </span>
    </p>
   </div>
   <div class='ocr_carea' id='block_1_77' title="bbox 475 4187 2047 4267">
    <p class='ocr_par' dir='ltr' id='par_1_77' title="bbox 475 4187 2047 4267">
     <span class='ocr_line' id='line_1_78' title="bbox 475 4187 2047 4267; baseline -0.005 -16"><span class='ocrx_word' id='word_1_521' title='bbox 475 4207 589 4258; x_wconf 88' lang='lat' dir='ltr'><strong>tur,</strong></span> <span class='ocrx_word' id='word_1_522' title='bbox 616 4195 815 4267; x_wconf 80' lang='lat' dir='ltr'><strong>priscis</strong></span> <span class='ocrx_word' id='word_1_523' title='bbox 848 4192 1250 4264; x_wconf 79' lang='lat' dir='ltr'><strong>Coryphasium</strong></span> <span class='ocrx_word' id='word_1_524' title='bbox 1281 4191 1564 4247; x_wconf 62' lang='lat' dir='ltr'><strong>Messenia:</strong></span> <span class='ocrx_word' id='word_1_525' title='bbox 1590 4189 1764 4245; x_wconf 79' lang='lat' dir='ltr'><strong>fuisse</strong></span> <span class='ocrx_word' id='word_1_526' title='bbox 1784 4187 2047 4243; x_wconf 90' lang='lat' dir='ltr'><strong>creditur:</strong></span> 
     </span>
    </p>
   </div>
   <div class='ocr_carea' id='block_1_78' title="bbox 475 4281 2047 4356">
    <p class='ocr_par' dir='ltr' id='par_1_78' title="bbox 475 4281 2047 4356">
     <span class='ocr_line' id='line_1_79' title="bbox 475 4281 2047 4356; baseline -0.006 -13"><span class='ocrx_word' id='word_1_527' title='bbox 475 4288 637 4343; x_wconf 81' lang='lat' dir='ltr'><strong>Jovio</strong></span> <span class='ocrx_word' id='word_1_528' title='bbox 685 4297 866 4342; x_wconf 90' lang='lat' dir='ltr'><strong>tamen</strong></span> <span class='ocrx_word' id='word_1_529' title='bbox 925 4284 1140 4356; x_wconf 76' lang='lat' dir='ltr'><strong>Pylum,</strong></span> <span class='ocrx_word' id='word_1_530' title='bbox 1187 4299 1355 4356; x_wconf 86' lang='lat' dir='ltr'><strong>regna</strong></span> <span class='ocrx_word' id='word_1_531' title='bbox 1403 4282 1678 4346; x_wconf 82' lang='lat' dir='ltr'><strong>Nestoris,</strong></span> <span class='ocrx_word' id='word_1_532' title='bbox 1717 4281 2047 4352; x_wconf 85' lang='lat' dir='ltr'><strong>appellante.</strong></span> 
     </span>
    </p>
   </div>
   <div class='ocr_carea' id='block_1_79' title="bbox 479 4370 2049 4449">
    <p class='ocr_par' dir='ltr' id='par_1_79' title="bbox 479 4370 2049 4449">
     <span class='ocr_line' id='line_1_80' title="bbox 479 4370 2049 4449; baseline -0.007 -13"><span class='ocrx_word' id='word_1_533' title='bbox 479 4381 671 4449; x_wconf 85' lang='lat' dir='ltr'><strong>Neque</strong></span> <span class='ocrx_word' id='word_1_534' title='bbox 695 4379 980 4436; x_wconf 85' lang='lat' dir='ltr'><strong>castellum</strong></span> <span class='ocrx_word' id='word_1_535' title='bbox 1023 4377 1127 4432; x_wconf 91' lang='lat' dir='ltr'><strong>hoc</strong></span> <span class='ocrx_word' id='word_1_536' title='bbox 1176 4375 1430 4431; x_wconf 83' lang='lat' dir='ltr'><strong>Kemales</strong></span> <span class='ocrx_word' id='word_1_537' title='bbox 1469 4387 1566 4430; x_wconf 88' lang='lat' dir='ltr'><strong>seu</strong></span> <span class='ocrx_word' id='word_1_538' title='bbox 1607 4373 1858 4428; x_wconf 87' lang='lat' dir='ltr'><strong>Camales</strong></span> <span class='ocrx_word' id='word_1_539' title='bbox 1903 4370 2049 4425; x_wconf 87' lang='lat' dir='ltr'><strong>dun-</strong></span> 
     </span>
    </p>
   </div>
   <div class='ocr_carea' id='block_1_80' title="bbox 2147 3984 3710 4079">
    <p class='ocr_par' dir='ltr' id='par_1_80' title="bbox 2147 3984 3710 4079">
     <span class='ocr_line' id='line_1_81' title="bbox 2147 3984 3710 4079; baseline -0.026 -3"><span class='ocrx_word' id='word_1_540' title='bbox 2147 4034 2267 4076; x_wconf 91' lang='lat' dir='ltr'><strong>rum</strong></span> <span class='ocrx_word' id='word_1_541' title='bbox 2307 4015 2525 4070; x_wconf 82' lang='lat' dir='ltr'><strong>fortiter</strong></span> <span class='ocrx_word' id='word_1_542' title='bbox 2571 4018 2851 4079; x_wconf 82' lang='lat' dir='ltr'><strong>gestarum</strong></span> <span class='ocrx_word' id='word_1_543' title='bbox 2901 4000 3124 4057; x_wconf 91' lang='lat' dir='ltr'><strong>nomine</strong></span> <span class='ocrx_word' id='word_1_544' title='bbox 3175 3999 3362 4050; x_wconf 87' lang='lat' dir='ltr'><strong>narrat</strong></span> <span class='ocrx_word' id='word_1_545' title='bbox 3411 4005 3440 4042; x_wconf 88' lang='lat' dir='ltr'><strong>a</strong></span> <span class='ocrx_word' id='word_1_546' title='bbox 3496 3984 3710 4041; x_wconf 86' lang='lat' dir='ltr'><strong>Licinio</strong></span> 
     </span>
    </p>
   </div>
   <div class='ocr_carea' id='block_1_81' title="bbox 2148 4075 3709 4178">
    <p class='ocr_par' dir='ltr' id='par_1_81' title="bbox 2148 4075 3709 4178">
     <span class='ocr_line' id='line_1_82' title="bbox 2148 4075 3709 4178; baseline -0.024 -15"><span class='ocrx_word' id='word_1_547' title='bbox 2148 4111 2392 4178; x_wconf 77' lang='lat' dir='ltr'><strong>Augusto</strong></span> <span class='ocrx_word' id='word_1_548' title='bbox 2421 4075 2610 4156; x_wconf 79' lang='lat' dir='ltr'><strong>datum</strong></span> <span class='ocrx_word' id='word_1_549' title='bbox 2665 4098 2837 4152; x_wconf 76' lang='lat' dir='ltr'><strong>fuisse</strong></span> <span class='ocrx_word' id='word_1_550' title='bbox 2867 4108 2966 4164; x_wconf 88' lang='lat' dir='ltr'><strong>pro</strong></span> <span class='ocrx_word' id='word_1_551' title='bbox 3002 4088 3224 4144; x_wconf 87' lang='lat' dir='ltr'><strong>timario</strong></span> <span class='ocrx_word' id='word_1_552' title='bbox 3259 4093 3498 4139; x_wconf 88' lang='lat' dir='ltr'><strong>castrum</strong></span> <span class='ocrx_word' id='word_1_553' title='bbox 3544 4075 3709 4128; x_wconf 64' lang='lat' dir='ltr'><strong>Hera—</strong></span> 
     </span>
    </p>
   </div>
   <div class='ocr_carea' id='block_1_82' title="bbox 2149 4169 3712 4262">
    <p class='ocr_par' dir='ltr' id='par_1_82' title="bbox 2149 4169 3712 4262">
     <span class='ocr_line' id='line_1_83' title="bbox 2149 4169 3712 4262; baseline -0.024 -5"><span class='ocrx_word' id='word_1_554' title='bbox 2149 4169 2300 4258; x_wconf 52' lang='lat' dir='ltr'><strong>cleae.</strong></span> <span class='ocrx_word' id='word_1_555' title='bbox 2347 4195 2689 4262; x_wconf 71' lang='lat' dir='ltr'><strong>Videtnrque</strong></span> <span class='ocrx_word' id='word_1_556' title='bbox 2719 4205 2821 4243; x_wconf 81' lang='lat' dir='ltr'><strong>vox</strong></span> <span class='ocrx_word' id='word_1_557' title='bbox 2851 4204 2880 4241; x_wconf 83' lang='lat' dir='ltr'><strong>a</strong></span> <span class='ocrx_word' id='word_1_558' title='bbox 2940 4184 3100 4240; x_wconf 61' lang='lat' dir='ltr'><strong>Caeca</strong></span> <span class='ocrx_word' id='word_1_559' title='bbox 3127 4178 3285 4249; x_wconf 80' lang='grc' dir='ltr'><strong>τιμὴ,</strong></span> <span class='ocrx_word' id='word_1_560' title='bbox 3311 4191 3413 4245; x_wconf 85' lang='lat' dir='ltr'><strong>qua</strong></span> <span class='ocrx_word' id='word_1_561' title='bbox 3439 4169 3712 4240; x_wconf 78' lang='lat' dir='ltr'><strong>signiﬁca-</strong></span> 
     </span>
    </p>
   </div>
   <div class='ocr_carea' id='block_1_83' title="bbox 2153 4267 3709 4349">
    <p class='ocr_par' dir='ltr' id='par_1_83' title="bbox 2153 4267 3709 4349">
     <span class='ocr_line' id='line_1_84' title="bbox 2153 4267 3709 4349; baseline -0.022 -4"><span class='ocrx_word' id='word_1_562' title='bbox 2153 4302 2238 4346; x_wconf 91' lang='lat' dir='ltr'><strong>tur</strong></span> <span class='ocrx_word' id='word_1_563' title='bbox 2267 4293 2462 4349; x_wconf 88' lang='lat' dir='ltr'><strong>honor,</strong></span> <span class='ocrx_word' id='word_1_564' title='bbox 2501 4285 2750 4339; x_wconf 83' lang='lat' dir='ltr'><strong>derivata</strong></span> <span class='ocrx_word' id='word_1_565' title='bbox 2777 4298 2790 4334; x_wconf 92' lang='lat'><strong>:</strong></span> <span class='ocrx_word' id='word_1_566' title='bbox 2820 4278 2966 4348; x_wconf 86' lang='lat' dir='ltr'><strong>quod</strong></span> <span class='ocrx_word' id='word_1_567' title='bbox 3001 4268 3318 4345; x_wconf 69' lang='lat' dir='ltr'><strong>huiusmodi</strong></span> <span class='ocrx_word' id='word_1_568' title='bbox 3345 4267 3581 4324; x_wconf 87' lang='lat' dir='ltr'><strong>timaria,</strong></span> <span class='ocrx_word' id='word_1_569' title='bbox 3614 4275 3709 4312; x_wconf 81' lang='lat' dir='ltr'><strong>ve-</strong></span> 
     </span>
    </p>
   </div>
   <div class='ocr_carea' id='block_1_84' title="bbox 2151 4351 3717 4438">
    <p class='ocr_par' dir='ltr' id='par_1_84' title="bbox 2151 4351 3717 4438">
     <span class='ocr_line' id='line_1_85' title="bbox 2151 4351 3717 4438; baseline -0.022 -2"><span class='ocrx_word' id='word_1_570' title='bbox 2151 4382 2232 4436; x_wconf 74' lang='lat' dir='ltr'><strong>lut</strong></span> <span class='ocrx_word' id='word_1_571' title='bbox 2267 4376 2588 4438; x_wconf 83' lang='lat' dir='ltr'><strong>honoraria,</strong></span> <span class='ocrx_word' id='word_1_572' title='bbox 2636 4375 2751 4428; x_wconf 83' lang='lat' dir='ltr'><strong>sive</strong></span> <span class='ocrx_word' id='word_1_573' title='bbox 2795 4366 3104 4430; x_wconf 78' lang='lat' dir='ltr'><strong>beneficia,,</strong></span> <span class='ocrx_word' id='word_1_574' title='bbox 3157 4361 3272 4416; x_wconf 90' lang='lat' dir='ltr'><strong>sive</strong></span> <span class='ocrx_word' id='word_1_575' title='bbox 3323 4355 3552 4414; x_wconf 83' lang='lat' dir='ltr'><strong>reditus,</strong></span> <span class='ocrx_word' id='word_1_576' title='bbox 3599 4351 3717 4405; x_wconf 82' lang='lat' dir='ltr'><strong>sive</strong></span> 
     </span>
    </p>
   </div>
   <div class='ocr_carea' id='block_1_85' title="bbox 484 4441 2047 4544">
    <p class='ocr_par' dir='ltr' id='par_1_85' title="bbox 484 4464 2047 4541">
     <span class='ocr_line' id='line_1_86' title="bbox 484 4464 2047 4541; baseline -0.006 -15"><span class='ocrx_word' id='word_1_577' title='bbox 484 4482 636 4527; x_wconf 74' lang='lat' dir='ltr'><strong>taxat</strong></span> <span class='ocrx_word' id='word_1_578' title='bbox 661 4473 1013 4541; x_wconf 77' lang='lat' dir='ltr'><strong>expugnavit,</strong></span> <span class='ocrx_word' id='word_1_579' title='bbox 1047 4485 1234 4524; x_wconf 83' lang='lat' dir='ltr'><strong>verum</strong></span> <span class='ocrx_word' id='word_1_580' title='bbox 1258 4468 1424 4523; x_wconf 89' lang='lat' dir='ltr'><strong>etiam</strong></span> <span class='ocrx_word' id='word_1_581' title='bbox 1455 4480 1747 4536; x_wconf 85' lang='lat' dir='ltr'><strong>oppressas</strong></span> <span class='ocrx_word' id='word_1_582' title='bbox 1767 4464 2047 4533; x_wconf 80' lang='lat' dir='ltr'><strong>inopinato</strong></span> 
     </span>
    </p>
   </div>
   <div class='ocr_carea' id='block_1_86' title="bbox 2108 4441 3717 4544">
    <p class='ocr_par' dir='ltr' id='par_1_86' title="bbox 2108 4441 3717 4544">
     <span class='ocr_line' id='line_1_87' title="bbox 2108 4441 3717 4544; baseline -0.023 -15"><span class='ocrx_word' id='word_1_583' title='bbox 2108 4487 2126 4539; x_wconf 83' lang='lat'><strong>)</strong></span> <span class='ocrx_word' id='word_1_584' title='bbox 2157 4471 2473 4544; x_wconf 87' lang='lat' dir='ltr'><strong>pensiones,</strong></span> <span class='ocrx_word' id='word_1_585' title='bbox 2506 4465 2793 4521; x_wconf 86' lang='lat' dir='ltr'><strong>honoratis</strong></span> <span class='ocrx_word' id='word_1_586' title='bbox 2831 4461 3078 4527; x_wconf 85' lang='lat' dir='ltr'><strong>beneque</strong></span> <span class='ocrx_word' id='word_1_587' title='bbox 3109 4457 3176 4508; x_wconf 85' lang='lat' dir='ltr'><strong>de</strong></span> <span class='ocrx_word' id='word_1_588' title='bbox 3221 4449 3499 4520; x_wconf 88' lang='lat' dir='ltr'><strong>republica</strong></span> <span class='ocrx_word' id='word_1_589' title='bbox 3554 4441 3717 4497; x_wconf 89' lang='lat' dir='ltr'><strong>meri-</strong></span> 
     </span>
    </p>
   </div>
   <div class='ocr_carea' id='block_1_87' title="bbox 485 4548 2050 4634">
    <p class='ocr_par' dir='ltr' id='par_1_87' title="bbox 485 4548 2050 4634">
     <span class='ocr_line' id='line_1_88' title="bbox 485 4548 2050 4634; baseline -0.004 -17"><span class='ocrx_word' id='word_1_590' title='bbox 485 4573 723 4634; x_wconf 86' lang='lat' dir='ltr'><strong>quatuor</strong></span> <span class='ocrx_word' id='word_1_591' title='bbox 762 4548 1015 4619; x_wconf 77' lang='lat' dir='ltr'><strong>triremes</strong></span> <span class='ocrx_word' id='word_1_592' title='bbox 1051 4562 1311 4621; x_wconf 83' lang='lat' dir='ltr'><strong>Venetas.</strong></span> <span class='ocrx_word' id='word_1_593' title='bbox 1335 4573 1460 4613; x_wconf 89' lang='lat' dir='ltr'><strong>cum</strong></span> <span class='ocrx_word' id='word_1_594' title='bbox 1507 4557 1640 4627; x_wconf 87' lang='lat' dir='ltr'><strong>ipsis</strong></span> <span class='ocrx_word' id='word_1_595' title='bbox 1688 4556 1958 4611; x_wconf 87' lang='lat' dir='ltr'><strong>militibus</strong></span> <span class='ocrx_word' id='word_1_596' title='bbox 1995 4563 2050 4610; x_wconf 91' lang='lat' dir='ltr'><strong>et</strong></span> 
     </span>
    </p>
   </div>
   <div class='ocr_carea' id='block_1_88' title="bbox 487 4651 1941 4722">
    <p class='ocr_par' dir='ltr' id='par_1_88' title="bbox 487 4651 1941 4722">
     <span class='ocr_line' id='line_1_89' title="bbox 487 4651 1941 4722; baseline -0.009 -6"><span class='ocrx_word' id='word_1_597' title='bbox 487 4657 658 4715; x_wconf 83' lang='lat' dir='ltr'><strong>sociis</strong></span> <span class='ocrx_word' id='word_1_598' title='bbox 692 4655 1000 4722; x_wconf 86' lang='lat' dir='ltr'><strong>navalibus,</strong></span> <span class='ocrx_word' id='word_1_599' title='bbox 1032 4654 1233 4710; x_wconf 87' lang='lat' dir='ltr'><strong>ibidem</strong></span> <span class='ocrx_word' id='word_1_600' title='bbox 1273 4653 1327 4708; x_wconf 86' lang='lat' dir='ltr'><strong>in</strong></span> <span class='ocrx_word' id='word_1_601' title='bbox 1357 4660 1679 4721; x_wconf 83' lang='lat' dir='ltr'><strong>potestatem</strong></span> <span class='ocrx_word' id='word_1_602' title='bbox 1713 4651 1941 4722; x_wconf 71' lang='lat' dir='ltr'><strong>redi-git.</strong></span> 
     </span>
    </p>
   </div>
   <div class='ocr_carea' id='block_1_89' title="bbox 688 4765 1840 4833">
    <p class='ocr_par' dir='ltr' id='par_1_89' title="bbox 688 4765 1840 4833">
     <span class='ocr_line' id='line_1_90' title="bbox 688 4765 1840 4833; baseline -0.007 -7"><span class='ocrx_word' id='word_1_603' title='bbox 688 4770 813 4828; x_wconf 81' lang='lat' dir='ltr'><strong>l85.</strong></span> <span class='ocrx_word' id='word_1_604' title='bbox 850 4768 1109 4825; x_wconf 81' lang='lat' dir='ltr'><strong>Planities</strong></span> <span class='ocrx_word' id='word_1_605' title='bbox 1145 4765 1333 4833; x_wconf 81' lang='lat' dir='ltr'><strong>Zibuc,</strong></span> <span class='ocrx_word' id='word_1_606' title='bbox 1364 4776 1414 4820; x_wconf 80' lang='lat' dir='ltr'><strong>et</strong></span> <span class='ocrx_word' id='word_1_607' title='bbox 1437 4766 1608 4825; x_wconf 72' lang='lat' dir='ltr'><strong>Sirae.</strong></span> <span class='ocrx_word' id='word_1_608' title='bbox 1637 4765 1840 4818; x_wconf 81' lang='lat' dir='ltr'><strong>eadem.</strong></span> 
     </span>
    </p>
   </div>
   <div class='ocr_carea' id='block_1_90' title="bbox 554 4857 2054 4933">
    <p class='ocr_par' dir='ltr' id='par_1_90' title="bbox 554 4857 2054 4933">
     <span class='ocr_line' id='line_1_91' title="bbox 554 4857 2054 4933; baseline -0.009 -12"><span class='ocrx_word' id='word_1_609' title='bbox 554 4865 734 4933; x_wconf 85' lang='lat' dir='ltr'><strong>Quam</strong></span> <span class='ocrx_word' id='word_1_610' title='bbox 797 4863 889 4917; x_wconf 89' lang='lat' dir='ltr'><strong>hic</strong></span> <span class='ocrx_word' id='word_1_611' title='bbox 938 4860 1179 4915; x_wconf 85' lang='lat' dir='ltr'><strong>Annales</strong></span> <span class='ocrx_word' id='word_1_612' title='bbox 1225 4859 1510 4929; x_wconf 88' lang='lat' dir='ltr'><strong>planitiem</strong></span> <span class='ocrx_word' id='word_1_613' title='bbox 1591 4857 1766 4911; x_wconf 82' lang='lat' dir='ltr'><strong>Zibuc</strong></span> <span class='ocrx_word' id='word_1_614' title='bbox 1833 4863 2054 4918; x_wconf 88' lang='lat' dir='ltr'><strong>vocant,</strong></span> 
     </span>
    </p>
   </div>
   <div class='ocr_carea' id='block_1_91' title="bbox 490 4948 2058 5027">
    <p class='ocr_par' dir='ltr' id='par_1_91' title="bbox 490 4948 2058 5027">
     <span class='ocr_line' id='line_1_92' title="bbox 490 4948 2058 5027; baseline -0.011 -13"><span class='ocrx_word' id='word_1_615' title='bbox 490 4955 883 5027; x_wconf 75' lang='lat' dir='ltr'><strong>Spandnginus</strong></span> <span class='ocrx_word' id='word_1_616' title='bbox 908 4952 1150 5022; x_wconf 87' lang='lat' dir='ltr'><strong>appellat</strong></span> <span class='ocrx_word' id='word_1_617' title='bbox 1175 4965 1424 5020; x_wconf 78' lang='lat' dir='ltr'><strong>campum</strong></span> <span class='ocrx_word' id='word_1_618' title='bbox 1459 4950 1643 5011; x_wconf 82' lang='lat' dir='ltr'><strong>Sivac,</strong></span> <span class='ocrx_word' id='word_1_619' title='bbox 1686 4948 1908 5002; x_wconf 86' lang='lat' dir='ltr'><strong>tametsi</strong></span> <span class='ocrx_word' id='word_1_620' title='bbox 1937 4962 2058 5000; x_wconf 88' lang='lat' dir='ltr'><strong>cor-</strong></span> 
     </span>
    </p>
   </div>
   <div class='ocr_carea' id='block_1_92' title="bbox 489 5037 2056 5119">
    <p class='ocr_par' dir='ltr' id='par_1_92' title="bbox 489 5037 2056 5119">
     <span class='ocr_line' id='line_1_93' title="bbox 489 5037 2056 5119; baseline -0.008 -14"><span class='ocrx_word' id='word_1_621' title='bbox 489 5057 651 5119; x_wconf 88' lang='lat' dir='ltr'><strong>rupte</strong></span> <span class='ocrx_word' id='word_1_622' title='bbox 693 5049 906 5117; x_wconf 85' lang='lat' dir='ltr'><strong>legatur</strong></span> <span class='ocrx_word' id='word_1_623' title='bbox 958 5047 1017 5100; x_wconf 90' lang='lat' dir='ltr'><strong>in</strong></span> <span class='ocrx_word' id='word_1_624' title='bbox 1096 5043 1265 5103; x_wconf 85' lang='lat' dir='ltr'><strong>edito.</strong></span> <span class='ocrx_word' id='word_1_625' title='bbox 1314 5043 1628 5111; x_wconf 84' lang='lat' dir='ltr'><strong>Campagna</strong></span> <span class='ocrx_word' id='word_1_626' title='bbox 1677 5040 1827 5093; x_wconf 87' lang='lat' dir='ltr'><strong>detta</strong></span> <span class='ocrx_word' id='word_1_627' title='bbox 1874 5037 2056 5093; x_wconf 71' lang='lat' dir='ltr'><strong>Sit-as.</strong></span> 
     </span>
    </p>
   </div>
   <div class='ocr_carea' id='block_1_93' title="bbox 489 5130 2055 5210">
    <p class='ocr_par' dir='ltr' id='par_1_93' title="bbox 489 5130 2055 5210">
     <span class='ocr_line' id='line_1_94' title="bbox 489 5130 2055 5210; baseline -0.01 -13"><span class='ocrx_word' id='word_1_628' title='bbox 489 5141 702 5210; x_wconf 83' lang='lat' dir='ltr'><strong>Quippe</strong></span> <span class='ocrx_word' id='word_1_629' title='bbox 735 5139 936 5194; x_wconf 86' lang='lat' dir='ltr'><strong>civitas</strong></span> <span class='ocrx_word' id='word_1_630' title='bbox 969 5135 1194 5208; x_wconf 85' lang='lat' dir='ltr'><strong>quidem</strong></span> <span class='ocrx_word' id='word_1_631' title='bbox 1227 5143 1312 5190; x_wconf 89' lang='lat' dir='ltr'><strong>est</strong></span> <span class='ocrx_word' id='word_1_632' title='bbox 1348 5133 1534 5198; x_wconf 81' lang='lat' dir='ltr'><strong>Sivas,</strong></span> <span class='ocrx_word' id='word_1_633' title='bbox 1590 5134 1656 5186; x_wconf 89' lang='lat' dir='ltr'><strong>de</strong></span> <span class='ocrx_word' id='word_1_634' title='bbox 1708 5146 1814 5199; x_wconf 88' lang='lat' dir='ltr'><strong>qua</strong></span> <span class='ocrx_word' id='word_1_635' title='bbox 1850 5130 2055 5185; x_wconf 88' lang='lat' dir='ltr'><strong>dictum</strong></span> 
     </span>
    </p>
   </div>
   <div class='ocr_carea' id='block_1_94' title="bbox 496 5222 2061 5299">
    <p class='ocr_par' dir='ltr' id='par_1_94' title="bbox 496 5222 2061 5299">
     <span class='ocr_line' id='line_1_95' title="bbox 496 5222 2061 5299; baseline -0.005 -14"><span class='ocrx_word' id='word_1_636' title='bbox 496 5232 682 5299; x_wconf 89' lang='lat' dir='ltr'><strong>capite</strong></span> <span class='ocrx_word' id='word_1_637' title='bbox 717 5231 750 5284; x_wconf 85' lang='lat'><strong>5</strong></span> <span class='ocrx_word' id='word_1_638' title='bbox 794 5248 807 5284; x_wconf 92' lang='lat'>:</span> <span class='ocrx_word' id='word_1_639' title='bbox 879 5230 974 5285; x_wconf 89' lang='lat' dir='ltr'><strong>sed</strong></span> <span class='ocrx_word' id='word_1_640' title='bbox 1020 5229 1125 5282; x_wconf 90' lang='lat' dir='ltr'><strong>hoc</strong></span> <span class='ocrx_word' id='word_1_641' title='bbox 1155 5227 1379 5281; x_wconf 85' lang='lat' dir='ltr'><strong>nomine</strong></span> <span class='ocrx_word' id='word_1_642' title='bbox 1428 5239 1654 5294; x_wconf 87' lang='lat' dir='ltr'><strong>campus</strong></span> <span class='ocrx_word' id='word_1_643' title='bbox 1685 5232 1777 5276; x_wconf 88' lang='lat' dir='ltr'><strong>aut</strong></span> <span class='ocrx_word' id='word_1_644' title='bbox 1809 5222 2061 5293; x_wconf 84' lang='lat' dir='ltr'><strong>planities</strong></span> 
     </span>
    </p>
   </div>
   <div class='ocr_carea' id='block_1_95' title="bbox 497 5315 2057 5388">
    <p class='ocr_par' dir='ltr' id='par_1_95' title="bbox 497 5315 2057 5388">
     <span class='ocr_line' id='line_1_96' title="bbox 497 5315 2057 5388; baseline -0.006 -11"><span class='ocrx_word' id='word_1_645' title='bbox 497 5323 698 5378; x_wconf 88' lang='lat' dir='ltr'><strong>nobilis</strong></span> <span class='ocrx_word' id='word_1_646' title='bbox 743 5323 798 5376; x_wconf 93' lang='lat' dir='ltr'><strong>in</strong></span> <span class='ocrx_word' id='word_1_647' title='bbox 847 5320 1102 5375; x_wconf 83' lang='lat' dir='ltr'><strong>Anatolia</strong></span> <span class='ocrx_word' id='word_1_648' title='bbox 1161 5318 1309 5388; x_wconf 89' lang='lat' dir='ltr'><strong>quod</strong></span> <span class='ocrx_word' id='word_1_649' title='bbox 1363 5317 1616 5386; x_wconf 88' lang='lat' dir='ltr'><strong>equidem</strong></span> <span class='ocrx_word' id='word_1_650' title='bbox 1646 5316 1839 5378; x_wconf 84' lang='lat' dir='ltr'><strong>sciam,</strong></span> <span class='ocrx_word' id='word_1_651' title='bbox 1875 5315 2057 5368; x_wconf 89' lang='lat' dir='ltr'><strong>nulla.</strong></span> 
     </span>
    </p>
   </div>
   <div class='ocr_carea' id='block_1_96' title="bbox 497 5405 2060 5485">
    <p class='ocr_par' dir='ltr' id='par_1_96' title="bbox 497 5405 2060 5485">
     <span class='ocr_line' id='line_1_97' title="bbox 497 5405 2060 5485; baseline -0.006 -17"><span class='ocrx_word' id='word_1_652' title='bbox 497 5414 842 5485; x_wconf 81' lang='lat' dir='ltr'><strong>Quapropter</strong></span> <span class='ocrx_word' id='word_1_653' title='bbox 871 5429 938 5468; x_wconf 83' lang='lat' dir='ltr'><strong>ex</strong></span> <span class='ocrx_word' id='word_1_654' title='bbox 968 5412 1279 5466; x_wconf 80' lang='lat' dir='ltr'><strong>Annalibus</strong></span> <span class='ocrx_word' id='word_1_655' title='bbox 1297 5411 1455 5464; x_wconf 86' lang='lat' dir='ltr'><strong>Sivac</strong></span> <span class='ocrx_word' id='word_1_656' title='bbox 1481 5407 1878 5478; x_wconf 84' lang='lat' dir='ltr'><strong>reponendum,</strong></span> <span class='ocrx_word' id='word_1_657' title='bbox 1916 5405 2060 5475; x_wconf 87' lang='lat' dir='ltr'><strong>quod</strong></span> 
     </span>
    </p>
   </div>
   <div class='ocr_carea' id='block_1_97' title="bbox 501 5496 2064 5563">
    <p class='ocr_par' dir='ltr' id='par_1_97' title="bbox 501 5496 2064 5563">
     <span class='ocr_line' id='line_1_98' title="bbox 501 5496 2064 5563; baseline -0.008 -1"><span class='ocrx_word' id='word_1_658' title='bbox 501 5508 644 5563; x_wconf 89' lang='lat' dir='ltr'><strong>idem</strong></span> <span class='ocrx_word' id='word_1_659' title='bbox 679 5516 762 5560; x_wconf 84' lang='lat' dir='ltr'><strong>est</strong></span> <span class='ocrx_word' id='word_1_660' title='bbox 795 5505 909 5560; x_wconf 81' lang='lat' dir='ltr'><strong>fere</strong></span> <span class='ocrx_word' id='word_1_661' title='bbox 935 5520 1057 5558; x_wconf 90' lang='lat' dir='ltr'><strong>eum</strong></span> <span class='ocrx_word' id='word_1_662' title='bbox 1093 5503 1288 5557; x_wconf 75' lang='lat' dir='ltr'><strong>libuc.</strong></span> <span class='ocrx_word' id='word_1_663' title='bbox 1348 5501 1541 5557; x_wconf 76' lang='lat' dir='ltr'><strong>lovius</strong></span> <span class='ocrx_word' id='word_1_664' title='bbox 1596 5500 1713 5553; x_wconf 67' lang='lat' dir='ltr'><strong>haec</strong></span> <span class='ocrx_word' id='word_1_665' title='bbox 1742 5500 1806 5551; x_wconf 88' lang='lat' dir='ltr'><strong>ad</strong></span> <span class='ocrx_word' id='word_1_666' title='bbox 1836 5496 2064 5552; x_wconf 71' lang='lat' dir='ltr'><strong>Galatiae</strong></span> 
     </span>
    </p>
   </div>
   <div class='ocr_carea' id='block_1_98' title="bbox 499 5586 2067 5668">
    <p class='ocr_par' dir='ltr' id='par_1_98' title="bbox 499 5586 2067 5668">
     <span class='ocr_line' id='line_1_99' title="bbox 499 5586 2067 5668; baseline -0.01 -14"><span class='ocrx_word' id='word_1_667' title='bbox 499 5613 726 5668; x_wconf 80' lang='lat' dir='ltr'><strong>campos</strong></span> <span class='ocrx_word' id='word_1_668' title='bbox 784 5597 997 5660; x_wconf 85' lang='lat' dir='ltr'><strong>retulit,</strong></span> <span class='ocrx_word' id='word_1_669' title='bbox 1025 5596 1115 5649; x_wconf 88' lang='lat' dir='ltr'><strong>ubi</strong></span> <span class='ocrx_word' id='word_1_670' title='bbox 1150 5595 1310 5649; x_wconf 87' lang='lat' dir='ltr'><strong>sitam</strong></span> <span class='ocrx_word' id='word_1_671' title='bbox 1369 5593 1445 5645; x_wconf 90' lang='lat' dir='ltr'><strong>ait</strong></span> <span class='ocrx_word' id='word_1_672' title='bbox 1473 5592 1785 5645; x_wconf 84' lang='lat' dir='ltr'><strong>Caraessar.</strong></span> <span class='ocrx_word' id='word_1_673' title='bbox 1821 5590 1895 5642; x_wconf 85' lang='lat' dir='ltr'><strong>Ea</strong></span> <span class='ocrx_word' id='word_1_674' title='bbox 1927 5586 2067 5640; x_wconf 82' lang='lat' dir='ltr'><strong>Tur-</strong></span> 
     </span>
    </p>
   </div>
   <div class='ocr_carea' id='block_1_99' title="bbox 501 5678 2065 5749">
    <p class='ocr_par' dir='ltr' id='par_1_99' title="bbox 501 5678 2065 5749">
     <span class='ocr_line' id='line_1_100' title="bbox 501 5678 2065 5749; baseline -0.008 -5"><span class='ocrx_word' id='word_1_675' title='bbox 501 5690 587 5744; x_wconf 82' lang='lat' dir='ltr'><strong>cis</strong></span> <span class='ocrx_word' id='word_1_676' title='bbox 620 5697 707 5745; x_wconf 87' lang='lat' dir='ltr'><strong>est</strong></span> <span class='ocrx_word' id='word_1_677' title='bbox 734 5687 1121 5748; x_wconf 85' lang='lat' dir='ltr'><strong>Carachissar,</strong></span> <span class='ocrx_word' id='word_1_678' title='bbox 1160 5685 1264 5739; x_wconf 88' lang='lat' dir='ltr'><strong>hoc</strong></span> <span class='ocrx_word' id='word_1_679' title='bbox 1316 5691 1399 5737; x_wconf 87' lang='lat' dir='ltr'><strong>est</strong></span> <span class='ocrx_word' id='word_1_680' title='bbox 1454 5697 1551 5736; x_wconf 79' lang='lat' dir='ltr'><strong>arx</strong></span> <span class='ocrx_word' id='word_1_681' title='bbox 1614 5682 1795 5749; x_wconf 75' lang='lat' dir='ltr'><strong>nigra,</strong></span> <span class='ocrx_word' id='word_1_682' title='bbox 1858 5695 1977 5746; x_wconf 68' lang='lat' dir='ltr'><strong>quso</strong></span> <span class='ocrx_word' id='word_1_683' title='bbox 2011 5678 2065 5731; x_wconf 93' lang='lat' dir='ltr'><strong>in</strong></span> 
     </span>
    </p>
   </div>
   <div class='ocr_carea' id='block_1_100' title="bbox 507 5769 2066 5853">
    <p class='ocr_par' dir='ltr' id='par_1_100' title="bbox 507 5769 2066 5853">
     <span class='ocr_line' id='line_1_101' title="bbox 507 5769 2066 5853; baseline -0.008 -15"><span class='ocrx_word' id='word_1_684' title='bbox 507 5779 983 5853; x_wconf 74' lang='lat' dir='ltr'><strong>beglerbcgatibus</strong></span> <span class='ocrx_word' id='word_1_685' title='bbox 1029 5777 1343 5837; x_wconf 79' lang='lat' dir='ltr'><strong>collocatur</strong></span> <span class='ocrx_word' id='word_1_686' title='bbox 1373 5775 1428 5829; x_wconf 83' lang='lat' dir='ltr'><strong>in</strong></span> <span class='ocrx_word' id='word_1_687' title='bbox 1477 5772 1712 5828; x_wconf 76' lang='lat' dir='ltr'><strong>Amasia:</strong></span> <span class='ocrx_word' id='word_1_688' title='bbox 1767 5769 2066 5841; x_wconf 74' lang='lat' dir='ltr'><strong>Toizatique</strong></span> 
     </span>
    </p>
   </div>
   <div class='ocr_carea' id='block_1_101' title="bbox 2157 4534 3716 4619">
    <p class='ocr_par' dir='ltr' id='par_1_101' title="bbox 2157 4534 3716 4619">
     <span class='ocr_line' id='line_1_102' title="bbox 2157 4534 3716 4619; baseline -0.021 0"><span class='ocrx_word' id='word_1_689' title='bbox 2157 4567 2225 4619; x_wconf 90' lang='lat' dir='ltr'><strong>tis</strong></span> <span class='ocrx_word' id='word_1_690' title='bbox 2259 4562 2720 4616; x_wconf 89' lang='lat' dir='ltr'><strong>concederentur.</strong></span> <span class='ocrx_word' id='word_1_691' title='bbox 2779 4553 3042 4609; x_wconf 83' lang='lat' dir='ltr'><strong>Timariis</strong></span> <span class='ocrx_word' id='word_1_692' title='bbox 3087 4547 3278 4604; x_wconf 86' lang='lat' dir='ltr'><strong>donati</strong></span> <span class='ocrx_word' id='word_1_693' title='bbox 3322 4549 3580 4597; x_wconf 82' lang='lat' dir='ltr'><strong>vocantur</strong></span> <span class='ocrx_word' id='word_1_694' title='bbox 3625 4534 3716 4589; x_wconf 85' lang='lat' dir='ltr'><strong>Ti-</strong></span> 
     </span>
    </p>
   </div>
   <div class='ocr_carea' id='block_1_102' title="bbox 2153 4628 3716 4714">
    <p class='ocr_par' dir='ltr' id='par_1_102' title="bbox 2153 4628 3716 4714">
     <span class='ocr_line' id='line_1_103' title="bbox 2153 4628 3716 4714; baseline -0.019 -5"><span class='ocrx_word' id='word_1_695' title='bbox 2153 4657 2420 4714; x_wconf 72' lang='lat' dir='ltr'><strong>mariotie,</strong></span> <span class='ocrx_word' id='word_1_696' title='bbox 2449 4651 2535 4706; x_wconf 89' lang='lat' dir='ltr'><strong>vel</strong></span> <span class='ocrx_word' id='word_1_697' title='bbox 2571 4646 2863 4709; x_wconf 87' lang='lat' dir='ltr'><strong>Timarati,</strong></span> <span class='ocrx_word' id='word_1_698' title='bbox 2900 4645 3064 4698; x_wconf 87' lang='lat' dir='ltr'><strong>etiam</strong></span> <span class='ocrx_word' id='word_1_699' title='bbox 3103 4638 3243 4710; x_wconf 87' lang='lat' dir='ltr'><strong>apud</strong></span> <span class='ocrx_word' id='word_1_700' title='bbox 3299 4628 3716 4696; x_wconf 80' lang='lat' dir='ltr'><strong>Chalcocondy-</strong></span> 
     </span>
    </p>
   </div>
   <div class='ocr_carea' id='block_1_103' title="bbox 2155 4721 3716 4809">
    <p class='ocr_par' dir='ltr' id='par_1_103' title="bbox 2155 4721 3716 4809">
     <span class='ocr_line' id='line_1_104' title="bbox 2155 4721 3716 4809; baseline -0.023 -4"><span class='ocrx_word' id='word_1_701' title='bbox 2155 4750 2285 4805; x_wconf 89' lang='lat' dir='ltr'><strong>lem.</strong></span> <span class='ocrx_word' id='word_1_702' title='bbox 2318 4747 2653 4802; x_wconf 85' lang='lat' dir='ltr'><strong>Caramuses</strong></span> <span class='ocrx_word' id='word_1_703' title='bbox 2690 4737 2961 4809; x_wconf 78' lang='lat' dir='ltr'><strong>signiﬁcat</strong></span> <span class='ocrx_word' id='word_1_704' title='bbox 3010 4737 3225 4803; x_wconf 80' lang='lat' dir='ltr'><strong>nigrum</strong></span> <span class='ocrx_word' id='word_1_705' title='bbox 3257 4729 3480 4783; x_wconf 73' lang='lat' dir='ltr'><strong>Hosem.</strong></span> <span class='ocrx_word' id='word_1_706' title='bbox 3510 4721 3716 4774; x_wconf 78' lang='lat' dir='ltr'><strong>Ruina-</strong></span> 
     </span>
    </p>
   </div>
   <div class='ocr_carea' id='block_1_104' title="bbox 2155 4813 3720 4897">
    <p class='ocr_par' dir='ltr' id='par_1_104' title="bbox 2155 4813 3720 4897">
     <span class='ocr_line' id='line_1_105' title="bbox 2155 4813 3720 4897; baseline -0.021 0"><span class='ocrx_word' id='word_1_707' title='bbox 2155 4842 2307 4897; x_wconf 78' lang='lat' dir='ltr'><strong>s:inis</strong></span> <span class='ocrx_word' id='word_1_708' title='bbox 2337 4855 2540 4896; x_wconf 89' lang='lat' dir='ltr'><strong>nomen</strong></span> <span class='ocrx_word' id='word_1_709' title='bbox 2569 4837 2716 4891; x_wconf 88' lang='lat' dir='ltr'><strong>idem</strong></span> <span class='ocrx_word' id='word_1_710' title='bbox 2753 4843 2840 4889; x_wconf 86' lang='lat' dir='ltr'><strong>est</strong></span> <span class='ocrx_word' id='word_1_711' title='bbox 2868 4847 2992 4887; x_wconf 89' lang='lat' dir='ltr'><strong>cum</strong></span> <span class='ocrx_word' id='word_1_712' title='bbox 3051 4826 3367 4882; x_wconf 78' lang='lat' dir='ltr'><strong>Ramadane</strong></span> <span class='ocrx_word' id='word_1_713' title='bbox 3407 4837 3422 4872; x_wconf 76' lang='grc' dir='ltr'>ε</span> <span class='ocrx_word' id='word_1_714' title='bbox 3448 4819 3593 4873; x_wconf 89' lang='lat' dir='ltr'><strong>sicut</strong></span> <span class='ocrx_word' id='word_1_715' title='bbox 3623 4813 3720 4866; x_wconf 86' lang='lat' dir='ltr'><strong>0t-</strong></span> 
     </span>
    </p>
   </div>
   <div class='ocr_carea' id='block_1_105' title="bbox 2157 4920 3282 4999">
    <p class='ocr_par' dir='ltr' id='par_1_105' title="bbox 2157 4920 3282 4999">
     <span class='ocr_line' id='line_1_106' title="bbox 2157 4920 3282 4999; baseline -0.018 -10"><span class='ocrx_word' id='word_1_716' title='bbox 2157 4949 2308 4999; x_wconf 89' lang='lat' dir='ltr'><strong>man,</strong></span> <span class='ocrx_word' id='word_1_717' title='bbox 2337 4933 2424 4988; x_wconf 88' lang='lat' dir='ltr'><strong>vel</strong></span> <span class='ocrx_word' id='word_1_718' title='bbox 2449 4929 2660 4986; x_wconf 87' lang='lat' dir='ltr'><strong>Odmau</strong></span> <span class='ocrx_word' id='word_1_719' title='bbox 2695 4927 2837 4982; x_wconf 86' lang='lat' dir='ltr'><strong>idem</strong></span> <span class='ocrx_word' id='word_1_720' title='bbox 2865 4939 2988 4978; x_wconf 91' lang='lat' dir='ltr'><strong>cum</strong></span> <span class='ocrx_word' id='word_1_721' title='bbox 3021 4920 3282 4975; x_wconf 83' lang='lat' dir='ltr'><strong>Osmane.</strong></span> 
     </span>
    </p>
   </div>
   <div class='ocr_carea' id='block_1_106' title="bbox 2393 5009 3545 5081">
    <p class='ocr_par' dir='ltr' id='par_1_106' title="bbox 2393 5009 3545 5081">
     <span class='ocr_line' id='line_1_107' title="bbox 2393 5009 3545 5081; baseline -0.016 -2"><span class='ocrx_word' id='word_1_722' title='bbox 2393 5024 2516 5080; x_wconf 78' lang='grc'><strong>187.</strong></span> <span class='ocrx_word' id='word_1_723' title='bbox 2557 5021 2871 5081; x_wconf 81' lang='lat' dir='ltr'><strong>Tebrisium,</strong></span> <span class='ocrx_word' id='word_1_724' title='bbox 2902 5014 3216 5077; x_wconf 84' lang='lat' dir='ltr'><strong>Taurisium,</strong></span> <span class='ocrx_word' id='word_1_725' title='bbox 3240 5009 3545 5066; x_wconf 76' lang='lat' dir='ltr'><strong>Caravana.</strong></span> 
     </span>
    </p>
   </div>
   <div class='ocr_carea' id='block_1_107' title="bbox 2227 5102 3722 5180">
    <p class='ocr_par' dir='ltr' id='par_1_107' title="bbox 2227 5102 3722 5180">
     <span class='ocr_line' id='line_1_108' title="bbox 2227 5102 3722 5180; baseline -0.012 -6"><span class='ocrx_word' id='word_1_726' title='bbox 2227 5117 2563 5180; x_wconf 74' lang='lat' dir='ltr'><strong>Tebrisium,</strong></span> <span class='ocrx_word' id='word_1_727' title='bbox 2619 5129 2766 5169; x_wconf 86' lang='lat' dir='ltr'><strong>nunc</strong></span> <span class='ocrx_word' id='word_1_728' title='bbox 2821 5111 3042 5175; x_wconf 84' lang='lat' dir='ltr'><strong>Tauris,</strong></span> <span class='ocrx_word' id='word_1_729' title='bbox 3098 5107 3391 5162; x_wconf 88' lang='lat' dir='ltr'><strong>admodum</strong></span> <span class='ocrx_word' id='word_1_730' title='bbox 3445 5102 3533 5157; x_wconf 90' lang='lat' dir='ltr'><strong>his</strong></span> <span class='ocrx_word' id='word_1_731' title='bbox 3563 5107 3722 5156; x_wconf 80' lang='lat' dir='ltr'><strong>annis</strong></span> 
     </span>
    </p>
   </div>
   <div class='ocr_carea' id='block_1_108' title="bbox 2160 5195 3726 5284">
    <p class='ocr_par' dir='ltr' id='par_1_108' title="bbox 2160 5195 3726 5284">
     <span class='ocr_line' id='line_1_109' title="bbox 2160 5195 3726 5284; baseline -0.013 -17"><span class='ocrx_word' id='word_1_732' title='bbox 2160 5211 2426 5284; x_wconf 62' lang='lat' dir='ltr'><strong>innotuit,</strong></span> <span class='ocrx_word' id='word_1_733' title='bbox 2457 5210 2622 5264; x_wconf 88' lang='lat' dir='ltr'><strong>etiam</strong></span> <span class='ocrx_word' id='word_1_734' title='bbox 2664 5206 2845 5275; x_wconf 79' lang='lat' dir='ltr'><strong>vulgo,</strong></span> <span class='ocrx_word' id='word_1_735' title='bbox 2873 5202 3182 5256; x_wconf 81' lang='lat' dir='ltr'><strong>Turcorum</strong></span> <span class='ocrx_word' id='word_1_736' title='bbox 3209 5197 3484 5266; x_wconf 84' lang='lat' dir='ltr'><strong>stragibus</strong></span> <span class='ocrx_word' id='word_1_737' title='bbox 3515 5195 3726 5262; x_wconf 87' lang='lat' dir='ltr'><strong>aliquot</strong></span> 
     </span>
    </p>
   </div>
   <div class='ocr_carea' id='block_1_109' title="bbox 2162 5290 3750 5370">
    <p class='ocr_par' dir='ltr' id='par_1_109' title="bbox 2162 5290 3750 5370">
     <span class='ocr_line' id='line_1_110' title="bbox 2162 5290 3750 5370; baseline -0.013 -9"><span class='ocrx_word' id='word_1_738' title='bbox 2162 5307 2509 5361; x_wconf 88' lang='lat' dir='ltr'><strong>nobilitatum</strong></span> <span class='ocrx_word' id='word_1_739' title='bbox 2545 5301 2674 5356; x_wconf 89' lang='lat' dir='ltr'><strong>inde</strong></span> <span class='ocrx_word' id='word_1_740' title='bbox 2717 5314 2892 5370; x_wconf 91' lang='lat' dir='ltr'><strong>usque</strong></span> <span class='ocrx_word' id='word_1_741' title='bbox 2932 5313 2961 5351; x_wconf 88' lang='lat' dir='ltr'><strong>a</strong></span> <span class='ocrx_word' id='word_1_742' title='bbox 3002 5293 3208 5352; x_wconf 87' lang='lat' dir='ltr'><strong>sultani</strong></span> <span class='ocrx_word' id='word_1_743' title='bbox 3262 5290 3598 5348; x_wconf 83' lang='lat' dir='ltr'><strong>Soleimanis</strong></span> <span class='ocrx_word' id='word_1_744' title='bbox 3641 5301 3750 5341; x_wconf 85' lang='lat' dir='ltr'><strong>se--</strong></span> 
     </span>
    </p>
   </div>
   <div class='ocr_carea' id='block_1_110' title="bbox 2163 5383 3725 5464">
    <p class='ocr_par' dir='ltr' id='par_1_110' title="bbox 2163 5383 3725 5464">
     <span class='ocr_line' id='line_1_111' title="bbox 2163 5383 3725 5464; baseline -0.017 -9"><span class='ocrx_word' id='word_1_745' title='bbox 2163 5398 2328 5455; x_wconf 90' lang='lat' dir='ltr'><strong>cundi</strong></span> <span class='ocrx_word' id='word_1_746' title='bbox 2363 5394 2723 5464; x_wconf 90' lang='lat' dir='ltr'><strong>temporibus.</strong></span> <span class='ocrx_word' id='word_1_747' title='bbox 2775 5390 2876 5456; x_wconf 84' lang='lat' dir='ltr'><strong>Qui</strong></span> <span class='ocrx_word' id='word_1_748' title='bbox 2931 5389 3208 5442; x_wconf 82' lang='lat' dir='ltr'><strong>Ecbatana</strong></span> <span class='ocrx_word' id='word_1_749' title='bbox 3267 5383 3452 5438; x_wconf 69' lang='lat' dir='ltr'><strong>Media:</strong></span> <span class='ocrx_word' id='word_1_750' title='bbox 3504 5386 3725 5441; x_wconf 88' lang='lat' dir='ltr'><strong>vocant,</strong></span> 
     </span>
    </p>
   </div>
   <div class='ocr_carea' id='block_1_111' title="bbox 2165 5474 3726 5557">
    <p class='ocr_par' dir='ltr' id='par_1_111' title="bbox 2165 5474 3726 5557">
     <span class='ocr_line' id='line_1_112' title="bbox 2165 5474 3726 5557; baseline -0.017 -10"><span class='ocrx_word' id='word_1_751' title='bbox 2165 5505 2354 5548; x_wconf 89' lang='lat' dir='ltr'><strong>errare</strong></span> <span class='ocrx_word' id='word_1_752' title='bbox 2419 5497 2573 5557; x_wconf 89' lang='lat' dir='ltr'><strong>puto,</strong></span> <span class='ocrx_word' id='word_1_753' title='bbox 2617 5500 2738 5539; x_wconf 88' lang='lat' dir='ltr'><strong>cum</strong></span> <span class='ocrx_word' id='word_1_754' title='bbox 2781 5481 3054 5537; x_wconf 81' lang='lat' dir='ltr'><strong>Cedrinus</strong></span> <span class='ocrx_word' id='word_1_755' title='bbox 3111 5492 3232 5533; x_wconf 86' lang='lat' dir='ltr'><strong>eam</strong></span> <span class='ocrx_word' id='word_1_756' title='bbox 3267 5474 3591 5529; x_wconf 75' lang='lat' dir='ltr'><strong>Tanrczium</strong></span> <span class='ocrx_word' id='word_1_757' title='bbox 3626 5485 3726 5539; x_wconf 88' lang='lat' dir='ltr'><strong>ap-</strong></span> 
     </span>
    </p>
   </div>
   <div class='ocr_carea' id='block_1_112' title="bbox 2167 5563 3728 5654">
    <p class='ocr_par' dir='ltr' id='par_1_112' title="bbox 2167 5563 3728 5654">
     <span class='ocr_line' id='line_1_113' title="bbox 2167 5563 3728 5654; baseline -0.013 -17"><span class='ocrx_word' id='word_1_758' title='bbox 2167 5583 2401 5654; x_wconf 82' lang='lat' dir='ltr'><strong>pellans,</strong></span> <span class='ocrx_word' id='word_1_759' title='bbox 2432 5577 2486 5633; x_wconf 85' lang='lat' dir='ltr'><strong>in</strong></span> <span class='ocrx_word' id='word_1_760' title='bbox 2513 5575 2892 5632; x_wconf 77' lang='lat' dir='ltr'><strong>Persarmenia</strong></span> <span class='ocrx_word' id='word_1_761' title='bbox 2923 5573 3179 5634; x_wconf 81' lang='lat' dir='ltr'><strong>collucet,</strong></span> <span class='ocrx_word' id='word_1_762' title='bbox 3234 5583 3398 5638; x_wconf 88' lang='lat' dir='ltr'><strong>quam</strong></span> <span class='ocrx_word' id='word_1_763' title='bbox 3457 5563 3728 5630; x_wconf 85' lang='lat' dir='ltr'><strong>hodieque</strong></span> 
     </span>
    </p>
   </div>
   <div class='ocr_carea' id='block_1_113' title="bbox 2167 5656 3728 5744">
    <p class='ocr_par' dir='ltr' id='par_1_113' title="bbox 2167 5656 3728 5744">
     <span class='ocr_line' id='line_1_114' title="bbox 2167 5656 3728 5744; baseline -0.013 -14"><span class='ocrx_word' id='word_1_764' title='bbox 2167 5675 2430 5744; x_wconf 74' lang='lat' dir='ltr'><strong>majorem</strong></span> <span class='ocrx_word' id='word_1_765' title='bbox 2474 5671 2666 5726; x_wconf 89' lang='lat' dir='ltr'><strong>dicunt</strong></span> <span class='ocrx_word' id='word_1_766' title='bbox 2718 5668 3056 5722; x_wconf 84' lang='lat' dir='ltr'><strong>Armeniam.</strong></span> <span class='ocrx_word' id='word_1_767' title='bbox 3108 5662 3165 5718; x_wconf 86' lang='lat' dir='ltr'><strong>In</strong></span> <span class='ocrx_word' id='word_1_768' title='bbox 3209 5663 3377 5732; x_wconf 85' lang='lat' dir='ltr'><strong>hujus</strong></span> <span class='ocrx_word' id='word_1_769' title='bbox 3417 5656 3728 5714; x_wconf 88' lang='lat' dir='ltr'><strong>meditullio</strong></span> 
     </span>
    </p>
   </div>
   <div class='ocr_carea' id='block_1_114' title="bbox 2169 5750 3728 5829">
    <p class='ocr_par' dir='ltr' id='par_1_114' title="bbox 2169 5750 3728 5829">
     <span class='ocr_line' id='line_1_115' title="bbox 2169 5750 3728 5829; baseline -0.014 -7"><span class='ocrx_word' id='word_1_770' title='bbox 2169 5766 2474 5824; x_wconf 56' lang='lat' dir='ltr'><strong>Tebrisium</strong></span> <span class='ocrx_word' id='word_1_771' title='bbox 2510 5772 2652 5818; x_wconf 84' lang='lat' dir='ltr'><strong>recte</strong></span> <span class='ocrx_word' id='word_1_772' title='bbox 2677 5759 2868 5817; x_wconf 80' lang='lat' dir='ltr'><strong>Jovius</strong></span> <span class='ocrx_word' id='word_1_773' title='bbox 2899 5758 3076 5829; x_wconf 92' lang='lat' dir='ltr'><strong>ponit,</strong></span> <span class='ocrx_word' id='word_1_774' title='bbox 3108 5765 3168 5810; x_wconf 89' lang='lat' dir='ltr'><strong>ut</strong></span> <span class='ocrx_word' id='word_1_775' title='bbox 3218 5755 3358 5810; x_wconf 85' lang='lat' dir='ltr'><strong>male</strong></span> <span class='ocrx_word' id='word_1_776' title='bbox 3390 5750 3728 5807; x_wconf 73' lang='lat' dir='ltr'><strong>Clialcocou-</strong></span> 
     </span>
    </p>
   </div>
  </div>
