4228 6298
620 289 726 352 8'11

618 411 772 480 dyles
809 413 998 472 urbem
1054 416 1186 476 fecit
1225 421 1578 499 Assyriorum
1614 451 1626 488 :

616 503 918 573 Tabrczcu,
971 519 1027 568 ut
1082 513 1448 579 Cedrinianus
1537 503 1889 596 Tabresium.
1942 503 2192 610 scripsit:

611 593 753 648 .Iovii
795 605 1127 661 sententiam
1189 609 1304 666 haec
1361 615 1600 686 Aythoai
1651 624 1813 680 verba
1835 629 2190 690 confirmant.

609 684 668 740 lu
713 688 970 746 Armenia
1007 698 1216 764 majore
1256 704 1454 763 civitas
1498 707 1740 769 Taurisii
1780 715 2050 776 famosior
2078 737 2190 792 est,

605 789 661 831 et
691 779 818 849 plus
848 785 972 840 aliis
1011 791 1298 855 epulenta.
1363 795 1502 858 Vide
1535 807 1785 872 quedam
1848 811 1954 866 alia
1985 813 2054 869 de
2086 779 2189 872 hac

607 869 778 934 infra,
813 876 993 946 capite
1023 879 1130 936 2οι
1163 894 1373 942 notata.
1415 869 1715 953 Cara‘vanze
1749 898 1948 960 Turcis
1972 915 2031 962 et
2065 869 2188 968 aliis

606 965 982 1027 orientalibus
1010 977 1228 1045 populis
1276 992 1409 1038 sunt
1463 986 1750 1046 hominum
1790 999 2012 1062 agmina
2048 965 2188 1060 non;

605 1070 893 1126 nunquam
950 1070 1210 1135 maxime,
1266 1087 1492 1149 propter
1523 1080 1785 1142 itinerum
1861 1089 2185 1154 discrimina

603 1163 664 1202 se
709 1154 1185 1227 conjungentium.
1247 1165 1442 1239 Neque
1497 1184 1707 1230 tantum
1749 1181 1855 1237 hoc
1887 1184 2004 1241 ﬁeri
2047 1191 2187 1247 solet

603 1241 672 1295 ab
706 1242 774 1297 iis
800 1247 892 1317 qui
925 1253 1195 1310 mercium
1234 1263 1313 1314 vel
1360 1263 1845 1331 distraln-udarum
1878 1294 2068 1347 causa,
2095 1287 2179 1341 vel

600 1345 1125 1416 comparandarum,
1155 1352 1264 1407 alio
1289 1357 1754 1434 proficiscuntur;
1798 1387 1982 1428 verum
2009 1379 2174 1436 etiam

601 1429 671 1484 ab
707 1431 836 1500 illis,
868 1438 960 1507 qui
983 1456 1078 1508 per
1096 1445 1427 1507 solitudines
1449 1455 1721 1526 Arabum,
1743 1429 1812 1517 ad
1844 1429 2170 1527 visitandam
2203 1499 2217 1510 -

598 1522 708 1576 voti
760 1526 842 1580 vel
887 1531 1166 1602 religionis
1208 1554 1338 1610 ergo
1390 1543 1674 1605 Meceham
1729 1564 2175 1628 peregrinantur.

595 1612 934 1678 Excrescunt
965 1625 1076 1682 hinc
1109 1634 1347 1703 agmina,
1376 1654 1488 1708 pra:
1509 1646 1888 1715 magnitudine
1922 1656 2173 1726 periculi,

597 1722 993 1784 nonnunquam
1046 1721 1114 1776 ad
1204 1726 1394 1796 viginti
1467 1735 1551 1789 vel
1601 1740 1826 1809 triginta
1887 1721 2170 1804 hominum

595 1802 788 1872 millia;
813 1807 997 1877 justus
1044 1827 1102 1871 ut
1135 1824 1414 1880 exercitus
1449 1841 1596 1891 esse.
1635 1837 1939 1902 praesertim
1977 1840 2050 1894 ob
2082 1857 2177 1897 ca-
2211 1820 2254 1877 Β

592 1897 864 1956 inelorutn
905 1908 1344 1984 multitudinem,
1379 1927 1437 1973 et
1483 1922 1722 1980 aliorum
1764 1929 2175 2004 jumentorum,

590 1999 713 2052 quae
773 1999 1046 2063 sagmaria
1096 2007 1546 2081 sagmatariaque
1605 2016 1782 2073 Graeci
1835 2035 2056 2089 vocant,
2092 2027 2174 2082 vi—

588 2077 849 2140 deantur.

591 2193 714 2297 188;
736 2197 1032 2297 δρπήἐίυς
1054 2224 1141 2297 r'ea‘.
1171 2210 1457 2297 Pne‘rwrum
1485 2219 1694 2297 Isntqil,
1719 2244 2057 2297 cognomento
2074 2232 2170 2288 So-

658 2269 875 2349 pltt'utts.
897 2275 1170 2343 Sojrlrilur,
1198 2269 1737 2355 b'nasseritr't',"kesilv
2074 2269 2171 2360 ἷζε

653 2341 886 2406 primum
940 2341 1174 2418 tempore
1221 2367 1366 2412 secta
1407 2341 2168 2431 isopitilarioruut'etstiterit.

672 2452 827 2512 Licet
885 2461 937 2516 iu
980 2464 1275 2526 Annalium
1311 2477 1628 2546 Appendicc
1657 2496 1864 2552 nostra,
1910 2492 1979 2546 de
2000 2493 2166 2549 disci-

583 2547 690 2603 diis
737 2561 1572 2640 sectarumIlahumetanarum,
1605 2575 1912 2640 Ostnanicaa
1965 2583 2165 2658 Sophi-

583 2654 796 2710 neque,
834 2647 1154 2711 decennalis
1187 2661 1350 2716 initio
1389 2665 1542 2733 belli,
1577 2673 1724 2739 quod
1757 2674 1905 2732 inter
1941 2647 2162 2750 eos-ge-

582 2731 742 2797 ritur,
779 2741 1025 2807 quzdnm
1068 2761 1215 2814 rara,
1256 2768 1356 2811 nec
1387 2757 1456 2811 ab
1493 2759 1616 2814 aliis
1659 2775 1784 2819 ante
1815 2783 1918 2825 nos
1954 2785 2161 2829 metro-

581 2825 677 2880 riae
700 2831 915 2897 prodita
963 2841 1234 2908 complexi
1303 2863 1498 2904 sumus
1555 2857 1717 2912 :hoc
1773 2871 1954 2917 tamen
2013 2865 2156 2935 loco,

575 2936 687 2990 quo
716 2926 947 2994 primam
995 2931 1232 2992 lsmailis
1270 2939 1499 3012 Sophini
1537 2955 1875 3009 mentionem
1911 2959 2158 3018 Annales

574 3015 811 3087 faciunt,
841 3027 1036 3094 paucis
1076 3045 1139 3084 ea
1174 3038 1508 3106 consignare
1541 3041 1696 3110 libet,
1721 3062 1845 3117 quae
1879 3052 1944 3106 ad
1974 3053 2152 3124 ipsius

557 3108 811 3168 "lsmailis

574 3217 663 3259 res
686 3215 871 3275 gestas
907 3213 1261 3276 illustrandas
1300 3227 1579 3290 pertinere
1616 3233 1961 3300 putabimus.
1992 3236 2155 3296 Pater

571 3292 808 3356 Istnailis
834 3301 1061 3374 Sophini
1094 3307 1196 3365 fuit
1252 3314 1499 3383 Erdebil,
1552 3292 1715 3388 fidem
1752 3324 1941 3385 Jovius
1968 3292 2151 3390 etalii

573 3403 770 3445 vocant
809 3394 1101 3455 Ardueletn
1129 3404 1213 3459 vel
1266 3399 1635 3469 Harduc-llem.
1671 3417 1785 3474 Hoc
1830 3422 1906 3476 illi
1939 3441 2150 3492 cogno-

569 3495 695 3535 men
755 3483 968 3544 faciunt
1000 3504 1029 3544 a
1053 3491 1179 3549 loco
1213 3501 1453 3563 quodam
1493 3503 1718 3571 Pcrsim,
1755 3511 1918 3579 enjus
1969 3516 2148 3570 domi-

569 3590 674 3628 nus
701 3585 795 3631 aut
839 3581 1058 3647 regulus
1118 3584 1324 3643 fuerit:
1361 3593 1542 3662 ipsum
1587 3615 1718 3654 vero
1773 3620 1971 3661 nomen
2027 3609 2148 3678 ejus

564 3669 792 3724 tradunt
825 3670 997 3729 fuisse
1028 3674 1312 3738 'Secaider.
1363 3687 1526 3742 Aiunt
1560 3702 1822 3760 praeterea
1874 3709 2145 3756 sectatum

569 3761 733 3814 vitam
770 3766 1105 3835 religiosam,
1141 3772 1314 3829 instar
1338 3782 1690 3838 eremitarutn
1725 3789 1809 3842 vel
1836 3796 2142 3850 monacho-

563 3870 685 3909 rum
722 3868 1059 3918 nostrorum.
1117 3865 1352 3939 ideoque
1381 3871 1486 3928 Sec
1525 3877 1925 3949 interpretatur
1963 3884 2142 3958 Span-

560 3947 805 4019 duginus
838 3970 982 4010 nunc
1005 3960 1281 4028 abbatem,
1317 3983 1465 4022 nunc
1499 3947 1796 4041 plebanum
1831 3981 1945 4037 sive
1976 3999 2140 4039 cura-

562 4047 702 4106 tttm,
730 4054 785 4100 ut
820 4047 981 4119 vulgo
1035 4048 1360 4122 loquuntur,
1401 4060 1504 4115 hoc
1531 4072 1635 4130 est,
1669 4069 1979 4126 animarum
2041 4093 2139 4132 cu-

560 4151 677 4192 ram
711 4153 1017 4209 gerentem.
1047 4145 1160 4214 Ego
1186 4167 1312 4206 vero
1346 4155 1399 4208 in
1437 4157 1701 4227 Opinione
1732 4179 1850 4218 mea
1876 4167 2136 4234 persiste.

560 4246 726 4302 quam
764 4235 921 4290 initio
952 4237 1079 4295 belli
1116 4239 1321 4299 Persici
1357 4251 1618 4318 superius
1653 4253 1706 4307 in
1740 4252 2135 4324 Supplemento

559 4323 852 4380 Annalium
875 4334 1128 4398 exposui,
1161 4342 1217 4388 et
1245 4338 1411 4403 cujus
1440 4348 1725 4397 auctorem
1770 4323 1948 4403 habeo
1995 4349 2134 4406 Mat-

554 4416 725 4468 thiam
777 4420 842 4471 de
901 4419 1059 4488 Faro,
1138 4427 1449 4483 Ctesareum
1520 4434 1998 4508 Constantinopoli
2060 4446 2128 4499 ad

557 4503 778 4561 Portam
809 4507 1162 4569 Osmanicatn
1202 4515 1608 4587 Dragotnanum
1641 4526 1721 4581 vel
1760 4529 2131 4600 interpretem:
2168 4521 2211 4576 ί)

549 4599 765 4657 diversa
798 4607 1005 4662 scilicet
1042 4610 1157 4664 haec
1188 4626 1311 4668 esse
1362 4619 1586 4672 nomina
1619 4619 1967 4681 diversarum
2003 4643 2132 4697 per-

551 4711 834 4763 sonarum,
867 4717 1104 4770 quorum
1135 4722 1277 4763 unus
1305 4707 1468 4764 fuerit
1500 4710 1717 4770 Erdebil
1755 4729 1910 4788 pater
1938 4722 2131 4778 lsmai-

551 4789 640 4852 lis,
684 4790 887 4847 familia
916 4807 1079 4853 natus
1113 4799 1257 4869 apud
1296 4801 1495 4860 Persas
1528 4806 1752 4884 illustri,
1784 4814 2129 4886 ditionisque

548 4883 837 4951 cujusdam
869 4890 1114 4960 regulus:
1143 4896 1283 4948 alter
1312 4896 1546 4954 Scheich
1584 4883 1809 4968 Haidar,
1842 4925 1950 4964 non
1978 4913 2127 4978 prin-

547 4994 679 5047 ceps
711 4990 806 5034 aut
840 4983 1084 5048 regulus.
1120 4988 1213 5044 sed
1263 5006 1454 5048 revera
1510 4995 1582 5061 id,
1647 4999 1795 5068 quod
1825 5004 2123 5075 audiebat;

544 5073 804 5127 nimirum
846 5075 1136 5143 Scheiche,
1173 5083 1256 5134 vel
1291 5084 1466 5153 lman,
1497 5102 1735 5159 quorum
1781 5092 1914 5149 illud
1949 5098 2124 5152 homi-

544 5181 666 5218 nem
695 5167 1012 5238 religiosum
1043 5175 1302 5244 gentibus
1331 5181 1442 5236 iH’ts
1499 5183 1797 5252 significat,
1839 5187 1910 5244 ab
1965 5190 2124 5246 inno-

540 5259 719 5311 centia
759 5263 1240 5338 sanctimoniaque
1289 5273 1413 5327 vitm
1469 5291 1484 5329 :
1527 5277 1632 5332 hoc
1654 5293 1783 5335 vero
1813 5283 2116 5341 doctorem.

537 5347 754 5404 Etenim
786 5368 849 5408 ex
878 5358 1138 5424 Opinione
1161 5363 1286 5417 vita:
1312 5367 1577 5436 religiose
1623 5386 1687 5427 ac
1719 5372 1932 5431 duriter
1959 5387 2114 5443 actzc,

541 5457 878 5501 consecutus
910 5453 1112 5518 aliquid
1147 5457 1288 5525 apud
1335 5462 1554 5530 vulgum
1591 5466 1977 5534 auctoritatis;
2017 5476 2116 5526 tri-

540 5534 646 5591 ltus
667 5536 993 5600 Mahumetis
1021 5550 1296 5617 propheta:
1319 5555 1514 5618 sociis,
1540 5556 1868 5628 Ebubckire,
1891 5563 2112 5630 timere,

538 5629 891 5702 Ostnaneque
944 5641 1182 5710 tejectis,
1247 5642 1390 5699 Alim
1414 5657 1675 5716 quartum
1714 5655 1993 5724 prophetae
2026 5673 2113 5712 so-

537 5724 708 5786 cium,
749 5727 1109 5800 ejusdemque
1142 5742 1614 5807 consanguineum
1641 5754 1698 5798 ct
1727 5762 1990 5816 generum
2029 5767 2111 5816 se-

535 5821 817 5887 quendum
854 5826 905 5882 in
932 5831 1190 5887 omnbus
1224 5833 1553 5904 afﬁrmabat,
1587 5837 1632 5891 si
1657 5837 1791 5894 salvi
1827 5858 1949 5897 esse
2001 5846 2108 5900 vei-

1827 323 1958 389 )οΛ
1974 324 2156 390 bile
2185 332 2655 404 LEUN'CLAVII

1685 435 1852 508 cujus
1917 445 2194 516 interpres
2222 451 2270 513 Α
2297 451 2435 509 ient.
2479 453 2722 515 Docebat
2754 472 2940 519 autem
2974 465 3114 530 inec,
3157 477 3210 523 et
3241 472 3371 536 alia,
3415 477 3654 543 quodam
3719 483 3774 536 in
3802 496 3911 552 op-

859 3119 1157 3187 originem,
1191 3129 1535 3202 principatus
1574 3137 1753 3204 initia,
1799 3119 2148 3214 progressus,
2174 3162 2222 3227 c
2254 3159 2365 3214 tior
2419 3175 2585 3219 esset.

3801 367 3910 430 860

2319 543 2451 610 pido
2482 546 2804 616 Pchnrum,
2837 555 2923 609 cui
2968 573 3168 613 nomen
3218 561 3383 620 Πρω.
3435 565 3598 623 Fama
3635 572 3763 626 novi
3806 574 3909 625 do-

2312 641 2506 708 ctoris,
2550 661 2814 716 novaeque
2866 652 3194 720 disciplinae,
3233 659 3392 730 longe
3452 665 3668 735 lateque
3703 672 3903 737 didita,

2309 734 2578 792 caulluxit
2629 743 2696 796 ad
2762 743 3091 804 Schciehem
3141 754 3221 807 vel
3285 752 3550 813 lmamum
3603 763 3900 822 llaidarem

2316 825 2510 897 ingens
2561 850 2590 886 e
2646 833 2833 890 Persia
2891 841 3201 915 vicinisque
3238 849 3554 916 regionibus
3609 856 3894 914 hominum

2305 922 2622 978 multitudo.
2656 927 2878 985 Primus
2910 943 3092 989 autem
3131 956 3194 992 ex
3225 946 3574 1013 magnatibus
3606 958 3660 1002 et
3686 954 3892 1022 regulis

2302 1009 2520 1069 Erdebil
2580 1035 2686 1074 non
2737 1022 2875 1078 hanc
2917 1025 3189 1087 duntaxat
3244 1009 3502 1090 llaidaris
3558 1045 3890 1097 sententiam

2301 1105 2723 1182 dootrinamque
2759 1120 3035 1186 probavit,
3089 1139 3279 1179 verum
3309 1130 3475 1184 etiam
3503 1147 3568 1186 ex
3615 1134 3731 1204 ejus
3756 1152 3896 1204 prir-

2296 1198 2502 1267 scripto
2520 1217 2580 1255 se
2608 1220 2830 1274 gerens,
2861 1214 3233 1278 patrocinium
3259 1234 3442 1276 causa:
3487 1229 3756 1297 suscepit,
3791 1243 3892 1282 ea-

2298 1308 2406 1360 que
2437 1293 2597 1366 471
2638 1314 2693 1352 re
2733 1301 3108 1362 multitudinis
3145 1310 3362 1368 animos
3397 1315 3502 1371 sibi
3535 1293 3764 1375 iniri—tice
3795 1322 3893 1376 de-

2295 1385 2491 1442 vinxit.
2528 1388 2602 1444 lta
2645 1393 2904 1449 nimirum
2960 1398 3096 1456 alias
3129 1417 3348 1474 quoque
3383 1419 3596 1464 constat
3631 1411 3890 1469 homines

2291 1478 2628 1550 ingeniosos,
2654 1502 2806 1541 novae
2836 1490 3120 1562 religionis
3141 1513 3269 1554 usos
3301 1510 3586 1570 praetextu,
3612 1503 3884 1574 insignem

2291 1571 2358 1626 ad
2394 1581 2690 1644 potentiam
2727 1586 3071 1652 pervenisse.
3106 1586 3416 1662 'l'antopere
3451 1596 3669 1666 quidem
3711 1571 3888 1654 [ξι-(Ιο-

2288 1665 2386 1735 bii,
2410 1677 2706 1744 creteroqui
2739 1694 2847 1732 non
2885 1681 3065 1750 magni
3101 1686 3340 1743 nominis
3369 1691 3877 1759 opumveregulus,

2288 1761 2394 1818 hac
2432 1767 2556 1820 novi
2607 1769 2884 1842 dogmatis
2929 1776 3271 1842 professione
3293 1781 3509 1838 crevit:
3547 1794 3603 1837 ut
3629 1785 3677 1837 ei
3709 1782 3877 1840 filiam

2285 1869 2442 1909 suam
2483 1874 2574 1912 rex
2617 1860 2910 1919 Persarum
2945 1866 3252 1936 Chasanes,
3285 1889 3449 1944 quem
3484 1890 3515 1930 a
3544 1876 3881 1945 proceritate

2282 1959 2511 2005 staturae
2552 1956 2894 2013 nominatum
2950 1958 3102 2019 Usun
3159 1965 3381 2024 Chasan
3419 1972 3678 2040 superius
3727 1972 3878 2033 indi-

2281 2045 2556 2107 cavimus,
2595 2053 2955 2111 matrimonio
3006 2056 3253 2126 legitimo
3297 2065 3579 2135 copularet
3605 2106 3619 2119 .
3655 2065 3870 2140 Quippe

2281 2133 2445 2189 tiliam
2475 2136 2742 2196 Martltam
2762 2160 2826 2200 ex
2851 2145 3173 2207 Eraterina
3199 2133 3502 2212 Contn‘enia
3525 2166 3869 2229 susceperat.

2279 2245 2444 2296 quam
2469 2230 2642 2288 Cernit
2663 2237 2730 2290 de
2765 2237 2915 2294 Cami
2948 2239 3120 2301 fuisse
3147 2245 3375 2313 dictam,
3413 2264 3521 2304 non
3555 2259 3702 2307 recte
3730 2254 3873 2307 seri-

2276 2330 2427 2390 ptum
2460 2329 2603 2392 apud
2635 2328 3060 2405 Spandugiuum
3097 2337 3322 2409 legitur.
3355 2341 3568 2398 Etenim
3604 2348 3868 2416 gentibus

2276 2413 2341 2468 iis
2367 2415 2572 2472 Carum
2611 2421 2680 2477 de
2721 2422 2978 2482 Comnini
3033 2432 3335 2489 vocabatur
3365 2479 3380 2503 ,
3414 2437 3601 2507 priore
3633 2444 3864 2500 nomine

2269 2519 2533 2579 corrupto
2590 2513 2656 2570 de
2710 2517 2904 2576 Grarco
2946 2521 3291 2594 Ecaterine,
3316 2530 3493 2588 altero
3526 2549 3659 2590 vero
3695 2535 3856 2593 fami-

2268 2599 2374 2654 lize.
2431 2602 2570 2661 Nam
2624 2607 2984 2681 Calojoannis
3044 2616 3338 2686 Comneni.
3376 2626 3664 2695 penultimi
3719 2628 3856 2684 Tra-

2266 2697 2648 2760 pezuutlorum
2684 2703 3056 2777 imperatoris,
3102 2721 3223 2769 erat
3267 2716 3380 2772 illia
3409 2761 3424 2786 ,
3475 2734 3642 2790 quam
3682 2720 3853 2778 Calo-

2259 2787 2468 2858 joanne
2502 2808 2742 2866 mortuo,
2777 2801 2947 2858 frater
2992 2803 3351 2876 Calojoannis
3387 2811 3586 2878 David,
3619 2816 3851 2874 ultimus

2264 2883 2562 2951 imperator
2597 2886 3021 2960 Trapezuntius,
3068 2896 3473 2959 Usumchasani
3518 2904 3668 2963 dedit
3701 2925 3846 2964 uxo-

2257 2987 2400 3040 rem,
2440 2985 2499 3032 ut
2526 2979 2649 3048 ejus
2701 2987 2958 3052 praesidio
2997 3000 3193 3047 contra
3241 2994 3475 3051 nimium
3527 2999 3739 3056 vicinas
3789 3011 3849 3058 et

2259 3065 2492 3126 infestas
2521 3073 2626 3127 sibi
2679 3076 2822 3132 vires
2894 3083 3099 3137 sultani
3144 3083 3510 3145 Muchemetis
3555 3093 3719 3165 paulo
3753 3105 3842 3149 tu-

2656 3167 2734 3221 Ex
2795 3170 2898 3227 huc
2954 3175 3385 3237 Usumchasanis
3443 3183 3552 3239 tilia
3625 3187 3841 3244 ﬂartha

2261 3261 2428 3306 natus
2466 3255 2568 3308 fuit
2599 3256 2843 3316 Erdebili
2881 3264 3027 3321 [ilius
3066 3267 3271 3339 lsmail,
3304 3274 3371 3329 de
3402 3290 3514 3346 quo
3543 3293 3689 3335 nunc
3721 3280 3844 3350 agi-

2257 3357 2401 3400 mus.
2429 3345 2622 3404 llalmit
2657 3351 2709 3405 in
2742 3369 2908 3421 regno
2933 3374 3314 3420 sucecssorem
3352 3380 3606 3425 mortuus
3634 3369 3840 3426 Usum-

2254 3437 2523 3497 chasanes
2577 3441 2839 3518 Jacupent
2879 3450 3051 3508 lilium
3083 3498 3093 3518 ,
3128 3459 3221 3528 qui
3259 3461 3422 3533 vulgo
3457 3466 3526 3516 ab
3556 3465 3841 3523 historicis

2250 3527 2527 3602 Jacobbeg
2553 3576 2568 3596 .
2603 3537 2674 3590 ab
2704 3541 3010 3599 Annalibus
3062 3549 3218 3604 hisee
3257 3527 3440 3609 sultan
3471 3554 3644 3630 Jacup
3683 3561 3840 3618 dein-

2252 3639 2383 3694 ceps
2433 3627 2489 3680 in
2546 3629 2668 3685 Vita
2731 3634 2936 3690 sultani
2996 3639 3330 3702 Soleimanis
3385 3649 3725 3708 nominatur.
3783 3656 3838 3713 ls

2252 3727 2619 3786 protectorem
2644 3739 2799 3780 novze
2823 3741 2987 3787 sectae
3008 3738 3279 3791 sororium
3310 3754 3473 3796 suum
3493 3741 3832 3818 Erdebilem,

2250 3809 2483 3866 mirilice
2518 3813 2629 3869 sibi
2660 3829 3005 3892 suspectum,
3041 3828 3189 3897 quod
3219 3843 3507 3890 vereretur
3541 3853 3610 3901 ne
3644 3843 3832 3918 regius

2246 3901 2448 3970 amnis,
2480 3914 2536 3961 et
2577 3914 2745 3969 tanta:
2789 3915 3168 3982 multitudinis
3199 3921 3499 3985 devotione
3526 3901 3733 4001 fretus:
3752 3936 3833 3992 si-

2242 3993 2293 4051 bi
2346 4009 2576 4068 regnum
2618 4003 2882 4076 eriperet,
2927 4008 3163 4070 iuteriici
3199 4020 3441 4076 curavit.
3480 4021 3669 4082 Evasit
3699 4042 3830 4090 cru-

2242 4086 2381 4142 delis
2416 4095 2677 4151 avunculi
2707 4113 2908 4159 manus
2937 4102 3129 4163 lsmail
3154 4110 3451 4170 admodum
3477 4115 3823 4188 adolescens,

2239 4183 2547 4242 octodecim
2587 4187 2669 4258 (ut
2707 4192 2962 4267 plerique
3005 4201 3251 4271 tradunt)
3280 4205 3331 4259 id
3359 4213 3628 4278 temporis
3661 4225 3823 4272 natus

2244 4291 2440 4343 annos,
2479 4295 2670 4352 seque,
2709 4285 2926 4350 Martha
2982 4303 3157 4354 matre
3199 4300 3434 4367 cernite,
3467 4308 3702 4365 contulit
3752 4313 3820 4367 nd

2236 4370 2475 4426 amicum
2531 4385 2825 4445 paternum
2881 4381 3186 4454 Pircalem,
3220 4397 3470 4464 regulum
3501 4399 3732 4459 ditionis
3764 4417 3821 4460 et

2237 4464 2589 4524 castellorum
2640 4475 3019 4540 quorumdam
3049 4480 3116 4536 ad
3152 4498 3304 4544 mare
3355 4486 3641 4564 Caspium,
3672 4513 3821 4566 nunc

2235 4550 2470 4608 Culzurn
2518 4553 2710 4614 Denisi
2767 4557 2994 4628 Turcis,
3048 4567 3227 4628 Beber
3272 4550 3505 4633 Culznm

2235 4644 2593 4718 appellatum,
2647 4667 2755 4724 quo
2805 4655 3060 4715 clausum
3099 4678 3254 4720 mare
3287 4666 3658 4738 significatur.
3683 4675 3817 4732 Istic

2232 4738 2502 4798 educatus
2549 4744 2736 4802 lsmail
2773 4762 2838 4803 ex
2887 4756 3213 4826 praescripto
3242 4760 3524 4833 religionis
3547 4775 3811 4835 patorum,

2230 4830 2451 4887 tandem
2500 4839 2772 4897 exstincto
2829 4858 2924 4912 per
2965 4861 3243 4907 venenum
3293 4869 3322 4906 a
3353 4830 3590 4928 conjuge
3623 4860 3811 4918 datum

2230 4920 2448 4979 sultano
2489 4924 2696 5000 Jacupe
2746 4939 3060 5007 avunculo,
3092 4943 3320 5000 domum
3361 4949 3590 5018 reverti,
3622 4967 3814 5023 pater-

2229 5029 2418 5088 uzeque
2444 5018 2668 5079 ditionis
2701 5026 3106 5104 hereditatem,
3125 5051 3252 5094 cum
3276 5041 3498 5110 oppidis
3512 5056 3568 5099 et
3587 5018 3810 5116 praediis

2228 5119 2492 5166 materne
2545 5114 2694 5173 dotis
2739 5123 2963 5179 nomine
3011 5126 3116 5183 sibi
3153 5129 3376 5211 deditis,
3408 5136 3561 5193 adire
3588 5114 3806 5202 statuit.

2228 5197 2483 5259 Dominio
2522 5217 2773 5278 paterno
2827 5217 3056 5285 potitus,
3111 5239 3233 5278 mox
3294 5197 3527 5288 ulterius
3572 5247 3806 5305 progre-

2223 5291 2415 5350 ditur:
2448 5307 2504 5354 et
2536 5308 2801 5363 trecentis
2838 5316 3223 5372 tantummodo
3245 5321 3479 5390 stipatus
3505 5324 3798 5393 militibus.

2222 5383 2534 5446 Somakiam
2579 5411 2720 5464 pene
2756 5403 3143 5476 prodigiosum
3181 5411 3238 5464 in
3281 5383 3502 5469 modum
3541 5383 3794 5491 occupat:

2224 5474 2297 5530 Ea
2326 5479 2524 5538 civitas
2576 5496 2661 5543 est
2718 5474 3133 5568 “ediquuam
3181 5509 3345 5561 modo
3375 5505 3668 5566 Sirvanum
3703 5530 3799 5566 vo-

2217 5581 2347 5624 cant
2372 5610 2387 5633 ,
2427 5590 2489 5631 ac
2522 5595 2715 5638 versus
2746 5584 3019 5646 Armeniae
3049 5595 3278 5663 majoris
3302 5597 3439 5656 fines
3471 5618 3593 5658 sese
3617 5608 3798 5674 porri-

2217 5670 2320 5738 git,
2348 5680 2400 5721 et
2435 5670 2674 5729 l.aonico
2705 5674 3021 5747 Samaehia,
3053 5683 3407 5758 Spandngino
3441 5670 3789 5758 Sumachies,

2214 5764 2521 5832 appeliatur
2553 5784 2562 5817 :
2599 5770 2733 5822 tanti
2767 5771 2987 5840 quidem
3049 5781 3334 5846 momenti,
3364 5791 3423 5837 ttt
3454 5801 3601 5839 anno
3631 5789 3789 5843 (λυτη-

2213 5858 2396 5910 stiauo
2458 5856 2588 5912 l583
2631 5860 2687 5914 ei
2727 5875 2897 5934 capta:
2966 5865 3352 5947 beglerbegum
3394 5874 3593 5934 Osman
3624 5881 3783 5935 basss
