4228 6298
549 317 650 381 861

1694 315 2104 378 PANDECTE
2161 315 2378 378 HIST.
2445 315 2760 378 TUBCIC.

3707 302 3823 368 8G2

550 433 883 505 praefixi-rit.
941 435 1078 488 iliuc
1127 433 1304 502 cepiis
1371 447 1481 488 non
1539 448 1735 502 parum
1804 431 2054 487 adauetis
2086 437 2142 482 et
2172 431 2218 491 Î”
2249 450 2417 502 supra
2455 442 2709 488 notatum
2749 432 2929 499 capite
2971 428 3027 482 2.
3060 428 3306 484 Scaclius
3331 426 3499 497 igitur
3530 422 3710 480 lsmail
3750 423 3822 477 ab

549 531 860 589 instructis,
889 526 1500 589 Tebrisium,extimam
1557 526 1847 582 Persarum
1902 525 2136 591 regiam,

549 636 674 675 sese
717 618 967 685 confert,
996 633 1255 686 eamque,
1277 631 1537 684 superato
1574 634 1697 688 rege
1735 620 1996 679 Alvante,
2028 617 2142 670 sul-

553 715 670 770 teui
714 712 941 784 Jacupis
980 713 1093 769 filio
1116 724 1168 766 ct
1196 714 1758 778 suceessore,victor
1801 713 1854 764 in
1905 719 2141 780 potesta-

551 814 661 862 tem
692 807 910 877 redigit.
947 805 1152 859 lterum
1184 820 1310 859 cum
1348 805 1580 858 Alvante
1611 819 1970 873 congressus,
2029 817 2134 853 non

553 901 715 955 modo
744 899 996 977 superior
1031 897 1257 962 evadit,
1317 913 1507 950 verum
1547 898 1717 951 etiam
1758 898 1959 963 ipsimi,
2011 910 2135 948 cum

551 995 829 1050 exercitus
890 992 1081 1058 majori
1124 1002 1318 1060 parte,
1378 992 1637 1045 trucidat.
1692 990 1822 1044 Inde
1873 990 2136 1041 illul-atem

551 1081 824 1146 Chanetn,
856 1080 1058 1152 (Horat
1087 1080 1264 1144 Chan,
1299 1093 1353 1136 et
1392 1080 1570 1138 Horat
1598 1081 1861 1148 beg,aliis
1886 1082 2139 1135 nomina-

553 1183 684 1240 tur,
739 1177 1052 1246 Augustino
1096 1175 1326 1230 Curioni
1373 1187 1565 1227 nostro
1623 1172 1930 1244 Maraberg,
1991 1174 2136 1242 quod

553 1269 771 1339 longius
804 1267 872 1323 ab
899 1267 1112 1337 origine
1140 1267 1369 1337 recedit)
1420 1267 1670 1323 Aluautis
1701 1267 1871 1320 occisi
1912 1265 2134 1320 fratrem

553 1373 880 1433 persecutus
903 1401 920 1426 ,
955 1363 1071 1431 pari
1105 1361 1474 1429 prosperitate
1507 1369 1752 1428 superat.
1775 1359 1828 1414 is
1860 1359 2043 1415 victus
2068 1358 2136 1420 ab

555 1457 796 1521 lsniailc,
831 1456 1152 1526 Bagadatiin
1188 1469 1382 1510 versus
1415 1453 1652 1522 aufugit,
1674 1453 1996 1506 liotliernam
2028 1450 2135 1505 sci-

557 1554 685 1605 licet
718 1549 1077 1625 Babylonem,
1128 1557 1355 1616 propter
1385 1546 1578 1602 ruinas
1609 1547 1806 1616 prisca:
1839 1542 2136 1614 Babylonis

551 1646 737 1704 sitam.
773 1640 964 1697 Victor
999 1641 1191 1696 urbem
1238 1639 1464 1705 Seiras,
1502 1652 1787 1691 armorum
1824 1637 2008 1691 omnis
2039 1651 2136 1706 ge-

553 1738 706 1795 neris
730 1734 1025 1797 ollicinam,
1086 1746 1117 1787 a
1175 1731 1431 1788 Tebrisio
1475 1731 1668 1799 viginti
1692 1729 1906 1786 dierum
1938 1729 2135 1784 itinere

553 1830 854 1884 distantem
878 1867 893 1892 ,
920 1840 1046 1882 cum
1082 1823 1405 1878 victricibus
1437 1822 1614 1893 cupiis
1653 1823 1767 1876 adit
1790 1830 1844 1876 et
1872 1829 2131 1891 Occupat.

557 1921 633 1976 lbi
671 1923 889 1976 demum
958 1918 1250 1988 insigniter
1311 1932 1472 1972 suum
1537 1919 1770 1969 armavit
1801 1916 2131 1974 exercitum,

555 2016 745 2070 Postea
779 2013 1057 2084 negotium
1079 2013 1126 2066 ci
1154 2012 1254 2065 fuit
1297 2026 1423 2066 cum
1470 2009 1571 2065 Ulu
1593 2011 1780 2065 Chane
1805 2009 2132 2064 Tatarornm

555 2109 813 2175 Sicbeco,
851 2122 1015 2177 quem
1060 2107 1395 2161 instructum
1455 2103 1702 2158 exercitu
1756 2112 2132 2156 trecentorum

554 2201 785 2257 millium
835 2201 1084 2269 equitum
1109 2239 1124 2262 ,
1161 2197 1383 2271 aggredi
1419 2195 1609 2266 pra-lio
1648 2211 1754 2250 non
1806 2193 2082 2248 dubitavit
2114 2211 2130 2250 :

553 2312 664 2368 quo
717 2297 986 2367 singulari
1054 2295 1260 2349 virtute
1317 2294 1652 2360 fortunaque
1702 2291 1880 2346 \i=-lor
1933 2291 2130 2352 evasit,

553 2390 710 2447 hoste.
745 2403 911 2452 caeso,
943 2387 1024 2441 vel
1061 2389 1114 2440 in
1149 2388 1307 2440 turba
1343 2385 1508 2453 (quod
1542 2384 1632 2438 alii
1657 2383 1921 2452 tradunt)
1953 2397 1978 2434 a
2014 2384 2133 2435 suis

551 2497 840 2553 oppresso,
908 2480 1312 2549 sull'ocatoquet
1383 2476 1625 2533 Tandem
1663 2476 1730 2530 ad
1776 2485 1853 2529 tot
1888 2474 2131 2530 illustres

550 2577 618 2632 de
651 2576 901 2648 pluribus
931 2585 1121 2647 partas
1149 2571 1431 2634 victorias,
1495 2569 1543 2626 is
1605 2566 1885 2625 felicitatis
1917 2568 2132 2625 eximia:

548 2669 810 2727 cumulus
861 2666 1114 2731 accessit,
1165 2675 1226 2721 ut
1277 2664 1545 2718 moriente
1584 2663 1637 2716 in
1685 2661 1879 2716 exsilio
1921 2659 2131 2715 Murate

549 2761 764 2828 Ghanc,
795 2761 1022 2831 Jacupis
1055 2761 1188 2824 tilio,
1216 2769 1270 2814 et
1308 2759 1502 2814 ultimo
1544 2756 1784 2821 haerede,
1822 2771 1934 2809 non
1964 2752 2130 2808 modo

550 2854 760 2911 Persici
795 2855 946 2925 regni
979 2853 1373 2923 possessione,
1404 2851 1632 2906 sublatis
1665 2850 1900 2915 minutis,
1944 2851 2129 2920 quieta

549 2950 846 3022 potiretur,
881 2963 1075 3005 verum
1117 2947 1283 3006 etiam
1317 2946 1536 3000 vicinos
1569 2947 1837 3013 quosdam
1872 2944 2125 3014 populos,

547 3059 613 3100 se
646 3041 949 3113 praesertim
975 3039 1366 3110 Bagadatinos.
1387 3040 1439 3091 in
1466 3038 1800 3092 deditionem
1823 3037 2120 3107 acciperet.

2245 529 2459 586 aemulis
2505 526 2834 589 Osmanicis,
2881 524 3123 593 aliisque
3182 522 3628 586 Mahumelanis,
3673 521 3824 572 velut

2245 628 2442 680 horum
2475 624 2891 692 antesignanus,
2914 631 3023 674 tam
3054 619 3248 687 SOphi,
3269 633 3433 688 quam
3470 615 3623 670 Kisnl
3662 618 3820 668 hassa

2247 728 2480 773 vocatus
2519 717 2620 771 fuit
2652 733 2667 781 ;
2700 731 2765 770 ac
2786 715 2992 769 mansit
3024 714 3188 768 etiam
3214 711 3355 782 apud
3387 727 3488 765 uos
3515 710 3568 762 in
3601 708 3824 762 hodier-

2245 826 2376 868 num
2432 825 2610 879 usque
2676 809 2814 862 diem
2851 822 3052 861 nomen
3102 806 3204 860 hoc
3252 804 3489 874 posteris
3520 804 3720 872 ipsius.
3763 811 3822 856 ttt

2245 904 2480 973 Sopbini
2513 903 2882 972 appellentur.
2910 900 3016 954 Nec
3043 907 3225 953 tamen
3261 898 3316 952 in
3350 911 3411 948 ea
3454 911 3575 950 sum
3607 895 3822 958 opinio-

2243 1012 2310 1051 ne
2344 1012 2468 1050 cum
2503 997 2649 1058 aliis,
2689 1006 2747 1049 ut
2802 1003 2934 1047 tunc
2969 993 3210 1061 primum
3256 999 3444 1044 natum
3489 989 3591 1041 hoc
3624 987 3824 1055 Sophi-

2243 1091 2510 1142 lariorum
2544 1086 2874 1142 vocabulum
2908 1093 3120 1153 putem.
3149 1081 3369 1151 Quippe
3394 1080 3670 1135 vetustius
3699 1095 3824 1135 esse

2242 1180 2584 1249 temporibus
2617 1177 2849 1233 lsmailis
2868 1215 2886 1242 ,
2912 1194 2977 1231 ex
3004 1175 3311 1231 Annalibus
3345 1174 3594 1230 Turcicis
3627 1183 3780 1243 paret
3806 1191 3821 1239 ;

2240 1275 2331 1344 qui
2366 1280 2629 1343 regnante
2652 1269 2997 1326 Mucliemcte
3031 1270 3217 1340 primo
3239 1313 3253 1335 ,
3297 1269 3557 1338 Bajazitis
3593 1283 3818 1335 proavo,

2241 1367 2540 1436 nonaginta
2593 1363 2804 1420 scilicet
2860 1363 3022 1417 annis
3099 1368 3228 1416 ante
3287 1359 3644 1414 Scachoculis
3678 1359 3820 1412 ÎµÏÎ¹Î¹á½·-

2239 1463 2472 1523 tionem,
2522 1467 2576 1512 et
2606 1456 2842 1510 Ismailis
2881 1455 3198 1523 imperium,
3258 1453 3602 1523 Sapbilarios
3633 1452 3819 1505 itidem

2238 1554 2606 1607 tumultuatos
2629 1548 3302 1615 commemorant.Itaque
3334 1563 3465 1601 vero
3504 1555 3585 1600 est
3620 1544 3820 1604 simile,

2237 1651 2566 1707 Scheiebein
2601 1649 2898 1704 llaidarem
2927 1665 3036 1704 non
3073 1649 3198 1703 novi
3233 1646 3508 1716 dogmatis
3541 1658 3821 1698 auctorem

2241 1742 2436 1807 fuisse,
2505 1741 2600 1795 sed
2661 1741 2908 1809 reliquas
2965 1740 3152 1810 potius
3213 1754 3278 1792 ex
3343 1736 3598 1790 inccndio
3628 1733 3819 1790 veteri,

2240 1838 2511 1905 quasique
2563 1835 2777 1899 sopitas
2822 1835 3090 1888 hactenus
3152 1830 3448 1892 scintillas,
3481 1829 3664 1882 denuo
3698 1841 3822 1880 sus-

2235 1933 2438 1985 eitasse
2461 1974 2476 1996 ,
2508 1942 2853 1999 prorsusque
2886 1925 3052 1981 simili
3086 1926 3300 1979 ratione
3331 1921 3602 1976 Scaclmm
3630 1918 3823 1971 lsinai-

2238 2025 2341 2076 lem
2402 2020 2572 2089 Sophi
2649 2034 2851 2074 nomen
2893 2020 2962 2072 ah
2996 2018 3240 2072 inimicis
3295 2017 3514 2080 tulisse,
3554 2016 3821 2082 frequens

2235 2127 2394 2169 antea
2429 2115 2683 2182 plebeiis,
2731 2112 2826 2168 sed
2861 2119 2987 2166 ante
3022 2111 3200 2180 ipsum
3233 2111 3368 2164 nulli
3393 2110 3577 2164 datum
3611 2110 3749 2174 regi.

2239 2232 2360 2287 189.
2388 2230 2491 2297 Qui
2526 2229 2737 2284 (á¼”Î¸Î½á½´,Î¹á½·
2776 2228 2854 2281 vel
2888 2225 3197 2297 Coridscht',
3224 2226 3312 2294 qui
3341 2225 3656 2280 Turcomani
3687 2225 3816 2280 Pcrâ€”

2605 2301 2724 2354 Îµá¼°Îµá½·.
2765 2298 3092 2367 Supplicium
3125 2296 3495 2351 Scachoculis.
3657 2298 3666 2310 â€˜

2306 2394 2435 2449 Tria
2496 2402 2629 2449 sunt
2685 2393 2833 2462 apud
2890 2393 3087 2447 Persas
3156 2404 3359 2461 genera
3425 2389 3810 2443 militantium.

2236 2488 2403 2543 Primi
2433 2497 2704 2541 voeantur
2734 2486 2803 2540 ab
2837 2487 2918 2540 eis
2942 2485 3302 2548 'lâ€˜ureomani,
3334 2499 3571 2554 quorum
3599 2498 3660 2537 ea
3689 2497 3820 2537 con-

2233 2583 2373 2637 ditio
2439 2590 2546 2644 est,
2599 2595 2721 2648 qua
2749 2579 3084 2634 vasallorum
3121 2581 3261 2649 apud
3296 2593 3419 2642 nos,
3450 2592 3590 2646 quos
3628 2575 3815 2631 feuda-

2237 2673 2411 2728 tarios
2463 2671 2821 2741 appellamus.
2860 2668 2923 2722 Et
2975 2680 3102 2724 sunt
3138 2671 3281 2740 apud
3314 2685 3410 2723 eos
3439 2669 3598 2722 feuda
3633 2672 3819 2738 perpe-

2234 2777 2346 2830 tua,
2386 2782 2508 2836 qum
2543 2781 2569 2817 a
2601 2764 2924 2834 parentibus
2954 2763 3019 2816 ad
3047 2763 3251 2817 liberos
3275 2771 3328 2816 et
3352 2772 3605 2830 posteros
3633 2762 3820 2814 devol-

2233 2870 2459 2923 vuntur,
2495 2859 2724 2927 sequius
2780 2872 2843 2910 ac
2913 2855 3108 2910 Turcis
3152 2865 3235 2909 est
3285 2855 3339 2907 in
3401 2870 3530 2908 usu.
3587 2854 3818 2918 Quoties

2233 2955 2398 3023 igitur
2421 2954 2472 3005 hi
2490 2953 2646 3019 jussu
2667 2949 2810 3019 regis
2830 2960 3152 3012 evocantur,
3175 2961 3243 3002 eo
3275 2962 3396 3000 cum
3428 2949 3676 3017 equitum
3715 2962 3818 3000 nu-

2233 3064 2387 3104 mero
2448 3062 2505 3101 se.
2560 3045 2672 3113 regi
2713 3045 2938 3106 sistunt,
2998 3057 3159 3111 quem
3227 3042 3494 3096 rationem
3528 3042 3816 3095 feudorum

549 3138 676 3194 "me
710 3139 777 3193 de
811 3134 1049 3192 lsuiailis
1079 3135 1313 3202 Sopbiui
1352 3133 1587 3202 origine,
1632 3144 2007 3199 prosperoque
2037 3143 2128 3182 re-

2234 3143 2506 3198 adducere
2564 3146 2836 3191 tenentur.
2896 3135 3062 3188 Alteri
3131 3134 3384 3189 dicuntur
3447 3135 3661 3188 Coi-iui
3727 3137 3808 3188 vel

548 3251 669 3292 rum
703 3246 994 3295 successu,
1028 3245 1141 3298 quo
1170 3229 1274 3283 sibi
1307 3229 1536 3296 suisque
1573 3240 1801 3293 regnum
1837 3224 2118 3279 Persicum

546 3325 778 3396 peperit,
810 3332 865 3377 et
888 3318 1289 3384 constabilivit,
1337 3319 1602 3373 hactenus
1655 3317 1746 3372 hic
1795 3318 2121 3386 exponenda

546 3419 825 3475 duximus.
879 3414 1015 3469 Nam
1070 3413 1208 3468 bella
1255 3413 1516 3480 deinceps
1544 3426 1665 3465 cum
1701 3409 2120 3472 Ormanidis,ae

547 3510 752 3567 Solimo
805 3505 1109 3578 praesertim
1164 3511 1339 3575 gesta,
1395 3517 1498 3558 suo
1545 3502 1669 3556 loco
1700 3502 1858 3556 nobis
1883 3501 2125 3556 Annales

547 3605 652 3677 ipsi
680 3603 910 3658 dabunt.
940 3599 1022 3652 Ab
1041 3596 1362 3653 Osmanidis
1397 3596 1445 3649 ei
1473 3594 1645 3664 Sephi
1666 3601 2122 3663 cognomentum,

547 3711 602 3758 et
628 3700 830 3756 Kiselis
890 3699 1086 3762 basste,
1147 3710 1245 3764 per
1302 3693 1663 3762 ignominiam
1726 3691 1829 3745 fuit
1859 3690 2121 3744 inditum.

547 3795 757 3852 Prioris
810 3792 1091 3846 notionem
1143 3786 1427 3856 attigimus
1461 3799 1652 3855 supra,
1685 3786 1860 3854 capite
1888 3784 1978 3836 8t.
2005 3783 2124 3836 Non

547 3907 577 3945 a
611 3889 804 3945 Graeco
834 3883 1052 3953 Sophos
1088 3877 1383 3934 deductum
1411 3887 1517 3943 est,
1541 3880 1687 3947 quod
1721 3887 1904 3930 tamen
1934 3875 2128 3931 existi-

549 3997 703 4037 mare
731 3977 1006 4050 quosdam
1034 3974 1219 4039 video,
1245 3971 1336 4043 qui
1368 3987 1395 4023 a
1426 3972 1715 4026 Persarum
1751 3969 1920 4039 Magis
1948 3980 2002 4024 et
2027 3969 2129 4023 So-

551 4077 673 4147 pliis
708 4069 1119 4142 antiquissimis
1161 4072 1440 4135 sumptum
1473 4079 1669 4118 nomen
1697 4078 1997 4133 usurpasse
2027 4061 2129 4115 So-

549 4171 751 4239 phinos
789 4166 979 4218 thltlï¬‚l
1013 4181 1028 4229 ;
1081 4159 1177 4216 Sed
1230 4176 1258 4212 a
1316 4158 1512 4226 Snphi,
1549 4157 1785 4211 Arabica
1816 4172 1972 4220 voce,
2007 4170 2129 4224 quae

553 4266 731 4317 lanam
787 4259 1082 4328 signiï¬cat.
1144 4252 1361 4322 Quippe
1412 4267 1541 4305 cum
1595 4249 2013 4309 llatmmetani.
2069 4257 2128 4302 et

552 4355 860 4426 prasertim
893 4350 1200 4412 Ostnanici,
1243 4361 1396 4400 more
1435 4345 1631 4408 veteri,
1669 4344 1947 4414 tulipanto
1981 4343 2129 4396 lineo

551 4445 900 4505 subtilissimi
933 4445 1121 4514 operis
1145 4448 1310 4510 caput
1335 4442 1640 4501 involvam,
1667 4451 1804 4490 nova
1840 4435 1990 4489 ist-.rc
2025 4433 2132 4488 So-

2229 3233 2545 3297 Coridsclii,
2599 3233 2692 3300 qui
2739 3228 3032 3298 stipendiis
3063 3227 3322 3281 militant.
3371 3226 3435 3280 Et
3467 3227 3573 3280 alia
3606 3229 3812 3295 stipen-

2231 3330 2320 3384 dia
2353 3341 2546 3393 reapse
2569 3339 2678 3376 non
2711 3332 2837 3375 sunt
2863 3320 3003 3389 apud
3025 3321 3244 3387 Persas,
3271 3336 3434 3389 quam
3464 3335 3586 3386 qute
3611 3319 3816 3373 Cra-cis

2233 3419 2542 3489 ÏƒÎ¹Ï„Î·Ïá½³ÏƒÎ¹Î±,
2585 3414 2846 3470 Romanis
2886 3428 3117 3468 annona:
3169 3414 3433 3467 militares
3457 3413 3818 3466 nominaban-

2233 3522 2365 3567 tur:
2405 3527 2493 3565 res
2547 3509 2809 3562 nimirum
2854 3506 2921 3561 ad
2977 3507 3237 3562 alimenta
3285 3506 3658 3575 pertinentes,
3690 3521 3813 3558 cum

2232 3606 2413 3673 equis,
2446 3602 2691 3658 vestibus
2722 3637 2739 3658 .
2772 3600 2944 3654 armis
2966 3639 2980 3663 ,
3016 3600 3271 3653 tentoriis
3298 3641 3312 3663 ,
3357 3599 3596 3655 cretei-is.
3631 3597 3807 3654 Î¤ÎµÎ¹ÏƒÎ¹á½¶á½¶

2234 3705 2494 3751 constant
2548 3709 2578 3749 e
2638 3693 2813 3763 copiis
2875 3693 3243 3748 auxiliaribus
3301 3692 3810 3749 confmderalorunt

2236 3793 2703 3860 finitimarumque
2729 3789 2999 3860 gentium,
3031 3790 3415 3843 Armeniorum
3451 3790 3721 3848 videlicet,
3750 3804 3814 3842 ne

2234 3885 2676 3964 Qeorgianorunt
2716 3902 2730 3938 :
2771 3883 2863 3951 qui
2901 3882 3221 3950 religionem
3277 3882 3649 3937 Christianam
3689 3897 3817 3950 Î¹)Î¹Î¿-

2239 3978 2483 4041 fitentur,
2519 3973 2572 4029 iu
2600 3972 2794 4027 Persas
2815 3974 3097 4042 propensi,
3134 3970 3334 4027 Turcis
3365 3973 3576 4026 infesti.
3604 3970 3816 4039 Vulgus

2237 4067 2401 4137 igitur
2425 4065 2683 4128 istorum,
2715 4067 2806 4134 qui
2833 4062 3216 4121 Scacboculim
3250 4067 3422 4119 secuti
3453 4066 3670 4130 ducem,
3703 4077 3810 4121 tam

2237 4159 2536 4214 crudeliter
2578 4159 2849 4212 hactenus
2899 4160 3131 4226 grassati
3168 4158 3375 4225 passim
3408 4157 3643 4220 fuerant,
3690 4176 3812 4214 sca.

2234 4255 2376 4304 chus
2413 4249 2593 4303 lsinail
2625 4264 2722 4303 ceu
2749 4249 3024 4316 mancipia
3054 4249 3508 4303 distribuitinter
3559 4263 3815 4318 proceres

2238 4359 2388 4408 suos,
2440 4359 2549 4413 quo
2599 4343 2823 4396 nomine
2896 4341 3122 4407 sultatli,
3192 4342 3429 4405 Chanes,
3483 4342 3813 4397 Turcomani

2240 4435 2427 4490 Persis
2496 4435 2730 4489 veniunt
2763 4452 2776 4488 :
2829 4437 3010 4506 capite
3051 4452 3184 4490 vero
3211 4437 3610 4492 seditiosorum
3646 4438 3817 4491 truci-

552 4543 913 4614 philariornm
982 4538 1171 4607 religio
1234 4532 1483 4605 prtecipit
1518 4532 1662 4584 inter
1695 4532 1822 4595 alia,
1858 4544 1926 4583 ne
1966 4535 2128 4598 caput
2165 4543 2209 4597 Î¹)
2239 4531 2420 4585 danda
2497 4527 2766 4591 Corizzis,
2821 4531 2925 4583 hoc
2979 4537 3088 4591 est,
3142 4531 3517 4599 stipendiariis
3549 4529 3817 4583 militibus

553 4637 698 4693 fastu
735 4635 975 4704 quodam
1007 4631 1169 4684 lineis
1198 4625 1470 4697 ejusmodi
1532 4624 1703 4693 spiris
1749 4633 1997 4690 ornetur,
2031 4620 2130 4676 sed

554 4738 613 4783 ut
661 4735 973 4798 tegumenta
1031 4720 1276 4790 capitum
1307 4734 1339 4770 e
1367 4719 1513 4779 lana,
1543 4732 1649 4770 non
1683 4731 1879 4785 magna
1920 4731 1977 4768 re
2014 4729 2137 4782 pre-

553 4820 638 4882 tii,
674 4817 1062 4874 c0uliciantur.
1102 4811 1172 4868 Et
1197 4809 1326 4880 Quia
1360 4809 1576 4862 laneum
1612 4807 1713 4860 hoc
1754 4815 2132 4878 tegumentum

551 4911 768 4980 Capitis,
806 4923 914 4973 quo
949 4912 1148 4977 pra-tet
1177 4904 1412 4957 aliorum
1470 4899 1982 4954 Mahumetanorum
2021 4914 2133 4951 mo-

553 5020 669 5058 rem
701 5004 757 5056 bi
798 5015 945 5054 nunc
986 5007 1221 5052 utuntur
1252 5037 1268 5061 ,
1304 4996 1476 5064 plicari
1522 4995 1683 5046 habet
1726 4993 2040 5055 duodecim,
2079 5001 2132 5045 et

555 5099 791 5150 Arabica
831 5110 930 5146 vox
996 5091 1261 5155 Enasser,
1288 5089 1578 5142 duodecim
1611 5086 1883 5156 Significat
1920 5086 2128 5150 ;etiain

553 5187 705 5242 aliud
737 5201 940 5242 nomen
989 5181 1502 5238 Enasserlariorum
1550 5181 1828 5233 consecuti
1885 5187 2036 5243 sunt,
2069 5195 2132 5235 ac

554 5283 600 5336 si
634 5281 823 5337 Gneco
861 5277 1133 5332 vocabulo
1164 5276 1315 5331 dicas
1351 5273 1823 5342 Dodecaplycbos,
1857 5283 1953 5325 aut
1987 5269 2132 5326 Lati-

556 5373 644 5429 no'
681 5372 1176 5438 Duodecimplices.
1224 5367 1364 5422 Cum
1417 5366 1662 5435 denique
1722 5375 1939 5434 tegmen
1982 5365 2131 5434 ejus-

555 5469 701 5522 modi
768 5465 937 5519 rubro
993 5467 1260 5517 duntaxat
1314 5460 1497 5515 colore
1532 5461 1760 5512 tinctum
1792 5469 2004 5528 gestare
2041 5473 2129 5514 so-

556 5562 724 5622 leant,
759 5554 1192 5610 Kiselbassilarii
1217 5568 1438 5622 quoque
1471 5551 1603 5606 dicti
1638 5561 1760 5606 sunt
1793 5593 1806 5615 ,
1841 5553 2006 5606 veluti
2038 5570 2130 5606 ca-

556 5652 666 5722 pita
702 5651 889 5702 rubra.
928 5647 1185 5699 Solebant
1222 5654 1401 5698 autem
1441 5655 1565 5697 ante
1604 5645 1717 5698 haec
1759 5643 1941 5696 vocziri
1994 5655 2128 5697 tent-

556 5759 684 5814 pora
723 5741 902 5795 Persae
931 5740 1129 5795 Turcis
1161 5738 1392 5794 Aieiuini
1442 5737 1524 5793 vel
1569 5736 1812 5790 Azeniini
1848 5735 2011 5807 472
2056 5737 2125 5787 si-

554 5850 646 5891 cut
682 5845 734 5888 ct
760 5835 874 5904 ipsa
908 5834 1054 5903 regio
1083 5832 1377 5888 Persarum
1423 5829 1617 5886 iisdem
1653 5839 1736 5886 est
1769 5833 1940 5892 Aiem,
1973 5832 2115 5900 qU'ld

2240 4623 2631 4699 suisnobjeeit.
2664 4622 2781 4679 Hoc
2810 4623 3188 4686 memorabile,
3213 4624 3357 4691 quod
3391 4623 3532 4693 apud
3566 4623 3816 4693 Spandu-

2237 4719 2427 4787 ginum
2468 4715 2688 4783 legitur,
2727 4725 3015 4771 auctorem
3050 4724 3158 4771 tam
3194 4715 3353 4771 fcedze
3387 4717 3687 4785 tragmdiae,
3721 4718 3814 4785 qui

2237 4822 2298 4860 se
2347 4803 2759 4870 Scai-boeuliui,
2806 4805 2961 4860 velut
2987 4807 3169 4860 scachi
3204 4805 3537 4874 mancipium
3571 4804 3815 4874 appella-

2238 4907 2412 4957 verat,
2469 4897 2537 4951 ab
2594 4898 2719 4951 aliis
2767 4913 2898 4952 vero
2952 4899 3268 4953 nominatus
3314 4900 3386 4953 ob
3416 4898 3814 4952 immanitatem

2238 4991 2420 5045 fuerat
2480 4988 2666 5046 Scitan
2725 4991 2841 5044 Culi
2868 5034 2882 5054 ,
2916 4991 3033 5046 sive
3065 4991 3286 5047 Sataute
3319 4994 3674 5060 mancipium,
3701 4996 3816 5045 lau-

2235 5084 2404 5138 dabili
2436 5084 2750 5138 severitatis
2789 5085 3050 5154 exemplo
3080 5087 3286 5150 vivum,
3319 5086 3385 5137 de
3422 5089 3815 5139 sententiainÂ»

2235 5180 2320 5249 gis
2373 5179 2635 5245 lsuiaiiis,
2693 5177 2747 5232 in
2819 5176 3068 5232 flammas
3123 5181 3435 5248 conjectum
3471 5192 3523 5233 ct
3561 5189 3812 5233 exustum

2237 5272 2431 5327 fuisse.

2237 5407 2354 5462 l90.
2385 5406 2560 5460 Motus
2583 5406 2795 5462 Selimis
2818 5410 3070 5462 adversus
3105 5420 3306 5476 patrem
3344 5411 3662 5477 Bujazilem.
3687 5415 3813 5464 Pre-

2303 5482 2440 5546 copii
2494 5477 2701 5541 Tatwri,
2743 5478 2888 5530 Clum
2926 5480 3293 5545 Pri-copiarum
3331 5481 3563 5536 Î¡Ï…Î¹Ï…Î·á½¶Î±Î¹
3601 5501 3812 5546 Ï„ÎµÏˆÏ€Î¹Î¹Î½Î·

2302 5551 2488 5671 á¿—Î·á½½á½·Î¹,
2555 5548 2808 5619 Beligrud
2870 5550 2937 5602 ad
2995 5567 3205 5603 onlnem
3267 5551 3564 5615 Nesterem,
3600 5545 3809 5621 Stâ€™guml

2337 5635 2478 5671 assa.

2337 5635 2478 5674 Î±Î´Î¹Î±.

2305 5735 2629 5803 ltejccturus
2690 5733 2914 5801 imperio
2975 5741 3182 5798 patrem
3236 5734 3271 5788 S
3313 5736 3486 5794 limes,
3522 5750 3626 5786 non
3679 5735 3806 5786 Tra-

2230 5838 2460 5899 pezunte
2504 5843 2593 5899 piir
2652 5830 2831 5883 Asiani
2885 5829 3145 5881 minorem
3194 5834 3464 5897 prolectus
3499 5829 3626 5881 luti.
3663 5826 3805 5895 und
