4204 6300
400 269 507 334 853

1602 276 1927 339 JOANNIS
1966 276 2437 340 LEUNCLAVII

3542 272 3647 340 8M

403 390 650 444 futurum
708 388 940 454 videret.
980 401 1039 445 ut
1073 406 1101 445 a
1140 390 1430 455 fratribus,
1464 393 1733 448 Achmete
1768 393 1977 449 Corcu-
2004 396 2049 454 Δ
2081 394 2255 449 diarc.
2293 395 2496 449 Contra
2543 392 2893 449 Christianos
2951 403 3195 461 pugnare
3251 389 3383 444 vis?
3429 387 3504 444 Do
3550 388 3647 443 tibi

402 490 588 550 teque,
618 484 719 537 hoc
750 486 803 537 in
832 484 1027 538 itinere
1058 484 1461 553 impediretur;
1487 484 1583 540 sed
1618 486 1789 540 Cnfen
1812 526 1830 551 ,
1857 502 1979 554 quae

402 576 612 629 nostris
656 585 743 630 est
794 575 1019 645 Capita,
1049 592 1149 631 ceu
1190 578 1394 630 dictum
1437 577 1616 647 capite
1648 576 1788 639 M8,
1830 584 1982 629 trans

404 682 552 721 mare
593 666 816 734 Nigrum
879 670 1195 737 navigavit;
1235 684 1343 737 quo
1401 667 1523 721 loco
1581 678 1710 722 tunc
1765 667 1982 721 Meche-

407 761 565 815 metis
615 758 941 815 Tatarorum
979 760 1185 816 Chanis
1214 762 1378 815 tiliam
1414 776 1520 815 non
1550 762 1704 815 duxit
1730 776 1980 827 uxorem,

408 851 487 902 uti
508 848 796 904 Geufraeus
820 850 1065 918 scripsit,
1090 867 1212 907 cum
1239 868 1302 906 ex
1331 868 1393 906 ea
1419 851 1585 905 tilium
1611 850 1979 907 Soleimanem

411 945 515 995 hoc
564 942 685 1009 ipso
742 951 987 1011 tempore
1030 946 1408 998 novt-undecim
1442 946 1565 1015 plus
1598 945 1781 1000 minus
1810 959 1983 1000 annos

409 1042 620 1095 natum,
671 1034 946 1099 haberet;
988 1035 1081 1090 sed
1142 1037 1436 1089 auxiliares
1491 1054 1518 1089 a
1570 1053 1762 1091 socero
1796 1037 1983 1106 copias

411 1124 751 1192 impetravit,
805 1125 1007 1194 quibus
1062 1124 1364 1181 Mechemct
1418 1126 1589 1180 Tatar
1622 1127 1796 1189 Cltan.
1830 1139 1982 1197 pater

410 1216 581 1270 lilium
639 1216 912 1284 praefecit,
955 1218 1283 1287 Chanoglim
1318 1220 1386 1273 ab
1425 1220 1707 1275 historicis
1749 1221 1981 1290 appella-

410 1320 548 1371 tum,
600 1308 705 1362 hoc
757 1318 839 1363 est
880 1309 1088 1365 Chanis
1133 1312 1253 1367 sive
1285 1314 1432 1379 regis
1455 1312 1644 1367 Tatari
1675 1314 1870 1367 filium.
1915 1314 1980 1368 IIi

414 1416 544 1453 vt-ro
576 1401 760 1454 Tatari
796 1405 1060 1472 peculiari
1116 1406 1482 1473 appellatione
1533 1405 1780 1476 Procopii
1812 1408 1983 1460 nomi-

414 1502 639 1557 nantur,
666 1511 693 1547 a
722 1512 855 1550 voce
885 1495 1117 1566 Precop,
1144 1500 1489 1566 significante
1524 1499 1749 1554 fossam.
1772 1500 1982 1570 Quippe

414 1587 600 1641 ductis
649 1587 702 1639 in
763 1588 969 1641 Isthmo
1000 1604 1027 1638 a
1066 1590 1201 1641 mari
1238 1589 1303 1642 ad
1334 1606 1482 1643 mare
1522 1590 1711 1650 fossis.
1740 1607 1768 1643 a
1808 1594 1981 1645 conti-

416 1678 567 1732 nenti
601 1676 894 1731 Tauricam
919 1678 1325 1734 Chersonesum
1364 1680 1508 1733 velut
1534 1681 1858 1735 abscindere
1882 1694 1977 1734 co-

2091 488 2325 541 vicinam
2378 486 2610 558 Ungaris
2662 484 3064 539 Semendriam.
3123 481 3225 537 llic
3277 481 3651 546 Rhodus,hir.

2089 579 2253 633 salta.
2302 578 2516 631 Dictum
2551 591 2678 630 vero
2714 577 2969 646 superius
2995 574 3062 629 de
3094 572 3444 633 Semendria.
3478 573 3652 638 capite

2090 669 2450 737 nonagesimo
2471 683 2637 723 nono.
2664 666 2913 720 Perrexit
2945 664 3068 719 inde
3100 663 3367 733 Zagoram
3398 659 3651 723 Selimes,

2088 776 2251 830 quam
2309 764 2494 833 capite
2544 762 2821 817 tricesimo
2851 761 3011 815 tertio
3042 760 3281 813 diximus
3314 756 3652 827 sexagesimo

2088 858 2157 909 ab
2214 854 2608 925 Hadrianopoli
2640 854 2847 907 distare
2872 851 3133 906 milliario
3164 850 3372 905 Greco.
3402 849 3500 903 Hic
3529 862 3652 900 eum

2090 950 2453 1018 bialcozoglis
2477 989 2491 1011 ,
2526 957 2585 1002 et
2628 948 2715 1002 alii
2745 947 2966 1017 quidam
2999 944 3273 1007 adierunt,
3303 940 3525 996 excitati
3565 955 3657 993 ru-

2093 1059 2246 1097 more
2278 1060 2374 1115 per
2405 1045 2585 1113 ipsum
2613 1056 2807 1112 sparso
2829 1083 2844 1107 ,
2879 1040 2945 1094 de
2979 1029 3119 1095 béllo
3149 1036 3476 1093 Christianis
3513 1033 3655 1088 infe.

2090 1139 2286 1197 rendo.
2311 1151 2580 1204 suamque
2598 1134 2789 1188 Selimi
2811 1146 3032 1203 operam
3067 1131 3403 1185 obtulerunt.
3438 1125 3491 1181 Is
3521 1141 3655 1179 vero

2092 1234 2332 1281 secretas
2394 1233 2454 1278 ut
2501 1224 2670 1277 animi
2731 1224 2813 1277 sui
2870 1221 3239 1291 cogitationes
3292 1216 3545 1273 nonnihil
3576 1216 3661 1269 eis

2091 1320 2351 1386 aperiret,
2386 1326 2541 1385 grata
2568 1318 2669 1371 sibi
2696 1312 2981 1384 respondit
3013 1315 3258 1381 ipsorum
3285 1325 3409 1365 esse
3452 1310 3659 1363 studia.

2092 1411 2377 1480 Siquidem
2408 1412 2473 1463 ad
2502 1409 2791 1477 imperium
2823 1406 3184 1475 pervenisset,
3211 1419 3317 1456 non
3347 1403 3507 1455 modo
3528 1401 3661 1454 [ian

2088 1500 2363 1555 Osmauici
2400 1500 2547 1570 regni
2606 1498 2998 1567 prolataturum
3024 1532 3039 1557 ,
3079 1508 3265 1548 verum
3312 1492 3457 1561 ipsos
3501 1494 3660 1544 etiam

2090 1597 2378 1650 universos
2410 1592 2658 1646 maximis
2677 1591 2962 1643 beatnrum
2991 1587 3343 1656 dignitatibus
3372 1596 3423 1637 et
3447 1586 3663 1653 opibus.

2095 1687 2211 1742 Hac
2254 1685 2469 1740 vafritie
2524 1682 2629 1738 sibi
2696 1683 2911 1737 animos
2948 1694 3140 1733 eorum
3178 1677 3532 1741 conciliabat,
3569 1677 3663 1745 qui

416 1771 530 1823 nati
556 1778 705 1823 sunt.
738 1767 850 1835 Qui
883 1785 1029 1823 nunc
1058 1768 1595 1841 Precopiisimperat
1614 1773 1792 1835 Chan,
1818 1787 1992 1841 nuper
2029 1758 2067 1808 Β
2098 1778 2397 1845 (ιωιοτοαυῖ
2452 1791 2606 1829 more
2664 1775 2951 1828 hominum
2981 1772 3206 1825 mallent
3238 1770 3507 1824 orientem
3538 1771 3665 1823 ado-

420 1862 491 1916 ad
527 1861 761 1917 Comitia
811 1862 1197 1917 Polonieorum
1253 1863 1535 1925 ordinum,
1598 1863 1836 1917 creando
1867 1879 1993 1933 rege

420 1961 543 2023 post
580 1954 788 2008 obitum
821 1952 1084 2025 Stephani
1138 1955 1281 2023 regis
1346 1955 1551 2009 indicta
1579 1996 1595 2021 ,
1624 1971 1753 2009 suos
1784 1968 1835 2009 et
1866 1957 1985 2024 ipse

423 2045 631 2113 Icguos
682 2045 847 2109 misit,
900 2047 992 2114 qui
1048 2059 1269 2114 regnum
1306 2060 1406 2101 suo
1456 2048 1676 2099 nomine
1706 2046 1991 2098 ambirent.

427 2134 524 2189 llis
560 2137 613 2189 in
650 2137 924 2191 mandatis
982 2138 1204 2191 dederat
1234 2178 1250 2199 ,
1300 2140 1535 2207 primum
1588 2140 1664 2193 uti
1700 2139 1994 2207 potentiam

426 2246 582 2285 suam
626 2230 843 2284 Polonis
884 2232 1282 2297 ostenderent,
1323 2233 1417 2302 qui
1470 2231 1744 2301 myriades
1787 2233 1998 2300 aliquot

427 2322 675 2389 equitum
725 2322 840 2375 suis
888 2330 944 2377 et
993 2321 1154 2376 terris
1204 2332 1393 2391 posset
1427 2323 1494 2376 ad
1524 2322 1773 2375 Poloniae
1806 2320 1998 2375 defen-

430 2416 643 2466 sionem
711 2412 966 2467 edncere.
1010 2412 1214 2468 Deinde
1250 2414 1479 2482 proponi
1504 2413 1693 2483 jussit,
1725 2411 1993 2483 frugalem

433 2504 717 2559 habituros
751 2520 957 2573 regem,
988 2505 1083 2571 qui
1119 2507 1321 2573 spretis
1348 2505 1472 2559 aliis
1507 2506 1845 2576 sumptuosis
1866 2520 2000 2574 epu—

431 2598 523 2663 lis,
562 2596 628 2650 ad
689 2613 748 2651 se
771 2597 1006 2651 dandam
1040 2597 1237 2651 famem
1269 2598 1538 2651 duntaxat
1569 2598 1825 2667 equinam
1856 2598 1998 2666 equi

433 2690 677 2760 bonique
736 2690 917 2744 faciat.
973 2689 1131 2757 Quod
1175 2691 1411 2757 denique
1448 2691 1765 2760 religionem
1804 2691 2001 2771 attin.e-

434 2788 518 2834 ret
542 2797 557 2846 ;
591 2778 843 2836 Pontifex
872 2780 1096 2850 (inquit)
1121 2789 1272 2844 tuus,
1296 2779 1546 2836 Pontifex
1574 2798 1759 2847 meus;
1795 2781 2000 2837 Luthc-

434 2890 533 2927 rus
566 2883 718 2934 tuus.
743 2873 1021 2929 Lutherus
1056 2889 1208 2927 meus
1239 2882 1380 2929 esto.
1407 2872 1541 2940 Quae
1573 2874 1771 2943 legatio
1802 2890 2001 2945 magno

435 2981 562 3020 cum
605 2967 717 3019 risu
754 2966 854 3019 fuit
878 2976 1131 3034 excepta.
1169 2964 1276 3019 Sed
1310 2965 1373 3019 ad
1415 2964 1672 3021 Seiimem
1714 2974 1774 3021 ut
1812 2968 2002 3022 redea-

2098 1886 2222 1924 rare
2251 1870 2446 1935 solem,
2480 1882 2642 1937 quam
2676 1865 3041 1919 occidentem.

2170 1984 2294 2039 192.
2318 1981 2426 2037 Cur
2460 1980 2726 2050 Bajazites
2749 1972 3263 2042 Constantinopoiim
3292 1970 3607 2043 properarit.

2167 2076 2329 2131 Putat
2382 2091 2446 2129 ea
2506 2075 2574 2127 de
2646 2088 2810 2125 causa
2881 2070 3270 2139 Spanduginus
3334 2063 3668 2133 Bajazitem,

2099 2168 2381 2221 intellecto
2452 2164 2671 2219 Selimis
2703 2163 2959 2225 adventu,
3005 2155 3395 2226 lfadrianopoli
3454 2155 3667 2214 relicta,

2097 2255 2625 2326 Constantinopolim
2673 2268 3001 2324 properasse
3034 2294 3048 2318 ,
3087 2267 3155 2305 ne
3216 2250 3355 2303 filius
3404 2245 3673 2316 perceptis

2102 2353 2261 2421 regiis
2298 2349 2593 2413 thesauris,
2641 2362 2780 2417 quos
2816 2348 2991 2413 capite
3043 2343 3146 2399 I39
3196 2337 3670 2407 Constantinopoli

2100 2444 2367 2500 custodiri
2399 2442 2637 2498 diximus
2673 2442 2727 2495 in
2756 2455 2882 2494 arce
2908 2438 3153 2494 Jedicula
3179 2436 3260 2491 vel
3288 2434 3671 2504 Heptapyrgio.

2102 2539 2285 2592 nervis
2317 2534 2530 2590 scilicet
2561 2533 2691 2589 belli
2728 2533 3197 2603 gerendarumque
3246 2541 3424 2583 rerum
3468 2524 3675 2594 potitus

2103 2642 2269 2696 regno
2302 2641 2507 2697 patrem
2549 2634 2793 2681 exueret.
2825 2624 2903 2677 Ad
2956 2624 3095 2675 hanc.
3123 2632 3340 2675 causam
3389 2615 3597 2670 accedit
3621 2621 3675 2668 et

2105 2722 2221 2785 illa,
2277 2721 2421 2787 quod
2476 2719 2676 2771 amissa
2741 2716 2953 2784 imperii
3011 2704 3161 2779 sede,
3219 2712 3291 2766 de
3338 2711 3457 2766 suis
3510 2708 3675 2764 rebus

2105 2824 2284 2868 actum
2326 2812 2599 2881 Bajazites
2631 2825 2757 2865 esse
2789 2808 3030 2864 videbat.

2107 2930 2210 2984 I93
2280 2926 2449 2981 Locus
2504 2925 2595 2977 ubi
2648 2924 2831 2994 prwlio
2866 2935 3184 2994 congressus
3230 2927 3307 2973 est
3327 2932 3471 2994 _c_um
3499 2922 3678 2994 Apetre

2176 2998 2391 3052 Selimes
2422 3035 2436 3057 .
2478 2984 2658 3055 Zorli;
2699 2996 2933 3047 Saranta
2965 2984 3263 3056 ’Ecclisies,
3317 2987 3450 3041 Kirc
3489 2984 3678 3048 ϐακε.

442 3076 587 3126 mus,
613 3061 657 3114 is
706 3059 889 3127 Capha
947 3058 1257 3123 discedens,
1312 3058 1510 3113 Chilim
1571 3059 1726 3125 adiit,
1768 3059 1837 3115 de
1896 3074 2000 3129 qua
2032 3098 2074 3155 ο
2177 3067 2721 3136 Cumbuch,Seiimis
2760 3080 2943 3133 equus.

440 3151 647 3205 dictum
697 3152 873 3220 capite
934 3149 1035 3205 159
1064 3168 1079 3216 ;
1137 3150 1265 3204 hinc
1300 3151 1644 3221 Beligradum
1677 3156 1849 3209 venit.
1880 3151 2005 3207 Hac

443 3260 577 3300 vero
630 3262 735 3300 non
788 3253 870 3298 est
916 3244 1189 3315 Ungarica
1215 3243 1441 3299 Nandor
1481 3245 1624 3311 alba,
1655 3245 1740 3300 vel
1773 3244 2010 3315 Beligra-

444 3337 600 3401 dum,
636 3350 755 3404 qua:
807 3336 1041 3389 necdum
1075 3335 1176 3387 hoc
1213 3344 1459 3403 tempore
1490 3334 1799 3389 Turcorum
1828 3339 1881 3389 in
1916 3351 2010 3405 po-

444 3435 701 3481 testatem
735 3435 997 3492 venerat,
1024 3427 1092 3481 ab
1146 3425 1457 3480 Soleimane
1508 3426 1768 3495 primum,
1789 3426 2009 3481 Selimis

445 3522 577 3586 tilio,
620 3535 814 3575 novem
875 3520 1137 3574 decemve
1199 3526 1324 3589 post
1381 3518 1539 3571 annis
1584 3527 1879 3587 occupata;
1915 3518 2009 3572 sed

446 3613 539 3667 illa
590 3610 935 3675 Nesteralba,
986 3626 1153 3679 quam
1216 3610 1459 3665 Nestoris
1504 3610 1570 3663 ad
1613 3610 1788 3663 amnis
1811 3612 2009 3665 ostium

447 3707 612 3759 sitam
645 3705 946 3759 Goreceius
990 3703 1251 3758 Polonice
1281 3703 1569 3771 Bialogrod
1602 3701 1877 3771 indigitat,
1932 3703 2011 3754 uti

454 3799 724 3869 prolixius
776 3798 1086 3867 expositum
1143 3798 1384 3851 iudicato
1426 3797 1607 3864 capite
1634 3794 1769 3849 159.
1799 3794 2013 3863 Seguan

450 3892 615 3947 hassa
654 3891 847 3945 Turcis
893 3899 977 3945 est
1042 3888 1335 3959 prmfectus
1376 3889 1753 3957 jumentorum
1802 3902 2016 3957 sagma-

454 3988 721 4038 tariorum
758 3986 811 4038 iu
842 3985 1089 4038 exercitu
1125 3983 1394 4038 maximus
1414 4025 1429 4046 ,
1459 3997 1694 4053 quorum
1724 3983 2017 4054 aliquaties

453 4076 597 4131 facta
624 4078 734 4146 jam
771 4078 997 4131 mentio.

461 4193 584 4246 I9l.
616 4190 725 4247 Cur
759 4190 1080 4246 Sememlria:
1135 4190 1514 4262 Saugiaratum
1545 4191 1734 4246 Solimi
1771 4190 1885 4259 ﬁlio
1911 4188 2023 4243 Ba-

1005 4261 1204 4329 jazitcs
1236 4261 1499 4317 obtulerit.

522 4355 727 4417 Causa,
760 4370 858 4409 cur
884 4364 1037 4423 pater
1068 4354 1403 4408 Semcndrice
1433 4352 1809 4420 sangiacatum
1858 4348 2021 4421 473

455 4448 791 4504 concesserit
829 4449 959 4515 tilio,
1019 4464 1125 4501 non
1180 4457 1265 4502 est
1311 4448 1365 4501 in
1404 4448 1705 4500 Annalibus
1743 4459 2023 4513 expressa.
2059 4440 2100 4493 ἰ)
2132 4457 2352 4511 Gracia,
2422 4454 2748 4524 δρειετυρεο
2831 4449 3058 4506 subdiu,

463 4542 731 4595 Nimirum
770 4541 1032 4611 impedire
1081 4542 1337 4595 Selimem
1372 4540 1617 4601 volebat,
1648 4554 1711 4591 ne
1739 4537 2028 4608 progrede-

457 4643 606 4688 retur
638 4633 891 4697 ulterius,
923 4642 979 4686 et
1015 4632 1082 4687 ad
1110 4631 1325 4686 Portam
1361 4632 1608 4705 veniens,
1639 4630 2023 4699 genizarorum

456 4725 672 4780 animos
707 4726 1038 4780 ﬂuctuantes
1091 4733 1144 4778 et
1195 4724 1405 4777 alienos
1434 4738 1463 4773 a
1492 4731 1665 4789 patre,
1710 4736 1834 4773 mox
1861 4720 1927 4773 ad
1965 4733 2027 4774 se

461 4817 806 4872 transferret.
852 4818 996 4872 Usus
1026 4817 1171 4870 enim
1206 4817 1393 4888 fuerat
1426 4821 1606 4869 astute
1649 4821 1867 4882 captato
1891 4826 2027 4882 pra:-

460 4920 615 4965 tcxtu
674 4909 820 4964 filius
878 4912 945 4964 ad
997 4909 1337 4979 palliandnm
1385 4907 1489 4959 hoc
1538 4906 1639 4959 iter
1668 4904 2026 4973 suum,quod

462 4998 593 5051 hinc
641 4998 768 5052 inde
794 4997 1127 5069 publicarat.
1162 4996 1313 5050 adire
1348 5011 1407 5051 se
1438 5004 1670 5064 patrem,
1700 4995 1819 5063 ejus
1857 4994 2026 5047 hono-

461 5089 617 5142 randi
673 5103 863 5154 causa,
905 5087 1053 5158 quod
1096 5085 1263 5141 Turci
1299 5101 1520 5156 quoque
1551 5096 1751 5140 vocant
1786 5082 2028 5139 osculari

465 5198 740 5245 manum;
806 5184 1039 5253 indeque
1104 5199 1229 5237 mox
1306 5196 1457 5235 arma
1516 5195 1913 5236 conversurum
1974 5180 2027 5234 in

460 5270 833 5336 Christianos,
879 5273 1177 5343 praesertim
1219 5272 1493 5341 Ungaros.
1553 5268 1608 5322 Id
1660 5284 1788 5323 vero
1820 5268 2029 5338 plausi-

465 5363 574 5415 bile
620 5362 863 5417 futurum
911 5373 1030 5416 erat
1063 5362 1203 5434 apud
1241 5366 1551 5433 genizaros,
1586 5370 1643 5415 ct
1677 5362 1811 5415 alios
1846 5360 2026 5417 Porta:

465 5454 694 5519 milites,
728 5455 821 5524 qui
854 5470 978 5509 mox
1016 5456 1228 5520 Solimi,
1257 5471 1353 5507 ceu
1385 5453 1717 5522 propagandi
1759 5455 1907 5522 regni
1935 5470 2029 5507 cu-

468 5546 618 5615 pido,
671 5562 731 5600 se
760 5554 907 5600 totos
940 5548 1080 5600 haud
1106 5546 1273 5601 dubie
1302 5544 1481 5599 daturi
1512 5553 1693 5599 erant.
1720 5545 1907 5614 Itaque
1930 5546 2031 5600 Se-

470 5637 776 5691 meudriam
812 5638 863 5692 ei
900 5646 1053 5706 pater
1076 5637 1257 5702 offert,
1291 5636 1523 5708 Ungaris
1547 5638 1873 5708 proximam,
1902 5654 2038 5706 qua-

476 5728 524 5783 si
564 5728 609 5783 si
640 5728 849 5785 diccmt
883 5748 895 5793 ;
931 5728 1046 5787 Non
1101 5741 1185 5789 est
1213 5770 1231 5797 ,
1270 5730 1418 5802 quod
1456 5731 1525 5786 ad
1560 5740 1775 5801 portam
1805 5745 2031 5800 progre-

2178 3163 2417 3218 Narrant
2474 3161 2714 3215 Annales
2765 3169 2820 3213 et
2870 3157 2986 3221 alii,
3038 3172 3149 3209 non
3196 3154 3382 3224 procul
3432 3167 3461 3205 a
3515 3151 3684 3204 Zorlo

2110 3255 2461 3310 concurrisse
2511 3252 2705 3321 patris,
2763 3252 2858 3320 qui
2914 3249 3148 3320 podagra
3216 3246 3474 3300 laborans
3516 3256 3681 3299 curru

2113 3348 2434 3410 vehebatur,
2482 3354 2537 3398 et
2574 3344 2670 3398 filii
2710 3344 2919 3414 copias.
2972 3341 3116 3395 anli
3170 3354 3301 3392 vero
3351 3337 3548 3393 Turcis
3598 3344 3687 3389 est

2111 3439 2371 3507 oppidum
2428 3444 2584 3490 vetus
2624 3435 2917 3489 'I‘zurolloe
2966 3433 3049 3488 vel
3086 3429 3385 3493 Tzurulus,
3446 3428 3516 3482 de
3574 3441 3687 3495 quo

2115 3534 2317 3588 dictum
2374 3546 2495 3600 cap.
2561 3527 2652 3582 26.
2708 3527 2895 3583 Jovins
2949 3527 3046 3591 ait,
3075 3525 3143 3579 ab
3190 3523 3293 3578 hac
3343 3520 3682 3576 memorabili

2116 3642 2293 3694 pugna
2326 3638 2521 3693 pagum
2552 3622 2721 3686 hunc,
2763 3621 2917 3688 prius
2952 3619 3250 3672 obscurum
3277 3622 3331 3669 et
3363 3612 3681 3684 ignobilem,

2118 3720 2194 3789 (ιιι
2248 3733 2415 3789 supra
2481 3718 2626 3770 dicto
2689 3714 2871 3781 capite
2918 3707 3298 3776 refutavimus)
3334 3719 3532 3761 nomen
3584 3704 3683 3757 ali-

2116 3811 2283 3879 quod,
2337 3818 2392 3865 et
2440 3808 2783 3877 splendorem
2849 3804 3027 3858 fuisse
3071 3806 3449 3856 consecutum.
3512 3795 3688 3863 Span-

2116 3906 2352 3974 duginus
2408 3902 2581 3966 addit,
2621 3898 2869 3954 eumdem
2920 3895 3098 3949 locum
3173 3893 3447 3960 pertinere
3492 3899 3688 3943 versus

2119 3994 2482 4065 Quadraginta
2547 3991 2828 4047 ecclesias.
2907 3988 2961 4041 Id
3017 3988 3178 4041 etiam
3256 3984 3514 4053 oppidum
3599 3993 3685 4037 est

2120 4088 2405 4150 Thraciae,
2453 4100 2602 4139 nunc
2653 4081 2855 4136 Graecis
2918 4080 3150 4133 Saranta
3204 4076 3451 4133 ecclisies
3502 4075 3682 4145 appel-

2120 4183 2290 4237 latum
2321 4179 2507 4249 (prisci
2564 4176 2973 4244 τεσσαράκοντα
3027 4169 3318 4238 ἐκκλησίας
3372 4166 3688 4236 dixissent),

2122 4273 2248 4327 Kirc
2277 4272 2452 4326 Clisse
2496 4269 2715 4331 Turcis.
2770 4266 2958 4321 eodem
3010 4262 3357 4334 significato:
3418 4260 3511 4315 ubi
3562 4273 3687 4313 san-

2125 4364 2267 4433 giaei
2314 4348 2672 4416 Kirccliensis
2707 4359 2865 4414 hodie
2918 4357 3077 4412 sedes
3126 4362 3232 4422 est,
3264 4353 3523 4407 Rumeliaa
3573 4352 3689 4408 sive

3149 4448 3377 4503 Selimes
3458 4444 3690 4514 denique

2133 4551 2316 4619 praelia
2365 4548 2562 4611 vietus.
2598 4546 2723 4616 equi
2770 4542 3034 4599 beneficio
3064 4540 3246 4596 salvus
3283 4540 3455 4594 evasit
3491 4556 3505 4593 :
3535 4536 3694 4606 cujus

2132 4647 2176 4697 si
2229 4657 2427 4695 nomen
2478 4640 2643 4695 etiam
2690 4638 2831 4694 scire
2876 4635 3063 4699 refert,
3114 4641 3176 4689 ut
3222 4634 3368 4687 illius
3402 4629 3695 4687 Alexandri

2133 4733 2451 4801 Bncephati,
2486 4731 2785 4785 notandum
2828 4744 2884 4783 c-
2913 4726 3243 4796 Busbequio,
3268 4725 3476 4778 dictum
3524 4722 3696 4779 fuisse

2131 4825 2459 4898 Carabnlyc,
2498 4841 2633 4880 voce
2662 4824 2858 4878 nubem
2889 4822 3095 4892 nigram
3119 4818 3485 4890 significante.

2128 4920 2252 4975 194.
2298 4919 2515 4974 Selimes
2572 4920 2737 4973 victus
2792 4916 2949 4986 Cofcn
2998 4914 3229 4983 aufugit,
3288 4911 3460 4980 Midqe
3510 4927 3699 4982 pagus,

2664 4986 2954 5041 Nischanzi
2982 4986 3161 5039 basta.

2200 5078 2326 5148 Pagi
2358 5077 2546 5148 Migdte
2575 5091 2775 5133 nomen
2798 5076 3024 5131 annales
3054 5076 3156 5130 soli
3190 5074 3453 5138 referunt,
3488 5072 3701 5126 ueteris

2131 5171 2195 5225 ad
2229 5169 2450 5240 Nigrum
2504 5186 2650 5225 mare
2680 5170 2937 5225 Selimem
2968 5166 3279 5239 profugisse
3324 5164 3699 5219 narrantibus.

2129 5261 2321 5331 Midgae
2350 5278 2481 5317 tero
2513 5263 2651 5318 situs
2679 5278 2745 5315 cx
2779 5277 2845 5316 eo
2879 5261 3184 5331 colligitur,
3216 5258 3338 5328 pagi
3368 5256 3704 5322 emteroquin

2125 5328 2319 5422 ignoti,
2356 5363 2409 5407 et
2438 5370 2706 5423 nusquam
2742 5356 2964 5423 proditi,
2996 5328 3580 5421 quod.Spanduginus,
3629 5347 3707 5405 ait

2129 5445 2385 5500 Selitneut
2447 5462 2545 5515 per
2606 5446 2897 5501 Thraciam
2974 5444 3232 5514 fugiendo
3276 5440 3515 5494 Varuani
3582 5453 3708 5487 ver—

2133 5554 2251 5603 sus,
2307 5538 2573 5593 Euxinum
2641 5542 2883 5608 pi'tiissc.
2942 5539 3283 5606 Quapropter
3351 5535 3524 5602 Midge
3594 5548 3701 5584 non

2137 5634 2327 5705 procul
2363 5633 2539 5687 aberit
2581 5648 2610 5686 a
2659 5635 2859 5696 Varna,
2913 5633 2980 5686 de
3028 5648 3132 5699 qua
3190 5629 3441 5698 superius
3476 5631 3702 5689 dictum,

2139 5728 2316 5796 capite
2362 5727 2478 5782 “5.
2516 5728 2669 5793 Quod
2704 5730 2862 5797 paulo
2897 5733 3014 5796 post
3058 5723 3309 5793 sequitur
3338 5718 3702 5775 (Iadtlcscberi
