4204 6300
507 405 616 469 865

1640 411 2035 474 PANDEC‘TE
2073 413 2274 476 lllST.
2309 411 2614 473 TURCIC.

3647 411 3756 474 866

507 535 729 581 nomen,
755 519 1088 575 declaratum
1119 537 1308 592 supra.
1333 538 1449 594 cap.
1483 523 1569 579 29.
1594 524 1890 581 Nisehanzi
1920 530 2078 582 bassa
2109 540 2154 590 Α
2185 528 2436 584 s'intnlns
2466 528 2808 593 ambitionis,
2839 527 3052 582 alienos
3076 541 3107 583 ι
3139 524 3486 594 professione
3518 523 3760 594 philoso-

504 614 707 668 dicitur
778 616 918 683 apud
974 617 1184 671 Tun-os
1239 619 1285 672 is
1332 620 1425 687 qui
1483 620 1698 675 litteras
1760 636 1972 678 omnes.
2032 630 2085 674 et

504 703 868 761 instrumenta
906 719 1178 781 quotquot
1235 713 1377 782 apud
1416 712 1637 767 Portam
1690 714 2077 783 expediuntur.

513 795 808 866 obsignat:
851 800 1098 870 adeoque
1146 803 1284 872 gerit
1345 806 1608 868 officium,
1663 806 1902 874 supremi
1947 821 2081 859 cau-

502 886 715 940 cellarii
749 890 951 944 nostris
981 893 1032 944 in
1062 892 1204 947 aulis
1233 891 1410 947 oﬂiciu
1446 894 1646 947 simile.

500 996 623 1078 195.
652 1000 921 1078 _Achmetis
947 1004 1224 1078 (Inibi-0n“!
1253 1017 1302 1060 et
1327 1009 1621 1078 incedentis
1665 1012 1938 1078 imperium
1971 1013 2075 1064 du-

573 1072 718 1122 rities
746 1088 872 1136 ergo
919 1077 1218 1140 genizaros,
1243 1077 1539 1134 crudelitas
1590 1083 1644 1133 iu
1685 1072 1903 1151 legatos.
1946 1085 2077 1138 Cor-

569 1153 710 1192 (utea
766 1144 1000 1209 [rutrum
1036 1150 1370 1213 competitor.

565 1251 920 1312 Ostendimus
966 1260 1018 1312 in
1053 1259 1478 1318 Osmanidarum
1533 1266 1866 1334 gencaIOgia.
1916 1265 2078 1322 Sina-

498 1362 618 1398 nein
664 1349 944 1410 scachum.
976 1360 1030 1405 et
1060 1353 1328 1408 Allamam
1363 1357 1640 1420 séachuin,
1680 1360 2076 1428 pritnogenitos

495 1436 750 1503 ltajazitis
812 1443 975 1507 filios,
1039 1453 1169 1499 ante
1239 1457 1442 1515 patrem
1503 1451 1808 1506 exstinctos
1865 1451 2071 1508 fuisse:

490 1545 723 1598 quorum
805 1535 990 1599 unius,
1069 1539 1296 1607 majoris
1362 1543 1577 1598 scilicet
1637 1556 1791 1608 natu,
1847 1545 2074 1600 Sinanis

489 1624 698 1676 obitum
738 1628 1034 1694 peracerhe
1081 1640 1237 1699 pater
1287 1649 1353 1687 ac
1418 1634 1514 1688 diu
1571 1636 1727 1690 luxit.
1769 1637 1990 1692 Tertius
2043 1655 2074 1693 e

491 1714 616 1767 filiis
645 1728 762 1770 erat
809 1719 1129 1784 Aebmetes,
1180 1725 1415 1779 Amasiae
1448 1726 1783 1795 przefectus;
1833 1729 1928 1798 qui
1981 1745 2071 1783 ac-

487 1813 639 1870 cepta
671 1819 851 1860 matus
905 1807 1195 1866 Selimiani
1253 1813 1396 1868 fama
1452 1831 1578 1870 cum
1616 1817 1798 1871 20000
1853 1831 2061 1874 amato-

2189 620 2303 688 phi,
2337 625 2510 676 sensit
2543 623 2726 690 :quod
2753 623 2878 692 jure
2899 622 3002 677 sibi
3060 631 3276 692 putaret
3301 621 3592 690 imperium
3666 621 3762 674 de-

2187 711 2442 780 beri,qui
2504 711 2701 768 fuisset
2727 722 2854 767 ante
2908 721 3122 782 patrem
3181 710 3567 779 inauguratus.
3617 708 3758 774 Quid

2184 816 2365 859 autem
2392 803 2655 871 effecerit,
2683 806 2752 861 ab
2791 805 2924 874 ipsis
2980 802 3293 874 expositum
3333 800 3536 872 legitur
3571 801 3758 854 Attua-

2185 897 2350 952 libus.

2186 1010 2528 1088 196.‘Zecm_e_
2571 1013 2762 1088 minor,
2795 1012 3043 1088 Rhegium
3075 1010 3184 1088 sive
3222 1005 3760 1088 .'Ph7to_v,inaju‘s”¢t

2254 1084 2449 1158 minus,
2477 1076 2833 1158 Melantigset
2859 1076 3372 1158 bﬂlitiagdthyras
3399 1079 3611 1158 (inpius,
3631 1076 3759 1145 Gly-

2250 1153 2466 1222 Irynero,
2489 1165 2667 1207 votum
2692 1152 3033 1215 Suleimanis.
3056 1153 3378 1221 Athyrorum
3402 1152 3754 1217 episcopatus.

2250 1267 2456 1322 Nomen
2489 1267 2685 1323 Zeeme
2716 1268 3173 1336 signiﬁcationem
3212 1266 3267 1321 in
3303 1265 3488 1336 lingua
3517 1262 3756 1318 Turcica

2179 1363 2387 1415 nultum
2413 1363 2596 1417 habet.
2662 1363 3067 1433 Quaproptera
3139 1361 3348 1416 Graecis
3412 1359 3480 1414 ad
3539 1357 3756 1412 Turcos

2181 1454 2720 1522 velutususcapione
2751 1456 2986 1524 quadam
3049 1454 3370 1524 pervenisse
3423 1450 3690 1518 arbitror,
3717 1465 3750 1503 a

2179 1545 2416 1616 Zeugma
2455 1548 2537 1602 vel
2559 1547 2823 1619 Zeugmin
2851 1551 3158 1606 derivatum
3187 1567 3200 1603 :
3246 1549 3298 1604 id
3324 1556 3434 1614 est,
3467 1561 3497 1600 a
3523 1545 3755 1614 junctu-

2178 1636 2253 1689 ris
2282 1639 2550 1704 pontium.
2587 1639 2787 1705 quibus
2815 1641 3097 1711 elegantes
3123 1641 3236 1694 duo
3286 1637 3644 1709 Proponitidis
3671 1637 3753 1692 si-

2179 1742 2282 1782 nus
2312 1727 2425 1782 illic
2453 1739 2796 1794 sternuntur,
2849 1731 2902 1785 in
2928 1747 3161 1800 quorum
3185 1732 3420 1786 alterum
3486 1731 3563 1785 ad
3621 1731 3755 1786 Zer-

2178 1835 2298 1872 men
2327 1821 2594 1874 minorem
2621 1835 2681 1874 se
2707 1819 2905 1876 ﬂuvius
2927 1823 3161 1892 Athyras
3182 1821 3434 1877 effundit.
3474 1821 3574 1875 Est
3599 1821 3748 1875 enini

489 1910 607 1947 rum
642 1913 738 1967 per
789 1900 974 1978 Asiam
1029 1905 1297 1960 minorem
1362 1908 1702 1974 Scutarium,
1754 1928 1784 1966 e
1840 1915 2063 1984 regione

2171 1910 2368 1964 Zecme
2404 1912 2609 1974 minor,
2645 1912 2725 1966 vel
2781 1914 3280 1981 comepolichnion,
3311 1913 3398 1968 vel
3421 1913 3741 1984 oppidulum

483 1985 1000 2062 Constantinopolis
1021 1997 1213 2058 situm.
1241 2004 1553 2067 contendit,
1619 2013 1674 2059 et
1701 2006 1886 2061 audita
1911 2010 2036 2078 geni
2055 2040 2069 2050 -

488 2095 744 2137 zarorum
768 2085 1062 2154 legatione,
1105 2091 1200 2158 qui
1234 2107 1294 2147 se
1317 2105 1647 2164 accepturos
1681 2097 1858 2166 ipsius
1894 2099 2068 2170 impe-

485 2172 626 2227 rium
647 2177 996 2242 nuntiabant,
1017 2180 1060 2233 si
1088 2182 1314 2251 majores
1338 2199 1583 2239 annonas
1605 2189 1849 2256 polliceri
1876 2192 2062 2258 vellet,

484 2265 679 2321 durius
709 2271 1014 2338 respondit,
1040 2274 1187 2328 nolle
1213 2290 1296 2340 se,
1319 2275 1430 2344 jam
1458 2278 1804 2348 designatum
1837 2298 1865 2336 a
1904 2293 2064 2352 patre

486 2371 890 2428 successorem,
921 2365 988 2416 ah
1027 2365 1159 2434 ipsis
1190 2368 1479 2436 imperium
1536 2375 1712 2440 pretio
1769 2376 2062 2445 redimere,

485 2453 687 2520 quibus
723 2456 803 2508 vel
839 2457 1023 2511 invitis
1054 2475 1118 2512 eo
1147 2462 1218 2515 sit
1242 2463 1544 2530 petiturus.
1572 2464 1668 2520 llis
1703 2469 1886 2524 verbis
1942 2472 2064 2526 ani-

487 2563 605 2601 mos
633 2547 1029 2607 Genizarorum
1063 2557 1130 2610 ab
1165 2572 1223 2612 se
1259 2573 1489 2627 prorsus
1551 2562 1835 2628 alienavit,
1862 2574 1921 2621 et
1956 2567 2064 2621 ἰηι-

483 2641 724 2708 prudens
753 2646 949 2699 aemulo
974 2646 1164 2700 Selimi
1222 2651 1498 2719 adjunxit.
1535 2652 1688 2719 Quod
1752 2657 1843 2710 ubi
1904 2669 2061 2727 pater

483 2734 969 2801 animadverteret,
1007 2741 1203 2795 iisdem
1278 2744 1564 2799 Achcmeti
1628 2751 2060 2807 reconciliandis

485 2824 661 2880 50000
697 2829 1244 2894 sultaninorum,tilii
1301 2838 1539 2902 nomine,
1605 2842 1879 2906 promisit.
1935 2842 2060 2898 ΙΙωο

483 2919 694 2974 scilicet
729 2920 816 2973 illa
842 2919 1008 2994 474
1035 2928 1269 2991 pecunia
1305 2927 1434 2993 fuit,
1467 2944 1630 2996 quam
1658 2932 1886 2986 annales
1912 2935 2054 2987 Ach-

483 3018 684 3063 Inetem
710 3013 850 3079 patri
875 3016 1096 3069 misisse
1129 3017 1401 3073 referunt.
1435 3019 1574 3077 Hine
1615 3021 1798 3077 Asiam
1829 3026 2062 3080 visuba-

484 3109 677 3158 cturus
704 3106 1017 3169 Aclimetes,
1048 3111 1246 3162 mortui
1305 3109 1493 3166 fratris
1549 3115 1636 3168 sui
1697 3117 2057 3184 primogeniti

2171 2003 2328 2068 illud,
2359 2003 2548 2060 multis
2582 2005 2828 2059 cinctum
2881 2006 3311 2072 moenibus;cui
3356 2021 3507 2061 nune
3568 2004 3744 2061 Ponto

2170 2097 2385 2166 piccolo
2410 2112 2610 2152 nomen
2631 2108 2713 2153 est
2737 2097 3010 2166 Italicum,
3037 2116 3066 2154 a
3104 2101 3302 2155 minori
3353 2109 3542 2170 ponte.
3579 2100 3747 2155 Facta

2169 2188 2274 2244 fuit
2309 2189 2429 2260 ejus
2465 2192 2673 2245 mentio
2730 2207 2923 2263 supra,
3007 2194 3190 2264 capite
3247 2194 3512 2250 vicesimo
3567 2206 3745 2249 sexto.

2168 2283 2350 2338 Minor
2389 2294 2574 2339 autem
2609 2285 2832 2352 Zecme,
2891 2289 3040 2343 sicut
3094 2297 3148 2344 et
3222 2303 3362 2359 pons
3420 2289 3624 2351 minor,
3674 2288 3744 2343 ad

2166 2377 2464 2432 discrimen
2490 2378 2716 2446 majoris
2745 2380 2973 2444 dicitur,
3020 2381 3234 2453 longius
3256 2382 3326 2437 ab
3361 2382 3497 2436 urbe
3553 2396 3748 2437 versus

2168 2466 2450 2524 Siliuriam
2479 2472 2760 2527 distantis.
2785 2472 3128 2530 Theodosius
3157 2473 3486 2547 Zygornalas
3519 2476 3750 2546 putabat

2166 2563 2408 2632 antiquis
2434 2565 2774 2634 temporibus
2838 2567 3045 2623 dictum
3107 2567 3279 2625 fuisse
3327 2567 3569 2639 Ῥήγιον,
3627 2570 3749 2626 sive

2165 2654 2455 2722 Rhegium,
2491 2658 2670 2726 majus
2698 2668 2753 2711 et
2804 2661 3014 2722 minus.
3044 2669 3099 2716 et
3144 2672 3443 2732 utrumque
3476 2663 3748 2719 Constano

2164 2744 2265 2798 tini
2304 2745 2480 2817 Magni
2520 2763 2660 2817 opus
2696 2749 2891 2807 fuisse.
2949 2751 3110 2818 Quod
3168 2758 3215 2811 si
3270 2771 3458 2812 verum
3518 2768 3626 2823 est,
3688 2766 3749 2812 ut

2164 2840 2413 2906 equidem
2451 2857 2560 2896 non
2595 2843 2806 2909 dubito,
2849 2847 3186 2919 intelligetur
3238 2849 3434 2921 Rhegii
3514 2853 3743 2910 nomine

2166 2927 2322 2984 Parvi
2352 2931 2538 2988 Pontis
2569 2936 2924 3004 oppidulum,
2963 2941 3081 2995 sive
3133 2940 3346 2996 Zecmae
3371 2942 3631 3010 minoris,
3686 2945 3741 3000 in

2164 3022 2394 3079 historia
2418 3025 2608 3082 Graeca
2644 3034 3044 3102 manuscripta,
3075 3035 3237 3091 titulo
3267 3049 3514 3102 carentc,
3579 3040 3742 3111 cujus

2162 3117 2341 3171 obiter
2404 3122 2757 3178 meminimus
2803 3126 2982 3196 capite
3030 3129 3265 3195 decimo,
3320 3147 3446 3188 cum
3506 3146 3741 3204 narrat,

486 3194 704 3250 Siuanis
734 3197 873 3251 filios
898 3199 1288 3256 Mucheinetcm
1315 3213 1369 3256 et
1421 3205 1732 3267 Aladinem.
1771 3207 2059 3276 Larendzr,
2083 3223 2132 3287 ρ
2166 3209 2471 3279 imperante
2503 3212 2817 3271 Iustiniano
2839 3194 3039 3287 primo,
3071 3223 3224 3291 gravi
3263 3232 3423 3279 terra:
3453 3237 3604 3284 motu
3633 3243 3741 3284 non

482 3287 824 3343 Caramauia:
847 3296 1067 3360 Oppido,
1104 3295 1172 3348 de
1197 3310 1306 3362 quo
1343 3297 1519 3363 capite
1559 3297 1658 3351 lfi'l
1694 3300 1926 3364 dictum,
1957 3304 2060 3356 ub-

485 3381 628 3434 sedit
655 3389 709 3434 et
737 3384 900 3451 cepit.
941 3384 1068 3450 Ejus
1102 3387 1179 3439 rei
1213 3400 1381 3441 causa
1408 3403 1531 3442 cum
1567 3390 1811 3458 graviter
1843 3405 1873 3443 a
1903 3403 2061 3463 patre

483 3488 583 3545 per
604 3475 812 3542 legatos
849 3477 1260 3546 objurgaretur.
1297 3480 1586 3548 legationis
1621 3484 1923 3552 principem
1959 3500 2058 3538 ca-

482 3567 597 3638 pite
627 3570 873 3621 trnucari
903 3569 1091 3636 jussit,
1127 3571 1338 3626 caeteris
1366 3588 1527 3627 nares
1575 3585 1629 3628 et
1665 3589 1829 3631 aures
1861 3580 2056 3647 praeci-

482 3660 582 3712 tlit.
616 3657 669 3713 Id
711 3658 923 3714 facinus
955 3662 1204 3715 omnium
1233 3662 1355 3716 odia
1377 3666 1605 3720 miriﬁce
1636 3670 1690 3720 in
1725 3669 2052 3725 Achtnetent

485 3751 760 3806 accendit.
796 3751 873 3805 Ac
935 3751 1219 3805 videamus
1275 3755 1529 3820 obsecro,
1581 3773 1705 3827 qua:
1761 3775 1946 3814 rerum
2007 3762 2058 3815 id

485 3843 747 3910 temporis
802 3841 1057 3898 coafusio
1115 3845 1283 3898 fuerit
1341 3848 1394 3899 in
1451 3846 1751 3904 Osmanico
1804 3853 2057 3922 imperio.

484 3937 720 4002 Quintus
751 3938 945 3992 ordine
991 3941 1250 3993 nascendi
1289 3942 1433 3995 fiiius
1494 3944 1774 4010 Bajazitis,
1826 3963 1952 4000 raro
2004 3951 2057 4000 in

482 4031 906 4085 Osniauidarum
942 4030 1148 4112 familia
1191 4034 1444 4102 exeniplo
1474 4034 1692 4091 Selisuis
1718 4054 1781 4091 ex
1826 4053 2060 4108 utroque

481 4136 708 4195 parente
739 4125 929 4190 frater,
961 4126 1226 4180 Coreutes
1251 4135 1392 4179 erat.
1445 4126 1686 4192 Quartus
1729 4128 1875 4181 enim
1941 4129 2056 4182 Mu-

480 4218 779 4284 ehemetes,
815 4231 940 4272 ante
972 4218 1076 4272 hoc
1111 4227 1325 4286 tempus
1354 4233 1382 4271 a
1415 4220 1688 4288 suspicaci
1748 4234 1901 4290 patre
1930 4238 2053 4276 cunt

482 4309 800 4378 incognitus
842 4321 898 4362 et
934 4319 1165 4380 patrem,
1196 4319 1249 4361 et
1276 4310 1476 4363 fratres
1497 4325 1627 4366 suos
1664 4312 1912 4375 adiisset,
1943 4331 2058 4368 ine-

483 4409 539 4454 tu
574 4411 754 4456 motus
795 4403 1026 4471 alicujus
1058 4403 1276 4464 secreti,
1307 4419 1515 4459 veneno
1541 4404 1789 4459 sublatus
1820 4420 1848 4457 e
1877 4407 2059 4461 medio

485 4493 684 4548 fuerat.
719 4495 766 4548 ls
804 4492 1091 4557 Coreutes.
1123 4497 1397 4551 moriente
1421 4513 1523 4552 avo
1555 4497 1903 4554 Muchemete
1971 4516 2058 4553 se-

2166 3305 2353 3359 urhem
2383 3306 2542 3361 modo
2570 3309 2957 3376 deformatam,
3005 3313 3100 3368 sed
3137 3315 3252 3384 ipsa
3279 3333 3503 3388 quoque
3538 3322 3741 3376 subur-

2164 3394 2251 3450 bia
2279 3412 2401 3451 cum
2453 3397 2662 3469 Rhegio
2715 3403 2980 3459 subversa
3010 3416 3064 3462 et
3123 3408 3325 3464 abolita
3381 3410 3572 3471 fuisse.
3621 3412 3740 3471 Non

2163 3489 2310 3542 enim
2343 3490 2449 3543 alia
2486 3493 2751 3548 suburbia
2805 3495 3322 3568 Constantinopolis
3384 3504 3594 3574 habuit,
3645 3516 3742 3562 aut

2165 3574 2364 3634 habere
2412 3585 2608 3648 potuit,
2649 3599 2813 3652 quam
2857 3603 2978 3653 qua:
3007 3604 3198 3644 versus
3233 3593 3428 3658 duplex
3464 3598 3566 3651 hoe
3596 3594 3742 3651 Ithe-

2163 3670 2577 3740 gium,pontem
2620 3677 2885 3733 minorem
2939 3689 2994 3735 et
3028 3685 3289 3752 majorem
3327 3687 3738 3755 pertinuerunt,

2164 3769 2222 3813 ut
2261 3763 2531 3833 hodieque
2564 3776 2831 3823 testantur
2887 3772 3253 3830 aedificiorum
3289 3781 3732 3838 suhurbanorum

2163 3855 2419 3911 maxima:
2450 3859 2534 3912 vel
2581 3860 2772 3922 ruinae,
2808 3863 2889 3916 vel
2922 3865 3139 3922 rudera.
3163 3868 3385 3925 Graecus
3410 3874 3572 3927 etiam
3598 3878 3736 3931 scri-

2163 3957 2287 4016 ptor
2314 3950 2556 4003 historia:
2587 3953 2845 4019 Agathias
2892 3963 3099 4022 noster,
3141 3958 3281 4013 libro
3335 3963 3534 4031 quinto
3576 3982 3735 4022 men-

2162 4040 2367 4094 tionem
2399 4041 2585 4111 Rhegii
2617 4045 2746 4098 facit
2772 4084 2786 4105 .
2815 4047 2872 4100 in
2925 4048 3296 4120 descriptione
3350 4064 3508 4111 terrae
3555 4070 3736 4116 motus

2161 4133 2428 4199 ejusdem.
2467 4138 2554 4188 tibi
2594 4136 2860 4207 Rhegium
2909 4143 3061 4196 addit
3112 4145 3350 4200 ἐπίνειον
3399 4152 3548 4206 urhis
3582 4169 3735 4224 esse,

2161 4223 2214 4278 id
2243 4233 2329 4277 est
2360 4225 2617 4294 Oppidum
2656 4232 3055 4295 suburbanum,
3109 4236 3254 4302 quod
3293 4243 3589 4299 stationem
3628 4263 3730 4317 pro

2162 4316 2393 4369 navibus
2428 4317 2608 4372 habet.
2649 4322 2800 4388 Apud
2827 4323 3365 4397 Cosmographorum
3426 4316 3730 4410 principem

2162 4409 2429 4462 Ortelium
2455 4425 2522 4464 ex
2561 4410 2827 4482 Procopio
2848 4415 3130 4487 Suidaque
3153 4426 3421 4490 reperitur
3445 4429 3732 4489 Melantias

2163 4507 2216 4553 et
2246 4498 2469 4565 Melitia,
2500 4506 2620 4572 pagi
2652 4519 2848 4562 nomen
2885 4510 2938 4562 in
2981 4507 3239 4579 Thracia,
3271 4527 3489 4573 centum
3518 4521 3734 4582 duobus

483 4589 684 4653 eundo,
719 4590 787 4640 ah
817 4589 1010 4642 amicis
1049 4589 1312 4657 paternis,
1364 4591 1590 4644 absente
1613 4599 1788 4660 patre,
1820 4593 2061 4646 colloca-
2089 4586 2139 4645 D
2166 4590 2362 4645 stadiis
2415 4608 2442 4647 a
2469 4591 2746 4664 Byzantio
2800 4600 3001 4661 dissiti.
3056 4622 3217 4673 quem
3263 4610 3497 4681 Athyras
3553 4621 3731 4675 amnis

485 4690 572 4735 tus
608 4683 659 4734 in
693 4684 898 4752 regium
953 4682 1354 4736 fueratSuIium
1394 4699 1405 4735 :
1440 4699 1506 4736 ne
1571 4685 1738 4737 frater
1797 4683 2059 4753 Bajaziiis

483 4772 696 4838 Zemes,
735 4775 883 4843 prior
913 4776 1299 4844 inauguratus,
1325 4773 1555 4842 Bajaziti
1612 4791 1839 4844 regnum
1869 4779 2058 4844 praeri-

482 4880 654 4937 peret.
683 4869 1011 4923 Advenienti
1066 4869 1265 4922 deimle
1308 4869 1857 4935 Constantinoiiolim
1908 4870 2053 4939 patri

479 4973 533 5014 et
564 4962 817 5015 abdicato
845 4960 980 5025 filio,
1014 4963 1304 5030 imperium
1338 4963 1390 5014 in
1420 4977 1479 5016 se
1507 4961 1892 5026 transferenti,
1929 4978 2052 5018 ces-

479 5067 628 5110 serat
676 5066 867 5109 tenero
924 5056 1160 5124 quodam
1245 5070 1432 5108 amore
1508 5057 1818 5124 pietateque
1876 5067 2057 5110 motus

478 5152 743 5205 Coi-cutes
776 5169 792 5204 :
828 5164 953 5203 cum
985 5149 1089 5203 hoc
1122 5149 1344 5201 nomine
1366 5149 1608 5200 vicissim
1633 5155 1786 5215 pater
1815 5148 1893 5202 illi
1927 5163 2056 5218 pro-

479 5244 746 5308 misisset,
770 5256 830 5296 se
865 5242 1132 5294 rationem
1181 5241 1373 5310 ipsius,
1410 5239 1464 5292 in
1493 5239 1886 5295 constituendo
1933 5253 2056 5294 suc-

479 5352 722 5398 cessore,
754 5350 916 5402 supra
977 5334 1119 5388 filios
1181 5345 1412 5388 caeteros
1466 5331 1810 5386 habiturum.
1865 5331 2054 5387 Eidem

478 5428 866 5480 Castamonant
894 5433 1016 5491 post
1047 5425 1340 5489 obtinenti,
1369 5423 1436 5477 de
1481 5437 1589 5491 qua
1637 5421 1842 5475 dictum
1874 5423 2057 5490 capite

476 5519 568 5582 66,
603 5533 634 5571 a
660 5527 830 5571 morte
864 5516 1049 5570 fratris
1072 5514 1430 5570 Huchemetis
1457 5514 1798 5581 provinciam
1837 5513 2058 5582 Magne-

479 5612 615 5666 siam
671 5612 1020 5675 attribuerat,
1098 5624 1208 5664 non
1267 5609 1467 5676 exigua
1533 5607 1713 5677 Lycia:
1767 5605 2056 5677 Cariaeque

482 5714 638 5772 parte
698 5702 1012 5756 adauctam.
1079 5699 1176 5754 llic
1222 5715 1352 5769 ergo
1403 5699 1696 5762 ﬂorentes,
1751 5703 2052 5768 caatcquui

484 5795 680 5849 studiis
726 5793 1240 5846 Mahumetanorum
1301 5791 1721 5860 philosophicis,
1777 5801 1832 5846 et
1879 5792 2052 5860 quieti

477 5884 1047 5953 deditus,seditiones
1071 5885 1346 5942 fraternas
1393 5882 1770 5953 conspicatus,
1835 5891 1888 5939 et
1935 5884 2055 5954 ipse

2163 4680 2356 4744 alluat,
2390 4698 2616 4750 prorsus
2654 4687 2758 4740 hoc
2786 4688 2852 4742 de
2908 4689 3103 4746 Zecme
3159 4697 3242 4750 vel
3294 4680 3468 4756 Ponte
3527 4705 3728 4761 minori

2159 4772 2562 4840 accipiendum,
2597 4792 2624 4829 a
2657 4777 3130 4851 Constantinopoli
3174 4788 3490 4856 quindecim
3531 4795 3730 4852 millia-

2169 4865 2326 4919 ribus
2360 4867 2566 4923 Grzecis
2592 4870 2870 4939 disjuneto
2902 4891 2914 4937 ;
2985 4893 3107 4946 qua:
3161 4895 3189 4932 a
3219 4934 3223 4938 ,
3253 4891 3472 4937 centum
3513 4889 3729 4944 duobus

2160 4960 2356 5014 Stadiis
2377 4961 2536 5026 nihil,
2571 4975 2663 5015 aut
2693 4981 2882 5033 parum
2952 4969 3172 5027 absunt.
3207 4975 3426 5046 Athyras
3452 4977 3600 5033 fluvii
3629 4997 3729 5037 no-

2161 5066 2281 5104 men
2317 5051 2401 5104 hic
2427 5054 2477 5106 in
2533 5055 2680 5123 Aqua
2715 5058 2865 5111 dolea
2919 5077 3065 5116 nunc
3097 5063 3245 5120 Italis
3309 5080 3390 5122 est
3440 5080 3730 5138 mutatum,

2159 5140 2366 5198 Graecis
2402 5145 2456 5198 in
2492 5145 2807 5217 Glykynero.
2841 5151 3040 5208 Pontes
3067 5157 3281 5222 ambos,
3318 5170 3423 5212 tam
3444 5161 3730 5232 majorem,

2161 5249 2324 5302 quam
2359 5238 2649 5301 minorem,
2687 5242 3018 5298 milliaribus
3055 5247 3243 5302 decem
3293 5251 3361 5302 ab
3390 5266 3450 5307 se
3497 5253 3730 5310 illVlf‘elli

2159 5326 2407 5390 dissitos.
2452 5330 2705 5385 sultanus
2739 5333 3103 5400 Soleimanes,
3145 5353 3277 5394 avus
3318 5342 3479 5408 hujus
3497 5344 3731 5402 Mur-atis

2161 5417 2330 5483 tertii,
2355 5419 2595 5474 maxime
2623 5431 2846 5490 sumptu
2901 5427 3092 5480 refecit
3129 5447 3139 5480 :
3180 5433 3336 5496 cujus
3366 5434 3587 5502 quidem
3621 5453 3708 5492 me

2161 5510 2427 5564 inorahile
2452 5523 2636 5566 votum
2669 5515 2793 5581 fuit,
2823 5533 2932 5585 quo
2967 5520 3068 5572 tria
3102 5522 3204 5575 sibi
3233 5525 3463 5579 concedi
3526 5527 3701 5581 divini

2161 5611 2247 5654 tus
2275 5606 2523 5671 optabat,
2555 5618 2610 5656 ut
2649 5617 2774 5661 ante
2821 5620 3050 5663 inertem
3117 5615 3425 5681 perficeret.
3458 5617 3726 5685 Primum,

2161 5695 2610 5751 instaurationem
2642 5704 2997 5769 aquzedurtus
3029 5707 3275 5771 maximi,
3329 5725 3490 5777 quem
3531 5711 3600 5762 ab
3632 5729 3730 5764 au-

2159 5800 2310 5842 etore
2343 5787 2648 5856 Valentem,
2691 5806 2786 5846 aut
2829 5794 3232 5860 Valentianmn,
3270 5799 3731 5855 uoaValentinia-

2160 5897 2312 5952 num,
2348 5892 2409 5940 ut
2440 5887 2600 5956 vulgo
2636 5888 2917 5960 corruptis
2950 5890 3004 5946 in
3040 5890 3198 5948 libris
3222 5892 3442 5962 legitur,
3481 5894 3730 5952 historici
