4204 6300
329 435 437 496 869

1462 427 1860 489 runcari;
1908 427 2111 490 utsr.
2152 424 2446 493 Tuaen;

3489 406 3596 474 870

330 555 416 601 set
451 565 464 600 :
497 560 604 598 non
661 541 1197 609 Constantinopolim
1253 540 1414 593 modo
1466 540 1679 604 refecit,
1717 554 1905 592 verum
1939 543 1982 599 Α
2017 540 2177 603 situs,
2249 549 2301 591 et
2369 532 2577 588 tribuni
2649 531 2864 598 plebis.
2927 541 3031 580 una
3088 541 3211 580 cum
3280 526 3593 582 tribulibus.

332 641 500 692 i-ti-am
536 638 725 692 decem
759 637 1109 696 sarcburum,
1149 634 1202 688 id
1253 645 1337 688 est
1367 634 1837 688 mcrcenarioruru
1864 639 1917 686 et

332 732 590 799 opiticmn
629 731 816 791 millia,
855 727 1291 800 Didymoticltum
1352 729 1500 781 misit
1538 742 1552 778 :
1586 729 1679 794 qui
1729 726 1918 796 patriae

333 835 451 876 suae
483 823 683 876 muenia
741 821 1007 892 collapsa,
1036 837 1160 874 cum
1211 818 1458 874 aediliciis
1517 819 1914 879 instaurareut,

332 917 407 968 uti
469 914 862 984 Spandngiuus
926 914 1206 969 memoriae
1270 910 1532 982 prodidit.
1561 910 1680 978 Quo
1732 920 1914 966 autem

330 1011 440 1064 ritu
483 1009 686 1063 sultani
721 1007 1030 1063 Osmauidas
1063 1006 1294 1060 mortuis
1324 1004 1595 1074 patribus,
1624 1005 1914 1072 imperium

332 1103 610 1170 auspicari
637 1101 873 1162 soleant,
933 1099 1242 1166 expositum
1274 1101 1325 1152 in
1376 1099 1767 1168 Supplemento
1801 1097 1914 1149 Au-

331 1195 536 1248 nalium
567 1204 778 1257 nostro,
830 1192 898 1247 ad
937 1203 1144 1247 aurium
1190 1191 1565 1247 Christianum
1605 1190 1761 1246 1566.
1817 1190 1917 1245 llic

329 1289 536 1360 quibus
583 1286 933 1343 ciereiuoniis
1008 1292 1299 1356 superstes
1364 1292 1520 1355 pater
1579 1285 1753 1340 tilium
1811 1285 1914 1339 sibi

332 1382 707 1438 sobstituerit.
757 1379 1054 1434 indicatur.
1109 1379 1326 1449 Quippe
1390 1379 1502 1433 lilio
1555 1375 1699 1432 tradi
1748 1381 1915 1432 cistas

325 1472 509 1543 jussit.
547 1472 752 1540 quibus
786 1472 1127 1542 imperatorii
1171 1473 1419 1526 thesauri
1460 1473 1912 1526 continebantur.

330 1562 532 1617 Eorum
571 1577 698 1616 vero
731 1563 954 1616 nomine
988 1575 1095 1616 non
1125 1562 1202 1617 illi
1262 1563 1510 1620 veniunt.
1543 1577 1685 1630 quos
1719 1561 1915 1616 adver-

331 1655 443 1710 sari
474 1654 720 1711 diximus
757 1654 812 1708 in
841 1652 1088 1710 .ledlcule
1127 1674 1140 1710 :
1174 1655 1269 1711 sed
1296 1664 1416 1724 quae
1442 1655 1616 1710 Graeci
1648 1654 1917 1709 vocabant

328 1747 709 1818 imperatoria,
730 1749 812 1802 vel
830 1747 1114 1817 mpetu,
1135 1748 1216 1802 vel
1252 1747 1524 1816 tuisque,
1543 1749 1624 1802 vel
1645 1737 1912 1816 σῦμῦολα.

331 1837 423 1894 Sic
453 1839 679 1894 Gracia
708 1852 910 1911 prator
944 1842 1042 1905 ait,
1092 1841 1308 1896 venisse
1333 1846 1490 1909 capta
1530 1842 1914 1896 Constantino-

331 1931 439 2002 poli
501 1932 817 1988 Graccoruin
890 1933 943 1988 in
1013 1944 1209 1988 uiantis
1252 1933 1606 2003 imperatoria
1660 1933 1910 1990 Balduini

331 2029 564 2084 secundi
593 2028 859 2099 symbola,
896 2043 1018 2098 qute
1044 2030 1262 2099 quidem
1297 2029 1412 2084 iure
1442 2029 1644 2084 fuerint
1676 2047 1690 2082 :
1720 2029 1915 2102 Calyp—

331 2130 438 2184 tra,
466 2119 654 2175 forma:
679 2116 894 2175 Latinis
925 2121 1151 2178 usitata
1174 2121 1424 2190 (Latinos
1448 2121 1620 2178 Graeci
1645 2125 1913 2177 vocabant

330 2212 564 2282 populos
599 2212 664 2266 ad
713 2213 1000 2282 imperimn
1055 2212 1241 2267 Roma:
1296 2213 1498 2269 veteris
1552 2214 1912 2283 pertinentes,

331 2315 458 2356 eum
491 2301 600 2358 sibi
650 2302 1025 2358 Romanorum
1064 2305 1490 2374 appellationem
1545 2307 1911 2377 arrogarent),

331 2407 389 2449 et
411 2394 708 2451 unianibus
763 2394 1030 2452 distincta
1079 2411 1204 2451 cum
1250 2397 1438 2466 lapillo
1503 2397 1655 2453 rubri
1713 2398 1916 2453 coloris

333 2485 388 2540 in
424 2487 631 2542 vertice
662 2486 860 2554 capitis
893 2505 906 2542 :
937 2488 1330 2553 calceameuta,
1358 2502 1523 2545 cocco
1565 2490 1732 2543 tincta
1760 2506 1772 2541 :
1806 2488 1916 2556 gla-

333 2577 459 2634 dius
481 2577 676 2650 vagina
694 2577 762 2633 de
787 2580 1031 2635 eoecinei
1062 2580 1266 2635 coloris
1292 2579 1474 2635 serico
1516 2581 1684 2643 facta,
1743 2582 1882 2635 vesti
1900 2611 1916 2622 -

337 2681 448 2726 tus.
483 2670 618 2726 inde
645 2677 856 2740 patrem
893 2670 1126 2727 Selimes
1157 2673 1314 2738 adiit,
1369 2673 1532 2742 eique
1582 2685 1826 2737 manum,
1863 2682 1920 2727 ut

337 2760 632 2816 Annalium
665 2762 836 2827 liber;
869 2762 1058 2833 pedes.
1082 2773 1141 2817 ut
1167 2761 1356 2818 Jovius
1389 2771 1596 2829 narrat,
1626 2765 1916 2818 osculatus

337 2855 618 2912 est.ldem
649 2857 800 2912 addit
853 2856 961 2912 boe
994 2857 1065 2912 ab
1119 2870 1188 2911 eo
1243 2857 1444 2912 factum
1508 2857 1768 2919 maxima,
1825 2857 1918 2912 sed

336 2949 592 3004 simulata
622 2964 750 3003 cum
784 2949 1193 3006 submissione:
1223 2965 1347 3004 cum
1383 2951 1708 3005 temeritatis
1740 2951 1920 3007 obiter

336 3057 452 3097 sua:
486 3043 700 3097 veniam
739 3053 1010 3113 posceret.
1045 3041 1169 3099 Mox
1187 3045 1234 3097 ei
1267 3053 1422 3113 pater
1471 3061 1767 3115 assurgens
1802 3048 1920 3114 gla-

337 3135 429 3191 dio
460 3135 603 3190 latus
634 3134 825 3199 cinxit,
876 3143 936 3188 ’nt
977 3133 1168 3191 Jovius
1217 3144 1487 3190 memorat
1519 3154 1533 3189 :
1566 3145 1624 3189 nt
1655 3137 1918 3204 Annales,

2022 631 2328 702 Cepitergo
2374 627 2710 682 secretarius
2745 623 2858 677 luce
2908 635 2970 675 ex
3008 619 3356 687 imperatoris
3377 620 3602 672 decreto

2022 725 2187 779 verba
2217 725 2396 793 legere
2430 740 2441 774 :
2480 719 2690 773 Bardas
2724 717 2906 772 Casar
2940 716 3231 769 adversum
3263 729 3348 766 me
3382 713 3604 782 conspi-

2022 819 2184 878 ravit.
2234 816 2291 868 ut
2353 813 2520 867 vitam
2547 810 2681 864 mihi
2732 807 2996 863 adimeret
3038 819 3257 873 :eaque
3306 803 3373 857 tle
3429 816 3599 858 causa

2019 913 2175 964 extra
2212 909 2402 964 urbem
2430 919 2512 959 me
2551 901 2799 957 abduxit.
2829 898 2983 965 Quod
3036 899 3139 952 nisi
3177 895 3499 965 Symbatius
3535 909 3600 948 ac

2019 1004 2255 1058 Basilius
2350 999 2615 1054 indicium
2732 995 2852 1062 ejus
2929 990 3006 1046 rei
3100 989 3231 1045 mibi
3319 988 3602 1050 {et-issent,

2019 1096 2272 1167 equidem
2302 1110 2408 1148 non
2451 1092 2687 1162 amplius
2726 1091 2780 1144 in
2815 1101 3046 1143 numero
3079 1089 3325 1140 virorum
3367 1083 3604 1139 exsiste-

2019 1207 2157 1246 rem.
2194 1189 2270 1243 Ac
2303 1189 2462 1259 periit
2494 1187 2587 1242 ille
2616 1197 2713 1240 sua
2779 1197 2912 1238 sane
2952 1181 3134 1250 culpa.
3172 1179 3436 1235 Basilium
3471 1187 3605 1232 vero

2019 1285 2664 1347 Parabimomen0n,ceu
2717 1273 2884 1334 litium
2937 1276 3096 1340 mibi,
3135 1274 3355 1345 meique
3409 1284 3604 1330 serva-

2019 1389 2192 1435 torem
2223 1375 2464 1448 imperii,
2526 1375 2733 1446 qulqoe
2783 1383 2868 1426 me
2905 1368 3159 1424 liberavit
3190 1366 3258 1422 ab
3288 1367 3468 1430 hoste.
3539 1378 3606 1420 ac

2021 1472 2286 1543 singulari
2345 1465 2546 1526 affectu
2605 1464 3010 1537 complectitur,
3065 1474 3189 1518 esse
3244 1459 3369 1515 Volo
3401 1470 3602 1514 custo-

2018 1560 2140 1622 dem
2180 1575 2234 1621 et
2259 1576 2575 1620 curatorem
2612 1559 2828 1630 imperii
2884 1557 2991 1614 mei
3023 1570 3040 1622 ς
3079 1553 3420 1621 faustisque,
3458 1551 3607 1606 velut

2018 1662 2431 1727 imperatorem,
2459 1650 2956 1709 acclamatidnibus
3009 1647 3266 1703 salutari.
3298 1645 3437 1700 Tum
3473 1657 3606 1699 vero

2018 1750 2255 1805 Basilius
2283 1746 2499 1819 oppleri
2529 1745 2808 1817 lacrymis.
2837 1741 2899 1796 Et
2935 1741 3236 1812 imperator
3262 1736 3542 1806 demptam
3573 1748 3606 1787 θ

2020 1846 2202 1917 capite
2253 1853 2359 1899 suo
2404 1851 2666 1898 coionsm
2718 1837 2915 1893 Pbotio
2956 1832 3282 1904 patriarcha:
3316 1826 3605 1900 porrexit:

2021 1941 2115 2009 (ιιιί
2149 1955 2211 1996 ea
2239 1948 2454 1992 sacram
2485 1935 2550 1989 ad
2576 1945 2824 1989 mensam
2853 1931 3162 1996 deportata,
3198 1938 3389 1996 preces
3442 1930 3607 1992 super

2021 2034 2173 2088 illam
2207 2029 2476 2096 concepit.
2526 2023 2659 2082 lude
2708 2023 3155 2096 paludamentum
3200 2017 3433 2072 attulere
3466 2026 3608 2085 prat-

2022 2123 2206 2197 positi,
2247 2134 2297 2177 et
2322 2116 2679 2178 calceamentl
2729 2117 2990 2171 Basilitttu
3023 2113 3348 2169 induerunt.
3395 2109 3469 2174 Is.
3502 2109 3606 2163 eb-

2018 2219 2160 2288 jecta
2225 2210 2532 2284 clilamyile,
2568 2210 2636 2266 ad
2705 2208 3058 2280 imperatoris
3123 2204 3289 2274 pedes
3348 2198 3606 2274 procidit.

2022 2312 2142 2368 Mox
2187 2322 2368 2366 autem
2399 2320 2659 2378 egressus
2681 2303 3026 2376 patriarcha.
3065 2301 3346 2369 demptam
3388 2296 3542 2367 prius
3577 2308 3610 2350 e

2023 2407 2202 2478 capite
2262 2398 2613 2473 imperatoris
2669 2409 2953 2457 coronam.
3015 2394 3239 2464 ipsiinet
3289 2389 3606 2460 Imperatori

2023 2495 2281 2561 reddidit.
2310 2498 2558 2566 Cumque
2619 2497 2858 2562 sceptra,
2909 2480 2976 2544 de
3015 2497 3187 2550 more,
3219 2485 3373 2541 humi
3426 2482 3610 2549 proci-

2024 2597 2254 2661 dissent,
2332 2587 2619 2646 coronavit
2686 2579 2946 2640 Basilinm
3021 2576 3274 2642 Micltael,
3346 2574 3608 2630 omnibus

2025 2689 2202 2744 l‘ousta
2259 2699 2391 2739 voce
2450 2676 2886 2736 acclamantibus
2923 2681 2936 2726 t
2977 2669 3229 2727 Michael!
3282 2680 3333 2723 et
3397 2666 3606 2721 Basilio

2025 2779 2286 2850 angustis,
2322 2773 2476 2829 multi
2509 2762 2657 2826 anni.
2693 2765 2821 2823 Haec
2854 2766 2952 2821 abs
2976 2776 3035 2818 te
3091 2759 3406 2834 putarimus
3441 2771 3613 2828 expo-

2027 2873 2226 2935 nemla,
2259 2883 2370 2938 quo
2402 2864 2669 2921 studiosis
2703 2860 3058 2929 antiquorum
3094 2852 3302 2910 rituum
3336 2865 3450 2908 rem
3484 2865 3611 2921 gra-

2027 2972 2134 3020 tam
2177 2962 2505 3017 faceremus.
2540 2954 2882 3024 Adjiciamus
2907 2958 2962 3006 et
2989 2947 3294 3005 tliﬂicilium
3325 2944 3607 3000 intellectu

2026 3055 2388 3130 quorumdam
2450 3044 2900 3130 explicationem.
2952 3040 3426 3130 Scaramangium,
3476 3037 3609 3107 quid

2027 3127 2121 3211 sit,
2175 3144 2478 3200 iudicatum
2519 3139 2698 3208 capite
2745 3128 2864 3188 ΓΗ.
2923 3127 3424 3201 Παρακοιμώμενοι
3480 3131 3613 3181 sunt

340 3228 479 3284 solio
502 3227 699 3283 sedere
719 3242 818 3282 suo
842 3227 1025 3294 jussit.
1059 3228 1374 3298 Calyptram
1412 3230 1461 3282 ei
1507 3229 1713 3283 nullam
1744 3231 1918 3298 impo-

2028 3239 2201 3296 intimi
2229 3233 2577 3295 cubicularii,
2609 3230 2702 3298 qui
2745 3223 3129 3295 augttstalibus
3161 3224 3217 3276 in
3255 3218 3530 3275 cubiculis
3557 3225 3614 3269 et

338 3320 639 3388 suit,quod
670 3334 734 3374 ea
764 3319 1070 3374 Turcorum
1129 3320 1365 3375 sultauis
1417 3322 1469 3374 in
1533 3337 1636 3374 usu
1673 3338 1781 3376 non
1824 3323 1919 3387 sit,

340 3411 622 3482 tuiipanto
680 3412 954 3468 duntaxat
1001 3421 1168 3485 caput
1221 3413 1631 3469 involventibus
1664 3431 1680 3470 :
1713 3416 1788 3469 uti
1854 3431 1923 3470 ne

338 3506 573 3562 sultanae
597 3503 822 3575 quidem
880 3505 1128 3574 ipsorum
1164 3507 1415 3576 calyptra
1451 3521 1728 3562 coronare
1782 3508 1923 3578 regi-

338 3599 442 3654 bus
472 3600 679 3653 nostris
702 3599 929 3664 usitata,
951 3608 1117 3668 caput
1171 3608 1393 3667 ornant,
1425 3599 1520 3655 sed
1576 3614 1702 3655 vera
1735 3601 1917 3664 taenia,

339 3690 455 3746 sive
491 3691 686 3756 fascia,
717 3693 834 3747 sive
855 3690 1188 3754 diademate,
1217 3692 1388 3747 variis
1418 3701 1474 3747 et
1502 3694 1766 3762 exquisiti
1800 3708 1920 3764 pre-

338 3784 397 3838 tii
431 3784 663 3856 gemmis
700 3784 988 3848 distincto,
1023 3783 1170 3853 quod
1210 3782 1278 3838 ad
1335 3784 1580 3855 sinciput
1610 3786 1916 3856 colligatur.

338 3875 624 3946 Ejusmodi
656 3876 908 3932 diadema
934 3875 1263 3932 conficiebat
1292 3875 1611 3932 Germanus
1641 3877 1920 3933 aui-ifaber

341 3967 395 4022 in
418 3967 618 4038 oppido
641 3965 856 4036 Galata,
893 3969 1136 4024 Joannes
1160 3967 1329 4036 Saxo,
1363 3977 1526 4025 natus
1550 3970 1692 4040 apud
1728 3969 1923 4026 llolsa-

341 4069 449 4123 tos,
480 4061 608 4116 buic
637 4060 892 4127 sultanc,
937 4054 1167 4117 Iluratis
1199 4060 1268 4117 ill
1312 4063 1555 4132 coniugi,
1607 4077 1730 4116 cum
1779 4063 1920 4117 filius

343 4149 714 4208 Slucltemetes
766 4153 1248 4208 circumcidendns
1301 4163 1469 4209 esset.
1525 4154 1738 4210 Addere
1792 4155 1921 4210 libet

345 4246 445 4295 hoc
474 4244 590 4298 loco
611 4244 774 4298 ritum
798 4243 1101 4296 coronaudi
1127 4245 1269 4312 apud
1293 4244 1517 4298 (ἓνωαοο
1545 4247 1919 4313 imperatoris,

343 4337 514 4404 priori
539 4336 720 4390 adhuc
761 4336 1083 4405 superstite,
1127 4352 1290 4404 quem
1327 4338 1395 4391 de
1451 4337 1645 4391 Graeco
1679 4337 1922 4392 historiae

348 4427 490 4477 libro
529 4441 690 4478 manu
728 4435 957 4481 exarata
985 4428 1278 4497 Symeonis
1311 4430 1555 4497 magistri
1605 4429 1918 4486 Oliiciorum

342 4517 739 4571 C\SCl'lbf'.llll.lS.
775 4518 1038 4589 Loquitur
1064 4529 1246 4574 autem
1288 4523 1523 4590 Syuu-ou
1550 4523 1617 4578 de
1637 4522 1917 4587 Miebacle,

344 4609 632 4678 'I‘lieOphiii
705 4609 763 4663 F.
820 4612 1088 4681 Angusto,
1157 4628 1320 4681 quem
1385 4616 1750 4669 temulentum
1807 4617 1923 4669 sive.
1956 4599 2001 4654 υ

344 4703 581 4770 μέθυσον
644 4713 842 4757 vocant
907 4704 1176 4768 lusoria),
1245 4715 1368 4776 post
1437 4707 1625 4761 Hardie
1686 4709 1919 4762 υπεςιιτίς

340 4795 596 4847 avunculi
630 4796 857 4856 caulem.
892 4795 1150 4853 Basilium
1207 4797 1556 4856 Macedooem
1589 4801 1654 4858 ad
1708 4804 1920 4870 imperii

340 4892 663 4942 societatem
703 4897 1018 4959 coeptante.
1056 4892 1228 4945 Verba
1259 4892 1389 4945 sont
1417 4883 1749 4963 hujnsmodi.
1782 4894 1919 4949 Cum

343 4981 664 5047 imperator,
698 4979 794 5043 ait,
825 4981 880 5035 in
905 4982 1264 5050 processione
1296 4983 1559 5050 prodiret,
1591 4991 1923 5056 sequebatur

342 5086 368 5123 ιι
403 5081 556 5140 lcrgn
578 5069 815 5126 Basilius
838 5083 1060 5141 gestans
1081 5073 1428 5141 imperatoris
1457 5082 1920 5150 scarnmangium,

340 5166 486 5232 quod
517 5180 613 5230 pro
639 5180 789 5219 more
822 5165 1312 5235 παρακοιμώμενοι
1346 5167 1574 5224 faciunt.
1606 5170 1686 5226 Ad
1721 5188 1926 5240 augus-

339 5260 509 5312 stali-s
527 5265 710 5311 autem
747 5257 894 5312 fores
929 5258 1019 5311 tibi
1053 5259 1736 5330 pervenissetimperator,
1767 5279 1925 5318 coro-

341 5367 464 5402 nam
497 5364 596 5418 pro
631 5350 1028 5417 imperatorum
1059 5351 1459 5406 consuetudine
1495 5368 1599 5408 non
1626 5356 1922 5424 deposuit,

341 5442 438 5495 sed
464 5442 606 5495 intra
634 5440 836 5508 jauuus
869 5456 1059 5497 sacras
1096 5458 1221 5497 cum
1251 5457 1314 5499 ea
1360 5444 1591 5500 Michael
1645 5449 1924 5517 ingressus

339 5545 446 5589 est.
498 5534 564 5588 Et
611 5549 839 5602 corpore.
892 5550 1187 5602 converso,
1244 5546 1357 5593 tres
1411 5540 1619 5607 gradus
1673 5541 1926 5597 amboui-s

340 5637 640 5683 coronatus
675 5628 944 5692 ascendit,
973 5637 1159 5683 stante
1195 5630 1427 5687 inferius
1459 5631 1659 5687 Basilio
1695 5632 1924 5687 Paroki-

342 5737 620 5777 momeno.
650 5721 796 5776 lul'ra
834 5720 1098 5776 Basiliam
1130 5723 1310 5776 stabat
1355 5722 1464 5776 Leo
1519 5725 1734 5789 Castor,
1769 5727 1858 5795 qui
1892 5741 1922 5779 a

343 5816 574 5870 secretis
609 5823 748 5880 erat,
780 5817 1112 5871 sententiam
1161 5817 1422 5885 scriptam
1468 5821 1701 5887 (tomqu
1747 5821 1922 5875 Cra-ci

341 5908 561 5981 vocant)
597 5922 762 5966 manu
795 5917 1016 5976 tenens,
1043 5918 1098 5966 et
1138 5908 1367 5986 Michael
1410 5911 1653 5969 Anurius
1708 5931 1922 5986 pra‘po-

2031 3333 2130 3402 ipsi
2171 3335 2394 3400 propter
2424 3325 2792 3394 imperatores
2823 3317 3197 3380 dormiebant,
3229 3310 3309 3369 uti
3368 3311 3608 3382 Symeon

2027 3425 2115 3478 hic
2149 3424 2338 3477 noster
2371 3419 2518 3473 baud
2575 3417 2750 3471 multo
2799 3423 2921 3482 pOSt
2965 3409 3215 3464 declarat
3247 3408 3302 3460 in
3355 3405 3612 3475 deseripo

2027 3519 2174 3572 tione
2206 3516 2371 3571 caedis
2405 3508 2693 3567 Michaelis
2722 3506 2976 3578 Augusti.
3008 3504 3139 3558 Tale
3175 3514 3322 3557 nune
3370 3500 3609 3555 oliicium

2024 3627 2108 3669 est
2137 3611 2276 3679 apud
2309 3609 2615 3662 'l‘urcorum
2665 3604 2945 3656 sultanum
2968 3598 3089 3668 ejus
3125 3594 3479 3658 cubicularii,
3516 3593 3610 3660 qui

2022 3703 2335 3762 Cliioliadar
2369 3710 2462 3754 aut
2499 3694 2786 3751 Tzohadar
2854 3689 3181 3762 appellatur.
3247 3688 3297 3742 is
3355 3687 3501 3743 enim
3554 3696 3611 3742 et

2025 3800 2164 3852 intra
2213 3793 2418 3849 sultani
2457 3790 2775 3845 cubiculum
2830 3793 2990 3842 noctu
3048 3781 3310 3836 excubias
3369 3780 3499 3848 agit,
3555 3787 3610 3834 et

2025 3888 2262 3961 pluviam
2292 3883 2494 3940 sultani
2529 3887 2734 3936 restem
2770 3883 2972 3947 gestat,
3003 3884 3061 3927 ut
3093 3872 3604 3936 Parakimomenos,

2025 4001 2144 4056 qua:
2174 3979 2617 4048 scaramangium
2657 3975 2745 4028 hic
2775 3981 3023 4026 voc-itur.
3066 3969 3143 4024 Ac
3168 3976 3603 4033 nornntomnes,

2024 4079 2116 4150 qui
2155 4078 2373 4131 Portam
2411 4071 2670 4126 viderunt
2720 4065 3095 4126 Ostnanicam,
3163 4074 3271 4114 non
3329 4059 3603 4113 sultaunm

2025 4170 2184 4225 modo
2227 4163 2479 4221 comitari
2538 4155 2966 4218 cubicularium,
3018 4157 3110 4222 qui
3157 4165 3354 4206 sereno
3385 4163 3605 4218 quoque

2025 4261 2166 4316 coelo
2191 4257 2632 4319 scaramauainm
2669 4252 2792 4322 ejus
2827 4256 3006 4318 gestat
3037 4265 3048 4299 :
3081 4245 3177 4301 sed
3204 4255 3396 4298 omnes
3439 4245 3616 4297 etiam

2025 4351 2270 4421 quotidie
2339 4350 2530 4403 bassas
2595 4359 2658 4399 ac
2720 4346 2920 4412 begos,
3005 4339 3449 4410 quotiescunque
3511 4349 3609 4405 per

2027 4443 2219 4497 urbem
2257 4439 2322 4493 ad
2380 4437 2601 4490 Portam
2663 4435 2934 4502 equitant,
2989 4431 3193 4486 habere
3247 4429 3605 4500 pcdiscqnum

2028 4554 2224 4599 unum,
2250 4536 2339 4602 qui
2385 4541 2589 4586 restem
2621 4527 2782 4599 477
2817 4523 3134 4595 bujusmodi
3163 4527 3359 4593 portat,
3391 4521 3611 4574 castoris

2029 4626 2549 4700 superinjiciendam
2621 4619 3007 4681 vestimentis,
3077 4617 3120 4672 si
3203 4631 3327 4670 acre
3399 4623 3608 4668 mutato

2028 4722 2167 4775 forte
2206 4721 2375 4788 piunt.
2422 4715 2686 4769 Ambouis
2750 4726 2947 4766 nomen
3010 4712 3062 4763 in
3110 4708 3329 4778 templis
3384 4707 3607 4762 (ἱππί-ο-

2030 4831 2146 4867 rum
2184 4813 2252 4866 ab
2285 4807 2632 4865 ascendendo
2661 4807 2865 4860 factum
2897 4811 2999 4870 est,
3030 4803 3182 4873 quod
3218 4803 3421 4869 gradus
3455 4815 3616 4854 comi--

2029 4906 2214 4974 plures
2246 4902 2464 4956 habent.
2506 4897 2568 4975 Et
2598 4907 2750 4952 extra
2782 4905 3056 4952 secretum
3084 4909 3112 4948 a
3150 4894 3362 4962 reliquo
3408 4893 3609 4962 templo

2027 4993 2336 5047 sacrarium
2367 4992 2447 5044 vel
2495 4989 2886 5058 θυσιαστήριον
2923 4997 3029 5051 est,
3082 5001 3194 5056 quo
3224 4999 3411 5040 mensa
3453 4998 3618 5039 seei-ae

2027 5085 2365 5146 Continctur,
2430 5080 2706 5137 sacerdoti
2778 5080 3052 5132 duntaxat
3113 5075 3383 5131 adeunda.
3447 5074 3607 5141 Quod

2029 5179 2474 5249 paludamentum
2510 5174 2646 5237 dixi,
2687 5171 2946 5242 Symeoui
2998 5170 3318 5241 δικητήσιον
3362 5169 3608 5238 appella-

2031 5285 2137 5326 tur.
2164 5270 2294 5323 Scio
2320 5269 2771 5338 paiudan‘icutum
2804 5281 2928 5319 esse
2959 5275 3164 5319 vestem
3209 5263 3614 5332 imperatorum

2027 5373 2389 5428 castrensem,
2430 5378 2552 5429 qua:
2585 5360 2938 5428 exprimendo
2978 5358 3232 5414 liiltitisio
3289 5373 3397 5412 non
3443 5357 3609 5411 satis-

2029 5455 2194 5511 faciat
2229 5473 2242 5508 :
2274 5455 2373 5508 sed
2394 5469 2517 5506 cum
2546 5453 2690 5506 aliud
2728 5451 2972 5505 invenire
3001 5461 3201 5504 nomen
3224 5465 3329 5503 non
3361 5461 3605 5516 possem,

2031 5554 2132 5604 boc
2159 5550 2233 5602 uti
2263 5549 2441 5601 libuit.
2470 5547 2797 5616 Δικητήςτον
2832 5560 2958 5600 vero
2980 5545 3059 5599 sic
3107 5543 3238 5596 mihi
3269 5551 3398 5597 sunt
3429 5544 3606 5596 inter-

2029 5642 2227 5713 pretati
2252 5640 2448 5700 Graeci,
2478 5650 2536 5692 ut
2560 5654 2625 5694 eo
2651 5639 2948 5708 signiﬁcari
2976 5638 3229 5692 dicerent
3248 5636 3607 5705 ὲπιμάνδυον,

2028 5739 2143 5792 sive.
2175 5734 2664 5802 supramantollum
2701 5732 3080 5803 (adhibeamus
3108 5733 3251 5784 enim
3288 5747 3445 5785 voces
3477 5730 3606 5783 bar-

2031 5829 2213 5892 baras,
2248 5839 2306 5882 ut
2353 5827 2769 5895 intelligantur),
2810 5826 2968 5894 quale
3003 5823 3326 5893 superinijci
3372 5823 3607 5893 patriar-

2029 5921 2149 5977 cbis
2200 5925 2253 5974 in
2311 5920 2507 5976 solium
2571 5919 2883 5989 pontiﬁcale
2937 5917 3280 5973 collocandis
3337 5917 3498 5987 solet,
3546 5921 3607 5970 ut
