4228 6298
499 369 606 433 871

1713 353 2039 417 JOANNIS
2075 351 2541 414 LEUNCLAVII

3664 349 3774 412 872

501 483 857 554 intelligatur,
919 479 1024 536 hoc
1063 477 1307 542 indutos,
1357 472 1468 544 jam
1506 470 1683 527 factos
1737 487 1865 526 esse
1920 473 2095 540 ponti-
2122 475 2176 536 Α
2203 471 2312 525 bat.
2351 470 2672 524 Leonardns
2709 469 2962 524 Cbiensis
2996 467 3332 538 impcrialem
3365 479 3579 539 portam
3616 480 3779 525 vocat

501 583 652 635 taces.
688 575 960 632 Casiolam
1015 569 1297 627 memoria!
1351 565 1590 638 prodidit
1653 565 1919 629 Isidorus,
1963 579 2087 634 quae

505 674 613 726 huc
638 679 771 740 puto
800 669 1054 738 quadrat.
1106 664 1225 718 Tali
1280 662 1592 718 vestimenti
1633 674 1833 728 genere
1867 664 2088 712 nostros

502 765 667 818 etiam
692 764 1052 831 imperatores
1085 757 1258 817 indui,
1323 769 1449 808 cum
1520 754 1944 822 inangurantur,
2003 751 2087 819 ip-

503 855 668 908 simet
721 851 977 904 vidimus.
1040 847 1241 915 Estque
1306 843 1568 897 notabilis
1605 843 1751 911 apud
1801 839 2085 893 Zozimum

503 951 756 999 nostrum
783 943 961 1004 locus,
983 940 1072 992 ubi
1099 938 1266 991 tradit
1286 936 1390 990 boc
1408 943 1700 1005 propterea
1721 931 1921 986 factum
1942 930 2085 1000 apud

501 1038 807 1101 Romanos,
845 1045 904 1089 ut
935 1033 1341 1102 intelligeretur
1375 1029 1734 1098 imperatores
1767 1027 1931 1080 etiam
1965 1040 2088 1079 esse

501 1131 790 1204 pontiﬁces
829 1129 1126 1189 maximos,
1188 1122 1658 1194 quemadmodum
1737 1118 1793 1171 in
1876 1116 2088 1170 numis-

501 1228 667 1280 matis
695 1236 916 1293 quoque
943 1235 1002 1274 se
1038 1217 1418 1272 nominabant.
1447 1214 1677 1269 Calceus
1717 1211 1833 1266 sive
1870 1210 2087 1264 calcea-

503 1324 713 1377 meuta,
749 1310 991 1367 Tzaukia
1022 1309 1162 1362 dixit
1187 1307 1450 1378 Symeon,
1485 1304 1687 1372 quibus
1729 1303 2091 1372 imperatores

501 1409 584 1463 uti
617 1406 858 1461 coccinei
903 1404 1110 1458 coloris
1143 1402 1418 1455 solebant.
1477 1396 1762 1466 Ραροείιί
1820 1393 2088 1465 simplici-

503 1512 588 1556 ter
622 1501 712 1554 hic
738 1505 1028 1561 vocantur,
1065 1508 1206 1564 quos
1233 1492 1376 1560 apud
1427 1488 1772 1558 antiquiores
1803 1499 2085 1540 sacrorum

500 1593 584 1646 vel
662 1589 1038 1659 angustalium
1118 1584 1500 1639 eubiculorum
1579 1579 1901 1649 prapositos
1979 1575 2088 1631 dici

501 1685 754 1739 videmus
817 1683 871 1737 in
929 1677 1259 1735 Justinianei
1316 1673 1562 1735 Codicis,
1615 1681 1671 1725 et
1730 1669 2083 1724 historiarum

503 1778 682 1832 libris.
717 1775 943 1846 Sceptra
976 1781 1106 1828 sunt
1164 1768 1367 1832 baculi,
1423 1765 1776 1832 magistratus
1812 1759 2084 1831 symbola.

500 1865 616 1923 Nec
657 1867 1036 1934 intelliguntur
1097 1862 1187 1916 hic
1222 1860 1396 1930 ipsius
1435 1856 1787 1924 imperatoris
1849 1862 2086 1920 sceptra,

503 1961 600 2018 sed
632 1958 941 2016 otticialium
983 1973 999 2010 :
1039 1969 1163 2025 qua:
1194 1951 1337 2022 apud
1379 1949 1602 2006 Graecos
1636 1946 1835 2017 deponi
1904 1945 2088 2010 solita,

503 2073 628 2112 cum
659 2069 836 2110 novus
864 2054 1164 2121 imperator
1194 2050 1638 2117 inauguraretur,
1679 2044 1938 2113 superius
1963 2055 2086 2112 cap.

505 2150 610 2207 175
671 2147 1034 2203 monuimus:
1076 2144 1328 2211 idemque
1367 2155 1486 2194 mos
1539 2137 1686 2208 apud
1731 2137 1943 2190 Turcos
1995 2134 2093 2187 bo-

502 2246 592 2298 die
654 2241 941 2303 retinetur,
1009 2249 1246 2305 quorum
1313 2231 1579 2303 genizari,
1647 2237 1701 2284 et
1757 2228 1845 2281 alii
1888 2226 2092 2282 cilicia-

503 2336 602 2400 les,
633 2346 759 2390 cum
784 2343 962 2386 novus
993 2328 1251 2383 sultanus
1273 2323 1452 2378 Porta
1483 2320 1724 2376 saraium
1754 2316 2088 2390 ingrediens,

506 2440 733 2496 regnum
771 2437 932 2478 suum
957 2418 1328 2489 auspicatur;
1367 2413 1596 2469 baculos
1649 2426 1778 2466 suos
1811 2410 2092 2479 deponunt

504 2536 568 2577 ex
602 2533 788 2583 causa,
818 2531 984 2586 quam
1023 2512 1265 2566 indicato
1294 2508 1474 2578 capite
1506 2503 1933 2561 declaravimus.

503 2637 632 2696 300.
673 2634 851 2689 Parta!
872 2628 1081 2684 XXIII
1117 2627 1261 2680 urbis
1314 2623 2092 2696 Constantinopolitonm,_cnm

575 2690 754 2760 multis
801 2699 1250 2764 memorabilibus,
1291 2705 1340 2752 et
1387 2693 1455 2748 ad
1492 2695 1746 2748 historias
1793 2690 2093 2760 intelligen-

577 2779 674 2832 das
726 2770 1060 2829 necessariis.

573 2893 712 2958 Quia
746 2904 854 2944 non
906 2895 1116 2941 tantum
1159 2883 1250 2938 hic
1299 2880 1840 2950 Hadrianopolitanae
1895 2885 2088 2947 portae,

503 2985 598 3040 sed
639 2983 868 3036 aliarum
920 2992 1140 3048 quoque
1182 2975 1465 3042 deinceps,
1503 2973 1557 3026 in
1595 2973 1701 3025 vita
1759 2969 2090 3025 Soleimanis

507 3073 573 3150 Il,
611 3073 667 3127 tit
703 3070 932 3135 mentio,
990 3067 1166 3138 placet
1201 3080 1310 3120 uno
1371 3064 1492 3118 loco
1549 3063 1713 3117 simul
1765 3075 2092 3116 enumerare

509 3179 699 3239 portas
756 3165 910 3219 urbis
941 3177 1155 3226 omnes,
1193 3174 1258 3214 ac
1289 3158 1537 3228 singulas
1597 3156 1741 3209 velut
1788 3157 1860 3208 ob
1902 3154 2092 3208 oculos

509 3261 707 3315 ordine
736 3257 1044 3312 collocare:
1076 3253 1222 3324 quod
1247 3267 1424 3322 opera:
1470 3249 1707 3319 pretium
1741 3263 1840 3302 nos
1863 3247 1948 3300 his
1989 3262 2088 3300 ex-

509 3350 778 3413 ponendis
820 3349 1059 3402 tacturos
1109 3345 1518 3403 existimemus,
1558 3340 1652 3409 qui
1717 3353 2093 3408 saepenumero

511 3439 754 3509 legentis
807 3435 1077 3498 historiis,
1119 3434 1191 3490 ob
1235 3433 1427 3485 barum
1489 3439 1597 3483 tam
1646 3430 2091 3499 appellationum.

508 3546 672 3599 quam
709 3532 848 3584 situs
911 3527 1339 3598 ignorationem,
1399 3522 1629 3575 tuirilice
1691 3535 1788 3575 nos
1850 3523 2093 3588 torqueri

512 3616 1031 3674 tneniinitnus.l‘iec
1096 3617 1272 3686 ipsum
1303 3612 1540 3682 Gyllium
1596 3614 1947 3666 recensendis
2011 3611 2097 3665 bis

511 3714 790 3776 omnibus,
822 3720 878 3766 et
911 3719 1058 3764 recte
1091 3707 1456 3783 appellandis,
1492 3706 1574 3758 vel
1607 3720 1672 3758 ex
1710 3707 1938 3759 semisse
1991 3705 2098 3759 lec-

513 3807 618 3860 tnri
650 3805 846 3858 fecisse
876 3805 1047 3869 satis;
1112 3802 1433 3856 iatebuntur
1467 3800 1524 3864 ii,
1581 3801 1674 3868 qui
1721 3810 1905 3853 nostra
1971 3814 2095 3853 cum

511 3899 782 3971 Gyllianis
806 3896 1058 3952 conferre
1088 3895 1383 3950 voluerint.
1420 3893 1753 3959 Incipiemus
1809 3900 1992 3946 autem
2032 3893 2098 3946 ab

517 3994 716 4061 angulo
739 3989 892 4045 urbis
925 3989 1202 4054 orientali,
1243 3989 1296 4042 in
1323 4002 1432 4056 quo
1465 3987 1636 4042 situm
1693 4000 1820 4040 esse
1873 3986 2099 4055 genisa-

513 4088 715 4144 raiuin.
746 4085 859 4137 sive
891 4083 1182 4151 palatium,
1217 4095 1468 4134 arcmnve
1511 4079 1866 4142 sultaninam,
1933 4093 2098 4146 supe-

515 4181 633 4233 rius
666 4175 767 4230 159
795 4189 919 4243 cap.
955 4173 1328 4229 ostendimus:
1359 4181 1412 4227 et
1438 4172 1490 4224 in
1516 4172 1693 4224 littore
1719 4170 1873 4224 sinus
1927 4169 2097 4223 Cera-

517 4271 638 4332 tini,
676 4266 1205 4335 Coxistantinopolim
1262 4280 1290 4318 a
1333 4263 1516 4318 Galata
1574 4263 1980 4322 inter-secantis,
2034 4261 2101 4315 de

515 4379 627 4434 quo
660 4362 865 4416 dictum
902 4375 1026 4429 cap.
1057 4359 1174 4422 1‘27,
1215 4366 1438 4427 propter
1470 4358 1620 4410 urbis
1673 4357 1941 4410 orientalc
1977 4372 2098 4424 par-

517 4458 636 4520 tim,
700 4455 894 4524 partim
951 4451 1378 4522 septentrionale
1458 4450 1601 4503 latus
1659 4449 2096 4518 progredieudo,

2117 1819 2164 1881 Β

2194 560 2250 615 in
2279 561 2584 616 obsidionis
2621 560 2828 616 ultimae
2855 561 3113 626 historia,
3151 560 3300 614 velut
3330 561 3441 614 arci
3503 562 3780 630 Augusta-

2192 650 2226 704 li
2267 654 2594 721 proximam.
2627 652 2790 706 Juxta
2831 663 3040 721 portam
3074 654 3215 708 hanc
3258 661 3335 708 est
3365 653 3510 708 scala
3545 653 3774 723 Sycena,

2193 746 2567 813 trajectusque
2608 746 2877 816 Syceuus,
2937 746 3020 800 vel
3076 745 3285 801 Galatae
3325 760 3566 812 perama,
3631 745 3778 800 sicut

2191 836 2365 892 Graeci
2386 849 2603 893 vocant.
2637 837 2691 891 In
2720 848 2834 893 toto
2858 840 2980 894 sinu
3008 839 3175 891 multa
3205 839 3582 893 navicularum
3607 838 3776 894 millia

2191 931 2566 999 reperiuntur,
2609 942 2661 987 et
2715 933 2868 1001 plura
2921 932 3142 1002 quidem
3200 932 3458 1000 opinione
3511 946 3778 1000 quorum-

2191 1022 2341 1089 dam,
2371 1039 2533 1090 qnam
2559 1023 2938 1079 Gundnlarum
2979 1025 3226 1081 Venetiis
3276 1027 3526 1096 :quibus
3583 1028 3782 1095 ingens

2195 1115 2474 1170 hominum
2505 1117 2797 1173 multitudo
2824 1119 3056 1189 singulis
3090 1122 3384 1174 momentis
3415 1129 3567 1174 trans
3594 1119 3777 1175 sinum

2192 1209 2532 1279 Ceratinum,
2586 1222 2641 1268 et
2668 1221 2821 1269 trans
2879 1211 3217 1280 Bosphorum
3251 1209 3320 1265 ab
3377 1211 3512 1266 urbe
3543 1211 3776 1275 vehitur,

2194 1320 2259 1358 ac
2291 1306 2346 1358 in
2377 1306 2565 1359 urbem
2598 1306 2898 1362 revehitur.
2946 1305 3082 1374 Ipsae
3113 1303 3379 1359 navicula;
3407 1312 3516 1356 tam
3555 1301 3776 1367 Turcis,

2193 1412 2370 1468 quam
2397 1396 2601 1452 Cnncis
2636 1407 2690 1452 et
2719 1398 2862 1472 aliis,
2893 1399 2961 1451 ab
2996 1413 3119 1464 usu,
3145 1411 3308 1466 quem
3345 1397 3398 1451 in
3430 1396 3781 1466 transjicien-

2194 1489 2264 1543 do
2289 1500 2571 1558 prtestant,
2607 1490 2850 1546 Perama:
2871 1491 3033 1560 vulgo
3060 1490 3440 1545 nominantur.

2269 1581 2520 1636 Secunda
2551 1584 2747 1639 Turcis
2796 1583 3127 1638 Balucbazar
3158 1593 3411 1647 voc-ator,
3463 1597 3493 1636 a
3518 1581 3637 1635 foro
3671 1580 3781 1647 pis-

2193 1676 2364 1729 cario.
2395 1675 2592 1742 Graeci,
2621 1676 2748 1732 licet
2782 1678 2952 1731 altera
2984 1676 3226 1732 dictione
3259 1677 3421 1744 vulgo
3453 1689 3602 1730 nunc
3616 1684 3779 1729 utan-

2193 1778 2302 1833 tnr,
2329 1778 2382 1824 et
2410 1769 2672 1824 Pazarion
2704 1770 2821 1827 sive
2855 1768 3042 1824 Pazari
3085 1769 3264 1824 forum
3313 1768 3612 1838 appellent,
3645 1781 3778 1823 voce

2193 1864 2534 1918 Damasceno
2563 1864 2794 1919 Studitae
2825 1864 3081 1917 familiari
3107 1880 3122 1918 :
3187 1871 3370 1918 tamen
3408 1862 3630 1918 nomine
3660 1876 3779 1915 ma-

2191 1959 2275 2028 gis
2308 1958 2572 2025 originem
2595 1957 2841 2012 Graecam
2866 1960 3135 2028 sapiente,
3164 1956 3528 2026 ψαροπωλεῖα
3559 1970 3779 2026 quoque

2192 2059 2532 2118 nuncupant,
2559 2066 2586 2104 a
2642 2050 3000 2105 distractione
3039 2050 3296 2120 piscium.
3339 2049 3553 2119 Quippe
3596 2049 3774 2119 ψαρὶα

2195 2143 2370 2212 pisces
2409 2143 2706 2212 appellant.

2266 2234 2452 2289 Tertia
2484 2233 2754 2290 Gcmiscle
2789 2233 3172 2306 vulgo,-Gyllio
3188 2235 3467 2305 Gemieapi
3516 2233 3774 2290 nomina-

2191 2337 2304 2392 tur,
2340 2343 2445 2380 uon
2480 2336 2625 2381 recte
2659 2334 2862 2383 tamen.
2896 2328 3034 2384 Nam
3100 2328 3306 2385 Gemisi
3346 2327 3566 2393 Schele,
3616 2329 3777 2400 quasi

2193 2420 2341 2475 scala
2377 2419 2802 2484 fructuum,dici
2837 2421 3094 2493 debebat.
3152 2422 3218 2476 Et
3271 2423 3476 2478 scalam
3534 2422 3778 2479 diximus

2192 2511 2455 2581 appellari
2487 2512 2694 2586 locum,
2730 2513 2820 2567 ubi
2856 2513 2924 2567 de
2959 2514 3192 2582 navigiis
3246 2514 3608 2570 exstenditur.
3665 2512 3780 2585 Ap-

2193 2605 2405 2674 pellunt
2439 2616 2620 2660 autem
2686 2607 2777 2660 hic
2834 2592 3001 2662 naves
3059 2616 3273 2662 onustae
3327 2606 3507 2662 omnis
3561 2607 3780 2677 generis

2192 2695 2488 2759 fructibus,
2525 2707 2687 2764 prout
2715 2698 2841 2750 anni
2880 2705 3127 2762 tempora
3155 2697 3369 2753 ferunt:
3403 2698 3522 2752 uvis
3547 2697 3780 2764 scilicet,

2192 2789 2396 2858 pomis,
2465 2791 2621 2860 piris,
2658 2791 2795 2852 lic-is,
2829 2791 3000 2854 oriza,
3040 2792 3274 2846 caeteris.
3311 2791 3501 2860 Gyllii-
3527 2790 3782 2846 Gemica-

2193 2884 2245 2951 pi
2281 2892 2548 2936 mutatntn
2579 2885 2631 2937 in
2669 2883 3021 2951 Gemisicapi,
3080 2884 3352 2952 signiﬁcat
3383 2894 3594 2951 portato
3626 2884 3780 2939 fruc-

2195 2984 2370 3030 tuum.
2403 2977 2577 3031 Grzeci
2612 2993 2829 3046 quoque
2866 2976 3226 3030 Caraviornm
3285 2985 3498 3044 portam
3554 2987 3779 3046 vocant,

2196 3070 2398 3137 quibus
2429 3069 2671 3140 καρὰσια
2704 3077 2833 3123 sunt
2865 3084 3050 3135 naves,
3103 3071 3371 3124 vocabulo
3419 3067 3778 3125 Bssilicorum

2121 3179 2164 3236 (ς
2198 3163 2360 3216 etiam
2390 3163 2645 3230 cpitomze
2673 3171 2872 3218 nostra!
2909 3163 3132 3229 usitato,
3168 3163 3470 3233 praesertim
3500 3162 3569 3219 ad
3597 3163 3775 3235 legem

2198 3255 2467 3310 Rhodiam
2503 3255 2570 3307 de
2591 3256 2763 3321 jactn.

2271 3347 2472 3412 Quarta
2517 3344 2711 3402 Turcis
2747 3355 2823 3400 est
2865 3347 2947 3401 vel
3002 3346 3188 3403 Ontun
3222 3349 3419 3420 capisi,
3478 3349 3561 3403 vel
3615 3348 3784 3421 478

2199 3440 2400 3494 Οηιιιιιδ
2459 3440 2686 3494 schele:
2749 3455 2983 3507 quorum
3041 3442 3174 3496 illud
3231 3443 3457 3497 denotat
3504 3442 3780 3511 lignorum

2201 3530 2618 3584 si-alatn.Gr:eci
2654 3531 2734 3584 vel
2783 3531 2955 3596 ξύλων
3010 3533 3218 3601 πόρταν
3279 3531 3630 3602 disiunctive,
3693 3531 3781 3588 vel

2202 3621 2540 3691 ξυλοπόρταν
2571 3624 2877 3691 composite
2921 3631 3140 3678 vocant.
3184 3622 3339 3678 Dicta
3381 3639 3509 3677 vero
3545 3624 3785 3680 fuithac

2200 3715 2470 3781 lignorum
2495 3712 2609 3767 sive
2639 3721 2817 3782 porta,
2865 3713 2982 3769 sive
3011 3715 3182 3781 scala,
3230 3730 3339 3769 non
3368 3717 3512 3784 quod
3541 3717 3656 3786 ipsa
3714 3717 3788 3772 sit

2201 3806 2404 3875 lignea,
2435 3823 2598 3875 quant
2633 3807 2860 3876 reliquis
2889 3807 3123 3861 similem
3157 3823 3251 3875 per
3281 3809 3465 3861 omnia
3522 3810 3786 3874 vidimus,

2203 3899 2257 3954 id
2286 3909 2369 3954 est
2397 3899 2686 3967 lapideam,
2728 3900 2822 3953 sed
2849 3899 2994 3970 quod
3026 3899 3133 3952 hnc
3158 3900 3371 3969 navigia
3405 3901 3561 3970 lignis
3585 3911 3782 3956 onusta

2203 3992 2417 4047 Soleant
2454 3990 2752 4059 appellere.
2797 3991 2918 4056 Quo
2951 3990 3110 4045 nobis
3164 3991 3396 4059 ineptior
3430 3991 3598 4045 videri
3627 3990 3788 4045 debet

2205 4085 2475 4152 interpres
2509 4084 2729 4138 Laoniei
2764 4083 3028 4146 Gallicus,
3062 4083 3154 4152 qui
3189 4099 3294 4137 non
3356 4084 3517 4138 modo
3549 4096 3785 4152 portam,

2205 4178 2297 4230 sed
2333 4176 2496 4230 etiam
2533 4177 2790 4246 palatium
2833 4177 3072 4246 ligneum
3103 4180 3153 4233 in
3189 4180 3277 4232 illa
3311 4180 3585 4247 quondam
3637 4193 3786 4233 mar.

2205 4284 2388 4323 morea
2417 4269 2889 4338 Constantinopoli
2917 4270 3119 4338 lingere
3150 4272 3251 4324 fuit
3274 4287 3460 4326 ausus.
3495 4270 3780 4336 Quodnam

2205 4375 2336 4413 vero
2366 4360 2626 4429 palatium
2679 4363 2808 4414 illud
2839 4362 3152 4433 Xyloportte
3180 4364 3344 4418 fuerit
3373 4365 3437 4418 de
3490 4381 3599 4433 quo
3645 4365 3782 4420 Lao-

2205 4454 2362 4505 nicns
2396 4453 2637 4522 loquitur
2663 4495 2677 4516 ,
2710 4455 2761 4508 in
2797 4457 3085 4509 undecima
3117 4466 3272 4525 porta
3298 4457 3720 4513 declarabintns.

519 4561 809 4617 purgemus
842 4545 909 4598 ad
940 4545 1197 4614 angulum
1228 4539 1600 4613 Pentapyrgii.
1635 4542 1727 4611 qui
1784 4550 1931 4596 recta
1978 4556 2100 4593 ver-
2137 4525 2176 4577 Ῑ)
2277 4543 2479 4609 Quinta
2535 4545 2735 4602 Turcis
2816 4549 3018 4601 dicitur
3085 4547 3392 4614 Unkabani,
3434 4549 3577 4619 quod
3608 4549 3782 4606 Graci

518 4657 614 4696 sus
645 4639 961 4708 aquilonem
1004 4644 1237 4704 spectat,
1291 4645 1347 4687 et
1395 4651 1422 4686 a
1468 4651 1576 4703 quo
1633 4635 1770 4688 muri
1826 4637 2101 4702 portzeque

521 4729 1179 4797 terrestresincipientes,
1221 4727 1284 4780 ad
1319 4730 1579 4795 angulum
1622 4742 1678 4779 se
1719 4727 1936 4780 tertium
1978 4742 2101 4795 por-

521 4827 725 4893 rigunt,
769 4823 913 4876 arcis
977 4819 1321 4888 Hepmpyrgii
1378 4819 1458 4871 vel
1495 4816 1758 4871 Jedicnlm
1794 4827 2102 4871 structuras

519 4915 904 4984 complexum:
941 4911 1083 4964 unde
1112 4927 1302 4964 versus
1357 4907 1618 4980 angulum
1665 4913 1901 4978 primum
1934 4911 1984 4962 in
2020 4910 2103 4964 lit-

525 5019 642 5060 tore
673 5004 1025 5073 Propontidis
1058 5003 1410 5065 reﬂectentlo,
1444 5011 1615 5054 totatn
1650 5002 1864 5055 scilicet
1913 5003 2097 5056 urbem

521 5099 960 5158 circutnibimus,
988 5093 1272 5164 portisque
1304 5095 1421 5148 suis
1461 5094 1824 5147 includemus.

596 5189 687 5242 Est
711 5190 875 5257 igitur
909 5187 1081 5254 prima
1126 5185 1430 5239 secundum
1492 5186 1704 5236 radices
1739 5186 2098 5251 promontorii

522 5288 666 5337 art-is
701 5283 988 5336 sullaninze
1023 5289 1200 5349 porta,
1226 5295 1347 5347 qua:
1379 5278 1584 5333 Graecis
1615 5288 1881 5348 quotquot
1930 5280 2101 5333 videri

523 5376 811 5445 peritiores
841 5374 1052 5437 volunt,
1103 5380 1257 5440 porta
1293 5369 1479 5424 Hortea
1517 5371 1737 5441 (ὡραῖα)
1787 5371 1948 5440 vulgo
1992 5373 2101 5425 Au-

525 5463 1046 5521 rzeadiciturJllud
1103 5478 1130 5513 a
1186 5463 1592 5531 pulchritudine
1645 5461 1847 5515 factum
1907 5477 2100 5516 nomen

523 5569 626 5621 cst,
662 5559 764 5610 hoc
795 5573 823 5610 a
852 5558 986 5611 vicis
1022 5565 1074 5610 et
1095 5554 1339 5609 adiﬁciis
1367 5555 1746 5618 llebrzearum,
1771 5555 1898 5607 huic
1937 5563 2105 5622 porta:

525 5649 810 5717 proximis.
843 5647 1105 5700 Neutrum
1139 5655 1319 5699 tamen
1374 5661 1559 5698 verum
1584 5644 1704 5712 ejus
1737 5652 1820 5697 est
1880 5660 2102 5706 nomen,

523 5756 649 5794 cum
677 5749 829 5809 porta
855 5738 1034 5792 Neorii
1066 5739 1136 5792 sit
1165 5736 1515 5806 appellanda:
1550 5735 1696 5804 quod
1729 5735 1853 5790 istic
1876 5738 2104 5802 νεώριον

528 5833 644 5888 sive
671 5833 861 5890 navale
891 5831 1163 5902 quondam
1196 5828 1385 5895 fuerit,
1419 5830 1496 5884 uti
1525 5827 1733 5899 Gyllius
1775 5827 1940 5909 etiam
1974 5841 2097 5898 pro-

2207 4635 2458 4687 Scribunt
2513 4635 2875 4704 llnkampani.
2927 4637 3120 4692 eadem
3180 4647 3361 4692 tamen
3412 4655 3536 4693 eum
3586 4638 3784 4697 Turcis

2207 4728 2673 4794 pronuntiatione.
2721 4729 3182 4797 Ἀλευροπωλεῖον
3211 4745 3429 4799 qumque
3457 4730 3660 4785 Gra-cis
3684 4748 3784 4786 sua

2207 4817 2389 4884 lingua
2425 4829 2667 4884 vocatur,
2700 4821 2842 4890 quod
2886 4822 2960 4875 ibi
3020 4822 3210 4876 farinae
3241 4824 3567 4880 vendantur.
3603 4823 3784 4895 Gyllio

2206 4912 2464 4966 scribitur
2493 4912 2742 4981 litat-api.

2280 5005 2445 5059 Sexta
2472 5007 2785 5059 nominatur
2811 5023 2839 5058 a
2877 5005 3072 5061 Turcis
3105 5007 3333 5062 Tzuhali
3380 5009 3584 5078 Capisi,
3635 5015 3783 5078 quod

2206 5095 2414 5150 Graecis
2442 5097 2705 5150 scribitur
2738 5097 3022 5164 'l‘zumpali
3053 5100 3368 5173 capisi,uec
3395 5109 3575 5153 tamen
3600 5102 3780 5169 aliter,

2207 5201 2369 5252 quam
2408 5201 2431 5236 a
2464 5186 2659 5239 Turcis
2693 5189 3148 5251 enuntiatur,.ob
3177 5190 3450 5244 ditIicilem
3489 5191 3622 5261 ipsis
3658 5207 3782 5260 pro-

2208 5276 2467 5329 lationem
2499 5277 2773 5350 littet'xB,
2806 5284 2873 5328 de
2900 5293 3006 5346 qua
3034 5279 3238 5332 dictum
3271 5282 3448 5346 capite
3479 5282 3568 5334 91.
3606 5281 3785 5352 Gyllio

2209 5370 2516 5438 appellatur
2538 5368 2717 5424 Juhali
2753 5371 2907 5438 Capi,
2948 5371 3328 5426 enuntiatione
3356 5372 3586 5440 Gallica,
3658 5392 3780 5444 qua:

2206 5460 2403 5515 Italica:
2433 5461 2682 5515 Cbiubali
2717 5465 2799 5514 vel
2833 5460 3043 5516 Ziubali
3069 5465 3386 5531 respondet,
3407 5465 3568 5521 modo
3600 5469 3781 5523 tribus

2207 5553 2430 5623 syllabis
2457 5552 2737 5606 eﬂ’eratur.
2764 5553 2881 5620 Ipsa
2913 5569 3017 5608 vox
3050 5556 3327 5623 signiﬁcat
3353 5566 3562 5627 portam
3591 5561 3786 5613 vitria-

2208 5645 2365 5697 riant.
2402 5644 2609 5712 Quippe
2631 5644 2866 5699 vidimus
2901 5646 3025 5700 istic
3052 5645 3321 5714 otiicinas,
3377 5649 3430 5703 in
3469 5651 3669 5719 quibus
3701 5652 3784 5705 vi-

2206 5743 2287 5790 tra
2323 5738 2702 5791 coniiciuntur.
2743 5736 2865 5790 Fuit
2919 5740 2974 5791 in
3011 5739 3144 5793 urbe
3193 5739 3363 5794 Roma
3426 5745 3594 5797 veteri
3627 5747 3779 5800 vicus

2208 5827 2505 5895 vitriarius,
2538 5829 2626 5882 ubi
2657 5828 2866 5884 scilicet
2899 5829 3137 5887 taberna
3191 5831 3560 5889 vitriariorutn
3599 5846 3777 5900 erant,
