4228 6298
611 223 719 287 873

1764 233 2169 295 PANDECTE
2211 235 2406 297 HIST.
2443 238 2753 306 TURCIC.

616 350 676 394 ut
706 355 769 394 ex
808 340 958 395 urbis
992 342 1213 413 antiqua
1249 343 1617 418 descriptione
1652 359 1821 419 paret.
1860 351 2002 406 Talis
2027 353 2180 405 vicus
2210 360 2251 414 Α
2286 370 2427 408 nunc
2458 357 2730 419 Maehleva
2759 374 2807 419 et
2834 364 3207 429 Chartaricon,
3236 381 3291 422 ut
3334 368 3630 424 indicatum
3668 385 3854 438 supra,

613 431 797 486 adhuc
824 430 1295 504 Constantinopoli
1322 452 1541 509 quoque
1586 451 1855 511 superest,
1910 445 2066 512 cujus
2103 445 2182 497 in-

612 522 691 576 ft'a
724 531 874 577 ntrnt
895 540 927 577 ο
951 525 1008 577 lit
1033 525 1086 578 in
1112 524 1202 581 illo
1226 542 1421 599 magno
1449 533 1549 584 sub
1578 530 1885 587 Soleitnane
1910 535 2182 598 incendio,

610 614 754 683 quod
786 614 981 669 accidit
1006 630 1151 671 anno
1175 618 1492 677 Christiano
1514 624 1673 679 i540.
1702 624 1807 679 Sed
1841 641 1967 680 vero
2002 638 2085 681 est
2109 630 2179 681 si-

612 707 763 770 mile,
782 707 1053 761 vitriarias
1084 708 1329 767 officinas
1358 710 1831 785 Constantinopoli
1864 716 2033 773 fuisse
2054 733 2183 771 cou-

609 799 826 851 stitutas
873 799 942 853 ob
990 798 1366 856 incendiorum
1418 814 1619 860 metum
1665 816 1819 860 extra
1883 808 2094 868 urbem.
2128 819 2182 863 ct

612 888 713 942 hoc
737 889 1008 958 praecipue
1024 890 1167 956 loco,
1190 893 1284 962 qui
1309 894 1379 951 ad
1404 895 1582 950 sinuin
1605 897 1923 953 Ceratinum
1946 901 2178 969 positus,

608 979 850 1035 abundat
877 982 1034 1051 aquis
1058 984 1125 1037 ad
1147 984 1563 1058 exstinguenda,
1582 990 1629 1043 si
1655 1004 1776 1059 qua:
1803 990 1938 1045 forte
1966 992 2171 1045 oriren-

608 1075 717 1131 tur,
747 1067 1018 1125 incendia.

681 1139 922 1225 Septima
956 1170 1182 1215 vocatur
1209 1161 1376 1234 ilagia
1414 1168 1610 1237 capisi,
1646 1170 1791 1239 quod
1815 1172 2042 1242 hybrida
2087 1191 2178 1225 vu-

605 1261 667 1301 ce
696 1245 875 1303 Turco
904 1249 1095 1305 Graeca
1154 1254 1427 1322 signiﬁcat
1482 1260 1694 1324 portam
1740 1272 2008 1317 sanctam.
2068 1264 2177 1336 Ego

606 1346 787 1391 tamen
816 1341 952 1393 inea
986 1357 1105 1396 sum
1142 1345 1424 1412 opinione,
1481 1356 1541 1402 ut
1594 1351 1903 1407 existiment
1971 1357 2175 1410 rectius

604 1431 861 1498 appellari
895 1433 1055 1500 ἁγίας
1109 1438 1348 1507 καπισή,
1391 1438 1495 1494 hoc
1528 1451 1632 1505 est,
1675 1454 1886 1511 portam
1948 1457 2170 1512 sanctte,

604 1518 858 1573 videlicet
910 1520 1230 1580 Theodosia;
1276 1527 1481 1595 :cujus
1557 1532 1817 1600 templum
1866 1547 1899 1589 e
1954 1537 2173 1606 regione

609 1617 760 1666 trans
816 1613 996 1667 sinum
1055 1615 1184 1679 vidi,
1240 1627 1398 1675 vetus
1432 1629 1488 1675 et
1535 1622 1800 1693 elegantis
1857 1640 2165 1696 structurae,

607 1717 749 1756 nunc
780 1716 1178 1762 cmnmutatum
1211 1712 1263 1764 in
1295 1715 1602 1779 meas-itam,
1636 1733 1756 1787 quae
1780 1717 2012 1775 Casanis
2048 1722 2170 1776 has-

603 1808 679 1848 sa:
706 1792 932 1861 dicitur,
977 1807 1035 1851 ut
1072 1815 1236 1870 supra
1266 1804 1576 1873 expositum
1604 1821 1723 1877 cap.
1759 1808 1882 1864 128.
1909 1811 2011 1867 Per
2032 1813 2171 1870 hanc

604 1886 750 1939 enim
792 1897 1002 1957 portant
1043 1889 1426 1959 ingrediuntur
1481 1898 1692 1963 urbem,
1744 1900 1836 1970 qui
1892 1915 1924 1953 a
1982 1916 2169 1959 sancta

604 1976 911 2033 Theodosia
944 1980 1191 2050 veniunt,
1220 1985 1313 2041 ubi
1345 1985 1652 2057 frequentia
1685 2004 1808 2046 cum
1838 1992 1976 2049 vicis
1999 1997 2167 2052 ωαξη-

600 2068 684 2122 cia
720 2080 869 2125 sunt.

670 2158 876 2215 Octava
931 2161 1131 2218 dicitur
1176 2165 1434 2228 Phanarli
1486 2185 1663 2245 porta,
1714 2184 1802 2237 vel
1844 2183 2166 2254 simpliciter

598 2246 906 2306 Phanarion
929 2270 943 2306 :
968 2254 1127 2323 cujus
1153 2257 1301 2314 vocis
1334 2262 1612 2319 notionem
1647 2282 1836 2341 supra,
1878 2246 1981 2329 1Ξὲ
2015 2274 2164 2343 capi-

595 2350 667 2403 te,
693 2343 795 2396 sub
819 2342 1002 2409 tinent,
1036 2349 1399 2409 ostendimus.

648 2428 816 2485 .Nona
851 2433 1311 2507 Diplophanarion
1336 2446 1662 2515 appellatur,
1691 2458 1749 2504 et
1796 2453 1877 2508 uti
1908 2455 2159 2524 geminas

592 2522 647 2591 (a
676 2525 879 2593 quibus
908 2542 1108 2584 nomen
1137 2533 1368 2605 accepit)
1400 2544 1606 2605 turres,
1636 2541 1716 2597 sic
1753 2522 1933 2599 etiam
1974 2553 2159 2614 portas

594 2617 729 2671 duas
762 2616 945 2675 habet.

661 2704 881 2764 Decima
911 2710 1073 2781 vulgo
1097 2712 1304 2773 Graecis
1331 2729 1486 2788 porta
1507 2722 1760 2794 κυνηγοῦ
1791 2726 1909 2783 sive
1931 2726 2155 2801 Kynigi,

590 2794 688 2848 sed
714 2798 911 2853 rectius
931 2810 1085 2868 porta
1118 2803 1393 2874 Κυνηγεου
1423 2817 1685 2878 vocatur;
1713 2820 1768 2866 et
1790 2794 2154 2884 Κυνήγὶονῖιί

592 2888 833 2945 basilicis
851 2891 966 2945 suis
988 2891 1160 2946 Graeci
1188 2887 1471 2953 verterunt
1492 2913 1613 2954 eum
1644 2902 1828 2958 locum
1855 2905 2028 2973 urbis,
2057 2907 2152 2978 qui

592 2976 851 3032 ltoutauis
873 2986 1203 3050 temporibus
1226 2987 1405 3044 Arena
1427 2990 1746 3049 dicebatur:
1775 2996 1865 3051 ubi
1898 2976 2153 3056 videlicet

588 3068 670 3121 vel
690 3069 934 3126 homines
948 3089 1068 3128 cuttt
1086 3073 1235 3141 feris,
1255 3078 1333 3132 vel
1359 3082 1497 3136 inter
1515 3097 1573 3139 se
1590 3082 1716 3142 fera:
1730 3088 2114 3146 contntitteban
2129 3120 2147 3134 ο
2177 3058 2223 3120 C

590 3170 696 3213 tur.
732 3161 996 3234 Kj-uigiou
1031 3169 1098 3220 ad
1134 3167 1466 3228 Vlachernas
1498 3173 1756 3245 refertur,
1805 3179 1959 3237 locus
1996 3184 2149 3240 scili-

585 3264 671 3307 cet
707 3256 1000 3323 depressus
1036 3270 1092 3313 ct
1130 3272 1432 3327 concavus,
1476 3264 1565 3321 ubi
1597 3267 1972 3335 patriarchion
2032 3281 2152 3329 erat

586 3352 718 3393 mea:
742 3342 1197 3411 peregrinationis
1226 3357 1493 3419 tempore,
1524 3352 1669 3420 quod
1706 3353 1810 3409 hoc
1833 3368 1980 3411 anno
2009 3357 2148 3415 1587

581 3432 817 3499 pecunia
846 3432 1078 3488 redemit
1106 3450 1135 3490 a
1164 3435 1369 3494 Griecis
1436 3442 1694 3498 sultanus
1753 3443 1999 3505 Murates
2058 3448 2146 3516 Ill,

583 3529 643 3574 ut
702 3522 827 3579 istic
882 3526 1187 3591 ntessitam,
1248 3531 1334 3584 Sui
1416 3534 1657 3592 nominis
1709 3549 2146 3611 monumentum,

579 3613 801 3689 condat.
860 3613 917 3669 Id
977 3615 1243 3673 hactenus
1305 3635 1449 3692 saepe
1509 3631 1808 3693 tentatum,
1867 3630 2149 3702 impedivit

581 3683 882 3758 Turcorutu
910 3702 1170 3775 Ifuplttis,
1226 3709 1319 3778 qui
1372 3683 1569 3768 debere
1622 3683 2150 3777 Murat'etnwtrll‘ceret

580 3798 730 3862 prius
760 3812 824 3850 cx
856 3799 1060 3866 ereptis
1118 3802 1318 3854 scacho
1379 3813 1648 3860 terrarum
1701 3810 1864 3865 terris
1933 3826 2151 3871 annuos

580 3888 814 3943 messim
837 3890 1111 3945 struenda
1138 3894 1347 3947 reditus
1378 3898 1735 3955 constituere.
1794 3902 1999 3960 Grecis
2030 3906 2149 3959 rui-

579 3990 770 4032 nosunt
848 3980 1192 4037 Constantini
1248 3986 1506 4057 palatium
1567 3991 1808 4049 vicissim
1870 3997 2147 4053 concessit

577 4068 954 4125 cdifrcandutn
996 4073 1050 4127 in
1080 4089 1237 4129 usum
1270 4086 1379 4131 tam
1410 4080 1749 4149 patriarchii,
1778 4100 1944 4155 quant
1976 4093 2147 4158 patri-

580 4162 811 4217 archalis
844 4164 1107 4234 ecclesias,
1160 4167 1227 4224 de
1284 4185 1393 4241 quo
1442 4187 1568 4230 mox
1627 4178 1829 4249 aliquid
1886 4182 2147 4239 indicabio

577 4267 720 4309 ntus.

648 4341 946 4403 Undecima
977 4351 1290 4409 nominatur
1320 4359 1597 4417 veteribus
1634 4361 1990 4437 Xylokcrkos,
2014 4384 2147 4426 cau-

574 4450 631 4489 sa
666 4438 826 4506 paulo
856 4450 978 4510 post
1001 4447 1346 4513 exponenda,
1374 4465 1519 4505 nunc
1547 4454 1730 4509 autem
1792 4454 2143 4530 lla'giobazari

571 4537 747 4596 porta,
785 4544 882 4599 per
912 4546 1075 4602 quam
1103 4536 1311 4591 scilicet
1376 4540 1756 4611 ingrediuntur
1805 4550 1993 4606 urbem
2040 4551 2147 4606 lla-

570 4620 971 4690 giobazariote,
998 4632 1151 4681 trans
1198 4628 1379 4683 sinum
1434 4633 1765 4703 habitantes,
1828 4658 1860 4695 e
1925 4646 2146 4715 regione

570 4711 733 4782 hujus
746 4725 936 4786 portae.
956 4715 1166 4772 Nomen
1183 4718 1535 4791 liagiohazari
1555 4729 1821 4799 significat
1844 4736 1925 4788 vel
1942 4711 2140 4800 sancti,

567 4806 648 4860 vel
675 4818 922 4863 sanctum
945 4810 1337 4879 emporiurn.Et
1354 4822 1581 4885 emporii
1609 4838 1736 4878 voce
1759 4824 1994 4897 Symeon
2013 4848 2144 4897 trun-

565 4912 671 4967 quc
691 4899 943 4970 Magister
966 4917 1090 4957 cum
1117 4908 1241 4961 aliis
1278 4910 1482 4965 Grmcis
1503 4915 1672 4969 utitur
1690 4931 1787 4987 pro
1811 4921 1973 4974 nullis-
1992 4924 2136 4974 Cliti!-

565 5005 629 5045 so
659 4995 847 5063 portis,
871 5008 964 5049 aut
982 4998 1145 5054 nullis
1162 5002 1342 5057 cincto
1364 5004 1533 5063 nutris
1549 5009 1824 5076 oppidulo.
1847 5008 2029 5064 Sancti
2050 5030 2143 5081 [m-

565 5085 673 5137 tius
705 5085 1013 5142 existimem
1047 5088 1335 5149 dicendum
1382 5098 2138 5173 eurporinttt,utintelligatur

560 5178 862 5245 emporium
888 5184 1062 5237 sancti
1095 5184 1409 5251 Mantantis,
1474 5192 1618 5257 quod
1674 5195 1804 5247 olim
1859 5208 2133 5251 monaste-

562 5269 702 5320 rium
765 5271 998 5341 iusigne,
1062 5276 1325 5344 palatium
1381 5286 1668 5351 augustale
1718 5286 2131 5342 celeberrimum

559 5358 612 5410 itt
645 5363 914 5429 historiis,
946 5378 1165 5435 pontem
1193 5370 1427 5441 denique
1478 5390 1588 5430 non
1618 5378 1799 5432 minus
1868 5381 2130 5443 nobilem,

557 5447 741 5506 Sancti
802 5453 1090 5514 Matunntis
1147 5464 1478 5531 appellatum
1542 5468 1753 5523 habuit.
1832 5470 1926 5525 llic
1981 5473 2125 5524 enim

557 5540 844 5601 tffundunt
898 5562 1019 5605 sese
1078 5553 1129 5605 in
1195 5565 1498 5610 extremum
1562 5559 1873 5616 Ccratinum
1942 5564 2123 5619 sinunt

555 5634 799 5691 celebres
825 5638 897 5692 illi
927 5641 1125 5708 priscis
1168 5643 1369 5699 liuvioli
1429 5648 1675 5719 Cydarus
1708 5662 1781 5727 _ct
1832 5655 2121 5727 Uarbyses,

834 5732 1100 5795 Ps't‘ttec.
1135 5737 1223 5797 Gtt
1286 5736 1497 5804 CLIX.

2289 449 2467 515 θανῑια
2497 452 2617 513 159,
2645 456 2734 522 qui
2755 460 2971 526 quidem
3005 458 3068 512 ad
3096 459 3355 513 Saurtum
3382 460 3702 516 Mamantem
3724 477 3857 529 pou-

2288 542 2682 611 Wjunglmlllr-
2723 549 3293 617 ΙΙεομίιηιςιιθτίηιπιιιη
3330 571 3429 609 vox
3458 556 3679 609 denotat
3706 555 3855 607 inco-

2288 633 2364 686 las
2396 639 2623 706 entporii
2676 640 2860 695 Saneti
2900 644 3204 700 Mantantis.
3265 646 3534 703 Caeterum
3590 651 3653 703 ad
3717 650 3853 703 hanc

2284 736 2493 791 put-tam
2552 728 2906 799 llagiohazari
2962 739 3239 792 secumlus
3295 748 3376 793 est
3415 740 3568 796 urbis
3621 743 3855 810 angulus

2284 832 2474 873 versus
2507 830 2704 876 terram
2738 826 3131 896 continentem,
3192 832 3281 885 ubi
3316 832 3524 886 scilicet
3579 834 3851 902 incipiunt

2283 922 2453 976 porta:
2486 915 2739 984 nturique
2767 922 3097 983 terresues,
3158 921 3237 976 sic
3283 921 3437 983 dicti,
3486 925 3629 994 quod
3674 942 3771 980 nec
3823 943 3851 979 a

2280 1000 2402 1054 sinu
2458 1001 2733 1070 Ceratino,
2792 1025 2891 1062 nec
2941 1027 2969 1063 a
3015 1008 3355 1081 Propontide
3408 1015 3703 1077 allttantur,
3751 1018 3846 1072 std

2280 1107 2471 1149 versus
2499 1096 2786 1153 Thraciam
2819 1104 3053 1169 porrecti
3085 1103 3214 1159 sint.
3250 1105 3474 1163 Veteres
3508 1109 3595 1164 hic
3624 1112 3850 1166 alteram

2279 1197 2576 1250 posuerunt
2603 1189 2754 1244 urbis
2782 1193 3105 1262 acropolim,
3149 1198 3296 1251 velut
3348 1199 3400 1253 in
3437 1201 3556 1267 ejus
3585 1203 3847 1256 extremi-

2278 1285 2389 1330 tate
2429 1279 2585 1331 sitam
2615 1283 2877 1347 secunda,
2922 1300 3169 1355 respectu
3223 1292 3428 1360 primm,
3468 1310 3590 1363 quin
3646 1297 3851 1366 Byzan-

2276 1366 2347 1419 tis
2374 1382 2554 1421 arcem
2579 1370 2843 1436 continet,
2879 1384 2933 1427 ut
2971 1386 3252 1433 ostensum
3299 1396 3416 1452 cap.
3469 1386 3589 1440 159.
3632 1388 3696 1441 fit
3751 1391 3849 1443 ha-

2274 1457 2433 1512 bebat
2463 1460 2549 1513 hic
2571 1463 2802 1531 angulus
2826 1466 2954 1519 olim
2983 1482 3183 1531 arcem.
3210 1471 3409 1527 dictam
3431 1477 3848 1550 f’entepyrgiou,

2274 1562 2302 1600 a
2337 1551 2575 1619 quinque
2607 1555 2870 1623 turribus,
2894 1561 2975 1613 vel
2998 1559 3369 1632 Mngtlnlll'mn,
3400 1572 3483 1623 vel
3539 1573 3635 1640 τῆς
3699 1575 3848 1639 ξυλο-

2275 1639 2495 1709 κέρκου,
2528 1651 2577 1695 ct
2611 1645 2867 1712 palatium
2896 1647 3105 1719 Xylinm
3130 1665 3294 1722 porta!
3330 1661 3470 1726 apud
3507 1639 3847 1719 Chalcocon-

2202 1727 2241 1783 Β
2271 1730 2471 1801 dylent,
2505 1737 2661 1804 cujus
2687 1739 3008 1807 interpretes
3060 1747 3255 1801 vitiose
3303 1751 3642 1820 scripserunt
3680 1756 3846 1828 Xyll:e

2274 1823 2559 1891 palatium,
2595 1842 2645 1882 et
2676 1830 2833 1899 pejus
2866 1832 3201 1904 interpretati
3243 1852 3371 1893 sunt
3427 1843 3686 1914 ligneum.
3723 1848 3845 1904 llatc

2270 1925 2452 1970 autem
2481 1920 2700 1974 nomina
2742 1921 3057 1993 frequenter
3091 1930 3144 1983 itt
3200 1931 3450 1990 historiis
3503 1938 3840 2003 Graecorum.

2269 2002 2517 2073 Zonara',
2554 2010 2799 2077 Cedrini,
2832 2015 3092 2085 aliorum,
3153 2036 3472 2083 occurrunt.
3540 2028 3844 2096 Explicatio

2266 2099 2532 2168 prolixior
2588 2104 2813 2160 alterius
2870 2107 2976 2163 loci
3030 2110 3215 2167 fuerit.
3277 2120 3432 2185 Apud
3499 2120 3839 2181 Leanardum

2266 2191 2736 2264 archiepiscopum
2765 2196 3056 2257 Cltiensem
3086 2206 3341 2276 leguntur
3391 2213 3442 2267 iit
3470 2218 3722 2284 epistola,
3776 2224 3843 2278 de

2266 2289 2419 2351 capta
2459 2282 2955 2360 Constantinopoli,
2986 2300 3164 2352 turres
3200 2282 3513 2359 Aveniades
3565 2324 3577 2359 :
3616 2310 3682 2364 de
3710 2282 3842 2387 qui-

2263 2370 2364 2427 bus
2385 2373 2752 2446 interrogatus
2776 2394 2807 2433 a
2840 2396 2924 2437 me
2955 2384 3299 2457 Zygomalas,
3339 2410 3588 2463 qicenam
3622 2370 3837 2458 scilicet

2262 2476 2465 2531 essent,
2496 2471 2885 2539 respondebat,
2917 2475 3089 2551 478
3118 2482 3377 2541 dicendas
3417 2504 3538 2545 esse
3561 2497 3667 2546 non
3707 2496 3842 2549 Ave-

2260 2558 2476 2625 niadas,
2512 2564 2604 2617 sed
2638 2573 2817 2623 turres
2848 2568 3168 2636 Anemanis,
3207 2576 3367 2646 cujus
3391 2583 3549 2636 estin
3589 2586 3834 2644 hiStoriis

2259 2646 2574 2706 Graecorum
2638 2657 2845 2712 mentio
2903 2661 3219 2734 :plaueqne
3276 2668 3511 2737 volehat,
3568 2675 3664 2730 has
3720 2679 3838 2734 illas

2257 2753 2379 2795 esse
2404 2744 2647 2813 quinque
2686 2756 2896 2813 turres,
2930 2751 2984 2805 in
3022 2754 3190 2810 altera
3227 2758 3380 2815 urbis
3411 2768 3673 2835 acropoli,
3701 2786 3838 2839 quas

2257 2829 2497 2891 diximus
2524 2834 2859 2911 Pentepyrgii
2925 2858 3123 2899 nomen
3158 2848 3376 2906 habere.
3423 2854 3476 2909 id
3511 2829 3691 2914 autem
3719 2829 3834 2917 .ve-

2255 2937 2377 2978 rum
2416 2940 2559 2992 esse,
2593 2930 2676 2985 vel
2729 2946 2799 2986 ex
2846 2933 2945 2989 hoc
3009 2936 3351 3009 intelligitur,
3392 2948 3535 3016 quod
3581 2950 3836 3010 Cltietasis

2257 3019 2500 3074 turribus
2530 3022 2778 3092 adjungit
2861 3025 3245 3100 Xyloportam,
3296 3045 3417 3106 quae
3449 3057 3480 3096 a
3538 3043 3832 3117 XyIOpm-ta

2254 3110 2422 3180 priori
2500 3114 2742 3181 diversa,
2804 3122 3080 3178 veteribus
3127 3126 3456 3197 ξυλόκερκος
3538 3110 3694 3195 di—cta‘
3730 3141 3833 3197 fuit

2257 3209 2540 3271 propterea
2568 3206 2714 3273 quod
2746 3208 2987 3267 artifices
3033 3227 3153 3269 eam
3206 3226 3500 3287 struentes,
3553 3243 3743 3299 magna
3776 3235 3830 3288 in

2256 3285 2611 3352 fundamento
2641 3310 2794 3365 aqua:
2834 3315 3047 3372 reperta
3105 3311 3284 3376 cepis,
3346 3313 3514 3383 tignis
3581 3285 3829 3388 plurimis

2253 3390 2318 3435 ac
2348 3380 2483 3447 palis
2528 3382 2580 3438 itt
2609 3399 2748 3453 aqua
2805 3391 2998 3448 defixis
3036 3396 3243 3465 lapides
3298 3380 3608 3472 ittje-ceriut,
3664 3423 3825 3482 atque

2253 3466 2326 3521 ita
2352 3470 2571 3527 demum
2596 3475 2810 3531 aedificii
2846 3478 3257 3543 fundamentum
3283 3466 3497 3550 fit-inurit
3523 3466 3827 3569 effeceri'n',

2254 3567 2312 3614 ut
2344 3570 2427 3616 est
2460 3562 2517 3618 in
2553 3565 2691 3622 libro
2717 3568 2793 3625 De
2822 3574 3058 3642 aediﬁciis
3098 3579 3265 3635 urbis.
3301 3581 3411 3641 Nec
3459 3588 3557 3645 abs
3588 3608 3647 3647 te
3707 3562 3830 3664 quis

2251 3650 2454 3707 dixerit
2477 3657 2648 3712 videri
2684 3662 2943 3728 palatium
2966 3664 3282 3740 Xyloporta:
3346 3681 3528 3747 potius
3577 3650 3825 3741 scriben-

2252 3741 2381 3797 dum
2411 3742 2699 3817 Xyluketki
2732 3754 2995 3822 palatium
3024 3777 3038 3814 :
3067 3741 3361 3833 scriptoris
3382 3770 3606 3828 librario
3638 3791 3826 3834 vocent

2253 3836 2625 3894 obscuriorem
2652 3842 2811 3912 hanc,
2835 3861 2960 3904 cum
2996 3854 3198 3911 notiori
3231 3855 3547 3931 Xyloportte
3578 3880 3826 3926 comunt-

2253 3932 2423 3983 tante.
2726 3996 2728 3999 τ

2322 4017 2655 4078 Duodecimn
2689 4025 2887 4085 Turcis
2921 4043 3007 4089 est
3037 4035 3161 4107 Eng
3192 4042 3336 4111 capi,
3401 4056 3521 4115 qua:
3555 4065 3653 4103 vox
3687 4053 3825 4106 ohli-

2250 4126 2412 4178 quant
2444 4126 2656 4183 portam
2682 4120 2975 4191 significat.
3022 4129 3084 4182 Et
3113 4148 3303 4201 reapse
3360 4140 3441 4192 sic
3482 4150 3817 4197 exstructam

2250 4203 2510 4273 vidimus,
2559 4220 2615 4263 ιιι
2657 4212 2710 4266 in
2760 4229 2879 4269 eam
2918 4235 3026 4275 non
3059 4222 3296 4291 directo,
3341 4231 3437 4283 sed
3492 4250 3556 4287 ex
3594 4237 3820 4308 obliquo

2250 4305 2432 4360 pateat
2468 4299 2676 4356 aditus.
2733 4303 3003 4363 Leonardi
3053 4311 3309 4370 Cbiensis
3335 4320 3591 4389 epistola,
3654 4299 3817 4396 quam

2179 4403 2222 4458 ο
2251 4386 2512 4456 diximus,
2542 4393 2875 4465 Caligaream
2928 4414 3110 4470 vocat,
3164 4406 3339 4463 ϐε·ωεί
3376 4386 3813 4483 Caligarioruut.

2254 4478 2346 4534 Sic
2373 4493 2557 4536 autem
2583 4500 2613 4539 a
2640 4486 2931 4558 Caligarils
2956 4493 3075 4549 sive
3105 4499 3389 4565 sutoribus
3414 4478 3813 4576 est-appellata,

2250 4572 2342 4640 qui
2375 4575 2747 4633 calceamenta
2783 4580 3012 4652 faciunt,
3055 4604 3084 4641 a
3128 4587 3322 4648 Turcis
3373 4598 3649 4653 nominata
3684 4600 3813 4657 Pas-

2249 4666 2547 4735 suinaggis.
2586 4668 2729 4725 Inter
2759 4674 2899 4729 hanc
2944 4687 2998 4732 et
3032 4682 3280 4748 proxime
3334 4699 3654 4755 sequentem
3690 4704 3813 4762 por-

2248 4765 2355 4809 tatn
2384 4758 2548 4811 silum
2582 4770 2666 4815 est
2696 4763 2761 4816 ad
2791 4766 2938 4835 ipsos
2986 4787 3194 4839 muros,
3223 4776 3334 4829 alto
3382 4778 3524 4846 loco,
3544 4758 3802 4851 palatimu

2246 4857 2396 4899 vetus
2425 4847 2905 4923 Blaclternianum,
2934 4862 3081 4929 quod
3122 4864 3467 4922 ilonstantini
3494 4868 3608 4937 jaru
3650 4878 3810 4943 vulgo

2243 4950 2456 4999 vocant,
2501 4942 2588 4994 ubi
2635 4945 2889 5000 solebant
2935 4951 3210 5019 elephanti
3243 4956 3509 5014 hactenus
3542 4962 3635 5017 ali.
3692 4965 3809 5020 lluc

2236 5028 2347 5095 jam
2382 5034 2660 5098 pt‘a‘terito
2701 5051 2846 5091 anno
2881 5039 3122 5100 Mur-stes
3156 5047 3217 5100 ΙΙΙ
3248 5049 3456 5105 Crtetris
3488 5052 3607 5108 loco
3642 5060 3807 5123 patri-

2238 5119 2407 5172 archii
2440 5128 2735 5191 concessit,
2782 5138 2841 5181 ut
2875 5134 3038 5199 paulo
3076 5147 3203 5191 ante
3244 5140 3503 5198 diximus.
3533 5145 3801 5202 Caeterum

2235 5212 2503 5278 reperitur
2534 5215 2585 5268 iit
2616 5216 2823 5275 Grtecis
2846 5222 3088 5281 historiis
3122 5230 3282 5298 hujus
3312 5247 3486 5300 portte
3505 5238 3799 5309 Caligario-

2233 5312 2350 5352 rum
2372 5316 2565 5357 nomen
2594 5310 2894 5377 antiquius,
2932 5313 3091 5371 Porta
3128 5320 3366 5390 Kapsia,
3400 5329 3513 5381 sive
3536 5332 3754 5400 obliqua
3780 5350 3797 5389 :

2234 5394 2378 5461 quod
2406 5397 2751 5466 interpretati
2778 5403 2942 5460 Turci
2975 5408 3228 5466 videntur
3250 5430 3341 5483 per
3368 5418 3491 5488 Egri
3522 5394 3678 5489 capi;
3698 5419 3797 5476 Ur-

2231 5485 2311 5540 bis
2342 5496 2522 5543 tantcn
2576 5493 2931 5551 :cdificiorutn
2958 5501 3095 5554 liber
3122 5503 3363 5559 Charsia-
3382 5520 3593 5577 portant
3624 5513 3795 5566 voluit

2225 5579 2424 5633 dictant
2486 5584 2553 5636 ab
2617 5597 2840 5641 auctore
2898 5593 2977 5643 vel
3039 5593 3320 5649 conditore
3383 5600 3634 5661 Cltarsia,
3698 5604 3794 5668 qui

2228 5668 2437 5722 utentis
2474 5672 2655 5727 colore
2694 5674 2896 5731 Veneto
2923 5678 3176 5736 factionis
3206 5682 3390 5739 fui-rit.
3429 5686 3562 5739 Nam
3601 5685 3793 5746 factio-

3314 5778 3393 5839 28
