4228 6298
453 364 561 428 875

1651 368 1989 428 JOANNIS
2035 322 2503 431 LEUi‘iCLAVii

3598 375 3702 437 876

453 500 555 542 nea
584 483 717 540 olim
751 489 986 552 quatuor
1029 490 1185 537 erant
1219 482 1273 535 in
1322 480 1686 552 hippodromo
1723 484 2014 538 deccrtan-
2054 494 2097 549 Α
2130 487 2341 553 urbem,
2365 489 2458 557 qui
2498 487 2655 555 juxta
2690 486 2871 540 sinum
2899 487 3214 543 Ceratinum
3254 504 3282 542 a
3340 487 3702 559 Pentt'pyt'gio

453 579 593 631 tium
622 576 964 645 equis,quos
994 572 1227 639 κέλητας
1253 572 1529 629 Pindarus
1583 574 1744 641 dixit,
1786 576 2023 645 singulis

452 668 616 739 bigis,
648 668 827 739 triuia,
854 666 1167 736 quadrigis;
1194 666 1266 720 ita
1306 665 1583 722 distincta:
1631 667 1932 731 coloribus,
1965 678 2024 723 ut

450 759 665 827 βινετβι
695 758 780 819 vei
808 757 1051 823 caerulei,
1076 758 1263 814 λευκοὶ
1321 758 1405 813 vel
1450 758 1580 824 albi,
1633 759 1885 827 πράσινοι
1927 775 2023 815 seu

454 850 678 914 virides.
705 848 912 921 ρούσιοι
939 864 1040 905 seu
1079 848 1266 916 rubri,
1297 852 1634 906 dicerentur.

527 943 748 1003 Decima
781 941 939 1002 tertia
969 949 1053 997 est
1082 941 1196 1009 illa,
1223 942 1385 1012 cujus
1438 932 1865 999 hoc'annalinm
1899 944 2021 999 loco

454 1033 515 1090 lit
543 1034 769 1097 mentio.
799 1048 1029 1104 qunque
1058 1032 1218 1093 nobis
1270 1034 1617 1094 occasionem
1677 1035 1910 1105 primam
1943 1054 2022 1091 re-

452 1125 719 1185 censendi
742 1135 937 1195 portas
965 1126 1119 1183 urbis
1149 1125 1403 1195 prtebuit.
1434 1123 1671 1182 Vocatur
1705 1137 1887 1183 autem
1917 1129 2020 1183 lla-

452 1216 920 1289 drianopolitana.
955 1216 1100 1285 quod
1122 1216 1509 1289 iladrianopoli
1542 1229 1692 1275 recta
1719 1223 2019 1281 venientes.

453 1308 646 1364 urbem
675 1308 883 1379 ingredi
911 1322 1009 1375 per
1032 1321 1154 1363 eam
1174 1308 1411 1365 soleant.
1445 1308 1504 1364 in
1542 1310 1645 1364 hac
1674 1321 1830 1380 porta
1860 1316 2023 1383 periit

489 1415 756 1474 ppressus
786 1398 1069 1457 hominum
1105 1400 1267 1456 turba
1295 1399 1694 1459 Constantinus
1722 1402 2016 1475 Drngases,

450 1494 676 1559 uttintus
718 1491 1032 1549 Graecorum
1065 1493 1384 1563 imperator.

524 1584 787 1657 Sequitur
818 1584 1034 1644 decima
1062 1595 1283 1657 quarta,
1315 1588 1527 1644 recenti
1575 1589 1845 1648 vocabulo
1880 1591 2021 1645 Tur-

448 1678 570 1735 cico
599 1664 745 1732 dicta
770 1677 887 1747 Top
918 1677 1113 1745 capisi,
1149 1692 1261 1747 quo
1296 1680 1638 1751 signiﬁcatur
1671 1693 1827 1754 porta
1863 1684 2017 1738 bom-

454 1768 733 1835 bardaria,
748 1770 863 1828 sive
891 1776 1287 1826 tormentorum
1321 1770 1666 1827 bellicorum.
1693 1773 1869 1830 Graeci
1894 1782 2020 1830 ante

449 1870 666 1931 captam
703 1875 733 1915 a
765 1858 1025 1919 turbaris
1055 1861 1270 1927 urbem,
1303 1864 1666 1918 nominabant
1690 1865 1749 1918 S.
1785 1864 2022 1922 Romani

450 1963 691 2021 portam,
749 1951 895 2015 sicut
922 1959 976 2009 et
1011 1951 1329 2018 Lconardus
1375 1954 1641 2011 'Cbiensis
1691 1966 1744 2011 et
1796 1955 2031 2013 Chaico-

448 2042 716 2113 condyles
754 2049 1068 2102 testantur:
1114 2043 1275 2113 cujus
1310 2052 1498 2109 tamen
1538 2047 1816 2117 interpres
1848 2047 2028 2103 Galli-

449 2147 550 2189 cus
571 2148 640 2187 cx
669 2131 858 2191 Sancti
910 2129 1139 2195 ﬂonumi
1171 2142 1327 2202 porta
1380 2134 1559 2193 iacere
1592 2146 1800 2205 portam
1832 2135 2031 2191 Itoma-

450 2236 577 2283 uam
611 2222 714 2291 fuit
738 2238 929 2290 ausus.
957 2226 997 2288 Α
1037 2223 1357 2282 borubardis
1384 2240 1507 2280 eam
1542 2224 1758 2282 Tereos
1789 2228 2030 2285 arbitror

450 2314 780 2387 appellasse,
807 2315 954 2387 quod
977 2316 1285 2377 obsidionis
1325 2325 1574 2388 tempore
1602 2326 1878 2378 tormenta
1909 2320 2023 2378 bel-

449 2409 555 2467 lica
593 2410 877 2480 praecipue.
904 2407 1111 2469 fuerint
1146 2408 1279 2464 huic.
1308 2411 1585 2482 opposita.

518 2498 777 2560 Proxima
838 2500 1148 2563 secundum
1208 2499 1352 2557 hanc
1410 2512 1497 2559 est
1544 2504 1757 2562 decima
1810 2506 2026 2577 quinta.

450 2590 654 2648 Turcis
677 2589 817 2655 Geni
849 2591 997 2661 capi,
1046 2589 1252 2650 Grauis
1278 2597 1377 2661 για
1398 2594 1597 2667 πόρτα,
1621 2597 1769 2668 quod
1811 2608 2023 2670 portam

450 2698 646 2752 novam
682 2682 982 2755 signiticet.

523 2773 661 2849 Inde
684 2777 1006 2850 pervenitur
1033 2778 1101 2839 ad
1127 2778 1401 2840 decimam
1466 2791 1701 2849 sextam,
1769 2784 2025 2843 videlicet

449 2868 702 2941 Siiyvria:
725 2870 811 2930 vel
836 2868 1100 2943 Sulybrim
1130 2881 1369 2941 portam,
1394 2888 1517 2944 quia
1542 2889 1573 2929 a
1612 2874 1806 2945 priscis
1836 2880 2016 2951 χρυσῆ

448 2968 628 3031 porta.
654 2959 747 3020 uel
775 2976 944 3020 aurea
974 2972 1131 3032 porta
1162 2962 1571 3030 nominabatur,
1626 2973 1680 3020 et
1724 2976 1879 3037 porta
1904 2966 2025 3023 i'on-

451 3052 541 3108 tis.
576 3050 708 3108 Nam
754 3062 910 3114 extra
940 3065 1156 3126 portam
1208 3056 1352 3111 hanc
1406 3065 1494 3110 est
1554 3055 1830 3129 hodieque
1874 3060 2021 3129 l’ons,

447 3143 546 3215 qui
612 3143 940 3215 χρυσοῖν)γῂ
978 3144 1064 3201 vel
1100 3159 1303 3216 aureus
1335 3144 1460 3215 (ous
1490 3160 1523 3204 a
1556 3145 1763 3207 Graecis
1790 3152 2023 3222 antiquo

448 3232 671 3290 nomine
702 3231 928 3301 dicitur,
961 3234 1201 3293 celebris
1238 3234 1295 3293 in
1339 3249 1531 3291 eorum
1565 3236 1835 3307 historiis,
1898 3257 2023 3314 qua

450 3340 828 3400 stt-penumero
855 3324 1039 3397 paLatii
1074 3326 1257 3398 πηγῆς
1309 3327 1432 3383 sive
1459 3327 1630 3387 fontis
1684 3332 2021 3390 mentionem

453 3418 678 3483 iaciunt.
714 3425 771 3473 et
805 3419 994 3488 templi
1025 3417 1276 3489 Deiparm
1306 3420 1534 3493 virginis
1567 3423 1637 3477 ad
1689 3426 1877 3495 πηγήν
1910 3428 2023 3482 sive

450 3508 685 3580 fontem.
736 3506 1013 3580 lnterpres
1054 3510 1286 3569 Cedrini
1341 3513 1667 3586 plerumque
1727 3514 1907 3588 Pegen
1966 3526 2022 3573 et

448 3603 509 3669 in
541 3601 682 3675 Pege
716 3600 982 3660 reddidit.
1019 3602 1278 3660 Editieia
1306 3619 1458 3661 nunc
1485 3607 1671 3663 diruta
1699 3620 1849 3677 sunt,
1900 3611 2023 3666 l'nn-

448 3693 728 3750 damentis
753 3692 932 3753 adhuc
978 3695 1333 3752 exstantibus
1376 3704 1431 3751 et
1489 3697 1612 3768 ipso
1642 3696 1827 3756 fonte:
1857 3716 2020 3771 quem

448 3784 721 3856 hodieque
766 3785 1085 3843 Cra’eorum
1114 3788 1311 3858 vulgus
1365 3792 1720 3864 χρυσοπηγήν
1761 3797 2019 3873 appellat,

446 3881 502 3930 ct
530 3874 771 3931 invisere
802 3888 999 3943 magno
1029 3890 1328 3942 concursu,
1383 3888 1541 3934 certe
1565 3882 1693 3934 anni
1749 3890 2021 3954 tempore,

446 3966 609 4027 veluti
633 3965 682 4022 si
714 3964 960 4036 Deiparat
987 3965 1216 4035 virginis
1244 3969 1507 4038 templum
1535 3971 1715 4027 adhuc
1742 3974 2022 4031 incolume

448 4064 641 4121 staret,
669 4058 979 4112 consuevit.
1014 4056 1197 4112 Aurea
1245 4070 1401 4126 porta
1435 4076 1581 4115 nunc
1609 4064 1775 4117 etiam
1811 4065 2019 4136 reliqua

446 4146 803 4218 conspicitur,
826 4146 921 4202 sed
939 4146 1243 4211 obstructa,
1270 4163 1372 4204 nec
1395 4151 1447 4206 id
1465 4155 1607 4221 quod
1630 4156 1806 4221 audit,
1829 4169 2017 4211 aurea:

446 4240 582 4295 satis
609 4238 832 4307 elegans
866 4244 1068 4298 tamen.
1120 4250 1415 4307 expressos
1450 4256 1481 4294 e
1533 4256 1806 4296 marmore
1841 4247 2022 4298 conti-

447 4344 584 4388 nens
611 4342 813 4395 agones
856 4329 972 4385 sive
1027 4328 1246 4386 labores
1280 4330 1557 4398 Herculis,
1611 4335 1849 4389 artiticio
1910 4350 2017 4389 non

445 4420 674 4491 vulgari.

2131 580 2422 648 incipiens,
2456 580 2522 633 ad
2553 578 2977 653 Hcptapyrgium
3002 581 3159 651 juxta
3190 581 3574 653 Propontidem
3606 585 3699 636 dc-

2127 674 2281 730 sinit.

2197 782 2369 853 lgitur
2401 781 2901 857 lleptapyrgianum
2936 785 3052 854 jam
3084 786 3287 856 angulo
3348 788 3566 859 navigio
3591 788 3702 846 cir-

2126 875 2455 941 euinvcctis,
2486 877 2657 944 prima
2693 886 2914 950 propter
2946 892 3129 933 arcem
3155 878 3207 928 in
3245 878 3416 933 latere
3443 878 3705 936 meridio-

2126 965 2236 1019 nali
2300 978 2455 1035 porta
2524 984 2585 1022 se
2651 969 2808 1022 nobis
2867 966 3045 1038 offert,
3113 969 3412 1042 caeteroqui
3469 984 3703 1029 numero

2126 1061 2336 1114 decima
2370 1062 2623 1130 septima,
2647 1076 2814 1137 quam
2846 1060 2917 1116 ab
2950 1076 3076 1117 arce
3101 1063 3280 1118 vicina
3311 1074 3531 1137 portant
3565 1064 3705 1126 ἑπτὰ

2124 1151 2416 1217 xcutiam,
2438 1153 2488 1205 id
2508 1163 2613 1216 est,
2641 1164 2847 1223 septem
2878 1155 3137 1220 turrium,
3152 1168 3289 1212 voce
3309 1155 3704 1215 tuistobarbara

2126 1241 2433 1293 nominant.
2466 1241 2897 1298 Observavimus
2950 1244 3003 1299 in
3066 1242 3169 1307 hac
3201 1242 3448 1303 Graecam
3504 1244 3707 1302 inscri-

2122 1330 2395 1399 ptionem,
2423 1348 2584 1402 quam
2610 1332 2863 1388 dabimus
2878 1333 3032 1389 alibi.

2194 1445 2509 1507 Secundum
2541 1447 2687 1503 hanc
2714 1447 2962 1519 proxima
2999 1450 3255 1521 sequituc
3276 1458 3469 1507 octava
3491 1452 3704 1509 decima

2123 1546 2300 1604 porta,
2340 1536 2578 1595 Turcieo
2613 1540 2881 1601 vocabulo
2904 1540 3061 1602 Narli
3080 1543 3206 1613 capi
3245 1543 3398 1601 dicta
3427 1562 3442 1599 :
3480 1558 3595 1615 quo
3621 1544 3703 1597 ni-

2122 1626 2326 1686 mirum
2353 1630 2644 1708 appellunt
2676 1647 2745 1692 ex
2788 1633 2993 1703 insulis
3024 1635 3244 1706 navigia
3303 1636 3465 1693 tnaiis
3498 1638 3703 1701 aureis,

2121 1729 2220 1769 acu
2256 1717 2501 1783 grauatis
2555 1720 2753 1789 (ῥοῑδια
2815 1737 2963 1779 nunc
2996 1721 3170 1780 (ἔτκοί
3220 1726 3443 1791 vocant)
3483 1737 3703 1783 onusta.

2053 1835 2094 1893 Β
2193 1806 2411 1882 Decima
2443 1824 2589 1871 nona
2633 1821 2857 1872 vocatur
2889 1814 3293 1875 Psomatinrum
3324 1831 3501 1887 porta.
3534 1818 3651 1873 ιω.
3676 1835 3703 1875 r

2125 1909 2315 1957 exstat
2376 1903 2519 1973 apud
2544 1903 2763 1962 Graecos
2802 1917 3238 1979 manuscriptus,
3270 1909 3443 1981 580
3474 1910 3543 1967 de
3576 1912 3705 1967 δικιίο

2134 1992 2272 2047 ﬁciis
2318 1995 2492 2056 urbis.
2532 2012 2699 2066 quem
2737 1998 3027 2062 habemus.
3082 2000 3144 2056 In
3199 2015 3264 2056 eo
3311 2017 3508 2058 nomen
3541 2015 3707 2071 ponte

2130 2085 2393 2142 Psaur'tii
2425 2089 2723 2157 reperitur,
2781 2097 2837 2146 et
2866 2090 3129 2160 palatium
3173 2090 3457 2157 Psantatii,
3497 2103 3553 2147 et
3604 2111 3705 2163 τη-

2132 2179 2437 2245 ρωκομείον
2490 2178 2777 2245 Psatnatii,
2811 2196 2922 2251 quo
2966 2182 3162 2239 domus
3212 2183 3553 2255 signitieaaur
3606 2202 3706 2242 ex-

2130 2274 2342 2328 struata
2369 2271 2628 2328 curandis
2660 2280 2717 2330 et
2746 2273 2960 2333 alendis
2998 2276 3243 2333 senibus.
3267 2277 3542 2348 Originotn
3579 2294 3708 2334 vero

2131 2358 2371 2415 nominis
2406 2357 2670 2418 Psamatii
2703 2362 3113 2431 legitnusltane
3168 2366 3231 2424 in
3288 2368 3481 2422 eodem
3539 2369 3705 2433 libro,

2127 2450 2351 2505 stetisse
2376 2451 2589 2507 scilicet
2612 2454 2744 2508 olim
2782 2456 2888 2510 hoc
2922 2455 2976 2510 in
3041 2457 3163 2513 loco
3214 2455 3472 2515 Psantatii
3525 2462 3706 2529 quod-

2127 2538 2254 2595 dam
2286 2543 2673 2613 simulacrum,
2733 2549 2883 2603 uuod
2916 2549 3271 2618 deastrorum
3330 2553 3513 2607 cultor
3556 2557 3706 2625 quis-

2128 2632 2271 2701 piam
2297 2648 2397 2689 ceu
2422 2636 2587 2695 deum
2617 2638 2873 2700 coluerit.
2894 2640 3244 2699 Christianos
3284 2659 3418 2699 vero
3450 2645 3708 2716 frequen-

2129 2732 2212 2777 ter
2235 2725 2508 2781 hominem
2540 2729 2609 2782 ab
2636 2744 2701 2783 eo
2738 2730 2968 2786 colendo
2988 2732 3373 2802 debet-tantes,
3399 2740 3708 2809 appellasse

2126 2817 2485 2879 simulacrum
2534 2823 2689 2889 illud,
2728 2825 2876 2889 quod
2939 2825 3058 2896 ipse
3094 2840 3478 2895 veneraretur,
3533 2831 3703 2888 deum

2124 2910 2509 2983 ψενματέῖνον,
2558 2917 2612 2973 id
2647 2926 2752 2982 est,
2800 2916 3001 2974 {nisum
3063 2929 3123 2975 ct
3170 2922 3441 2989 fictilium,
3502 2927 3708 2995 quique

2126 3018 2330 3063 nomen
2364 3007 2501 3067 illud
2542 3012 2891 3068 meutiretur.
2927 3012 3010 3068 Ab
3060 3013 3165 3067 huc
3228 3017 3395 3084 igitur
3432 3018 3580 3072 itlnio
3614 3020 3703 3075 dei

2126 3092 2317 3165 εἰοιῆἰὶ
2361 3098 2554 3160 volunt
2596 3099 2701 3170 ipsi
2749 3100 2872 3157 loco
2926 3117 3127 3159 nomen
3161 3104 3417 3169 inditum,
3459 3116 3517 3161 ut
3574 3106 3706 3163 Psa-

2049 3182 2098 3245 O
2128 3188 2611 3259 tnatiidiccrctur,
2661 3193 2717 3248 id
2765 3201 2871 3261 est,
2918 3195 3097 3251 iictitii
3147 3196 3234 3252 dei
3290 3199 3479 3254 locus:
3537 3198 3706 3269 vulgo

2126 3277 2316 3340 Psama
2349 3282 2587 3350 dicente,
2642 3301 2740 3355 pro
2784 3284 2993 3357 ψεῢμα,
3035 3288 3182 3357 quod
3210 3298 3294 3346 est
3327 3292 3703 3349 mendacium.

2122 3372 2356 3444 Propter
2391 3374 2532 3436 hanc
2580 3391 2711 3433 vero
2761 3387 2973 3447 portam
3026 3379 3291 3436 Psatnatii
3339 3384 3616 3451 quondam
3650 3394 3706 3441 et

2125 3465 2387 3535 palatium
2413 3478 2531 3524 erat
2562 3478 2618 3523 ct.
2666 3472 3070 3540 γηρωκομεῐον,
3104 3480 3163 3526 ιιι
3188 3472 3462 3530 diximus:
3491 3489 3705 3531 utrum-

2123 3571 2233 3626 que
2271 3556 2527 3616 Psamatii
2581 3577 2777 3617 nomen
2836 3564 2907 3618 ob
2964 3564 3221 3620 viciniam
3260 3568 3493 3631 habens.
3546 3578 3602 3624 ct
3635 3571 3705 3625 ab

2125 3643 2335 3700 ιιυιωι
2372 3650 2642 3719 Augusta,
2674 3660 2848 3709 matre
2877 3652 3231 3711 Constantini
3288 3657 3491 3729 Magni,
3553 3664 3705 3718 urbis

2126 3739 2447 3803 conditoris.
2478 3750 2842 3799 exstructum.
2870 3745 3312 3806 Christianorum
3339 3755 3533 3824 vulgus
3560 3755 3704 3810 hanc

2127 3844 2338 3898 portam
2377 3848 2522 3888 nunc
2570 3837 2737 3890 etiam
2793 3836 2904 3893 San
2965 3841 3199 3897 Matthia
3258 3855 3441 3912 vocat,
3478 3850 3703 3905 nomine

2124 3934 2384 3992 corrupto
2402 3941 2466 3980 ex
2501 3926 2800 3983 Psamatia.

2200 4057 2467 4117 Vicesima
2530 4063 2735 4121 Graecis
2776 4066 3105 4125 Contoscalii
3162 4082 3319 4142 porta
3381 4078 3607 4139 dicitur.
3644 4077 3707 4139 In

2126 4149 2268 4205 libro
2306 4152 2374 4207 de
2435 4155 2586 4209 urbis
2621 4157 2871 4214 :ediiieiis
2909 4160 3067 4220 locus
3122 4164 3210 4229 hic
3268 4165 3701 4228 Contoscalinon

2125 4243 2435 4311 appellatur
2465 4255 2517 4300 et
2548 4262 2709 4302 causa
2735 4252 2978 4306 nominis
3008 4255 3289 4325 adjicitur.
3330 4257 3553 4314 Etenim
3584 4262 3703 4332 ipsa

2128 4344 2279 4400 porta
2321 4334 2459 4389 relut
2493 4338 2635 4390 intra
2668 4341 2851 4396 sinum
2893 4346 3182 4412 quemdam
3224 4349 3473 4404 abscedit
3505 4367 3699 4409 versus

2129 4425 2337 4488 urbem,
2369 4429 2514 4483 etab
2541 4430 2707 4486 altera
2750 4440 2906 4500 parte
2957 4437 3268 4503 proximum
3323 4441 3427 4496 sibi
3480 4451 3696 4511 portum

518 4512 631 4567 [loc
682 4511 795 4584 jam
861 4511 985 4565 iam
1024 4520 1345 4579 pet-ventum
1376 4520 1485 4577 cst,
1539 4515 1605 4568 ab
1633 4518 1837 4585 angulo
1868 4519 2019 4575 urbis
2051 4537 2097 4596 υ
2128 4513 2290 4569 habet
2322 4531 2417 4583 pro
2453 4518 2795 4585 triremibus,
2826 4522 2881 4576 in
2912 4538 3061 4579 tnarc
3117 4541 3174 4580 se
3222 4530 3616 4599 porrigentem,
3645 4541 3702 4589 ιιι

446 4608 711 4669 secundo,
738 4613 958 4678 propter
991 4618 1177 4660 muros
1204 4604 1352 4665 urbis
1381 4613 1677 4665 terrestres
1696 4609 2020 4663 circumam~

448 4696 704 4759 liulandu.
724 4694 795 4749 ad
821 4694 1135 4766 oppositum
1154 4694 1279 4747 huic
1303 4695 1559 4765 :urgulutn
1583 4699 1737 4750 urbis
1760 4699 1975 4752 tertium
2003 4714 2017 4751 :

445 4791 561 4858 qui,
586 4790 731 4845 sicut
760 4790 1036 4847 secundus
1091 4788 1179 4842 ille
1213 4788 1279 4855 ad
1316 4789 1500 4847 sinum
1555 4789 1873 4847 Ceratinum
1930 4810 2018 4847 cx-

448 4893 686 4941 trvtnnm
716 4882 857 4935 situs
890 4890 999 4947 est,
1037 4881 1116 4936 ita
1164 4892 1211 4935 et
1245 4884 1362 4951 ipso
1400 4886 1635 4952 pertinet
1666 4887 1731 4939 ad
1778 4885 2019 4957 i‘mpon-

450 4974 610 5027 tidem
635 4988 649 5025 :
682 4981 741 5031 ut
762 4971 1023 5041 deinceps
1050 4970 1194 5026 latus
1216 4973 1367 5029 urbis
1394 4973 1664 5041 reliquum
1699 4978 1836 5031 mari
1862 4980 2021 5031 allui-

450 5076 561 5130 tur,
589 5078 762 5136 usque
788 5063 856 5129 ad
891 5062 1341 5133 promontorium
1392 5062 1673 5132 Byzantiis,
1731 5067 1814 5121 νυΙ
1870 5069 2023 5124 urbis

446 5158 709 5227 anguium
741 5154 1000 5226 primum.
1028 5152 1112 5211 Ab
1135 5154 1238 5209 hoc
1263 5152 1408 5209 enim
1447 5156 1648 5225 angulo
1673 5157 1849 5225 primo
1874 5159 2020 5215 latus

448 5250 600 5305 urbis
630 5262 821 5313 unum,
853 5245 1111 5302 videlicet
1142 5245 1483 5316 aquilonare,
1528 5260 1560 5305 a
1587 5248 1723 5301 mari
1774 5246 2021 5306 Ceratini

450 5344 605 5401 sinus
640 5339 893 5403 elicitur,
918 5353 1098 5409 usque
1125 5338 1196 5395 ad
1244 5338 1505 5409 angulum
1535 5341 1837 5396 secundum
1878 5342 2019 5397 Pen-

449 5436 827 5508 tepyrgianum
875 5450 887 5485 :
920 5448 1118 5492 rursus
1157 5433 1228 5490 ab
1275 5433 1449 5491 altera
1482 5442 1636 5503 parte
1670 5449 1819 5489 mare
1880 5436 2019 5490 Pro-

450 5528 693 5597 pontidis
728 5528 1031 5583 secundum
1056 5526 1202 5583 latus
1235 5526 1411 5588 urbis,
1433 5533 1487 5580 et
1516 5526 1876 5581 meridionale
1899 5528 2024 5595 qui-

444 5623 568 5675 dem
630 5620 831 5683 eﬂicit,
893 5632 1068 5687 usque
1122 5618 1187 5672 ad
1268 5619 1484 5670 tertium
1540 5616 1691 5669 urbis
1754 5621 2017 5687 angulum

444 5713 976 5783 ileptapyrgianum:
1016 5710 1353 5765 occidentale
1415 5721 1545 5761 vero
1586 5710 1809 5763 tertium
1874 5712 2016 5767 latus

447 5807 514 5859 ab
544 5805 795 5865 omnibus
822 5802 977 5872 aquis
1014 5801 1279 5867 immune,
1315 5802 1557 5857 terrestri
1615 5816 1772 5857 tuuro
1807 5803 2011 5859 claudit

2128 4620 2289 4657 muro
2314 4609 2736 4666 circumdatum.
2771 4612 2817 4665 Is
2850 4622 3042 4686 portus
3072 4616 3202 4670 olim
3237 4632 3363 4673 cum
3386 4632 3699 4691 pararetur,

2122 4698 2439 4764 prmfeetum
2475 4699 2646 4757 fuisse
2677 4706 2898 4759 tradunt
2926 4708 3108 4778 operis
3153 4711 3302 4763 velut
3328 4712 3702 4784 ὲργοδιώκτην

2123 4790 2471 4857 Agallianum
2505 4792 2906 4851 Turmarcltum
2964 4799 3041 4880 (id
3077 4810 3270 4859 turmae
3306 4804 3499 4861 ducem
3524 4810 3699 4878 signi-

2124 4886 2270 4949 ﬁcat,
2308 4886 2414 4939 hue
2445 4894 2548 4952 est,
2578 4887 2832 4956 legionis,
2866 4905 2964 4946 sex
2996 4891 3279 4951 hominum
3311 4898 3489 4954 millia
3544 4914 3701 4971 com-

2126 4974 2437 5042 plectentis,
2476 4984 2534 5030 ut
2564 4985 2648 5033 est
2683 4978 2824 5048 apud
2844 4978 3084 5035 Leonem
3118 4984 3429 5058 Augustum
3466 4989 3520 5043 in
3558 4988 3703 5045 libro

2124 5065 2198 5119 De
2221 5066 2424 5121 bellicis
2452 5071 2848 5140 apparatibus),
2877 5073 2967 5142 qui
3001 5062 3305 5144 cognomen
3330 5078 3705 5142 Const05ce|is

2126 5159 2381 5215 habuerit
2418 5175 2445 5214 a
2488 5160 2751 5216 brevibus
2786 5162 2956 5218 tibiis.
3004 5165 3431 5223 Gambaeurtam
3462 5171 3583 5227 Itali
3616 5175 3705 5229 di-

2124 5260 2331 5305 cerent.
2362 5252 2446 5305 Ab
2471 5251 2574 5305 hoc
2602 5252 2932 5321 appellatam
2980 5255 3137 5308 aiunt
3162 5270 3373 5326 portam
3404 5259 3704 5322 Contosca-

2126 5342 2321 5405 tinam,
2355 5340 2518 5395 veluti
2557 5344 3015 5398 contosceltnam.
3054 5345 3166 5417 Ego
3212 5364 3340 5403 vero
3370 5366 3507 5422 pace
3543 5355 3703 5412 Grata-

2124 5445 2314 5486 corum
2373 5430 2609 5486 dixerim
2673 5435 2857 5502 potius
2891 5434 3339 5495 Contoscalinam
3378 5445 3461 5498 vel
3496 5444 3701 5503 Conto-

2120 5521 2283 5577 scalii
2306 5532 2556 5576 vocatam
2594 5537 2624 5576 a
2672 5534 2833 5579 conta
2862 5528 3034 5581 scala.
3068 5530 3272 5598 Κοντὸς
3310 5534 3457 5589 enim
3492 5536 3699 5597 Gracia

2125 5630 2273 5669 nunc
2324 5630 2543 5685 parvus,
2596 5618 2673 5671 uti
2731 5634 2856 5672 cum
2915 5621 3190 5679 Ccdrinus
3243 5626 3341 5692 ait,
3402 5608 3697 5697 quemdam

2120 5709 2295 5763 fuisse
2320 5710 2660 5763 nOtninatunt
2692 5710 2757 5765 ab
2788 5713 3089 5783 exiguitate
3120 5726 3346 5771 staturtc
3372 5721 3698 5775 Κοντολέονο

2123 5818 2188 5854 τα
2215 5807 2498 5870 prattorcm
2534 5800 2885 5870 Ccphallinw,
2926 5813 2979 5859 ct
3028 5806 3192 5860 alium
3249 5808 3693 5878 Κοντοστέφανον
