4228 6298
562 402 665 477 870

1789 400 2113 462 JOANNES
2159 401 2620 461 LEUNCLAVII

3703 393 3809 454 880

559 546 665 599 quc
687 530 829 582 tmdii
878 530 1126 597 paritura
1179 525 1413 582 confido.
1450 522 1545 576 Vel
1576 521 1677 591 ipsi
1729 529 1840 573 tulit
1875 534 1900 572 a
1938 519 2135 573 Turcis
2163 526 2210 583 Α
2242 527 2385 596 [nios
2420 537 2473 581 ρι
2524 523 2905 593 [Egyplim'um
2951 521 3165 575 sultano
3218 516 3511 584 subjcclos.
3548 515 3812 569 iudicavi-

559 623 824 683 obsessa),
872 632 1035 688 quam
1081 624 1404 687 expugnatae
1453 612 2004 680 Constantinopoli-os
2050 610 2132 661 lii-

561 713 744 765 storia:
811 707 1265 780 Chalcocondylis
1339 715 1393 761 et
1477 703 1748 760 Leonardi
1841 702 2134 765 Cltiensis,

538 803 762 856 -.mirum
819 808 1090 871 quantum
1143 801 1257 856 haec
1311 797 1581 870 expositio
1633 804 1822 850 nostra
1867 795 2005 848 lucis
2053 792 2136 847 af-

563 894 721 949 feret.

590 986 719 1041 201.
758 985 902 1041 Mors
936 985 1136 1042 sultaui
1174 985 1458 1107 Bajabzlit‘is,
1489 998 1521 1034 a
1554 979 1664 1049 ﬁlio
1697 977 1894 1033 Selinte
1926 989 2114 1031 veneno

1233 1073 1294 1107 su
1353 1076 1381 1107 α
1412 1071 1454 1107 ι.

1233 1071 1454 1109 suumn.

632 1153 750 1204 Non
785 1148 1152 1204 meminerunt
1195 1147 1420 1200 annales
1454 1147 1569 1201 dati
1603 1159 1634 1198 a
1667 1141 1776 1195 filio
1799 1138 2000 1193 Selime
2035 1135 2140 1188 Ba-

567 1244 718 1312 jaziti
748 1256 846 1312 per
875 1242 1011 1295 alios
1045 1239 1265 1302 veneni,
1317 1235 1464 1307 quod
1510 1251 1540 1289 a
1572 1235 1783 1289 nostris
1821 1237 2142 1284 constanter

565 1337 898 1396 afﬁrmatur,
965 1330 1099 1398 ipsis
1136 1340 1316 1383 tamen
1350 1324 1794 1396 expositionibus
1826 1323 2021 1375 horum
2057 1321 2142 1370 iti-

565 1433 644 1477 ter
681 1437 740 1476 se
775 1436 884 1475 non
927 1433 1118 1490 parum
1156 1415 1578 1471 dissidentibus.
1607 1411 1718 1465 Nos
1754 1412 2144 1480 plcrorumque

567 1514 915 1569 narrationes
975 1513 1056 1566 sic
1114 1509 1497 1574 reeitabitnus,
1553 1516 1611 1560 ut
1659 1507 1925 1573 integrum
1964 1513 2143 1555 tamen

565 1607 752 1664 lectori
809 1603 1074 1676 judicium
1146 1602 1542 1671 relinquamus.
1625 1593 2012 1665 Spanduginus
2069 1593 2144 1644 ait

565 1700 824 1755 Selimem
861 1697 1001 1766 patri
1074 1694 1391 1764 adjunxisse
1440 1690 1710 1745 Jonuzem
1771 1687 2011 1748 bassam,
2054 1682 2145 1751 qui

568 1802 756 1841 curam
784 1786 905 1856 ejus
938 1794 1172 1854 gereret.
1202 1794 1504 1848 omnesque
1537 1794 1625 1832 res
1671 1776 1846 1846 patris
1909 1775 2145 1828 admini-

2243 633 2362 672 mus
2389 619 2568 687 capite
2603 617 2721 670 165.
2756 614 3055 678 Mustapiizr
3084 612 3256 665 liassre
3291 609 3618 663 mentionem
3646 608 3812 676 paulo

2240 719 2364 765 ante
2396 710 2626 764 fecimus
2656 708 2829 777 capite
2871 705 2996 760 198.
3030 702 3156 757 Fuit
3197 701 3519 756 interfectus
3559 710 3812 768 propter-

2247 817 2333 864 ea,
2390 800 2535 870 quod
2573 799 2852 853 Aelunetis
2890 811 3011 852 eum
3048 796 3206 859 filios,
3255 792 3519 848 Moralem
3551 803 3603 846 et
3631 791 3816 845 Alaui-

2243 907 2386 955 nem,
2419 892 2486 944 de
2515 889 2838 944 imminente
2879 887 2980 940 sibi
3016 899 3045 938 a
3075 895 3272 954 patruo
3309 882 3511 938 Selime
3539 883 3808 951 periculo,

2243 984 2522 1038 monuisse
2545 997 2641 1050 per
2679 983 2886 1035 celeres
2913 977 3283 1034 internuntios
3305 987 3642 1045 comportant
3678 973 3811 1028 fuis-

2244 1084 2344 1130 set.
2384 1074 2610 1130 Meritas
2643 1075 2744 1129 luit
2785 1087 2996 1142 poenas,
3037 1071 3108 1126 ob
3135 1069 3418 1140 perﬁdiam
3467 1083 3594 1138 erga
3646 1067 3817 1120 sulta-

2245 1184 2374 1222 num
2409 1166 2730 1237 Bajazitem,
2769 1168 2959 1220 lterum
2994 1179 3178 1228 suum,
3209 1170 3400 1216 contra
3437 1175 3599 1232 quem
3626 1159 3815 1214 Selimi

2247 1262 2358 1314 filio
2388 1262 2693 1316 studuerat.
2739 1259 2992 1314 Fratrum
3031 1255 3146 1319 ﬁlii,
3190 1269 3332 1324 quos
3385 1251 3616 1307 Selimes
3640 1261 3819 1305 stran-

2246 1354 2417 1420 gulari
2449 1353 2685 1422 jussisse
2719 1350 2979 1412 traditur,
3011 1364 3166 1402 more
3216 1344 3532 1401 Osmanidis
3577 1350 3817 1410 recepto.

2246 1446 2338 1513 qui
2369 1443 2522 1498 nefas
2557 1460 2677 1498 esse
2707 1451 2920 1511 putant,
2955 1439 3379 1495 Osmanidarnm
3414 1435 3680 1504 sanguine
3712 1443 3817 1487 trr-

2247 1551 2360 1588 ram
2399 1534 2708 1603 conspergi,
2737 1545 2968 1586 numero
2995 1530 3147 1583 fuere
3177 1529 3464 1596 quinque:
3507 1522 3822 1578 Muclteme-

2246 1639 2330 1681 tes
2354 1635 2406 1680 et
2432 1625 2718 1686 Aladincs,
2749 1621 2973 1676 Sinanis
2992 1620 3172 1676 scaclti
3197 1618 3288 1671 ﬁlii
3313 1636 3326 1684 ;
3347 1632 3468 1672 cum
3497 1616 3673 1672 tribus
3695 1616 3822 1669 ﬁliis

2248 1719 2449 1774 sultani
2483 1715 2865 1780 Mucliemetis,
2900 1723 2960 1769 ut
2997 1723 3080 1767 est
3108 1713 3292 1766 videre
3323 1719 3510 1765 nostra
3548 1711 3600 1762 in
3631 1707 3826 1764 Osma-

2251 1813 2500 1867 nidiruin
2529 1808 2867 1880 genealogia.
2908 1807 2982 1862 De
3011 1805 3272 1861 Tekiensi
3304 1803 3587 1873 provincia
3612 1802 3819 1856 dictum

567 1890 788 1935 διν-ιτα,
825 1878 1039 1932 Interim
1076 1884 1256 1928 tamen
1277 1881 1489 1927 secreto
1519 1883 1644 1925 cum
1693 1866 1900 1922 Jonuze
1965 1874 2147 1918 traus-
2182 1878 2222 1936 ις
2251 1905 2426 1975 “pm
2458 1866 2682 1966 δί’ρυί
2715 1866 2924 1970 pr'imus
2953 1913 2982 1952 ε
3007 1866 3336 1964 janimribn's
3371 1892 3536 1962 regiis
3572 1903 3628 1945 οι
3657 1891 3821 1945 Alcm

568 1978 777 2043 egisse,
810 1985 1078 2025 venenum
1113 1979 1172 2021 ut
1213 1966 1355 2038 patri
1398 1961 1801 2034 propinaretur.
1825 1958 2006 2025 itaque
2039 1957 2142 2009 Ba-

564 2067 784 2132 jazitem
831 2062 1007 2131 prius,
1061 2072 1228 2128 quam
1292 2055 1637 2107 Dimotucum
1692 2051 2054 2120 pervenisset.
2093 2048 2140 2099 vi

569 2154 760 2210 veneni
790 2152 899 2208 dati
933 2151 1265 2206 exstinctum
1321 2146 1508 2199 fuisse.
1541 2142 1735 2198 Jovius
1767 2141 1921 2195 addit
1980 2152 2144 2191 vene-

571 2262 699 2301 uum
733 2245 781 2300 ei
817 2241 1101 2313 praebitum
1142 2242 1209 2294 ab
1239 2238 1487 2293 llamone
1532 2234 1720 2288 δυόωο
1764 2231 1996 2286 medico.
2040 2229 2143 2281 ΑΙιί

571 2343 998 2393 commemorant
1031 2332 1286 2387 Selimem
1326 2337 1679 2390 metuentem,
1714 2339 1781 2378 nc
1821 2339 1880 2378 se
1917 2322 2058 2376 bello
2091 2323 2144 2374 in

572 2427 823 2484 Anatolia
864 2435 1058 2482 contra
1113 2423 1331 2488 fratres,
1389 2421 1709 2475 Aclttnetetn
1743 2424 1797 2470 et
1830 2415 2143 2475 Corcutem,

547 2530 858 2591 ,oecupato,
921 2532 1115 2574 rursus
1161 2514 1448 2585 imperium
1486 2513 1588 2567 sibi
1623 2510 1926 2565 vindicaret
1958 2517 2142 2577 pater;

571 2614 886 2684 corrupisse
940 2610 1216 2665 medicum
1274 2605 1446 2676 patris
1484 2600 1818 2664 Ustarabim,
1858 2599 2145 2668 promissis

572 2708 620 2761 ei
653 2705 899 2776 singulos
952 2700 1008 2755 i'n
1056 2701 1174 2755 dies
1223 2698 1455 2752 annonis
1507 2706 1792 2762 asprorum
1846 2691 2013 2752 mille,
2053 2689 2146 2756 qui

571 2797 782 2854 reditus
828 2803 976 2851 esset
1016 2805 1235 2847 annuus
1282 2787 1424 2844 9000
1473 2786 1811 2841 tlialerorum
1876 2782 2052 2852 aspris
2078 2778 2148 2834 40

574 2904 671 2956 pro
741 2900 849 2940 uno
907 2882 1120 2939 thalero
1195 2880 1549 2950 computatis.
1605 2879 1793 2946 Itaque
1874 2873 2149 2941 recepisse

576 2979 874 3043 medicum,
908 2990 970 3032 se
1013 2973 1242 3044 Bajaziti
1296 2985 1562 3026 venenum
1597 2968 1895 3039 pltarniaco
1929 2966 2147 3020 tnistum

575 3072 1012 3142 propinaturum.
1054 3068 1131 3119 Ae
1158 3063 1432 3120 tradidere
1465 3063 1714 3132 quidam,
1746 3074 2016 3115 venenum
2049 3059 2151 3111 hoc

578 3164 750 3221 fuisse
783 3157 1179 3217 comminutum
1240 3154 1485 3227 pulveris
1531 3156 1708 3208 instar
1775 3152 2145 3205 adamantem.

579 3253 885 3309 Ustarabim
935 3251 994 3309 in
1049 3225 1256 3320 oppido“
1299 3245 1540 3300 'l‘zurulo
1586 3243 1809 3313 Bajaziti
1862 3225 2220 3297 auctorean

576 3345 750 3400 fuisse
783 3341 1033 3398 sumendi
1075 3336 1377 3408 pliarmaei,
1412 3352 1521 3405 quo
1553 3335 1816 3389 miriﬁcus
1838 3333 1957 3387 seni
1993 3333 2146 3400 vigor

579 3438 746 3491 totius
777 3434 1023 3503 corporis
1056 3441 1109 3485 et
1140 3429 1310 3483 animi
1343 3428 1622 3483 rediturus
1652 3436 1822 3481 esset.
1853 3424 2147 3481 Aunuente

579 3529 838 3596 Bajazite,
872 3523 1140 3579 medicum
1173 3521 1346 3574 altero
1378 3533 1536 3573 mane
1569 3517 1906 3571 sultaninum
1945 3517 2012 3569 ad
2049 3530 2147 3567 cu-

580 3621 820 3678 biculum
863 3617 1117 3678 venisse;
1159 3625 1397 3682 cumque
1446 3609 1810 3666 dormientem
1844 3608 2022 3660 adhuc
2069 3620 2150 3658 re-

584 3718 839 3783 perisset,
889 3705 1396 3778 exspectabundum
1437 3703 1638 3758 ibidem
1688 3700 1937 3764 laesisse,
1977 3697 2151 3752 donec

583 3807 879 3874 cvigilaret.
937 3801 1139 3869 Elapso
1204 3797 1466 3866 temporis
1517 3795 1704 3863 aliquo
1757 3793 1958 3862 spatio,
2025 3804 2149 3843 cum

583 3911 688 3949 non
744 3892 1248 3960 expergisceretur,
1305 3886 1534 3940 excitari
1594 3883 1866 3951 iussisse,
1927 3881 2152 3949 jamque

581 3989 957 4055 experrectum
999 3980 1386 4045 interrogasse,
1446 3976 1815 4045 pliarmaeonc
1863 3976 1936 4026 uti
1969 3973 2148 4029 vellet.

582 4082 680 4134 Illo
733 4078 1086 4141 assentiente,
1140 4071 1454 4128 Ustarabitn
1502 4069 1936 4139 antipharmacis
1979 4067 2151 4121 multo

585 4187 710 4227 ante
740 4172 1030 4233 munitum,
1063 4175 1442 4236 praegustatam
1475 4165 1544 4218 ab
1590 4179 1649 4218 se
1697 4162 2022 4217 medicinam
2053 4159 2154 4212 Ba-

581 4267 730 4333 jaziti
789 4262 1088 4332 prtebuisse
1140 4259 1534 4321 hauriendam;
1588 4257 1748 4309 simul
1803 4255 2153 4309 cubiculariis

589 4357 894 4420 mandasse,
927 4371 993 4408 ne
1023 4353 1152 4422 quid
1186 4352 1236 4405 ei
1270 4358 1429 4420 potus
1464 4349 1952 4403 subministrarent
1976 4348 2151 4416 prius,

585 4463 746 4517 quam
794 4447 932 4500 bene
982 4453 1243 4513 cooperto
1293 4453 1524 4510 corpore
1569 4440 1838 4494 sudasset.
1873 4436 2003 4492 lude
2038 4453 2153 4492 me-

589 4543 769 4593 dicum
803 4552 862 4592 se
890 4534 1418 4602 Constantinopolim
1444 4534 1510 4585 ad
1545 4531 1797 4587 Selimcm
1828 4529 2152 4593 contulisse,

589 4633 681 4702 qui
713 4633 966 4701 promissi
993 4628 1201 4698 praemii
1252 4628 1369 4681 loco
1423 4625 1651 4693 jusserit
1686 4625 1732 4676 ei
1769 4631 1934 4690 caput
1965 4637 2156 4690 ampu-

590 4723 724 4787 tari;
769 4722 914 4791 quod
964 4722 1192 4783 diceret,
1242 4717 1518 4772 hominem
1557 4715 1885 4769 sceleratum
1924 4727 1988 4766 ac
2041 4712 2161 4766 infi-

589 4817 718 4868 dum
752 4816 968 4868 sultano
1017 4813 1185 4882 patri,
1231 4812 1419 4865 eadem
1470 4823 1697 4864 usurum
1763 4820 1891 4872 erga
1926 4820 1986 4858 se
2019 4819 2157 4873 quo-

590 4922 694 4974 que
719 4907 962 4976 perfidia,
998 4904 1264 4973 siquidem
1298 4903 1404 4956 lioc
1433 4903 1510 4954 uti
1543 4898 1769 4960 faceret,
1790 4897 1858 4949 ab
1885 4897 1993 4949 alio
2024 4911 2160 4964 quo-

593 5003 735 5066 piam
769 4997 1124 5066 compellatus
1153 5001 1320 5048 esset.

603 5112 751 5174 ,‘20'2.
787 5110 1074 5163 Cruentum
1110 5116 1158 5160 et
1190 5104 1527 5171 pm‘riridiale
1567 5103 1778 5156 Selimis
1817 5102 2120 5169 imperium.

667 5202 894 5254 Sublato
921 5202 988 5253 de
1042 5200 1218 5251 medio
1248 5206 1417 5264 patre,
1451 5210 1771 5264 progressus
1806 5202 1890 5247 est
1929 5192 2161 5247 Selimcs

597 5294 662 5346 ad
699 5293 992 5346 immanem
1035 5291 1295 5345 steriliam
1347 5291 1600 5355 fuuiaquc
1653 5284 1972 5354 parricidia,
2010 5284 2160 5337 solus

596 5395 655 5436 nt
685 5399 862 5436 rerum
897 5382 1054 5450 potiri
1122 5391 1324 5447 posset.
1395 5378 1724 5444 Fraterejus
1793 5387 1922 5428 naltt
1989 5376 2162 5441 major

594 5479 881 5531 Aelimetes
907 5478 971 5528 ad
1005 5477 1266 5528 Aratiicos
1295 5473 1428 5526 fines
1465 5471 1771 5540 profugisse
1803 5469 2030 5531 dicitur,
2057 5468 2160 5519 lioc

595 5580 698 5627 est.
732 5571 781 5620 iu
809 5566 1185 5620 (Zaramaniam
1217 5564 1381 5636 482
1428 5578 1593 5632 regno
1638 5561 1844 5616 sultani
1877 5560 2160 5614 Cairensis

595 5660 902 5713 finitimam.
940 5658 1149 5727 Quippe
1197 5673 1308 5710 non
1354 5657 1526 5709 multo
1564 5663 1683 5722 post
1719 5653 1990 5721 sequitur,
2034 5665 2157 5704 eum

593 5751 712 5803 suis
742 5749 956 5802 tandem
997 5763 1028 5804 e
1058 5747 1278 5801 latebris
1311 5761 1435 5801 cum
1469 5744 1641 5797 milite
1681 5742 1994 5796 Caramano
2027 5754 2160 5792 con-

594 5849 678 5894 tra
710 5840 963 5896 Selimcm
1005 5840 1294 5909 prodiisse.
1331 5839 1535 5891 Arabes
1574 5838 1735 5889 etiam
1781 5832 1961 5888 vocari
1992 5830 2158 5900 Ᾱεεγο

2246 1997 2360 2065 Aga
2402 2003 2631 2050 vocatur
2680 1993 2735 2046 in
2772 1989 3101 2054 Annalibus,
3148 1987 3357 2056 integre
3414 1983 3686 2040 dicendus
3740 1991 3828 2036 est

2246 2086 2516 2155 Capizilar
2556 2088 2720 2138 Azem
2756 2087 2890 2152 Aga.
2923 2078 3151 2133 Nomina
3192 2079 3303 2147 jam
3333 2077 3632 2147 aliquoties
3655 2090 3826 2144 espo-

2248 2181 2349 2233 sita
2389 2185 2536 2239 sunt,
2567 2185 2620 2230 et
2657 2188 2759 2229 suo
2817 2174 2934 2227 loco
2968 2173 3034 2226 de
3070 2171 3414 2239 Capizilariis
3446 2184 3689 2238 agemus.
3727 2168 3821 2234 qui

2248 2269 2449 2322 sultani
2483 2265 2795 2320 Osmanida‘.
2837 2264 3107 2333 janitores
3142 2274 3290 2316 sunt.
3343 2259 3436 2316 llis
3467 2259 3705 2329 prmfet'li
3739 2272 3826 2310 so-

2250 2362 2360 2415 lent
2418 2376 2535 2415 esse
2589 2360 2674 2413 vel
2720 2364 2980 2428 quatuor,
3017 2354 3097 2409 vel
3149 2369 3266 2416 sex,
3318 2362 3477 2422 prout
3515 2352 3616 2420 ipsi
3648 2352 3823 2405 visum

2249 2455 2484 2511 sultano.
2541 2452 2815 2507 Vocantur
2853 2458 3033 2504 autem
3077 2448 3159 2504 vel
3210 2447 3483 2518 Capizilar
3535 2446 3709 2509 Bassi,
3743 2446 3828 2498 vel

2247 2544 2520 2616 Capizilar
2552 2545 2684 2612 Ago.
2725 2543 2799 2598 De
2848 2543 3116 2596 vocabulo
3183 2541 3346 2595 Bassa
3405 2540 3583 2608 capite
3629 2537 3718 2602 M,
3764 2540 3830 2590 de

2249 2653 2346 2708 aga
2381 2638 2482 2690 175
2523 2635 2786 2690 diximus.
2821 2635 2926 2700 Qui
2969 2634 3179 2702 primus
3233 2641 3286 2687 et
3341 2647 3631 2699 supremus
3685 2631 3827 2684 inter

2250 2729 2351 2784 bos
2383 2737 2490 2793 est,
2534 2728 2804 2796 Capizilar
2842 2727 3007 2782 Azem
3062 2727 3174 2795 Aga
3241 2727 3578 2780 nominatur.
3617 2722 3826 2777 Etenim

2250 2820 2412 2874 Azcm
2444 2832 2756 2887 supremum
2794 2817 3085 2888 significat.
3124 2814 3435 2868 Notandum
3488 2811 3574 2867 hic
3598 2811 3830 2864 Cosanis

2251 2911 2468 2964 Azemis
2521 2908 2976 2977 Capizilariorum
3031 2908 3159 2975 Agm
3197 2921 3420 2961 nomen.
3454 2905 3661 2972 Quippe
3686 2902 3833 2956 Geu-

2254 3005 2416 3057 l'raius
2455 3001 2550 3064 ait,
2587 3001 2877 3056 Corcutein
2919 2997 3176 3053 incidisse
3228 3000 3280 3051 in
3314 3011 3508 3050 manus
3545 2993 3831 3060 Bostangis

2254 3094 2446 3160 bassw,
2476 3095 2566 3165 qui
2600 3095 2817 3148 Selimis
2853 3107 3017 3162 gener
3045 3090 3230 3145 fuerit.
3264 3089 3617 3145 Ostendimus
3649 3097 3829 3140 autem

2255 3203 2439 3255 supra,
2489 3187 2666 3257 capite
2721 3185 2842 3251 198,
2881 3182 3192 3254 Bostangim
3245 3183 3489 3246 bassam,
3523 3179 3745 3235 Selimis
3771 3179 3833 3232 fl-

2257 3281 2342 3335 lizn
2396 3281 2613 3350 nuptias
2674 3288 3034 3336 consecutum
3104 3279 3158 3330 in
3221 3275 3507 3346 praemium
3567 3272 3833 3344 perﬁdiae,

2256 3387 2555 3442 cognomen
2583 3370 2852 3432 habuisse
2908 3367 3297 3439 Ducaginoglis
3352 3379 3417 3421 ex
3465 3378 3632 3421 causa
3672 3363 3834 3434 paulo

2257 3471 2377 3534 post
2405 3461 2695 3532 aperienda
2727 3479 2741 3528 ;
2777 3473 2975 3514 nomen
3007 3474 3138 3514 vero
3157 3457 3436 3530 proprium
3467 3457 3631 3527 hujus
3656 3455 3835 3511 Duca-

2255 3556 2488 3624 ginogtis
2520 3563 2637 3608 erat
2670 3566 2778 3606 non
2831 3550 3032 3606 Casam
3095 3551 3179 3605 vel
3221 3549 3422 3613 Casan,
3456 3549 3552 3604 sed
3579 3549 3832 3613 Acbmet,

2257 3642 2715 3713 quemadmodum
2751 3657 2814 3696 ex
2870 3641 3004 3709 ipsis
3054 3639 3353 3694 Annalibus
3379 3638 3637 3706 deinceps
3671 3650 3836 3704 appa—

2258 3735 2419 3789 rebit.
2471 3732 2537 3787 Et
2596 3734 2820 3788 omnino
2849 3730 3140 3800 Capizalar
3198 3731 3312 3800 Aga
3365 3728 3618 3784 diversus
3681 3737 3763 3782 est
3803 3742 3834 3780 a

2259 3828 2512 3895 Bostangi
2548 3826 2729 3880 bassa.
2775 3824 3123 3893 Quapropter
3163 3822 3217 3876 in
3253 3823 3340 3878 liis
3368 3821 3655 3877 Geufratus
3683 3834 3837 3874 erra-

2260 3917 2352 3969 vit.
2375 3913 2639 3984 Oppidum
2668 3912 2891 3983 Egrigos
2921 3913 3165 3967 Bellonio
3212 3910 3410 3982 Grigos
3442 3923 3547 3976 est,
3593 3913 3657 3964 ad
3686 3927 3837 3964 mare

2260 4011 2668 4071 situm,versus
2705 4009 2887 4061 sinum
2944 4006 3276 4068 Massicum,
3325 4006 3417 4075 qui
3472 4005 3666 4075 priscis
3717 4013 3838 4059 ciet

2260 4099 2477 4155 lssicus.

2327 4209 2453 4267 205.
2493 4211 2699 4266 Selimis
2736 4221 2985 4274 statura;
3029 4211 3214 4280 prwlio
3258 4213 3424 4266 vicsus
3468 4219 3517 4263 et
3563 4211 3764 4266 occisus

2523 4281 2817 4347 Achmeles,
2847 4281 3061 4350 ejusque
3099 4282 3331 4348 ﬁliorum
3361 4282 3575 4336 exsilia.

2336 4372 2489 4441 Quod
2515 4372 2836 4443 pumilionis
2869 4372 3056 4427 Solimi
3097 4388 3294 4428 nomen
3342 4372 3620 4438 tribuitur,
3662 4372 3739 4426 sic
3766 4371 3838 4427 de

2262 4464 2528 4521 sententia
2561 4464 2902 4535 Spandugini
2948 4475 3032 4520 est
3075 4464 3498 4536 accipiendum,
3545 4473 3605 4519 ut
3637 4464 3835 4518 intelli-

2189 4577 2235 4634 ο
2262 4573 2453 4626 gamus
2496 4572 2620 4612 eum
2671 4557 2740 4611 de
2803 4557 3029 4636 reliquo.
3079 4569 3316 4626 corpore
3361 4555 3535 4613 fuisse
3578 4557 3834 4626 oblongo,

2261 4646 2353 4699 sed
2388 4645 2550 4701 tibias
2581 4645 2844 4701 habuisse
2895 4646 3108 4702 breves.
3161 4647 3348 4717 anue
3390 4647 3459 4701 de
3509 4661 3676 4702 causa
3713 4659 3837 4718 spe-

2260 4737 2513 4791 ctabilior
2545 4746 2667 4793 erat
2725 4740 2779 4793 in
2831 4753 2998 4809 equo,
3032 4753 3195 4807 quam
3235 4740 3280 4794 si
3325 4737 3492 4808 pedes
3535 4739 3831 4793 incederet.

2261 4824 2515 4894 Neapolis
2562 4826 2904 4882 Caramania:
2947 4826 3148 4883 Turcis
3202 4843 3303 4883 sua
3360 4829 3544 4899 lingua
3605 4835 3836 4883 vocatur

2261 4917 2649 4983 Gcniselielier.
2692 4918 2756 4970 Et
2787 4918 3072 4973 annalium
3102 4919 3194 4972 hic
3239 4918 3478 4972 notanda
3510 4917 3674 4972 verba
3706 4926 3837 4972 sunt

2261 5025 2381 5078 quae
2412 5011 2608 5077 szepius
2641 5017 2914 5077 repetunt,
2945 5009 3044 5064 lias
3081 5023 3168 5063 res
3203 5009 3258 5061 in
3295 5007 3620 5063 Caramania
3659 5008 3834 5061 fuisse

2264 5111 2467 5171 gestas,
2502 5115 2612 5168 quo
2661 5115 2720 5153 se
2780 5101 3090 5156 contulerat
3126 5101 3440 5168 Achmetes,
3499 5110 3558 5154 ut
3616 5101 3832 5156 auxiliis

2263 5195 2460 5249 sultani
2493 5192 2732 5262 Egyptii
2773 5196 2890 5247 sive
2918 5194 3199 5250 Cairensis
3241 5209 3271 5247 e
3301 5194 3609 5264 propinquo
3638 5205 3831 5250 contra

2264 5284 2521 5340 Selimem
2573 5285 2652 5338 uti
2703 5293 2906 5354 posset.
2957 5285 3156 5340 Leonis
3190 5286 3408 5354 quidem
3447 5287 3672 5356 Augusti
3721 5285 3831 5340 No-

2265 5375 2401 5426 vella
2432 5376 2499 5428 de
2553 5375 2768 5428 tltrouis
2823 5373 3124 5444 Neapoleos
3177 5375 3425 5428 meminit
3487 5377 3832 5444 episcopatus

2266 5463 2556 5534 metropoli
2587 5463 3044 5534 Staumpolitanai
3107 5465 3159 5519 in
3219 5465 3376 5520 Caria
3431 5467 3657 5522 subditi.
3692 5466 3830 5521 llinc

2264 5566 2508 5627 apparet.
2545 5572 2730 5610 errare
2759 5555 2997 5614 Iovium.
3041 5558 3133 5627 qui
3205 5567 3499 5627 pugnatum
3535 5561 3613 5612 ait
3661 5574 3828 5629 prope

2265 5649 2494 5703 l’rusain
2527 5649 2577 5702 in
2622 5649 2962 5716 amplissima
3013 5650 3259 5718 planitie,
3287 5665 3410 5719 qum
3454 5665 3606 5704 nova:
3649 5661 3829 5713 terrm,

2266 5741 2490 5808 (iliugua
2543 5739 2750 5801 Italica,
2809 5739 2895 5793 vel
2930 5755 3083 5793 novre
3126 5741 3365 5808 civitatis
3415 5741 3734 5810 appelletur.
3765 5742 3831 5794 Et

2267 5832 2636 5904 proficiscitur
2665 5835 2775 5886 bare
2809 5833 2926 5901 ejus
2954 5833 3076 5888 inde
3108 5833 3484 5898 liallttcinatio,
3539 5834 3683 5903 quid
3724 5835 3830 5891 alia
