4228 6298
477 282 575 345 8M

1627 291 2018 352 PANDECTE
2068 291 2268 351 lilST.
2312 292 2608 351 'l'Ul'iClC.

3611 284 3718 347 832

478 382 547 432 sit
574 378 713 431 haud
747 380 935 446 procul
960 398 988 433 a
1018 379 1205 444 Prusa,
1259 384 1337 437 vel
1372 382 1546 439 Nicma
1582 388 1764 454 petius
1788 386 2042 453 Neapolis
2075 401 2115 453 Α
2149 396 2262 439 rate
2283 382 2890 439 Aclnnctisliliolovius
2916 381 3210 436 exercitum
3230 378 3720 435 Selimishabuisse

480 469 593 524 sive
612 468 1007 536 Genischeher,
1029 474 1091 528 de
1115 490 1218 543 qua
1244 477 1521 545 superius,
1552 492 1671 548 cap.
1696 477 1763 531 ΓΙ
1785 486 1835 531 et
1860 478 1931 531 2‘5
1961 476 2042 530 tli-

480 559 744 615 ctum.Ea
769 568 953 618 tamen
983 566 1172 635 procul
1217 568 1512 623 admodum
1558 570 1775 625 distata
1818 568 2043 638 Neapoli

481 652 849 710 Caramanize.
884 654 993 712 Nec
1030 656 1212 723 video,
1262 675 1373 730 quo
1397 661 1572 731 possit
1596 676 1717 718 esse
1739 662 1863 717 loco
1897 671 2043 717 tanta

484 744 760 810 planities,
788 760 852 803 ac
876 753 1152 805 tantorum
1175 753 1512 808 exercituum
1540 768 1735 823 capax,
1757 753 1813 808 in
1844 753 2046 809 vicinia

482 834 564 888 vel
620 834 828 905 Prusae,
888 839 973 896 vel
1032 839 1248 908 Nicm,
1310 844 1398 900 vel
1452 843 1875 902 Geuiscbeheris
1934 850 2048 903 sive

481 924 803 994 Neapoleos,
836 928 966 986 huic
996 933 1295 1002 proximae;
1330 948 1455 990 cum
1499 934 1627 990 istic
1665 943 1927 1006 perpetua
1965 937 2049 991 vel

476 1016 603 1086 juga
635 1020 765 1085 sint,
798 1023 878 1076 vel
918 1024 1044 1079 clivi
1076 1026 1269 1082 saltem
1324 1029 1527 1085 montis
1564 1026 1805 1101 Olympi.
1844 1028 2047 1095 Taceo,

479 1113 730 1177 Superius
784 1113 1079 1184 aliquoties
1134 1117 1190 1172 in
1244 1119 1538 1177 annalibus
1582 1121 1736 1177 hisce
1799 1121 2050 1192 reperiri,

479 1203 819 1260 Caramauiae
866 1206 1038 1275 begos
1070 1224 1193 1264 cum
1221 1210 1541 1269 Osmanidis
1586 1213 1728 1268 bella
1776 1224 2049 1284 gerentes,

480 1293 527 1346 si
566 1294 815 1350 hostibus
870 1297 1106 1367 impares
1153 1316 1213 1355 se
1257 1304 1529 1368 viderent,
1564 1303 1616 1357 in
1650 1310 1936 1359 montuosa
1968 1319 2053 1359 re-

480 1386 663 1454 gionis
712 1402 826 1442 sua
876 1389 992 1444 loca
1057 1405 1117 1444 se
1168 1392 1472 1463 recepisse;
1515 1408 1636 1463 quae
1694 1392 1911 1461 quidem
1950 1394 2055 1447 ilhc

485 1477 616 1544 ipsa:
642 1477 868 1535 latebrae
913 1489 1065 1547 sunt,
1100 1482 1153 1537 in
1178 1499 1316 1554 quas
1344 1497 1413 1541 se
1437 1500 1565 1540 cum
1604 1484 1779 1541 milite
1808 1499 1911 1541 suo
1943 1485 2055 1540 sul-

485 1576 649 1623 tanns
694 1568 1009 1637 Achmetes,
1063 1572 1253 1629 Selimi
1304 1573 1460 1630 fratri
1490 1575 1664 1646 copiis
1704 1575 1903 1643 impar,
1963 1574 2058 1631 ab-

483 1656 656 1724 didit;
689 1666 747 1713 et
776 1659 969 1729 quales
1024 1663 1079 1717 in
1148 1664 1351 1719 vicinia
1398 1663 1585 1720 Prusae
1636 1665 1820 1720 nullas
1853 1665 2057 1720 habere

2147 478 2312 532 tradit
2364 477 2642 530 hominum
2692 474 2933 529 ducenta
2995 473 3186 538 millia,
3225 472 3391 541 duplo
3461 470 3720 541 majorem

2150 583 2437 623 numerum
2470 566 2679 620 faciunt
2710 566 2960 621 annales.
2994 563 3141 618 idem
3176 570 3337 617 vocat
3362 561 3602 617 lsmailis
3619 562 3700 630 pri

2148 661 2381 714 marium
2413 659 2605 716 ducem
2656 658 2983 727 Ustaoglim.
3041 657 3137 725 qui
3183 652 3392 709 nostris
3439 653 3724 708 annalibus

2147 751 2408 822 Ustagelu
2438 753 2566 823 ogli,
2610 753 2693 808 vel
2753 749 3015 807 Ustazelu
3044 749 3179 816 egli,
3240 746 3451 803 rectius
3505 745 3726 814 quidem

2149 845 2291 899 haud
2324 844 2506 909 dubie,
2540 844 2878 900 nominatur.
2941 842 2999 898 id
3063 840 3239 897 filium
3292 836 3599 910 Vstagelvis
3652 837 3729 893 si-

2150 936 2394 1007 gnificat.
2416 936 2553 1002 Quis
2587 944 2767 992 autem
2798 934 2965 991 fuerit
2996 932 3090 989 hic
3118 930 3460 1002 Ustagelves,
3495 944 3604 984 non
3633 943 3731 984 ex-

2152 1029 2415 1098 primitur
2466 1028 2521 1084 in
2563 1029 2878 1085 annalibus.
2911 1024 3103 1082 Jovius
3138 1024 3330 1080 statim
3364 1031 3488 1093 post
3510 1019 3728 1089 exposi-

2154 1130 2267 1174 tum
2302 1121 2549 1191 prtulium
2584 1118 2805 1176 Selimis
2833 1129 3027 1175 contra
3062 1115 3277 1178 Persas,
3318 1123 3372 1169 et
3399 1120 3728 1182 occupatum

2153 1209 2490 1274 Taurisium,
2529 1212 2907 1266 narrationem
2948 1208 3074 1263 belli
3106 1205 3414 1262 Tureornm
3464 1203 3730 1258 adversus

2153 1303 2532 1373 Costagclvem
2575 1301 2952 1358 Aladnliorum
2984 1297 3285 1369 principem
3315 1295 3559 1364 sulijieit.
3580 1295 3729 1350 Idem

2157 1395 2357 1450 bellum
2391 1392 2557 1448 Tttrci
2586 1409 2808 1463 quoque
2858 1408 2985 1445 mox
3033 1400 3248 1456 gestum
3310 1387 3577 1451 referunt,
3637 1388 3729 1440 sed

2154 1486 2415 1541 adversus
2444 1482 2760 1540 Aladeuiem
2799 1481 3111 1553 Dulgadiris
3181 1477 3479 1549 provincite
3516 1476 3726 1531 ducem.

2158 1577 2303 1649 Ergo
2323 1576 2437 1648 jam
2473 1574 2933 1631 animadvertisse
2963 1572 3236 1636 videmur,
3295 1571 3458 1641 hujus
3530 1569 3729 1637 Dulga-

2156 1667 2397 1725 dirensis
2431 1666 2675 1737 regionis
2704 1664 2985 1737 principes
3005 1664 3265 1720 habuisse
3338 1676 3542 1718 nomen
3600 1662 3729 1717 Ala-

481 1749 771 1814 potuisset.
808 1748 1047 1821 Ideoque
1068 1767 1175 1809 non
1202 1755 1299 1810 abs
1329 1770 1391 1812 re
1417 1755 1624 1812 dicitur
1664 1756 1957 1812 Achmetes
1985 1755 2053 1811 ab
2078 1741 2128 1803 Β
2154 1759 2328 1816 denlis
2358 1760 2414 1814 in
2474 1771 2698 1829 genere,
2743 1756 2906 1827 cujus
2961 1770 3127 1823 supra
3162 1754 3305 1809 facta
3349 1755 3553 1810 mentio
3606 1767 3727 1821 cap.

482 1838 644 1894 initio
692 1840 844 1908 belli,
889 1852 1215 1903 transeunte
1244 1864 1369 1903 cum
1417 1849 1593 1919 copiis
1650 1849 1703 1903 in
1744 1848 1929 1905 Asiam
1955 1848 2052 1904 Se-

480 1929 628 1995 linte,
654 1932 819 1988 veluti
854 1935 1025 1993 fratre
1071 1939 1305 1995 debilior
1350 1939 1417 1995 ad
1447 1940 1715 1996 Arabicos
1744 1938 2051 2010 profugisse

482 2020 704 2091 limites,
740 2024 841 2082 hoc
869 2037 977 2092 est,
1031 2027 1086 2083 in
1127 2028 1544 2098 Caramaniam;
1589 2031 1734 2086 unde
1785 2046 2050 2099 nusquam

483 2112 752 2172 hactenus
784 2118 1059 2187 prodiisse
1120 2120 1340 2193 legitur,
1397 2122 1679 2191 multoque
1715 2122 1894 2177 minus
1920 2137 2055 2190 prte-

481 2206 621 2259 senti
653 2221 778 2262 cum
828 2210 1145 2269 discrimine
1184 2230 1368 2268 rerum
1408 2229 1632 2271 suarum
1664 2214 1715 2267 in
1748 2212 2052 2283 Bithyniam

484 2296 640 2351 fratri
672 2299 946 2356 subditam
979 2318 1038 2359 se
1063 2307 1385 2362 contulisse.
1423 2308 1709 2370 Filiorum,
1746 2320 1883 2375 quos
1914 2304 2051 2358 duos

484 2387 708 2457 reliquit
752 2393 1100 2460 superstites,
1137 2394 1401 2452 Moralem
1447 2407 1500 2452 et
1538 2397 1845 2460 Aladinem,
1880 2395 1933 2448 in
1967 2394 2051 2450 his

489 2480 708 2547 quidem
733 2483 1029 2541 annalibus
1049 2485 1195 2541 nulla
1220 2495 1401 2545 exstat
1434 2488 1639 2542 mentio
1665 2488 1791 2553 ;sed
1816 2486 1886 2541 ab
1908 2485 2053 2550 aliis,

487 2573 785 2640 praesertim
809 2572 1125 2641 Menavino,
1162 2586 1303 2634 teste
1340 2580 1583 2643 oculato,
1623 2592 2054 2634 commemoran-

484 2672 598 2717 tur.
630 2664 913 2720 Aladinem
958 2668 1202 2725 evasisse
1246 2669 1393 2740 fuga,
1442 2683 1629 2726 narrat
1658 2668 1881 2737 levius;
1911 2679 1965 2725 et
2001 2670 2054 2724 in

486 2753 706 2819 itinere,
738 2772 847 2826 quo
868 2773 927 2812 se
948 2758 1269 2816 conferebat
1291 2762 1357 2816 ad
1388 2761 1603 2833 Egypti
1640 2761 1917 2832 Syriaeque
1945 2762 2055 2819 sul-

489 2857 699 2911 tanum,
729 2845 964 2900 amicqu
991 2858 1308 2917 paternum,
1360 2849 1499 2905 febri
1548 2855 1899 2907 exstinctum.
1937 2852 2055 2907 Mu-

488 2947 659 2993 ratem
687 2954 814 2994 vero
842 2939 1085 2995 referunt
1111 2956 1303 2997 omnes
1331 2943 1397 2996 ad
1427 2941 1701 2997 lsmailem
1733 2941 2055 3009 Sophiuum,

491 3030 748 3087 scacbum
802 3029 1116 3095 Persarum,
1178 3047 1240 3089 se
1289 3033 1602 3103 recepisse,
1658 3035 1751 3103 qui
1791 3035 1954 3088 tiliam
2004 3035 2052 3088 ei

488 3137 646 3177 suam
672 3121 881 3178 dederit
928 3138 1184 3180 uxorem.
1227 3123 1441 3195 Quippe
1485 3135 1703 3183 constat
1755 3135 2052 3197 utrumque

488 3214 793 3284 principem
824 3222 939 3269 tam
971 3215 1217 3271 At-ltmeti
1274 3216 1437 3285 patri,
1490 3232 1654 3286 quam
1683 3217 1827 3281 filiis,
1865 3217 2053 3271 adver-

489 3321 582 3362 sus
603 3306 861 3363 Selimem
902 3290 1138 3373 favisse;
1180 3308 1323 3377 quod
1373 3323 1494 3364 esse
1528 3309 1632 3365 sibi
1663 3310 2053 3377 propemodum

491 3408 615 3455 ante
644 3399 794 3456 fores
822 3410 1117 3456 cernerent
1157 3400 1565 3456 fosmidabiiem
1622 3403 1766 3456 illam
1807 3400 2056 3457 Osmani-

491 3493 686 3547 (larum
712 3492 1033 3562 potentiam,
1065 3508 1225 3563 quam
1258 3494 1414 3549 bellis
1444 3493 1692 3547 civilibus
1724 3492 2055 3548 debilitatam

492 3587 811 3655 cupiebant,
850 3601 918 3640 tte
963 3601 1087 3641 cum
1149 3586 1434 3655 utriusque
1490 3583 1817 3639 detrimento
1852 3584 2057 3653 longius

492 3687 761 3748 serperet;
789 3680 864 3733 uti
894 3694 1025 3734 sane
1057 3692 1182 3732 mox
1231 3679 1299 3732 ab
1332 3676 1486 3733 hisce
1536 3678 1777 3732 motibus
1811 3677 2058 3732 sultanos

494 3773 779 3843 Egyptios
813 3786 938 3824 eum
983 3769 1300 3825 Mamelucis
1348 3771 1463 3825 suis
1511 3770 1578 3824 ad
1628 3770 2057 3826 internecionem

494 3862 717 3927 delevit,
772 3861 1047 3931 Sophinos
1098 3868 1209 3914 tum
1261 3859 1496 3929 primum
1554 3868 1778 3915 exertos
1820 3859 2061 3928 graviter

494 3953 717 4017 aﬂlixit;
779 3951 989 4007 tametsi
1043 3951 1175 4005 nihil
1232 3952 1501 4006 hactenus
1552 3952 1603 4005 in
1665 3952 1787 4016 hos,
1862 3968 2061 4008 arcano

492 4045 726 4114 quodam
792 4044 888 4098 Dei
930 4044 1164 4111 judicio,
1223 4043 1451 4097 summis
1510 4043 1635 4095 licet
1691 4045 1773 4097 nsi
1826 4043 2059 4104 viribus.

493 4134 712 4187 efficere
768 4134 1044 4201 potuerint
1091 4131 1422 4192 Osmauidm.
1484 4133 1630 4200 quod
1672 4149 1822 4200 spem
1854 4135 1934 4187 eis
1966 4149 2063 4202 op—

496 4224 761 4293 primendi
796 4225 945 4293 regni
979 4224 1183 4279 Persici
1216 4233 1421 4278 certam
1450 4224 1690 4293 praebere
1716 4234 1899 4294 queat.
1936 4228 2063 4282 Ideo

496 4316 685 4382 majori
737 4318 960 4383 dignum
1025 4316 1412 4380 admiratione,
1473 4319 1620 4386 quod
1676 4318 2061 4376 insolentiores

2169 1851 2300 1916 163,
2334 1850 2429 1907 sed
2457 1849 2687 1923 singulis
2721 1858 2902 1904 tamen
2938 1855 3205 1919 praeterea
3257 1845 3531 1916 [ieculiare
3560 1846 3728 1916 quod-

2159 1943 2283 1999 dam
2310 1941 2485 2001 fuisse
2527 1959 2726 1999 nomen
2764 1960 2779 2008 ;
2827 1942 3077 2009 adeoque
3122 1940 3396 1997 devictum
3459 1938 3607 1994 hunc
3667 1936 3733 1989 ah

2154 2034 2398 2090 exercitu
2432 2034 2651 2092 Selimis
2705 2034 3052 2091 Ustazelvem
3090 2032 3262 2087 fuisse
3287 2028 3730 2098 voeatum,cujus

2157 2124 2300 2182 illius
2341 2125 2502 2183 fuerit
2553 2124 2945 2196 Ustazeluogli,
2974 2138 3267 2195 supremus
3302 2121 3427 2177 belli
3458 2120 3565 2176 dux
3590 2119 3729 2189 apud

2155 2214 2433 2271 lsmailem
2507 2214 2835 2286 Sophinum,
2895 2216 2987 2286 qui
3043 2210 3361 2267 Zalderanis
3416 2210 3469 2263 in
3522 2208 3729 2278 campis

2158 2306 2437 2361 occubuit.
2472 2306 2607 2362 llinc
2642 2308 2808 2378 igitur
2833 2304 3209 2363 emendandus
3268 2301 3482 2366 Jovius,
3515 2308 3571 2355 et
3630 2316 3730 2370 pro

2160 2394 2405 2468 Ustaogii
2472 2398 2846 2467 reponendum
2910 2394 3160 2452 Ustazelu
3193 2394 3345 2465 ogli:
3401 2407 3729 2461 rursumque

2156 2502 2258 2557 pro
2323 2487 2636 2561 Costagelu,
2734 2480 3063 2545 scribendos
3136 2482 3412 2556 Ustageiu.
3470 2480 3730 2537 Planities

2156 2579 2420 2635 Zalderan
2458 2580 2660 2652 legitur
2693 2581 2749 2635 in
2779 2578 3090 2643 annalibus,
3123 2576 3219 2649 qui
3248 2574 3407 2633 Jovio
3434 2583 3729 2631 suntcam-

2159 2673 2210 2740 pi
2240 2671 2555 2728 Calderani.
2575 2670 2731 2729 Situs
2758 2671 2957 2728 borum
2987 2683 3054 2725 ex
3103 2683 3170 2724 eo
3206 2665 3528 2738 percipitur,
3582 2664 3729 2735 quod

2156 2763 2477 2821 dimicatum
2505 2757 2675 2821 tradit
2704 2763 2850 2820 idem
2881 2778 2993 2819 non
3033 2760 3221 2833 procul
3265 2773 3294 2814 a
3326 2758 3550 2814 civitate
3566 2757 3726 2818 Choi,

2158 2870 2277 2927 quae
2334 2856 2530 2927 priscis
2581 2856 2843 2911 Artaxata
2908 2854 3074 2911 fuerit
3152 2851 3324 2908 dicta.
3382 2848 3729 2917 Maleozoglis

2158 2950 2277 3005 sive
2330 2948 2662 3005 Malcozides
2691 2948 2865 3018 prior,
2897 2944 3099 3001 Turcis
3146 2952 3230 2999 est
3274 2942 3427 2998 Thur
3479 2941 3561 2995 Ali
3606 2944 3728 3010 beg.

2158 3039 2316 3097 Jovio
2332 3040 2681 3109 Thurabeus,
2705 3036 2972 3096 vocabulo
3001 3037 3131 3093 hinc
3159 3036 3344 3092 itidem
3359 3035 3685 3106 corrigendo
3714 3051 3726 3086 :

2164 3133 2301 3187 alter
2319 3133 2612 3199 Maltomet,
2636 3146 2799 3201 quem
2833 3129 3060 3185 annales
3083 3142 3192 3185 non
3215 3126 3526 3183 nominant.
3560 3124 3727 3178 Turni

2159 3223 2357 3278 vulnus
2427 3222 2692 3279 iullictum
2745 3221 2917 3277 fuisse
2971 3218 3171 3275 scacho
3204 3216 3481 3293 tradunta
3542 3215 3730 3270 Maleo-

2159 3313 2522 3381 zide,.|ovius
2552 3314 2666 3369 ictu
2716 3311 2942 3383 selopeti
2971 3311 3159 3367 laesum
3217 3309 3294 3363 ait
3336 3306 3442 3363 sub
3500 3308 3729 3361 humero

2158 3410 2519 3470 sinistromon
2549 3404 2795 3473 graviter
2854 3410 3064 3468 tamen,
3096 3410 3151 3457 et
3220 3400 3435 3454 incerto
3480 3399 3729 3451 vulneris

2160 3507 2396 3551 auctore.
2439 3492 2583 3549 Orda
2610 3492 2810 3547 Turcis
2864 3498 2947 3547 est
3004 3488 3181 3545 0rdu.
3252 3485 3474 3556 Proprie
3509 3484 3726 3555 quidem

2160 3588 2262 3641 hoc
2293 3590 2367 3641 uti
2395 3586 2661 3641 vocabulo
2685 3585 2862 3640 solent
2902 3598 3000 3652 pro
3035 3580 3156 3637 foro
3220 3578 3486 3635 castrensi
3548 3592 3725 3632 rerum

2160 3680 2455 3741 venalium,
2486 3675 2580 3731 sed
2611 3676 2828 3729 interim
2853 3674 3182 3743 generaliter
3202 3672 3365 3727 etiam
3399 3685 3500 3741 pro
3532 3669 3727 3725 castris

2162 3786 2259 3824 seu
2298 3769 2509 3825 fossato
2550 3771 2745 3837 potius,
2785 3774 2844 3819 ut
2907 3764 3145 3834 appellat
3178 3761 3288 3818 Leo
3331 3760 3563 3832 Sapiens
3617 3759 3731 3815 Au-

2160 3871 2375 3931 gustus,
2402 3859 2670 3929 accipitur
2697 3874 2712 3911 :
2750 3858 2993 3926 itemque
3020 3870 3120 3925 pro
3151 3854 3324 3919 tuldo,
3361 3868 3480 3921 quae
3519 3852 3726 3908 Graecis

2162 3967 2264 4005 vox
2318 3952 2372 4004 in
2452 3951 2709 4005 historiis
2766 3949 3059 4018 reperitur,
3130 3954 3186 4002 et
3247 3948 3300 4001 in
3362 3948 3565 4002 Leonis
3613 3949 3725 4001 Au-

2161 4043 2303 4113 gusti
2338 4043 2477 4097 libro
2514 4041 2594 4094 De
2632 4040 2832 4095 bellicis
2864 4039 3208 4109 apparatibus
3256 4038 3338 4093 sic
3366 4037 3648 4101 definitur,
3670 4045 3730 4091 ιιι

2164 4132 2553 4203 impedimenta
2588 4146 2830 4202 vasaque
2850 4130 3108 4194 militum,
3136 4138 3193 4185 et
3222 4142 3414 4184 omnes
3434 4142 3523 4183 res
3540 4142 3729 4183 neces-

2162 4227 2337 4281 sarias
2365 4226 2764 4295 complectatur
2793 4241 2806 4288 ;
2847 4223 3103 4277 nimirum
3135 4221 3400 4276 famulitia
3453 4220 3572 4275 sive
3596 4233 3717 4291 puc-

2166 4331 2278 4381 ros,
2310 4324 2363 4370 et
2383 4314 2630 4385 iumenta
2688 4314 2803 4369 sive
2832 4314 3126 4385 sagmaria,
3155 4312 3480 4382 reliquaque
3508 4311 3726 4366 anima-

494 4408 769 4478 porpetuis
799 4410 1063 4462 hactenus
1104 4417 1160 4461 et
1199 4407 1427 4462 infinitis
1463 4421 1629 4478 prape
1671 4419 1860 4462 contra
1897 4424 2057 4478 quos-
2095 4424 2137 4477 ι)
2167 4411 2258 4471 lia,
2288 4416 2343 4462 et
2371 4409 2415 4463 si
2453 4414 2720 4477 pra-terea
2752 4406 2828 4461 rei
2858 4407 2925 4461 ad
2966 4422 3123 4461 usum
3154 4404 3345 4460 fossati
3380 4403 3582 4457 milites
3642 4418 3731 4456 se-

494 4500 577 4551 vis
603 4500 831 4567 populos
880 4499 1008 4552 facti
1044 4497 1312 4562 victoriis,
1366 4498 1499 4551 nihil
1549 4514 1652 4552 non
1691 4498 1740 4552 vi
1774 4500 1889 4554 sola
1924 4518 2056 4569 pra.L

496 4592 728 4657 potentis
759 4591 976 4659 imperii
1015 4599 1127 4645 tum
1168 4600 1537 4657 prosternere,
1576 4599 1688 4643 tum
1739 4590 1958 4647 diruere
1999 4608 2058 4647 se

493 4680 656 4751 583
685 4695 841 4747 posse
863 4681 1141 4751 iactitant.
1191 4679 1332 4748 Ergo
1378 4678 1604 4733 lionnani
1660 4682 1872 4733 tandem
1911 4683 2059 4737 illius
2096 4666 2099 4669 I

495 4772 713 4825 l‘iudm-i
756 4788 943 4825 verum
993 4786 1136 4835 esse,
1196 4784 1297 4825 suo
1351 4785 1475 4825 eum
1531 4769 1781 4833 interitu,
1843 4772 2059 4829 discant

494 4864 773 4919 oraculum
807 4880 822 4919 :

651 4979 737 5033 l’is
770 4979 958 5031 consili
984 4994 1163 5045 expers
1183 4977 1317 5029 mole
1345 4978 1448 5029 ruit
1479 4991 1599 5039 sua,

647 5046 758 5099 Vim
789 5044 1132 5116 temperatam
1168 5048 1243 5099 dii
1259 5063 1459 5114 quoque
1478 5044 1765 5113 provehunt

640 5117 698 5170 lu
731 5119 943 5186 majus;
983 5117 1137 5170 iidem
1172 5116 1324 5171 odere
1349 5118 1480 5169 vires

638 5188 801 5242 Omne
832 5188 980 5256 nefas
1011 5188 1221 5242 omm'no
1291 5196 1569 5239 moventes.

492 5301 617 5353 ‘21“.
658 5300 866 5354 Seiiutis
901 5301 1154 5353 adversus
1200 5300 1470 5352 lsmailem
1510 5297 1802 5364 Sophinum
1842 5301 2059 5366 expedi-

571 5373 640 5422 tio
663 5386 680 5423 :
712 5373 953 5437 pru'lium
987 5372 1041 5421 in
1068 5372 1284 5439 planitie
1312 5368 1613 5439 Zulderarto
1636 5382 1653 5439 ξ
1676 5367 1859 5439 Jovius
1887 5387 2062 5422 emen-

566 5440 745 5503 datur,
786 5439 966 5497 0rdu,
1002 5436 1170 5502 0rdu,
1208 5438 1513 5503 Fossatum,
1556 5436 1802 5502 'l'ttldttm,
1854 5439 2059 5503 Tebris,

568 5510 841 5573 Sullania,
875 5509 1129 5564 Kcimtclt.

570 5600 741 5671 llnjus
778 5602 901 5656 belli
937 5616 1119 5656 causa:
1149 5603 1523 5673 intelliguntur
1555 5619 1617 5658 ex
1644 5603 1909 5657 indicatis
1965 5619 2059 5656 ra-

501 5694 613 5765 pite
634 5694 985 5767 praecedenti,
1019 5696 1083 5751 de
1107 5698 1645 5768 recrptoprtescrtim
1676 5696 1917 5764 hospitio
1948 5696 2032 5750 Mu

2158 4516 2281 4553 cum
2314 4501 2540 4560 vehunt,
2561 4499 2803 4553 trahunt.
2828 4495 3083 4552 Germani
3113 4494 3377 4549 Trossum
3410 4493 3724 4563 appellant.

2161 4590 2282 4643 ILcc
2308 4590 2523 4657 proprie
2540 4604 2642 4643 vox
2672 4591 2771 4643 hoc
2790 4588 2843 4641 in
2874 4588 2995 4642 loco
3035 4586 3281 4641 'l‘ureicze
3332 4586 3481 4639 0rdu
3509 4600 3729 4654 respou-

2159 4684 2269 4737 dvt.
2302 4679 2528 4743 Notum,
2561 4679 2703 4749 apud
2729 4678 2963 4733 Tataros
2996 4677 3205 4739 auiam,
3237 4692 3333 4732 seu
3370 4686 3575 4737 castra.
3628 4692 3728 4732 seu

2160 4774 2475 4827 comitatum
2507 4772 2745 4826 chanum
2800 4770 2916 4824 sive
2980 4784 3166 4837 tegunt
3199 4767 3455 4837 appellari
3514 4769 3725 4821 ortlani.

2171 4864 2327 4937 Apud
2354 4864 2734 4918 Belvacensem
2759 4861 2996 4917 Joannes
3017 4858 3085 4915 de
3115 4859 3287 4914 Plano
3308 4859 3491 4926 Carpi,
3519 4861 3731 4927 legatus

2165 4956 2440 5025 pontiﬁcis
2466 4957 2531 5008 ad
2563 4954 3055 5019 'l‘ataros,curiam
3088 4950 3642 5021 regisinterpretaur,
3678 4958 3733 5003 et

2162 5046 2454 5100 stationem
2492 5042 2845 5113 imperatoris
2890 5056 2953 5095 ac
2982 5040 3580 5110 principom,.itemque
3613 5046 3730 5091 ten-

2162 5138 2362 5191 torium
2398 5135 2572 5189 ducis.
2610 5134 2715 5188 Sed
2748 5133 2859 5198 hic,
2904 5143 2962 5186 ut
2989 5131 3252 5194 diximus,
3281 5129 3490 5185 tuidum
3528 5128 3730 5183 Persici

2162 5231 2310 5296 regis
2341 5230 2394 5282 in
2431 5227 2666 5297 pra-dam
2700 5227 2939 5280 cessisse
2970 5223 3165 5277 Turcis
3229 5220 3598 5291 intelligitur:
3651 5219 3729 5273 uti

2163 5334 2283 5373 mox
2316 5321 2475 5373 etiam
2499 5318 2765 5385 sequitur,
2819 5331 2977 5369 unam
3010 5331 3070 5369 ex
3100 5313 3332 5367 lsiuailis
3380 5311 3644 5366 uxoribus
3676 5314 3728 5363 in

2164 5410 2293 5463 orda
2330 5410 2498 5462 fuisse
2528 5418 2763 5476 captam.
2806 5406 2992 5459 Solent
3025 5406 3170 5458 enim
3210 5404 3494 5465 mulieres,
3541 5401 3585 5455 si
3610 5416 3729 5469 qua:

2165 5510 2691 5572 scquuuturcasu-a.
2719 5500 2852 5550 tuldi
2880 5513 3003 5567 pars
3022 5512 3162 5550 esse.
3189 5496 3261 5549 De
3297 5492 3545 5548 Tehrisio
3565 5504 3726 5558 supra

2166 5595 2412 5663 qumdam
2446 5588 2800 5661 exposuimus
2830 5606 2952 5659 cap.
3008 5590 3126 5642 t87.
3160 5585 3435 5641 Ptolcmmi
3499 5583 3727 5636 Terram

2168 5698 2311 5749 esse,
2345 5683 2590 5753 plerique
2626 5690 2837 5752 putant,
2873 5691 2922 5733 et
2958 5680 3310 5747 transpositts
3348 5675 3582 5727 fortasse
3637 5672 3727 5724 lit-
