4228 6298
539 346 646 411 ess
747 325 751 329 ’
1701 345 2086 406 ΙνλΝῡΕΟΤΕ
2117 347 2202 406 ιιι

2117 347 2319 410 lilS'l'.
2360 345 2664 408 TURCIC.
3673 345 3778 410 886

539 469 686 525 rant,
744 460 1130 516 animadverso
1167 458 1387 537 Selimis
1446 458 1718 522 instituto,
1774 475 1882 514 non
1926 461 2106 516 minus
2136 469 2182 526 Α
2213 461 2488 530 plicando,
2523 475 2650 516 cum
2677 460 2838 516 modo
2869 475 3126 532 magnum
3158 460 3549 526 mariscalhtm,
3611 463 3781 517 modo

542 550 983 622 Egyptiimuam
1003 550 1475 608 i‘ersrcinteritum
1498 553 1818 620 qttmrcnlis.
1842 551 2106 605 Praeterea
2210 551 2527 623 praefectum
2561 553 2644 607 vel
2677 553 3047 620 admiralium,
3071 554 3235 609 modo
3280 559 3537 624 magnum
3579 555 3781 610 stabuli

543 644 796 698 stimulos
825 642 1058 697 addebat
1107 643 1296 698 Selimi
1329 643 1493 698 Cheir
1535 644 1704 710 begus
1735 641 1922 711 ΙΙΔΙυρῘ
1965 643 1982 710 (
2011 643 2104 697 Jo-
2211 645 2470 700 comitem
2508 643 2925 716 interpretatur,
2957 647 3050 716 qui
3074 645 3395 703 Gracmu’m
3421 648 3477 702 in
3501 646 3645 703 aulis
3665 658 3785 701 erat

543 735 663 788 vius
687 742 740 788 et
769 733 860 787 alii
903 732 1255 800 Cajarbeium
1281 749 1392 789 non
1442 741 1593 789 recte
1623 735 1865 800 vocant),
1892 734 1984 801 qui
2009 749 2112 788 suo
2210 757 2213 776 ι

2210 733 2238 785 ὀ
2269 733 2442 802 μέγας
2476 735 2854 801 ηνοσταῦλος.
2902 739 2959 793 Si
3011 737 3172 793 Petro
3203 729 3451 808 Martyri,
3480 737 3539 791 ut
3570 739 3785 793 oculal'o

543 839 667 877 cum
697 826 920 880 sultano
949 825 1267 881 inimicitias
1313 839 1602 887 exercens,
1640 824 1983 879 defecturum
2044 826 2113 879 ab
2214 825 2366 891 testi,
2421 827 2556 881 tides
2618 827 2895 891 habenda,
2948 829 3040 897 qni
3105 826 3254 883 hune
3302 829 3590 898 prmfuisSe
3647 824 3787 882 dit-it

544 931 610 966 eo
633 929 692 968 se
714 917 1020 981 nuntiabat,
1051 917 1096 970 si
1127 917 1351 986 propius
1375 915 1444 970 ad
1485 899 1750 984 ilalepum
1778 932 1900 970 cmn
1959 930 2116 969 cxer-
2212 915 2582 972 exercitibus:
2617 919 2778 973 fuerit
2805 920 3015 975 scilicet
3045 921 3094 978 is
3143 920 3288 990 apud
3341 919 3628 991 Egyptios
3679 917 3786 974 tua

546 1007 656 1058 citu
681 1007 911 1062 Selimes
941 1009 1284 1064 accessisset.
1307 1008 1538 1064 Cansavi
1572 1006 1742 1063 Gauri
1798 1023 1996 1062 nomen
2031 1016 2116 1062 est

547 1099 748 1152 sultani
802 1098 1083 1156 Cairensis
1145 1099 1200 1154 in
1257 1098 1549 1154 annalibus
1613 1099 1766 1153 hisce
1829 1097 2113 1164 Turcicis,

546 1191 640 1257 qui
692 1193 894 1246 nostris
940 1203 1203 1261 corrupta
1271 1207 1402 1248 voce
1475 1192 1789 1247 nominatur
1841 1191 2114 1260 Campson

547 1281 806 1338 Gaurius.
839 1282 996 1337 llunc
1030 1284 1262 1340 Selimes
1297 1285 1483 1354 praelio
1523 1283 1678 1350 vicit,
1708 1284 1762 1338 in
1807 1298 1917 1355 quo
1947 1284 2119 1339 sulta-

524 1375 655 1428 'nus
746 1376 863 1444 ipse
919 1393 1096 1432 ca‘sus
1157 1378 1438 1431 octubuit.
1500 1377 1810 1432 Caitbeittm
1862 1391 2117 1445 quoque,

551 1463 634 1516 vel
680 1449 933 1521 Cbeiretn
987 1469 1205 1538 begum,
1261 1473 1366 1524 hoc
1396 1470 1587 1540 prmlio
1635 1468 1929 1532 cecidisse,
1961 1467 2117 1523 Geu-

554 1554 717 1610 frteus
771 1559 993 1614 tradidit
1043 1576 1056 1614 :
1111 1561 1195 1614 cui
1235 1571 1415 1616 tamen
1476 1561 1737 1630 deinceps
1760 1560 1996 1630 lEgypto
2031 1576 2122 1614 ca-

552 1657 639 1715 pta
681 1646 939 1707 Selituem
993 1653 1413 1708 commendasse
1463 1652 1709 1717 Cairum,
1735 1653 1789 1706 in
1826 1652 1910 1708 his
1954 1666 2124 1704 anna-

553 1740 695 1796 ltbus
724 1757 982 1812 expresse
1006 1742 1222 1811 legitur.
1254 1745 1327 1800 De
1358 1742 1672 1799 Mamelucis
1690 1744 1903 1800 abunde
1934 1741 2122 1799 Jovius

2215 1004 2510 1069 Duveidar,
2535 1008 2626 1076 qui
2659 1007 2920 1065 Serasker
2947 1011 3092 1066 hunc
3125 1013 3265 1081 apud
3326 1009 3539 1067 Tereos
3563 1018 3669 1076 est,
3699 1018 3793 1063 aut

2216 1096 2306 1165 (ιιιῖ
2338 1097 2509 1166 μέγας
2545 1099 2671 1167 δούξ
2695 1101 2836 1171 apud
2866 1101 3088 1157 Gtt-meos
3135 1103 3492 1173 Imperatores
3551 1103 3680 1158 olim
3707 1097 3793 1156 di-

2217 1189 2460 1243 cebatur.
2491 1189 2627 1246 Nam
2664 1194 2842 1262 μέγας
2885 1195 3375 1266 στρατοπεδάρχης
3404 1195 3529 1251 ease
3555 1211 3663 1250 non
3693 1206 3794 1265 po-

2221 1289 2348 1346 test,
2378 1296 2541 1350 quem
2573 1295 2777 1353 praetor
2814 1284 3040 1340 Grteeite
3063 1293 3248 1342 noster
3295 1296 3417 1339 cum
3467 1284 3793 1354 beglerbelto

2218 1383 2518 1440 cetnparat.
2564 1376 2694 1446 Ejus
2724 1377 2882 1432 verba
2912 1378 3166 1446 superius
3219 1378 3494 1449 exscripta
3516 1378 3792 1448 leguntur,

2221 1465 2400 1534 capite
2434 1466 2525 1521 66.

2219 1574 2348 1631 209.
2374 1574 2592 1631 Helicnl
2621 1576 2839 1640 Umei'a,
2874 1574 3160 1635 Zamberdi
3191 1571 3400 1643 Casaii,
3431 1577 3602 1643 Gaza,
3633 1576 3795 1634 Zosi-

2415 1663 2531 1700 mus
2567 1647 2816 1713 Gaza-us,
2847 1648 3045 1713 Remle,
3080 1651 3272 1718 Ratun,
3307 1642 3610 1706 Rauttttolat

2297 1733 2630 1793 Vocabulum
2653 1739 2866 1796 Melieul
2892 1739 3090 1797 Ulllt‘l‘a
3118 1755 3314 1798 nomen
3343 1741 3464 1808 ejus
3488 1740 3650 1798 olileil
3682 1741 3797 1794 sive

550 1840 604 1884 ct
630 1822 721 1887 alii
746 1836 1042 1904 scripsero,
1080 1852 1202 1906 qum
1230 1837 1424 1908 paucis
1462 1837 1732 1893 αιιηιοχαι
1765 1837 2118 1907 attingamus,
2152 1819 2195 1878 Β
2224 1828 2507 1898 dignitatis
2537 1829 2763 1885 denotat
2787 1831 3016 1886 Arabica
3041 1832 3248 1900 lingua,
3281 1832 3556 1902 quondam
3589 1829 3793 1886 blame-

552 1922 782 1991 Coepere
799 1928 908 1982 sub
954 1928 1235 1984 Friderico
1264 1928 1306 1983 ii
1337 1933 1606 2002 Augusto.
1657 1929 1885 1986 Duravit
1930 1945 2117 1986 eorum

556 2017 791 2073 societas
821 2022 901 2075 vel
933 2021 1070 2077 ordo
1106 2037 1232 2078 cum
1263 2023 1490 2094 imperio
1509 2022 1616 2078 300
1641 2024 1766 2094 plus
1805 2023 1990 2078 minus
2022 2037 2123 2078 an-

558 2109 663 2164 nis.
691 2109 898 2167 Nomen
943 2112 1121 2182 ipsum
1153 2115 1431 2184 signiﬁcat
1477 2115 1731 2180 militem,
1771 2116 1865 2181 qui
1917 2115 2127 2185 stipen-

558 2200 645 2255 dia
685 2201 834 2258 facit.
870 2204 934 2258 Et
967 2205 1272 2262 militabant
1303 2207 1551 2271 suitano,
1596 2207 1986 2278 perpetuisque
2015 2207 2129 2262 bel-

562 2294 631 2348 lis
656 2295 1078 2364 exercebantur,
1113 2299 1388 2367 equestris
1423 2299 1500 2354 rei
1558 2299 1860 2368 prmsertim
1911 2298 2128 2365 peritis-

562 2387 990 2445 sitniJiorieute
1019 2390 1243 2445 sultano
1273 2391 1588 2460 deligebam
1624 2392 1793 2447 alium
1834 2406 1865 2447 ε
1899 2404 2130 2462 corpore

563 2479 678 2534 sive
723 2480 957 2548 collegio
990 2497 1115 2547 suo,
1143 2481 1334 2540 liberis
1354 2482 1660 2554 sutl‘ragiis.
1687 2482 1850 2558 585
1886 2480 2132 2537 Plerum-

563 2585 672 2640 que
697 2582 876 2630 tamet:
914 2574 1146 2631 emirum
1178 2576 1470 2647 majorum,
1510 2577 1603 2646 qui
1634 2590 1874 2631 numero
1895 2582 2133 2645 quatuor

567 2673 747 2731 erant,
786 2667 1120 2722 auctoritate
1171 2667 1546 2738 dignitateque
1591 2668 1812 2723 sultano
1873 2666 2131 2738 proximi,

569 2755 710 2811 ratio
739 2756 927 2813 haberi
949 2758 1183 2816 solebat.
1216 2760 1438 2817 Electus
1462 2760 1661 2832 cuique
1691 2759 1991 2816 Matneluco
2012 2774 2137 2815 cen-

569 2853 689 2903 tum
723 2850 1052 2919 seraphinos
1085 2865 1186 2922 pro
1215 2851 1469 2910 felicibus
1504 2852 1768 2923 auspiciis
1795 2850 2008 2920 imperii
2041 2850 2138 2906 do-

570 2939 765 2998 nabat.
789 2941 996 2998 Omnes
1021 2945 1337 3002 necessario
1360 2945 1442 3000 vel
1457 2944 1759 3001 Christiani
1776 2954 1954 3009 erant,
1975 2945 2056 3001 vel
2072 2954 2138 2999 ex

2227 1918 2363 1975 lucis
2396 1920 2619 1984 usitata,
2652 1938 2773 1991 qua:
2802 1923 2944 1993 apud
2983 1924 3190 1980 'furcos
3242 1931 3328 1979 est
3361 1925 3441 1980 vel
3482 1923 3791 1994 beglarhegi

2225 2011 2310 2064 vel
2367 2009 2472 2079 (uti
2520 2010 2683 2081 vulgo
2731 2013 3143 2082 pronuntiatur)
3191 2013 3523 2084 beglerbegi,
3572 2014 3678 2068 hoc
3711 2018 3798 2066 est

2227 2101 2430 2156 domini
2476 2102 2681 2157 domini
2704 2101 3074 2168 dominorum,
3120 2104 3212 2172 qui
3263 2104 3553 2174 sangiaeos
3589 2103 3801 2158 scilicet

2228 2194 2476 2264 aliosque
2500 2194 2667 2263 begos
2694 2197 2799 2250 sub
2830 2209 2890 2251 se
2915 2196 3101 2250 habet.
3137 2194 3271 2251 Vide
3301 2195 3571 2265 prolixius
3619 2196 3798 2265 expli-

2229 2292 2350 2339 cata
2375 2283 2558 2354 capite
2589 2284 2676 2340 is.
2709 2284 2999 2340 Zamberdi
3036 2286 3244 2350 Gasali,
3275 2285 3480 2342 nostris
3528 2293 3614 2342 est
3649 2284 3799 2340 lant-

2229 2375 2438 2432 burdus
2467 2376 2775 2434 Ganelles.
2811 2377 3076 2449 Equidem
3099 2378 3364 2436 hactenus
3403 2394 3624 2449 operam
3655 2378 3804 2444 dedi,

2231 2477 2293 2526 ut
2323 2469 2547 2524 minime
2575 2478 2836 2541 corrupta
2891 2473 3138 2535 nomina,
3205 2472 3506 2542 praesertim
3563 2471 3802 2543 propria,

2233 2561 2467 2631 singulis
2497 2560 2550 2616 in
2580 2561 2784 2632 linguis
2816 2562 3058 2618 ederem.
3082 2561 3250 2628 Gaza,
3288 2563 3447 2634 cujus
3484 2563 3541 2618 in
3597 2563 3684 2618 his
3706 2578 3805 2617 an-

2234 2653 2448 2708 nalibus
2471 2653 2631 2724 pauio
2659 2664 2786 2709 ante
2817 2655 3022 2709 mentio
3073 2652 3153 2718 tit,
3185 2660 3312 2711 nota
3356 2662 3441 2710 est
3501 2653 3804 2711 i‘altestinaa

2235 2743 2448 2809 civitas,
2477 2759 2600 2815 quae
2622 2746 2768 2800 viros
2800 2745 3045 2801 illustres
3084 2745 3293 2817 aliquot
3325 2745 3473 2802 dedit
3509 2763 3524 2801 :
3583 2755 3638 2802 et
3663 2745 3807 2802 inter

2237 2838 2376 2896 alios
2395 2839 2675 2894 Zosimum
2700 2839 2980 2905 Gnatum,
3009 2848 3289 2895 oratorem
3331 2837 3702 2910 eloquentem,
3734 2839 3804 2895 li-

2237 2940 2326 2988 eet
2352 2947 2645 3004 paganum,
2671 2932 2766 3003 qui
2809 2941 3036 2989 necatus
3087 2932 3158 2988 ab
3215 2922 3543 3003 imperatore
3590 2930 3812 2989 lenone

573 3031 906 3092 ﬁbristianis
941 3039 1265 3106 parentibus
1293 3039 1406 3094 nati
1438 3056 1453 3105 ;
1485 3052 1586 3094 nec
1623 3040 1679 3094 ln
1707 3037 1958 3093 ordinem
1977 3050 2136 3092 suum
2240 3027 2368 3093 fuit.
2406 3026 2626 3084 homine
2681 3026 2894 3083 crudeli
2953 3035 3011 3082 el
3061 3025 3361 3082 πηιὶῑῖοεοο
3406 3024 3459 3081 is
3484 3033 3573 3082 et“
3627 3025 3811 3080 Edim!

571 3125 657 3180 vel
676 3125 885 3183 Arabes
902 3129 1001 3183 tvel
1019 3128 1342 3196 Saracenos,
1360 3131 1475 3187 sive
1492 3129 1729 3196 Mauros,
1749 3129 1831 3185 vel
1851 3128 2137 3192 iiebrteos.
2163 3152 2209 3229 ε
2240 3156 2241 3166 ι

2163 3152 2209 3229 c
2240 3119 2452 3175 anobis
2511 3127 2708 3174 auctor
2755 3116 3001 3229 historic
3041 3117 3562 3229 Zosimes‘con‘t'es,
3610 3117 3810 3229 ἁπικὲ-

574 3216 658 3271 Vel
688 3215 900 3274 Turcos
930 3221 1305 3278 admittebant.
1354 3221 1526 3294 ιιειιοι·
1569 3238 1759 3279 eorum
1792 3237 1922 3293 pars
1945 3237 1977 3278 e
2014 3221 2142 3278 Cir-
2164 3209 2209 3229 “
2246 3213 2666 3283 σκοσυνήγορος.
2701 3209 2845 3280 ειηοά
2875 3216 3077 3267 nomn
3111 3210 3264 3267 illum
3299 3210 3592 3279 signiﬁcat.
3613 3210 3708 3281 qui
3741 3209 3810 3266 ﬂ-

574 3307 750 3363 cassis
775 3309 1086 3385 constabat.
1120 3311 1174 3365 in
1213 3312 1448 3382 pueritia
1472 3313 1672 3381 captis,
1704 3319 1799 3366 aut
1834 3311 2010 3382 pretio
2028 3311 2144 3367 dis»

571 3400 792 3455 tractis.
828 3399 955 3456 Eam
978 3403 1048 3456 oh
1067 3417 1290 3458 causam
1323 3400 1524 3458 Zercas
1545 3403 1659 3458 sive
1689 3404 1892 3460 Cereas
1925 3416 2145 3471 quoque

572 3503 841 3548 vorantur
893 3510 922 3548 a
957 3495 1176 3560 Turcis,
1229 3498 1301 3553 ob
1323 3498 1712 3552 Circassorum
1761 3496 1906 3551 inter
1939 3495 2144 3552 ﬂame-

577 3584 732 3638 lueos
793 3585 1124 3653 [trmciptmm
1180 3598 1519 3641 numerum:
1573 3601 1695 3654 quas
1741 3585 1896 3642 natio
1945 3601 2141 3641 nomen

574 3674 1217 3740 Qttiuquemontanorutu
1258 3677 1445 3741 habet,
1513 3678 1683 3734 lberis
1721 3677 1836 3734 sive
1887 3675 2144 3746 Georgia-

576 3783 664 3822 ms
693 3783 895 3824 νιειιιτι.

609 3883 738 3942 208.
777 3885 1147 3957 Τοιιιηιιιιιὸαῑ,
1185 3888 1428 3940 stillantis
1471 3886 1687 3940 uititnt‘ts
1729 3884 1970 3957 Egypti,
2013 3882 2118 3939 Ultt

1006 3955 1298 4023 Duveidar,
1335 3971 1411 4011 ent
1422 3958 1469 4010 ir
1502 3957 1712 4024 Quibir.

651 4046 824 4113 Quem
855 4055 1168 4104 nostrorum
1199 4049 1442 4104 historia:
1471 4049 1898 4106 Tontuntbeium
1927 4057 2148 4108 Vocant.

584 4135 782 4194 Turcis
798 4147 884 4195 est
909 4139 1291 4204 'l'ommanbai,
1317 4140 1540 4196 nomine
1569 4155 1678 4196 non
1733 4141 1945 4196 vitiato.
1991 4138 2148 4204 Quod

585 4223 844 4294 cilicium,
881 4245 1068 4298 quaeve
1114 4227 1354 4300 dignitas
1380 4230 1547 4286 fuerit
1598 4231 1738 4299 ejus,
1802 4230 1896 4300 qui
1951 4230 2152 4284 dicitur

589 4319 674 4373 ltic
703 4319 805 4375 Ulu
842 4321 1131 4388 Dureidar,
1161 4334 1224 4377 es
1254 4323 1375 4391 ipso
1426 4322 1708 4377 annali-um
1748 4330 2004 4378 contextu
2069 4322 2150 4376 in-

587 4411 874 4474 ιςοηίιιὶιιιιι.
915 4413 1083 4466 Initio
1105 4414 1590 4469 commentationis
1628 4413 1815 4482 hujus,
1837 4413 2014 4480 capite
2043 4421 2152 4467 ter-

2245 3300 2325 3359 sci
2355 3300 2652 3371 aliquando
2708 3298 2814 3355 fuit
2838 3300 3162 3356 advocatus.
3203 3297 3345 3356 Eum
3368 3297 3604 3356 Karulus
3650 3297 3815 3369 Sigeo

2246 3397 2373 3451 nius
2428 3392 2490 3449 V.
2521 3393 2586 3450 C.
2647 3393 2885 3466 singulis
2946 3393 3278 3462 septimanis
3313 3389 3648 3461 pagellatim,
3685 3405 3810 3446 cum

2243 3489 2524 3553 ederetur,
2561 3502 2592 3542 a
2633 3503 2720 3542 me
2757 3502 2853 3558 per
2903 3484 3243 3550 veredarios,
3271 3485 3440 3554 opera
3491 3483 3636 3539 Petri
3678 3481 3813 3540 Per-

2247 3596 2330 3634 nte
2358 3578 2638 3633 Boloniatn
2695 3579 2910 3634 Basilea
2959 3579 3216 3644 missum,
3277 3576 3525 3632 historia:
3570 3589 3686 3631 sua:
3740 3574 3810 3630 de

2247 3669 2478 3741 imperio
2510 3667 2827 3725 Occidentis
2850 3669 3107 3735 inseruit,
3134 3667 3282 3723 nulla
3322 3667 3574 3723 beneficii
3604 3667 3708 3722 ιιιεὶ
3730 3667 3814 3721 vel

2249 3763 2414 3815 unico
2438 3762 2607 3815 verbo
2628 3762 2907 3816 mentione
2937 3761 3116 3815 facta:
3160 3763 3248 3815 cui
3278 3769 3459 3814 tamen
3493 3773 3639 3813 anno
3669 3758 3805 3814 i581

2251 3871 2311 3909 sc
2349 3852 2587 3908 Bolonite
2622 3852 2903 3919 invisenti,
2935 3867 3059 3907 eum
3093 3868 3160 3906 (ιιι
3207 3850 3446 3906 Sabaudi
3493 3851 3652 3907 ducis
3692 3851 3816 3906 aula

2248 3944 2564 4007 discedens,
2593 3944 2662 3998 ad
2726 3943 3140 4001 Ferrarienscm
3189 3958 3316 4000 cum
3375 3941 3534 3998 ducis
3586 3944 3818 4014 Augusti

2251 4036 2579 4107 Septemvlri
2632 4035 2869 4092 Saxonis
2932 4036 3132 4108 legato,
3203 4035 3423 4091 Andros
3470 4033 3660 4102 Paulo,
3703 4035 3820 4090 viro

2251 4128 2590 4200 amplissimo
2657 4136 2711 4182 ct
2759 4129 2938 4183 amico
3017 4126 3306 4198 singulari,
3358 4124 3655 4181 comitandi
3695 4125 3820 4194 ejus

2251 4235 2418 4276 causa
2452 4221 2854 4291 proficiscerer,
2879 4235 3106 4292 magnas
3161 4234 3295 4275 sane
3336 4218 3543 4290 gratias
3603 4218 3819 4288 agebat,

2254 4315 2487 4383 ingenue
2517 4312 2758 4374 fatendo.
2793 4311 3017 4366 minimc
3039 4326 3099 4366 se
3143 4325 3304 4366 suum
3358 4309 3490 4366 illud
3540 4322 3682 4380 opus
3698 4309 3822 4366 abs-

2254 4418 2362 4473 que
2394 4417 2512 4458 mea
2543 4403 3042 4459 communicatione
3076 4399 3303 4467 Zosimi,
3347 4413 3472 4456 eum
3528 4399 3688 4456 laude
3715 4412 3820 4472 pn-

587 4503 684 4566 tio,
723 4503 825 4558 Ultt
892 4504 1207 4573 significare
1263 4503 1578 4560 notavimus
1624 4504 1928 4560 excelsum.
1990 4503 2152 4558 Petro
2184 4510 2233 4570 υ

2150 4529 2152 4547 .
2184 4510 2233 4570 [ι
2258 4495 2585 4549 blicaturutn
2619 4492 2944 4549 fuissmbec
2970 4492 3354 4549 dissimulabat
3381 4507 3463 4558 se,
3489 4506 3615 4548 cum
3642 4493 3698 4547 in
3733 4502 3820 4547 se-

587 4595 810 4668 Martyri
845 4595 1242 4652 Ilediolanensi
1273 4596 1328 4652 in
1362 4594 1734 4664 descriptione
1749 4594 2038 4666 legationis
2054 4592 2154 4647 Ba-

585 4690 842 4760 byloniae,
879 4705 990 4743 non
1015 4689 1119 4744 Ulu
1148 4687 1446 4751 Duveidar.
1484 4686 1581 4744 sed
1624 4687 1767 4742 emir
1810 4687 2036 4742 Cheinir
2061 4699 2159 4754 ap-

589 4784 843 4849 leilatttr,
894 4781 1042 4850 quod
1077 4781 1357 4837 Arabibus
1417 4788 1504 4834 est
1529 4780 1669 4834 cmir
1702 4779 1918 4847 Quibir,
1973 4779 2024 4834 id
2048 4791 2154 4842 est,

587 4890 818 4943 magnus
853 4875 1012 4928 entir.
1048 4872 1121 4927 Ea
1156 4888 1256 4926 vox
1280 4888 1310 4926 a
1341 4872 1498 4927 nobis
1521 4872 1699 4942 capite
1753 4873 1928 4940 primo
1994 4878 2049 4926 et
2064 4871 2158 4927 de-

585 4966 730 5020 cimo
756 4972 956 5032 quarto
984 4965 1244 5032 superius
1274 4972 1358 5019 est
1388 4963 1687 5032 explicata.
1721 4961 1921 5032 δίει-ψ·
1944 4961 2156 5029 adjicit,

586 5059 723 5112 emir
754 5057 947 5124 Quibit
974 5073 1099 5112 esse
1150 5057 1526 5126 magistratum
1557 5056 1792 5125 primqu
1825 5063 1951 5124 post
1979 5053 2159 5109 Solda-

588 5167 744 5213 num,
802 5151 965 5220 idque
1005 5157 1316 5220 propterea,
1365 5149 1510 5219 quod
1560 5149 1895 5204 exercitibus
1953 5145 2157 5215 praesit.

590 5243 735 5313 Ergo
768 5243 1114 5300 Sansovinus
1145 5250 1200 5297 et
1230 5243 1320 5297 alii
1348 5241 1633 5303 falluntur,
1673 5242 1764 5310 qui
1791 5241 1956 5309 hujus
1981 5241 2035 5290 in
2078 5237 2160 5289 ht-

590 5339 776 5393 s‘orize
812 5337 1215 5392 nat-rationibus
1239 5352 1302 5391 es
1340 5334 1700 5390 Tommanhai
1753 5332 1855 5388 Uln
1893 5330 2160 5386 Duveids-

589 5446 672 5495 re,
705 5431 788 5484 vel
818 5430 988 5484 entire
1011 5429 1255 5496 Quibirc,
1282 5429 1525 5484 fecerunt
1547 5426 1888 5480 admiraliutn
1919 5424 2158 5479 Alexan-

592 5519 745 5574 driae.
800 5518 1088 5585 iit-peritur
1141 5519 1306 5573 etiam
1379 5517 1522 5586 apud
1581 5515 1895 5572 Geufrteum
1957 5513 2164 5567 Derdar

594 5609 808 5676 Quibir,
838 5617 897 5662 ut
912 5610 1050 5677 apud
1075 5608 1346 5663 Andream
1364 5608 1739 5663 Cambriuium
1764 5606 2162 5668 Fiorentinunt,

595 5710 652 5757 et
698 5699 856 5764 alios,
887 5715 1118 5769 magnus
1151 5698 1462 5754 Diadartus.
1500 5697 1806 5768 Utrumque
1851 5698 2162 5752 mutilatum

601 5808 665 5849 ex
698 5791 1022 5848 Duvcidare.
1046 5789 1152 5846 Nec
1181 5790 1464 5848 Geuimrus
1493 5793 1823 5849 sibieonstat
1861 5793 1914 5844 iu
1939 5791 2037 5844 hoc
2072 5804 2163 5842 εις

2258 4585 2508 4656 pulcrum
2542 4600 2701 4641 suum
2733 4585 2836 4652 (sic
2883 4585 3028 4639 enim
3072 4584 3378 4655 appellabat
3405 4583 3819 4656 bibliothecam)

2257 4693 2344 4730 me
2373 4677 2690 4740 deduceret,
2721 4675 2948 4730 Romam
2969 4675 3276 4745 profectunt
3337 4675 3563 4745 petiisse
3611 4677 3822 4746 copiam

2257 4771 2358 4824 sibi
2395 4769 2509 4824 iieri
2539 4769 2845 4838 perlegendi
2873 4768 3097 4833 Zosimi,
3129 4770 3222 4839 qui
3268 4785 3394 4826 esse
3452 4769 3732 4825 ferebatur
3769 4771 3825 4825 in

2258 4859 2521 4915 Vaticana
2554 4877 2568 4914 :
2598 4875 2700 4914 nec
2749 4869 2930 4913 tamen
2967 4859 3018 4913 id
3049 4875 3079 4914 a
3108 4859 3370 4930 Gregorio
3416 4860 3630 4915 decimo
3665 4862 3830 4916 tertio

2260 4954 2319 5008 Ρ.
2353 4951 2447 5014 ΔΙ..
2478 4953 2600 5007 licet
2630 4952 2893 5007 adhibitis
2937 4951 3397 5008 intercessoribus
3443 4952 3828 5009 illttstrissitnis

2259 5059 2324 5099 ac
2351 5044 2516 5114 primi
2553 5043 2793 5098 nominis
2821 5042 2992 5098 etloci
3027 5042 3424 5107 cardinalibus,
3465 5042 3734 5099 Farucsio
3774 5052 3830 5098 ct

2259 5137 2496 5200 Estensi,
2527 5135 2692 5190 certis
2724 5135 2793 5191 de
2824 5128 3010 5191 causis
3049 5135 3343 5206 impetrare
3399 5135 3658 5203 potuisse.
3709 5136 3829 5201 Quo

2262 5229 2403 5300 plus,
2428 5243 2523 5284 ore
2550 5237 2679 5284 tunc
2715 5227 2935 5298 quidem
2961 5227 3220 5290 rotundo,
3289 5227 3422 5282 inihi
3493 5239 3553 5281 se
3631 5227 3831 5283 debere

2265 5324 2644 5394 proﬁtebatur.
2705 5322 2809 5378 Sed
2867 5322 3012 5376 enim
3041 5322 3107 5378 ad
3151 5321 3377 5377 annales
3410 5329 3472 5374 ut
3521 5321 3828 5383 redeamus,

2263 5415 2406 5486 quod
2438 5417 2524 5469 hic
2571 5420 2907 5468 memoratur
2955 5413 3163 5479 Retnlc,
3214 5412 3470 5483 Oppidum
3507 5410 3829 5472 PalmStiua-,

2265 5507 2448 5561 vatius
2484 5506 2878 5576 appellationes
2911 5507 3093 5561 habet.
3129 5505 3266 5561 Nam
3308 5514 3364 5560 et
3421 5503 3630 5567 iiemle,
3688 5504 3832 5559 sicut

2266 5601 2374 5664 hic,
2401 5608 2452 5652 ct
2484 5600 2728 5662 iiantnta,
2766 5609 2816 5649 et
2845 5598 3034 5662 liatna,
3060 5605 3114 5651 et
3142 5596 3421 5650 ltammbla
3477 5595 3703 5657 Mauris,
3733 5593 3829 5663 qui

2267 5692 2476 5747 Arabes
2511 5701 2657 5753 sunt,
2691 5707 2750 5745 at:
2778 5688 3025 5743 finitimis
3053 5689 3367 5742 nominatur
3395 5705 3408 5741 :
3461 5683 3605 5755 quod
3665 5698 3829 5738 voea-

2269 5785 2455 5837 i-ulutn
2494 5793 2690 5837 terram
2723 5797 3008 5835 arenosum
3041 5779 3333 5850 significat,
3392 5788 3443 5832 ct
3468 5795 3498 5830 ει
3527 5776 3722 5831 Turcis
3746 5782 3828 5828 cst
