4204 6300
445 444 550 505 8δῖ

1663 445 1791 507 ΙοΑ
1805 447 1984 508 NNlS
2018 447 2473 510 LEUNCLAVII

3574 441 3678 504 888

445 566 781 620 mutatumin
835 563 1039 619 Bentle.
1107 564 1275 618 Distat
1338 566 1522 618 decem
1592 567 1670 620 vel
1722 567 2007 622 duodecim
2040 563 2386 622 Abanenscs
2424 566 2506 619 vel
2533 563 2790 634 Epirotae.
2834 563 3054 620 Fecisse
3081 563 3302 617 tradunt
3353 563 3452 617 bos
3505 571 3678 618 trans—

446 658 569 727 plus
608 657 791 712 minus
820 655 1140 710 milliaribns
1161 655 1417 710 Asiaticis
1467 670 1494 708 a
1548 654 1742 716 Giall‘a,
1775 672 1896 722 qua:
1927 672 2012 713 sa-

443 749 554 803 cris
587 757 663 803 est
701 748 924 804 Litteris
968 748 1160 818 Joppe,
1195 751 1274 802 sic
1308 747 1373 800 ab
1422 746 1612 815 Japcto
1658 749 1737 802 vel
1785 748 2014 817 Japbeto

442 841 609 903 dicta,
643 841 786 908 quod
818 855 1012 895 versus
1043 840 1345 908 Europam,
1383 840 1450 892 ab
1473 836 1687 907 Japheti
1722 841 2014 895 llliisinha-

443 932 691 996 bitatam,
722 939 912 1001 portus
933 933 1049 1002 ejus
1065 932 1451 989 celeberrimus
1482 942 1707 1001 spectet.

442 1042 566 1097 2l0.
615 1041 1046 1100 Cudsimnbarec.
1095 1043 1291 1106 lkindi.
1349 1046 1531 1101 Messi!
1566 1049 1700 1101 Axa.
1742 1045 2012 1100 [adsuun-

475 1114 626 1176 ntasi,
652 1113 814 1168 (Συὺεὶ
843 1114 1078 1182 Saltara,
1101 1116 1267 1180 Cuba,
1293 1116 1501 1178 Trulla,
1522 1116 1666 1172 Naas
1691 1117 1974 1169 dronticos.

512 1207 745 1271 Selimes
787 1207 841 1263 in
867 1206 1158 1280 Egyptnm
1197 1223 1321 1264 cum
1351 1211 1595 1264 exercitu
1647 1207 2009 1278 profecturus,

438 1298 748 1373 haecum
795 1301 866 1358 ab
917 1301 1310 1374 Hierosolymis
1363 1317 1470 1356 nrn
1527 1302 1711 1371 procul
1775 1300 2007 1362 abesset,

440 1409 642 1447 morem
679 1381 1031 1463 tyrannorum
1052 1404 1300 1452 secutus.
1328 1393 1527 1462 quibus
1555 1393 1608 1446 in
1670 1407 1765 1447 ore
1820 1405 2012 1461 preces

439 1485 518 1537 lue
541 1473 802 1556 parpetuo
837 1495 986 1548 sunt,
1017 1486 1095 1539 Da
1124 1487 1252 1540 mihi
1304 1487 1515 1552 fallere,
1569 1487 1638 1539 da
1654 1486 1863 1554 justam
1891 1500 2013 1538 sano

435 1586 678 1644 stumque
740 1577 928 1642 videri,
972 1576 1246 1631 civitatem
1303 1576 1769 1632 Musulmanorum
1845 1576 2009 1631 etiam

436 1667 693 1734 opinione
752 1682 966 1723 sacram
1010 1677 1257 1726 sanctam
1289 1669 1527 1724 invisere
1591 1669 1783 1722 voluit.
1832 1665 2012 1724 ηψπ-ιιι

436 1761 579 1814 enim
613 1760 883 1828 hodieque
917 1758 1226 1814 Turcornm
1261 1761 1538 1816 inanimis
1568 1775 1629 1814 ea
1661 1759 1774 1813 sive
1797 1760 2008 1830 religio.

437 1851 551 1906 sive
580 1851 924 1920 superstitio,
985 1863 1044 1906 ut
1074 1853 1179 1906 voti
1214 1853 1318 1917 rei,
1354 1850 1574 1906 Meccha
1633 1868 1733 1907 sua
1766 1854 2007 1915 visi'ata,

438 1961 546 1999 non
578 1961 638 1999 se
673 1944 916 2015 legitime
943 1945 1177 2000 solvisse
1234 1957 1421 2000 vatum
1480 1945 1834 2010 arbitrentur,
1899 1949 2006 2004 nisi

439 2035 808 2089 Bethleemam
863 2049 1104 2104 quoque,
1169 2035 1375 2090 Christi
1428 2038 1588 2091 cunis
1640 2038 1902 2103 nobilem,
1958 2051 2010 2095 et

441 2128 868 2183 llierusalemam
903 2129 1160 2184 adierint.
1227 2127 1436 2184 Vocant
1468 2138 1643 2184 autem
1695 2131 2009 2204 Hierosoly-

439 2235 548 2284 ma,
589 2220 670 2273 vel
707 2219 1159 2286 Hierusalemam,
1199 2221 1382 2290 lingua
1423 2237 1520 2276 sua
1555 2220 2007 2289 Cudsimabaree,

438 2315 584 2384 quod
647 2330 848 2368 nomen
913 2314 1185 2384 signiﬁcat
1241 2315 1418 2369 locum
1491 2315 1837 2370 benedictum
1927 2318 2011 2372 vel

441 2405 724 2475 inclytum.
761 2403 1098 2475 Vcspcrtinze
1158 2420 1352 2476 preces
1408 2405 1604 2460 Turcis
1655 2417 1786 2461 sunt
1835 2405 2007 2462 lkindi

442 2512 653 2561 nenias,
693 2512 813 2567 qua:
869 2498 1128 2551 nimirum
1190 2496 1370 2552 medio
1428 2499 1816 2568 concipiuntur
1873 2504 2013 2554 inter

442 2589 722 2644 meridiem
760 2602 812 2642 et
865 2604 1123 2646 occasum
1160 2590 1298 2646 solis
1353 2593 1553 2660 spatio.
1590 2590 1851 2661 Concepit
1914 2591 2011 2647 has

443 2680 495 2733 in
524 2681 713 2736 messit
753 2696 878 2750 axa,
914 2682 964 2735 id
997 2691 1080 2738 est
1115 2683 1166 2736 in
1207 2683 1325 2737 alba
1358 2684 1602 2749 messita,
1657 2683 1771 2738 sive
1807 2682 2009 2751 templo

442 2770 697 2826 Tlll‘CiCO.
731 2773 1064 2840 Nocturnas,
1105 2791 1227 2844 quae
1274 2774 1647 2830 ladsunamasi
1685 2775 1880 2831 Turcis
1910 2791 2008 2846 ap-

445 2863 737 2930 pellantur,
793 2875 846 2918 et
898 2865 1184 2920 intervallo
1243 2867 1419 2921 medio
1478 2867 1587 2922 dici
1635 2869 1813 2923 solent
1871 2869 2011 2923 inter

445 2968 696 3009 occasum
723 2954 856 3012 solis
894 2963 949 3010 et
990 2956 1225 3010 mediam
1252 2965 1491 3022 noctem,
1539 2957 1748 3027 peregit
1810 2958 1863 3010 in
1898 2957 2009 3011 Cu-

446 3046 529 3101 bei
591 3045 822 3117 Sahara,
883 3048 1000 3104 sive
1059 3049 1267 3104 Sehara
1322 3065 1336 3103 :
1387 3051 1655 3105 vocabulo
1715 3049 2009 3105 denotante

445 3139 704 3208 templum
739 3141 791 3193 in
825 3142 1068 3212 spatiosa
1100 3141 1264 3196 situm
1299 3158 1452 3209 area,
1481 3151 1536 3198 et
1583 3145 1670 3198 cui
1733 3143 2008 3212 fastigium

2120 657 2327 727 fugium
2358 662 2422 711 ad
2475 658 2645 710 civcm
2701 659 3129 726 popularemque
3184 670 3368 719 suum,
3423 653 3675 708 Sinanem

2119 751 2361 814 bassam,
2415 752 2570 821 eique
2606 751 2835 804 consilia
2868 751 3066 806 sultani
3114 749 3350 820 Egyptii
3386 765 3506 804 cum
3551 749 3678 802 insi-

2117 843 2222 899 diis
2245 845 2532 899 detexisse.

2116 935 2238 991 219..
2267 934 2425 1005 Regio
2447 936 2586 999 Sail,
2615 935 2837 1007 zEgypli
2863 951 3017 1005 pars;
3047 935 3318 1005 Aythonus
3349 936 3676 987 emendatus.

2186 1027 2338 1094 Quod
2378 1027 2564 1082 urbem
2596 1028 2817 1083 Cairum
2846 1028 3078 1098 ingressi
3110 1014 3371 1082 dicuntur
3394 1025 3677 1080 Selimiani

2117 1120 2342 1184 milites,
2400 1119 2452 1174 id
2512 1119 2713 1175 factum
2774 1121 2928 1175 aiunt
2983 1119 3077 1174 alii
3111 1133 3207 1188 per
3256 1132 3374 1173 eam
3443 1126 3678 1185 portam,

2115 1224 2277 1277 quam
2364 1210 2535 1265 nostri
2619 1205 2948 1267 Bassuellam
3042 1219 3284 1275 vocant,
3339 1217 3398 1263 et
3449 1207 3516 1262 de
3569 1223 3672 1276 qua

2113 1302 2275 1370 paulo
2326 1310 2446 1371 post
2505 1301 2735 1369 amplius
2797 1316 3042 1373 agemus.
3095 1300 3263 1370 Regio
3312 1298 3482 1354 Sahid
3513 1297 3679 1354 Joan-

2117 1394 2169 1446 ni
2204 1392 2370 1448 Leoni
2421 1393 2660 1448 Africani
2717 1397 2975 1465 superior
3038 1394 3306 1465 Egyptus
3351 1405 3455 1462 est,
3517 1410 3676 1467 quam

2115 1484 2412 1542 Thebaidis
2469 1480 2808 1556 provinciam
2866 1491 3056 1546 dixere
3111 1498 3346 1544 veteres.
3395 1489 3680 1560 Aythonns

2118 1581 2296 1647 capite
2339 1579 2428 1643 54,
2461 1587 2519 1632 ut
2547 1581 2713 1636 etiam
2747 1583 2972 1638 annales
3001 1582 3056 1636 bi
3085 1580 3329 1646 Turcici,
3355 1595 3464 1635 non
3491 1578 3678 1638 Sahid.

2115 1673 2207 1722 sed
2249 1668 2384 1736 Sail,
2439 1672 2576 1726 hanc
2637 1674 2912 1743 appellat,
2949 1684 3003 1729 et
3041 1674 3268 1743 primum
3311 1687 3374 1726 ac
3415 1669 3673 1740 majorem

2115 1762 2188 1829 (id
2227 1774 2328 1825 cst,
2362 1766 2678 1834 maximam)
2723 1764 2940 1837 ΕΒΗ)ιί
2991 1767 3327 1843 provinciam
3364 1764 3495 1819 facit
3525 1784 3538 1818 :
3566 1779 3677 1832 quo

2116 1855 2236 1909 loco
2266 1857 2566 1912 notandum
2596 1859 2794 1923 obiter,
2828 1859 3121 1914 secundam
3157 1857 3488 1927 provinciam
3533 1856 3678 1926 ejus-

2114 1945 2235 2001 dem
2263 1947 2476 2019 Αἰδηψιὶ
2531 1951 2729 2005 vitiose
2785 1952 3046 2022 scriptam
3099 1951 3382 2012 Dcmesor,
3424 1965 3522 2019 pro
3569 1965 3676 2019 quo

2114 2040 2483 2108 reponendum
2516 2040 2634 2095 sine
2665 2041 2836 2098 dubio
2867 2041 3058 2096 divisis
3091 2042 3341 2103 vocibus,
3361 2038 3435 2095 De
3459 2037 3670 2095 Moser:

2112 2131 2253 2197 quod
2275 2129 2479 2186 Cal‘ira
2498 2131 2681 2201 phrasi
2701 2134 2920 2188 denotat
2941 2133 3274 2203 provinciam
3294 2130 3674 2191 Mesercnsem,

2114 2221 2217 2276 hoc
2247 2230 2332 2276 est
2363 2223 2596 2277 vicinam
2655 2224 2776 2279 urbi
2828 2223 3025 2290 Heser,
3059 2239 3220 2292 quam
3250 2224 3453 2278 rectius
3499 2222 3674 2291 capite

2113 2313 2437 2382 praecedenti
2489 2315 2730 2371 diximus
2776 2315 3045 2371 nominari
3093 2315 3299 2378 lliszir,
3331 2321 3423 2369 aut
3475 2313 3670 2370 Missir.

2113 2403 2315 2458 Ibidem
2363 2407 2552 2474 quinta
2586 2406 2867 2475 provincia
2910 2421 3032 2461 cum
3099 2407 3230 2460 urbe
3257 2405 3524 2470 Damiata,
3565 2419 3673 2460 non

2111 2508 2197 2552 est
2219 2496 2524 2569 Eliopolis,
2557 2500 2626 2555 ab
2662 2498 2808 2556 Elia
2836 2498 3120 2554 Pertinaee
3149 2499 3396 2567 Augusto
3449 2497 3532 2552 sic
3583 2509 3676 2550 vo-

2109 2601 2254 2653 cata,
2294 2595 2439 2658 quod
2490 2590 2700 2645 auctori
2749 2589 2974 2644 Platinte
3017 2589 3250 2645 credidit
3302 2587 3672 2642 lleineceius:

2112 2683 2208 2738 sed
2255 2681 2568 2751 lleliopolis,
2614 2682 2768 2750 quasi
2829 2681 2960 2737 solis
3017 2684 3231 2741 civitas,
3280 2680 3424 2734 utin
3476 2679 3668 2734 eadem

2111 2773 2341 2844 Egypto
2387 2775 2661 2842 quondam
2719 2779 2840 2829 erat
2878 2771 3250 2839 llermopnlis,
3303 2770 3554 2825 Mercurii
3590 2772 3669 2823 ci-

2114 2866 2297 2931 vitas;
2333 2864 2646 2935 Pauopolis,
2694 2863 2862 2921 Panis
2906 2865 3125 2929 civitas,
3183 2871 3238 2919 et
3288 2863 3412 2918 aliis
3477 2877 3508 2916 a
3565 2862 3673 2916 diis

2111 2956 2229 3009 aliae
2264 2957 2560 3010 nominata:
2591 2954 2965 3025 reperiuntur,
3000 2955 3168 3009 etiam
3202 2970 3232 3008 a
3261 2954 3509 3009 ridiculis
3561 2953 3670 3005 illis

2111 3046 2489 3118 Egyptiorum
2544 3046 2862 3101 numinibus
2922 3045 3193 3112 quaedam,
3230 3053 3291 3098 ut
3352 3058 3385 3098 ι
3438 3041 3668 3097 canibus

2112 3134 2408 3209 Cynopolis
2442 3156 2455 3190 :
2491 3154 2522 3192 a
2555 3138 2721 3207 lupis,
2753 3136 3042 3208 Lycopolis
3079 3154 3095 3192 :
3123 3153 3154 3192 a
3181 3137 3402 3201 felibus,
3455 3134 3665 3191 Eiuro-

451 3231 768 3298 impositum
833 3242 918 3288 est
983 3231 1166 3287 formae
1215 3236 1482 3289 rotundae.
1543 3235 1674 3289 Tale
1735 3235 2005 3306 fastigium
2039 3248 2083 3307 ο
2116 3232 2277 3302 polis.
2315 3229 2504 3284 Plures
2537 3229 2680 3284 Elias
2731 3239 2921 3284 noster
2952 3228 3234 3284 Cretensis
3279 3229 3332 3281 in
3377 3226 3672 3281 Nazianze-

447 3321 698 3393 Evagrio,
727 3324 977 3393 si-t'iptori
1007 3325 1392 3381 ecclesiastica:
1422 3327 1687 3390 historizc,
1736 3327 1887 3389 06).ος
1923 3326 2007 3380 di-

446 3415 635 3467 citur:
668 3413 840 3470 διεῖρςὶ
887 3417 1244 3479 recentiores.
1289 3425 1345 3471 ut
1388 3417 1655 3484 Zonaras,
1718 3418 2008 3482 Cedrinus,

447 3505 558 3569 alii,
585 3503 831 3560 Trullum
862 3516 914 3560 et
938 3505 1178 3560 Trullant
1210 3509 1490 3561 nominant
1525 3529 1536 3562 :
1571 3510 1645 3562 uti
1673 3523 1793 3561 eum
1819 3507 2009 3563 Cedri-

446 3609 550 3646 nus
579 3594 657 3646 ait
690 3594 911 3656 alicubi,
948 3595 1191 3650 Trullant
1251 3607 1452 3652 sanctae
1489 3597 1711 3668 majoris
1765 3600 2012 3653 ecclesize

448 3687 718 3740 furnicam
774 3689 1051 3743 corruisse
1109 3707 1121 3743 :
1180 3690 1379 3758 quibus
1440 3696 1493 3744 in
1562 3692 1742 3746 verbis
1804 3691 2010 3744 furnil-a

447 3777 726 3847 significat
761 3781 1048 3833 habentem
1091 3782 1320 3834 formam
1358 3782 1521 3847 furni,
1564 3784 1666 3837 hoe
1699 3792 1779 3836 est
1810 3795 2009 3836 rotun-

447 3872 592 3934 dam,
633 3885 739 3923 non
783 3871 834 3923 in
873 3873 1088 3940 longum
1124 3883 1448 3939 porrectam,
1482 3875 1794 3944 cujusmodi
1855 3877 2012 3928 lectis

449 3977 614 4030 coepe
650 3970 700 4015 ta
756 3965 952 4032 templa
987 3964 1192 4019 Graecis
1245 3967 1365 4019 ναοὶ
1419 3967 1668 4035 δρομικοί
1724 3977 2008 4021 vocantur.

454 4056 564 4108 Vox
589 4054 758 4110 Cubei
794 4073 859 4110 ne
897 4059 1043 4111 italis
1083 4058 1300 4125 quidem
1337 4067 1420 4113 est
1453 4058 1655 4129 ignota,
1694 4061 1855 4113 veluti
1887 4075 2007 4110 cum

454 4146 781 4202 Venetorum
811 4149 865 4202 in
899 4151 1187 4203 annalibus
1234 4150 1449 4215 legitur,
1484 4165 1627 4203 anno
1669 4151 1798 4204 1416
1835 4153 2008 4220 ignem

449 4242 730 4294 exussissc
754 4241 923 4294 Cubas
952 4242 1132 4309 templi
1157 4239 1341 4294 Sancti
1368 4240 1551 4305 Marci,
1575 4243 1791 4309 plumbo
1817 4254 2006 4296 lectas.

452 4332 774 4401 Ιιιιιιηξείιιιι·
824 4341 1000 4384 autem
1065 4333 1168 4384 hoc
1232 4333 1506 4385 annalium
1570 4333 1688 4384 loco
1717 4348 1810 4400 per
1842 4331 2010 4385 Cubci

453 4425 964 4491 Sabara,templum
1008 4425 1385 4478 Solomonium
1445 4425 1766 4478 hodiernum
1821 4425 2012 4478 [liere-

450 4518 696 4587 solymis,
735 4515 879 4585 quod
908 4523 961 4568 et
992 4515 1186 4568 cubant
1232 4516 1398 4568 habet
1431 4515 1724 4581 eiusmodi,
1764 4514 2010 4568 Tureicis

2117 3337 2246 3375 num
2297 3319 2529 3388 quodam
2565 3320 2685 3374 loco
2735 3321 2950 3374 recitat.
2999 3318 3303 3386 Corrigitor
3357 3318 3460 3372 hoc
3503 3317 3671 3371 etiam

2116 3414 2168 3467 in
2196 3413 2289 3467 illo
2319 3413 2437 3480 ipso
2462 3411 2694 3483 Aythoni
2723 3411 2920 3479 capite,
2944 3425 3068 3466 cum
3090 3409 3245 3472 dicit,
3270 3409 3454 3464 haberi
3477 3423 3671 3463 carnes

2114 3506 2404 3565 crastinas.
2436 3502 2697 3566 haedinas,
2726 3502 3056 3574 gallinaceas
3077 3519 3090 3556 :
3115 3511 3171 3554 ut
3194 3501 3365 3557 lector
3389 3501 3677 3554 malitcar-

2116 3613 2208 3651 nes
2233 3598 2560 3660 castronias,
2588 3595 2638 3650 id
2679 3605 2786 3658 est,
2821 3595 3161 3656 vervecinas,
3183 3609 3347 3662 quam
3380 3594 3670 3649 crastinas.

2350 3687 2494 3744 "iiii.
2541 3687 2759 3743 Hessila
2781 3688 2922 3741 dicta
2949 3686 3205 3742 Chasniiis
3233 3685 3407 3741 Zami.

2183 3783 2468 3835 Auctorem
2499 3780 2661 3846 hujus
2703 3781 2939 3835 messitae
2991 3780 3107 3835 sive
3154 3780 3335 3847 templi
3393 3779 3672 3833 Cairensis

2113 3873 2414 3928 Chasanem
2451 3883 2646 3927 vocant
2677 3872 2900 3928 annales
2934 3873 2984 3924 hi
3017 3871 3263 3936 TUI'CiCi,
3297 3867 3502 3928 rectius
3543 3888 3668 3942 pro-

2113 3965 2199 4016 cul
2264 3963 2450 4027 dubio,
2504 3977 2664 4031 quam
2723 3959 2806 4015 vel
2855 3960 3095 4016 Joannes
3155 3962 3474 4022 Fraxineus,
3527 3965 3669 4033 apud

2113 4072 2272 4122 (μυ-ιιι
2311 4055 2506 4108 llcssin
2540 4056 2760 4124 legitur,
2788 4056 2870 4108 vel
2897 4054 3237 4110 Helfericbus
3277 4057 3330 4109 in
3364 4056 3666 4122 itinerario,

2114 4149 2200 4200 cui
2234 4148 2493 4202 scribitur
2518 4146 2745 4212 iiessen,
2774 4161 2872 4216 pro
2896 4145 3133 4202 Chasan.

2113 4258 2237 4313 214.
2281 4256 2651 4310 Tommanbais
2683 4256 3054 4323 suspenditur;
3081 4256 3204 4321 ﬁnis
3239 4257 3384 4323 regni
3413 4257 3674 4313 sultanini

2433 4337 2481 4382 et
2511 4325 2948 4386 Mamelucorum,
2981 4327 3088 4379 Bub
3119 4324 3364 4380 Sua-cile.

2183 4421 2552 4476 Memorabilis
2587 4428 2671 4474 est
2703 4419 2880 4475 fmdus
2911 4420 2998 4472 hic
3053 4417 3444 4474 Tommanhais
3480 4422 3673 4473 interi-

2119 4527 2227 4576 lus,
2261 4523 2314 4567 et
2342 4512 2558 4582 Egypti
2608 4513 2887 4582 Syr-imque
2916 4516 3258 4568 sullanornm
3317 4513 3464 4582 regni
3527 4513 3671 4567 linis.

455 4610 666 4677 ieinplis
700 4607 1044 4669 familiarem,
1077 4615 1131 4660 et
1161 4607 1551 4674 amplissimam
1585 4607 1726 4658 circa
1761 4621 1817 4659 se
1863 4621 2010 4659 com-
2044 4598 2086 4651 D
2118 4607 2425 4668 Suspensus
2451 4603 2555 4657 fuit
2583 4601 2973 4657 Tcmmanbais
3023 4603 3312 4656 undecimo
3347 4602 3434 4656 die
3466 4603 3674 4657 mensis

453 4701 707 4768 plectitur
740 4713 942 4751 arcam.

450 4817 574 4868 9.“.
615 4813 814 4866 Rursus
848 4811 1121 4879 {Ethiopcs
1155 4815 1257 4864 sive
1295 4809 1489 4870 Mauri,
1524 4827 1616 4876 pro
1651 4807 1920 4878 .IEgyptiis
1965 4822 2012 4864 et

1093 4883 1366 4934 Arabibus.

524 4981 631 5031 (Eur
661 4977 895 5047 [Egyptii
930 4983 983 5028 et
1029 4976 1254 5040 Arabes,
1311 4973 1439 5027 olim
1497 4972 1700 5025 sultani
1739 4971 2014 5027 Cairensis

455 5072 676 5133 subditi,
741 5072 1093 5122 nominentur
1146 5066 1434 5133 Aitbiopes
1460 5081 1521 5118 ac
1545 5063 1740 5127 Mauri,
1791 5081 1820 5117 a
1860 5068 2014 5134 nigro

455 5166 637 5216 colore
661 5177 974 5230 corporum,
1013 5161 1249 5213 diximus
1291 5173 1479 5226 supra,
1513 5159 1689 5224 capite
1728 5157 1842 5212 l65.
1882 5158 2014 5212 Sau-

454 5256 681 5309 sm'intts
714 5267 973 5322 (expresse
1008 5253 1110 5305 hac
1139 5253 1190 5303 in
1227 5251 1476 5312 historia,
1500 5248 1641 5301 Cairi
1679 5248 1794 5303 sive
1833 5248 2014 5302 Missi-

456 5352 530 5402 ris
563 5331 642 5409 (ut
679 5362 823 5399 lllillC
857 5345 1118 5414 appellari
1159 5344 1335 5411 capite
1365 5342 1427 5396 61
1495 5340 1828 5410 notavimus)
1864 5344 2016 5396 inco-

457 5441 536 5491 las
593 5436 811 5490 Maurus
871 5443 1052 5495 vocat,
1120 5434 1323 5501 vulgari
1377 5432 1786 5487 consuetudine.
1848 5432 2016 5487 Paulo

454 5530 616 5582 etiam
649 5537 770 5596 post
807 5526 1052 5596 sequitur
1086 5526 1173 5578 hic
1212 5526 1264 5576 in
1309 5523 1619 5583 annalibus,
1653 5522 2012 5591 interceptum

457 5623 523 5672 ab
568 5619 836 5673 Arabibus
866 5625 919 5670 et
974 5615 1326 5681 .‘Ethiopibns
1375 5612 1788 5672 Tonnnanltain,
1828 5611 2014 5666 Solimi

457 5715 624 5768 fuisse
654 5714 946 5783 proditum.
979 5711 1246 5766 Caeterum
1278 5709 1570 5776 translugae
1625 5707 1886 5761 duntaxat
1929 5709 2018 5760 hic

460 5807 620 5862 unius
672 5806 1036 5860 meminerunt
1097 5801 1320 5854 annales
1362 5799 1596 5864 Turrici,
1635 5799 1726 5854 sed
1774 5799 2017 5852 historici

463 5902 631 5954 nostri
663 5901 919 5960 duorum,
951 5895 1043 5965 qui
1078 5893 1358 5949 illamcluci
1388 5891 1607 5958 fuerint,
1664 5890 1882 5944 natione
1931 5892 2014 5944 Al-

2118 4697 2502 4765 Aprilis,anno
2534 4695 2845 4750 Christiano
2874 4696 3032 4759 1517,
3057 4705 3112 4749 ιιι
3135 4696 3476 4750 Sansovinus
3506 4695 3676 4750 adno-

2117 4794 2269 4840 tavit.
2352 4788 2637 4858 Sumptum
2711 4790 2812 4843 hoc
2884 4788 2951 4841 de
3033 4790 3151 4856 ipso
3203 4785 3536 4858 supplicium
3603 4787 3671 4840 ad

2116 4889 2324 4949 portam
2367 4879 2722 4944 Bassuellam,
2777 4891 2834 4934 ut
2889 4880 3030 4934 idem
3087 4881 3290 4939 retulit,
3340 4894 3466 4934 cum
3527 4877 3678 4949 prius

2118 4974 2425 5040 ignominia:
2463 4990 2626 5029 causa
2668 4975 2867 5043 laqueo
2898 4974 2964 5028 ad
3028 4974 3230 5028 collum
3262 4985 3522 5040 appenso,
3581 4985 3675 5039 per

2118 5070 2302 5116 urbem
2337 5062 2481 5117 mulo
2535 5062 2777 5116 insidens
2826 5062 3236 5116 circumductus
3274 5059 3488 5112 fuisset.
3543 5056 3679 5111 Pett-

2116 5171 2272 5210 cerus
2299 5155 2584 5208 Basuelam
2627 5154 2795 5223 Syria:
2827 5161 3034 5223 portam
3075 5153 3340 5206 nominat.
3375 5149 3537 5221 487
3570 5148 3674 5202 Sed

2120 5247 2318 5302 melius
2357 5246 2583 5300 annales
2632 5247 2943 5300 indicavere
2981 5245 3160 5300 locum
3215 5245 3269 5297 in
3301 5244 3457 5297 urbis
3503 5242 3677 5294 nmhi-

2121 5339 2245 5400 liro,
2279 5338 2367 5390 cui
2416 5353 2615 5391 nomen
2649 5337 2758 5390 Bah
2788 5338 3008 5392 Subeile
3046 5337 3129 5390 vel
3158 5337 3412 5398 Suwcile,
3443 5349 3674 5404 quorum

2120 5428 2250 5482 illud
2277 5429 2548 5497 significat
2580 5439 2813 5496 portam,
2849 5429 2951 5482 hoc
2981 5430 3235 5497 plateam.

2118 5545 2242 5596 ἳΙῆ
2280 5543 2494 5596 Morbus
2526 5553 2574 5596 et
2602 5560 2740 5596 mors
2759 5541 2987 5601 Selimis,
3019 5544 3070 5595 in
3098 5544 3209 5596 loco
3241 5541 3416 5607 fatali,
3453 5539 3679 5608 Dephler

2417 5613 2625 5673 dar-lar,
2670 5615 2882 5666 Bairam
2907 5614 3076 5682 majus
3105 5624 3154 5666 et
3184 5614 3380 5667 minus.

2193 5708 2267 5761 De
2317 5722 2454 5774 pago
2505 5704 2665 5758 lnzua
2729 5706 2932 5758 dictum
2979 5704 3252 5773 superius,
3297 5717 3523 5758 numero
3584 5701 3677 5756 74.

2124 5796 2236 5849 Non
2270 5797 2455 5866 procul
2483 5798 2635 5851 abest
2661 5810 2690 5849 a
2720 5795 2903 5860 Zorlo,
2936 5797 3049 5848 sive
3073 5795 3296 5858 Zurulo,
3325 5795 3440 5849 sive
3491 5791 3678 5848 Ciurln

2123 5890 2282 5958 Jovii,
2327 5896 2389 5948 dc
2421 5906 2528 5960 quo
2559 5891 2762 5943 dictum
2796 5889 2979 5943 itidem
3009 5890 3181 5957 capite
3206 5888 3274 5942 9.6
3315 5899 3370 5941 et
3401 5887 3518 5942 193.
3565 5882 3676 5937 Nec
