4204 6300
501 429 607 493 sse

1647 428 2041 491 PANDECTE
2090 430 2293 491 HiST.
2320 428 2621 490 TURCIC.

3628 418 3733 482 890

500 545 659 617 longe
685 561 712 600 a
742 543 941 599 Zurqu
965 545 1132 601 distat
1173 546 1219 601 is
1241 546 1415 611 locus,
1461 545 1555 614 qui
1614 543 1803 599 Selimi
1878 545 2058 599 fatalis
2095 558 2127 607 Α
2163 544 2461 599 Soleimnni
2489 542 2800 607 solvissent,
2859 554 2969 593 non
3030 536 3190 592 modo
3220 551 3326 590 non
3350 541 3609 602 exceptus
3664 535 3732 586 alt

502 647 729 711 propter
746 639 1078 709 impietatem
1096 654 1221 708 erga
1252 646 1461 707 patrem
1485 637 1571 690 bis
1594 637 1914 699 exercitam,
1938 652 2070 703 pra:-

502 730 576 789 lio
590 732 979 789 committeudo
1006 743 1320 798 venenoque
1337 726 1640 797 praebendo,
1659 726 1724 782 de
1737 743 1845 797 quo
1862 728 2067 781 dictum

502 825 681 894 capite
706 822 981 889 20l,fuit.
1034 822 1102 876 Et
1131 821 1218 876 bis
1251 820 1357 874 hoc
1406 822 1528 875 loco
1587 817 1804 874 Turciei
1855 832 2071 894 quoque

502 892 742 969 fatentur
784 914 1028 979 annales,
1075 910 1225 965 fatali
1265 910 1526 965 Selimem
1560 910 1677 965 loco
1713 909 1856 965 diem
1885 892 2069 966 'suum

504 1006 723 1060 obiisse.
754 1003 988 1061 Causam
1024 1004 1217 1059 mortis
1237 1002 1424 1057 attulit
1445 1001 1493 1057 ei
1542 1002 1763 1071 pustula
1799 1000 1920 1056 sive
1950 1015 2070 1054 car-

503 1097 777 1152 bunculus
810 1093 1088 1164 pestilens,
1155 1103 1214 1149 ut
1280 1094 1443 1148 Turci
1487 1094 1765 1148 memoria
1809 1091 2068 1162 produnt.

506 1187 843 1246 Sansovinus
866 1203 937 1257 ex
971 1188 1100 1242 aliis
1136 1186 1301 1242 refert
1330 1186 1544 1256 plagam
1594 1182 1770 1240 fuisse
1831 1180 2097 1238 corrosi--

504 1296 649 1344 vam,
679 1282 850 1336 instar
878 1294 1170 1351 gangreme
1200 1278 1381 1347 :quod
1425 1276 1677 1346 equidem
1743 1289 1853 1330 non
1914 1280 2068 1344 puto.

505 1381 725 1441 propter
754 1371 1031 1426 interitum
1081 1369 1298 1425 Selimis
1333 1367 1601 1431 subitum,
1625 1381 1753 1421 cum
1795 1378 2070 1435 gangrena

507 1463 779 1518 tardiores
814 1463 1134 1531 plerumque
1170 1474 1505 1530 pregressus
1564 1458 1751 1513 faciat.
1799 1456 2065 1525 Dephter-

505 1553 619 1607 dari
649 1555 763 1609 sive
826 1550 1258 1620 Dephterdalari,
1314 1557 1444 1604 sunt
1490 1547 1575 1602 vel
1610 1546 1931 1607 rationales.
1981 1545 2069 1600 vel

504 1653 829 1716 quatstores,
860 1645 943 1698 vel
972 1644 1070 1713 (uti
1105 1656 1253 1705 nunc
1312 1639 1673 1710 appellamus)
1725 1639 1981 1707 prmities
2013 1644 2070 1690 ct

503 1736 800 1795 consiliarii
827 1750 1075 1791 camerae.
1110 1732 1349 1797 Bairatn,
1394 1730 1684 1785 maximum
1723 1729 1918 1785 Turcis
1989 1728 2070 1783 fe-

503 1838 644 1884 stum
678 1835 784 1894 est,
814 1826 988 1883 instar
1017 1825 1301 1882 Paschalis
1323 1822 1516 1888 nostri,
1545 1823 1693 1893 quod
1742 1836 1929 1881 mense
1962 1819 2070 1875 Ra-

2171 642 2251 694 cis
2285 639 2445 691 hauet
2465 638 2603 698 ilice,
2636 650 2820 691 verum
2850 633 3016 689 etiam
3078 640 3343 687 tractatus
3370 640 3562 699 printer
3593 629 3707 697 loga

2170 738 2346 783 torum
2371 732 2464 798 jus
2493 728 2673 783 fuerat
2704 745 2719 782 :
2754 728 2916 797 idque
2948 735 3257 797 propterea,
3290 721 3431 791 quod
3456 720 3734 775 vindicare

2171 837 2231 876 se
2260 822 2325 877 de
2350 822 2570 877 suitano
2598 820 2827 877 Turrico
2860 820 3083 880 vellent,
3148 816 3218 869 oh
3265 813 3625 883 ignominiosa
3673 826 3736 865 ac

2171 913 2471 968 insolenter
2525 912 2738 968 habitos
2786 927 2815 966 a
2877 910 3080 965 Selime
3138 909 3292 978 prius
3316 905 3524 972 legatos
3577 917 3731 958 suos.

2171 1004 2538 1075 Burgurdelen
2568 1018 2695 1060 vero
2712 1002 3046 1057 Soleimanes
3071 997 3482 1069 praeeipiendam
3506 995 3736 1063 putavit,

2171 1112 2239 1149 ne
2272 1111 2378 1164 qua
2410 1094 2557 1149 Savo
2595 1096 2843 1150 secundo
2864 1091 3326 1161 Bclgradensibus
3379 1085 3642 1147 obsessis.
3669 1084 3737 1139 ad

2170 1202 2403 1257 quorum
2435 1188 2479 1242 is
2511 1187 2711 1241 moenia
2740 1184 2992 1241 Danubio
3012 1182 3280 1253 jungitur,
3340 1178 3527 1233 venire
3557 1176 3741 1231 suhsi-

2170 1279 2257 1330 dia
2286 1288 2526 1347 possent.
2555 1277 2764 1347 Quippe
2794 1276 3164 1347 Burgurdelen
3189 1272 3354 1327 Turci
3388 1279 3584 1324 vocant
3608 1267 3740 1322 illud

2172 1365 2225 1421 in
2248 1369 2358 1435 ripa
2384 1366 2508 1421 Sari
2538 1369 2775 1421 fluminis
2802 1367 3083 1439 oppidum,
3106 1364 3249 1433 quod
3276 1362 3512 1432 Ungaris
3534 1360 3742 1415 Sabacz

2170 1459 2494 1526 appellatur.
2532 1460 2768 1513 cinctum
2800 1461 3044 1528 undique
3072 1456 3236 1519 Savo,
3266 1457 3320 1510 in
3344 1470 3511 1524 quem
3539 1452 3740 1506 Drinus

2172 1552 2374 1607 ilidem
2437 1568 2499 1605 ac
2549 1551 2848 1607 Baconsius
2902 1566 3095 1605 amnes
3158 1548 3413 1603 inﬂuunt.
3460 1544 3742 1599 Bonlinius

2171 1642 2338 1698 refert
2365 1657 2508 1696 anno
2532 1641 2851 1696 Christiano
2891 1640 3030 1695 1470
3062 1639 3250 1693 initam
3294 1637 3463 1690 fuisse
3515 1634 3598 1686 vel
3649 1647 3742 1686 oc-

2170 1732 2664 1801 ceptamreililicari
2702 1733 2896 1786 molem
2934 1729 3138 1792 Sabaz,
3172 1727 3260 1782 cui
3294 1740 3490 1780 nomen
3522 1722 3739 1776 Turcns

2171 1822 2449 1887 indiderit,
2479 1824 2556 1876 uti
2578 1822 2753 1876 Saba;
2787 1830 3092 1883 vocaretur,
3116 1821 3260 1889 quod
3287 1816 3516 1871 Turcica
3554 1816 3739 1881 lingua

504 1915 1053 1984 mazauecelebrant,
1084 1930 1195 1987 quo
1223 1925 1278 1973 et
1323 1890 1587 1985 jejunium
1618 1926 1779 1971 suum
1818 1922 2062 1979 servant,
2093 1890 2141 1951 Β
2169 1914 2416 1969 mirabile
2447 1915 2574 1983 quid
2604 1914 2895 1979 signiliCct.
2931 1913 3186 1980 lntelligit
3224 1920 3402 1964 autem
3439 1908 3604 1963 Turci
3634 1921 3736 1960 no-

502 2015 716 2085 lntegro
748 2027 941 2067 mense
1003 2010 1225 2079 triginta
1258 2008 1497 2071 dierum,
1526 2020 1556 2060 a
1583 2006 1905 2071 crepusculo
1952 2019 2066 2059 ma-

503 2105 701 2169 tutino,
730 2118 903 2175 usque
926 2102 993 2158 ad
1019 2102 1154 2157 solis
1181 2112 1462 2165 occasum,
1500 2096 1638 2152 nihil
1665 2097 1773 2154 cibi
1834 2105 2066 2165 potusve

502 2207 781 2253 sumentes
814 2202 907 2251 :et
936 2193 1191 2250 absoluto
1215 2188 1443 2262 jejunio,
1470 2204 1630 2245 suum
1663 2188 1767 2245 hoc
1825 2188 2064 2250 Bairam,

502 2284 786 2341 Paschatia
816 2285 869 2338 in
908 2297 1135 2346 morem,
1156 2290 1444 2355 peragunt.
1471 2279 1675 2352 Duplex
1706 2288 1884 2335 autem
1942 2277 2068 2332 Bai-

504 2392 617 2432 ram
652 2377 697 2433 'l‘
702 2378 849 2433 urcis
870 2378 924 2431 in
951 2392 1049 2431 usu
1078 2384 1182 2432 est.
1217 2372 1425 2439 Unum,
1485 2386 1674 2438 mense
1731 2370 2064 2440 Ramazane,

501 2470 569 2525 de
593 2484 702 2540 quo
722 2483 867 2523 nunc.
902 2466 1137 2538 agimus,
1184 2465 1407 2535 etquod
1446 2464 1643 2534 Bujuc,
1694 2465 1811 2520 sive
1863 2462 2062 2530 majus,

501 2569 596 2615 aut
635 2574 887 2630 magnum
944 2558 1244 2629 appellant.
1293 2556 1424 2627 Ejus
1476 2571 1639 2625 supra
1693 2555 2063 2619 meminimus.

499 2653 678 2723 capite
708 2653 768 2706 1|
794 2661 849 2707 et
878 2653 966 2707 33.
999 2652 1270 2712 Alterum.
1308 2650 1591 2717 sexaginta
1616 2648 1740 2718 plus
1772 2650 1956 2702 minus
1998 2647 2068 2702 ab

501 2745 607 2799 hoc
634 2743 828 2799 diebus
878 2744 1215 2807 celebratur,
1263 2748 1317 2795 et
1354 2737 1787 2796 Chaziiariorum
1852 2738 2065 2792 Beiram

502 2836 726 2899 dicitur,
759 2833 863 2888 hoc
915 2842 999 2887 est
1062 2832 1464 2901 religiosorum,
1517 2831 1611 2899 qui
1672 2829 2067 2901 peregrinatio-

504 2940 629 2981 nem
658 2925 769 2980 voti
790 2938 922 2995 ergo
948 2922 1280 2994 suscipiunt,
1312 2924 1380 2978 ad
1404 2922 1738 2979 visitandum
1781 2921 2065 2976 Mahume-

502 3019 572 3073 tis
602 3018 877 3088 prophetae
906 3015 992 3073 sui
1026 3015 1342 3086 sepulcrum
1377 3013 1758 3078 Mecchauum,
1800 3022 1858 3068 ut
1885 3012 2068 3068 indul-

502 3110 709 3179 gentias
728 3115 1077 3179 peccatorum
1101 3121 1327 3163 suorum
1354 3105 1475 3161 istic
1507 3105 1823 3175 impetrent.
1855 3104 2068 3174 Quippe

500 3200 685 3256 caeteri
718 3199 784 3254 ad
812 3198 975 3269 hujus
1003 3197 1442 3253 observationem
1472 3194 1694 3249 Bairani
1726 3211 1835 3250 non
1868 3204 2064 3251 tenen-
2088 3220 2137 3286 ο

502 3304 610 3348 tur.
646 3290 880 3362 Ideoque
902 3290 1111 3357 Cutzug
1138 3288 1352 3343 Beiram
1392 3286 1459 3343 ab
1489 3287 1571 3342 eis
1625 3287 1952 3357 appellatur,
1982 3289 2064 3342 uti

502 3386 700 3440 festum
723 3386 1023 3446 minus,aut
1038 3393 1286 3450 parvum.
1303 3376 1489 3449 Neque
1509 3393 1637 3434 vero
1652 3378 1755 3435 slhi
1773 3379 2069 3449 quidquam

499 3479 566 3531 ad
590 3475 987 3546 impetrandum
1034 3472 1251 3528 veniam
1336 3470 1707 3527 admissurum
1759 3469 2069 3525 facinorum

502 3570 760 3642 prodesse
777 3575 964 3639 putant
980 3565 1147 3622 solam
1166 3562 1443 3619 llecchani
1470 3561 1658 3630 templi
1677 3561 2065 3629 visitationem,

503 3663 953 3722 ni.Bethleetnatn
985 3673 1199 3734 quoque
1248 3672 1374 3718 cum
1410 3655 1803 3729 Hierosolymis
1849 3654 2066 3721 adeant,

503 3761 581 3828 uti
611 3759 771 3830 paulo
803 3767 929 3813 ante
978 3754 1443 3827 significabamus.
1492 3742 1633 3805 Hinc
1675 3766 1807 3805 vero
1856 3758 2067 3803 certum

502 3852 698 3914 mortis
718 3850 917 3905 sultani
948 3844 1168 3903 Selimis
1182 3854 1395 3916 tempus
1417 3843 1688 3911 colligitur
1705 3841 1910 3911 alioqui
1938 3854 2070 3893 con-

503 3955 831 3997 troversum.
866 3938 1077 4008 Quippe
1107 3937 1307 4007 legitur
1378 3933 1518 4004 apud
1573 3933 1812 3999 Jovium,
1860 3932 2069 3985 exstin-

501 4042 645 4088 ctum
689 4032 949 4087 Szlimem
1015 4046 1163 4085 anno
1208 4029 1522 4086 Christiano
1558 4026 1718 4092 1519,
1788 4027 1876 4080 die
1920 4025 2069 4079 deei-

503 4142 590 4181 mo
622 4132 822 4197 quarto
876 4124 1080 4180 mensis
1110 4122 1393 4179 Februarii
1429 4136 1591 4175 :cum
1630 4119 1968 4174 Sansovinus
2011 4123 2068 4173 ct

503 4223 593 4276 alii
643 4223 827 4277 verius
872 4221 1099 4273 omnino
1157 4218 1395 4281 tradam,
1439 4216 1489 4267 id
1554 4214 1827 4270 accidisse
1881 4226 2068 4268 mense

504 4313 833 4382 Septembri,
874 4326 1018 4363 anno
1055 4307 1211 4363 1520.
1241 4301 1285 4373 Q
1309 4310 1452 4375 tippe
1492 4304 1663 4374 Bujuc
1690 4302 1905 4366 liairam
1937 4314 2069 4361 tunc

503 4406 753 4470 instabat,
790 4403 931 4472 quod
959 4401 1191 4456 Selitnes
1242 4400 1623 4460 celebraturus
1671 4407 1788 4451 erat
1835 4395 2066 4451 Hadria-

502 4498 704 4567 nopoli,
736 4498 781 4553 si
806 4503 1087 4566 superstes
1115 4493 1328 4549 fuisset.

498 4612 621 4669 2l6.
644 4610 968 4670 Soieimanes
994 4610 1146 4665 initio
1168 4608 1313 4677 regni
1336 4604 1655 4677 Bagradam
1672 4604 1901 4677 pbsidet,
1928 4602 2066 4657 Bur-

668 4682 919 4754 gurdelen
959 4695 1074 4734 cam
1109 4694 1171 4732 ea
1207 4672 1368 4745 capit,
1401 4672 1623 4736 Sabaea,
1660 4672 1905 4729 Sabatia.

566 4775 769 4841 Causa,
799 4788 900 4828 cur
950 4785 1173 4842 regnum
1204 4768 1525 4838 auspicatus
1559 4765 1925 4827 Soleimancs,
1960 4763 2072 4818 Un-

499 4870 646 4939 garis
686 4881 811 4922 mox
845 4865 1049 4921 bellum
1084 4861 1331 4927 inferret,
1367 4874 1477 4914 non
1504 4866 1625 4913 erat
1680 4857 1784 4911 alia
1856 4870 2070 4923 reapse,

498 4978 661 5033 quam
679 4967 827 5014 certa
858 4972 983 5028 spes
1015 4953 1321 5025 occupandi
1374 4950 1647 5020 Belgradi.
1686 4963 1812 5003 cum
1861 4948 2073 5003 caeteris

496 5054 615 5123 ejus
649 5050 800 5122 regni
836 5046 1132 5120 provinciis
1178 5053 1236 5098 et
1278 5042 1513 5112 oppidis,
1580 5052 1711 5109 rege
1770 5036 2073 5107 Ludovico,

501 5143 760 5200 Vladislai
791 5141 928 5206 filio,
967 5138 1202 5194 necdum
1226 5149 1322 5205 per
1356 5141 1571 5188 aetatem
1633 5131 1699 5184 ad
1757 5128 2076 5199 gubernan-

497 5238 626 5293 dum
659 5236 876 5298 idoneo,
900 5241 954 5286 et
977 5242 1262 5301 procerum
1289 5240 1541 5290 suorum,
1570 5229 1682 5281 tam
1728 5220 2071 5276 saecularium

496 5344 662 5399 quam
687 5324 1186 5382 ecclesiasticorum
1210 5317 1549 5389 contemptui
1614 5312 1863 5381 exposito
1892 5328 1905 5364 :
1977 5312 2071 5379 qui

499 5419 809 5489 posthabita
862 5415 1128 5486 dignitate
1184 5413 1326 5480 regis
1404 5416 1458 5462 et
1504 5406 1680 5461 salute
1735 5402 2072 5473 reipublicae,

400 5502 405 5507 ’
498 5513 615 5566 suis
642 5510 907 5565 duntaxat
934 5503 1259 5567 commodis,
1292 5500 1600 5560 ambitioni,
1658 5496 1807 5549 luxui
1880 5492 2073 5545 l'astui-

498 5617 604 5671 que
651 5600 720 5657 ab
774 5598 1060 5655 hominum
1107 5592 1369 5649 memoria
1428 5589 1693 5650 inaudito,
1755 5584 2068 5640 studebant.

498 5694 855 5749 Occasionem
888 5703 1018 5745 vero
1051 5687 1201 5757 pacis
1226 5682 1643 5752 abrumpendae.
1682 5675 2069 5748 Spaudnginus

500 5785 642 5841 hanc
664 5784 914 5852 exposuit
945 5799 959 5838 :
988 5777 1133 5851 quod
1178 5778 1385 5848 legatus
1442 5768 1793 5830 Soleimanis,
1848 5765 1914 5819 ad
1971 5764 2069 5819 dc-

502 5876 865 5931 mtntiandum
898 5872 1135 5943 Ungaris
1161 5868 1362 5925 bellum
1411 5866 1635 5929 missus,
1695 5860 1746 5914 ni
1808 5858 2064 5912 tributum

2091 4560 2139 4620 D

2178 2007 2323 2060 mine
2385 2008 2663 2062 suit:mum
2715 2005 3133 2069 Mnchemctcm,
3192 2001 3450 2071 Bajazitis
3508 2012 3738 2070 patrem,

2167 2096 2389 2153 Selimis
2416 2113 2598 2160 avum,
2626 2096 2961 2151 Soleimattis
2981 2109 3265 2165 proavum.
3289 2091 3499 2159 Quippe
3514 2088 3737 2142 Mitt-hi»

2167 2202 2361 2255 metes,
2393 2203 2421 2242 a
2452 2188 2699 2260 Belgradi
2723 2187 3026 2247 obsidione,
3051 2199 3195 2238 anno
3222 2182 3539 2237 Christiano
3569 2178 3732 2239 “56.

2168 2282 2353 2338 invicti
2390 2279 2867 2337 ducis‘Huniadis
2928 2279 3127 2333 virtute
3186 2277 3423 2344 turpiter
3479 2272 3739 2338 rejertns,

2171 2374 2312 2428 hanc
2366 2383 2647 2429 exstruere
2704 2370 3119 2444 quatuordccim
3171 2375 3293 2437 post
3352 2365 3510 2420 annis
3560 2378 3737 2418 arcem

2170 2461 2342 2517 voluit
2383 2463 2451 2517 ad
2483 2461 2709 2528 Savum,
2753 2478 2786 2518 e
2847 2461 3067 2531 regione
3116 2456 3436 2512 Sirmiensis
3482 2454 3619 2524 agri,
3682 2461 3741 2505 ut

2170 2555 2294 2611 inde
2328 2555 2467 2611 lines
2508 2551 2810 2624 Ungaricos
2859 2550 3118 2607 invadere
3170 2565 3270 2620 pro
3308 2547 3478 2602 lnbitu
3538 2555 3739 2614 posset.

2167 2646 2307 2702 Hinc
2333 2661 2487 2702 novre
2509 2647 2798 2701 munitioni
2818 2642 3119 2715 superbum
3150 2655 3350 2694 nomen
3378 2639 3565 2693 datum
3598 2636 3741 2691 Bon-

2170 2739 2333 2795 iinius
2354 2738 2586 2810 putavit.
2631 2737 2737 2792 Sed
2778 2746 2964 2804 postea
3005 2745 3188 2788 tamen
3221 2730 3523 2791 Sabatiam,
3574 2727 3741 2782 veluti

2169 2831 2467 2894 Savatiam,
2503 2847 2532 2884 a
2569 2830 2715 2885 Savo
2766 2827 2986 2881 flumine
3030 2827 3210 2895 potius
3265 2824 3461 2877 dictam
3518 2820 3741 2876 fatetur.

2168 2926 2282 2981 Rex
2322 2933 2505 2979 autem
2541 2922 2824 2987 Matthias,
2853 2916 3314 2977 liuniadis'lilius,
3376 2928 3521 2967 anno
3570 2912 3740 2965 Chri-

2168 3017 2348 3073 stiano
2376 3013 2910 3078 i475,ﬂuchcmete
2966 3010 3141 3063 adhuc
3203 3006 3519 3075 superstite,
3572 3002 3746 3059 Salia-

2170 3108 2294 3164 tiam
2319 3108 2369 3161 vi
2403 3112 2767 3176 expugnatam
2800 3103 3003 3171 recepit
3036 3118 3048 3153 :
3083 3115 3111 3151 a
3138 3113 3248 3168 quo
3261 3107 3504 3166 tempore
3527 3103 3742 3148 nostro-

2170 3217 2285 3256 rum
2311 3201 2365 3254 in
2398 3204 2668 3270 petestate
2696 3198 2897 3251 mansit
2922 3193 2986 3248 ad
3021 3192 3127 3247 hoc
3171 3205 3349 3259 usque
3402 3188 3602 3242 bellum
3637 3187 3743 3239 So-

2170 3291 2539 3347 ieimanicum.
2569 3287 2701 3346 Alba
2724 3286 2908 3341 Graeca
2958 3284 3160 3353 potitos
3218 3281 3431 3335 Turcos
3485 3291 3747 3334 nutavere

2170 3382 2347 3439 nostri
2373 3396 2519 3437 anno
2553 3379 2711 3445 15%|,
2743 3378 3127 3435 dieviccsimo
3184 3384 3387 3447 quarto
3433 3372 3604 3428 Junii.

2198 3497 2366 3571 488
2411 3495 2539 3550 217.
2583 3493 2759 3571 Rhodi
2798 3492 3031 3571 obsidia.
3090 3491 3365 3571 dfermere,
3412 3484 3707 3546 Marmora,

2709 3562 2902 3621 Portus
2944 3563 3217 3631 Physicus.

2242 3657 2315 3715 De
2336 3656 2674 3714 Mentesiaua
2708 3654 2911 3707 ditione
2942 3651 3149 3706 dictum
3182 3662 3375 3718 supra,
3435 3646 3613 3714 capite
3651 3645 3742 3700 15.

2170 3751 2418 3809 Videnda
2488 3762 2707 3819 quoque
2758 3744 2986 3798 Natoliae
3041 3741 3228 3796 tabula
3305 3737 3741 3810 geographorum

2169 3843 2435 3915 principis
2460 3838 2676 3896 Ortelii.
2713 3836 2981 3890 Mermere
3015 3831 3208 3887 Turcis
3232 3831 3540 3899 appellatur
3580 3826 3740 3896 oppi-

2168 3936 2295 3990 dum
2322 3930 2589 3988 Anatolise
2627 3928 2988 3989 maritimum,
3015 3941 3043 3978 a
3073 3922 3238 3992 cujus
3262 3929 3418 3990 portu
3449 3919 3619 3974 distat
3651 3917 3740 3969 iu-

2170 4023 2404 4082 tervalio
2436 4038 2542 4077 non
2577 4034 2774 4089 magno
2808 4017 3051 4073 Rhodus.
3098 4013 3296 4083 Oppidi
3328 4026 3522 4065 nomen
3539 4007 3742 4063 Graecis

2167 4126 2252 4171 est
2283 4114 2573 4178 Marmora,
2611 4120 2802 4180 portus
2835 4117 3042 4168 autem.
3070 4108 3296 4171 Phisco,
3327 4117 3426 4173 pro
3472 4117 3581 4171 quo
3606 4102 3744 4167 legi-

2169 4222 2256 4262 tur
2291 4208 2344 4262 in
2368 4204 2560 4261 Ortelii
2601 4203 2816 4259 Natolia
2876 4200 3119 4264 Fischio,
3183 4213 3292 4252 non
3351 4204 3499 4250 recte
3535 4203 3739 4254 tamen.

2167 4298 2387 4371 quando
2413 4298 2661 4368 Physcus
2702 4294 2866 4349 etiam
2924 4292 3207 4361 Sophiano
3274 4288 3553 4350 scribitur.
3591 4283 3743 4339 Situs

2167 4401 2253 4445 est
2281 4405 2311 4445 e
2342 4389 2567 4459 regione
2595 4394 2787 4453 portus
2825 4382 3051 4445 Rhodii,
3114 4381 3206 4450 qui
3244 4380 3311 4433 ah
3342 4378 3445 4431 hoc
3474 4376 3743 4432 duntaxat

2167 4477 2472 4536 oetodccim
2505 4476 2834 4530 milliaribus
2864 4472 3071 4528 Grmcis
3097 4470 3456 4540 disjungitur.
3570 4515 3579 4524 .

2257 4569 2385 4627 2i8.
2417 4569 2618 4639 Megale
2647 4567 2850 4622 Πασίου*
2893 4565 3083 4630 Rhodi,
3117 4561 3359 4625 Stankoi,
3394 4560 3648 4616 Bedrum.

2243 4663 2429 4720 Gratca
2451 4676 2586 4715 voce
2612 4660 2692 4715 Tu
2703 4661 2775 4714 rei
2794 4670 3011 4728 quoque
3036 4654 3269 4726 μεγάλαν
3287 4654 3533 4721 μάστορα
3547 4657 3746 4705 vocant

2175 4770 2428 4823 magnum
2469 4748 2643 4807 Rhodi
2686 4751 3038 4820 magistrum,
3095 4746 3179 4801 vel
3228 4744 3442 4801 ordinis
3502 4741 3743 4810 equitum

2175 4845 2515 4900 Rhodiorum
2544 4842 2871 4911 principem.
2901 4839 2952 4895 Is
2971 4836 3158 4893 eratid
3184 4835 3444 4903 temporis
3463 4831 3745 4903 Philippus

2175 4937 2430 4991 Villerius
2458 4925 2796 4993 Liladamus,
2833 4930 3053 4984 natione
3078 4927 3266 4985 Gallus
3306 4943 3321 4980 :
3368 4924 3462 4994 qui
3495 4922 3751 4979 Fabricio

2174 5028 2241 5083 de
2265 5028 2485 5083 Caretto
2498 5032 2626 5079 nato
2649 5039 2680 5078 e
2713 5021 2915 5076 familia
2936 5017 3309 5075 marchionum
3341 5014 3745 5071 Finariensium

2174 5122 2228 5175 in
2264 5118 2481 5192 Liguria
2514 5116 2800 5172 Saxonica:
2827 5111 3042 5181 stirpis,
3075 5124 3179 5165 nec
3214 5109 3289 5162 ila
3338 5108 3543 5161 dudum
3595 5120 3745 5159 mor-

2175 5221 2289 5274 tuo,
2315 5216 2678 5266 successerat.
2742 5204 2957 5259 Deditio
3017 5199 3195 5255 Rhodi
3250 5200 3393 5254 facta
3447 5198 3548 5253 fuit
3598 5210 3745 5251 anno

2171 5304 2485 5361 Christiano
2524 5300 2685 5359 i522.
2719 5297 2806 5351 die
2836 5293 3099 5351 vicesimo
3156 5293 3346 5361 quinto
3400 5293 3606 5346 mensis
3642 5289 3745 5343 De-

2173 5393 2431 5459 cembris,
2498 5390 2753 5444 videlicet
2822 5385 3073 5440 natalitio
3138 5382 3362 5444 Christi,
3421 5396 3531 5450 quo
3576 5379 3742 5433 etiam

2176 5486 2514 5541 Soleimanes
2546 5482 2733 5535 urbem
2755 5477 2966 5547 ingredi
2996 5476 3186 5529 voluit.
3213 5473 3343 5528 Erat
3374 5473 3428 5526 in
3462 5480 3729 5541 potestate

2174 5578 2507 5632 Rhodiorum
2539 5573 2783 5641 equitum
2821 5568 3015 5623 nobilis
3080 5581 3298 5636 quoque
3359 5564 3466 5617 Cos
3537 5563 3738 5619 insula.

2176 5668 2520 5739 Hippocratis
2542 5665 2739 5719 medici
2772 5664 2970 5733 patria,
3000 5675 3161 5729 quam
3199 5657 3318 5710 itali
3341 5664 3518 5708 naute
3552 5652 3739 5721 Laugo

2175 5760 2479 5821 nominant,
2498 5755 2670 5811 (ἓτωοὶ
2693 5756 2826 5822 στῆν
2859 5752 2972 5819 Κῶ,
2991 5751 3141 5804 velut
3180 5750 3259 5810 si;
3280 5745 3377 5815 τὴν
3410 5744 3544 5807 κῶν,
3570 5740 3737 5798 Turci

2176 5850 2423 5907 Staukoi.
2462 5849 2583 5905 llaec
2615 5848 2797 5903 itidem
2833 5841 3156 5900 Soleimanis
3191 5840 3243 5894 in
3276 5848 3493 5893 manus.
3537 5834 3736 5888 amissa
