4228 6298
534 360 634 420 891
726 386 730 389 -

1766 378 2092 440 JUANNIS
2132 383 2593 447 LEUNCLAVH

3694 404 3803 464 892

536 474 751 541 libodo,
778 480 946 535 venit.
984 481 1174 537 Arcem
1200 497 1421 556 qucque
1441 487 1672 544 Bedrttm
1706 505 1949 545 secutam
1980 509 2098 547 mox
2138 503 2175 557 Α
2213 510 2364 566 parte
2394 504 2544 570 regni
2586 504 2854 575 Ungarite,
2882 523 3004 577 qum
3033 524 3061 562 a
3121 509 3543 579 Salauketucnc,
3592 516 3799 572 Tiltisci

530 564 683 617 aiunt
712 569 939 622 annales
971 570 1163 625 borum
1186 579 1515 646 exemplum.
1548 582 1675 634 liam
1712 581 1915 638 Marius
1946 584 2101 655 Νίκα-τ

532 658 869 713 existimavit
900 676 1020 717 esse
1052 664 1388 724 llrancbidas
1440 672 1615 727 Cariae
1690 676 1998 743 Strabonis,
2048 688 2099 733 et

529 746 749 805 Petrum
778 766 953 810 vocat.
995 757 1138 812 Idem
1184 760 1625 822 llaiirarnossnm
1659 778 1893 823 veterem
1951 780 2105 838 putat

529 841 862 905 respondere
891 843 1134 903 Castello
1180 852 1365 906 Sancti
1392 855 1556 922 Petri,
1588 874 1698 924 quo
1724 860 1790 911 de
1831 872 1975 915 nunc
2005 876 2105 915 an-

525 936 676 984 nales
712 930 771 985 hi
802 933 1125 1005 loquuntur.
1156 942 1330 997 Notus
1360 946 1578 1015 quidem
1604 959 1688 1004 est
1722 952 1878 1005 sinus
1911 952 2105 1010 Soomi

524 1020 694 1087 Petri,
722 1025 851 1079 sica
877 1027 1116 1085 Castalio
1133 1032 1320 1089 Sancti
1348 1036 1492 1093 Petri
1524 1040 1703 1095 dictus
1739 1061 1749 1095 :
1778 1044 1871 1096 Sed
1922 1057 2103 1099 utrum

523 1114 844 1173 relerettdus
876 1120 951 1175 sit
981 1124 1048 1177 ad
1090 1125 1558 1198 Halicarnassum,
1593 1147 1661 1187 an
1693 1134 1760 1187 ad
1796 1135 1979 1191 Jasum
2006 1138 2106 1193 Co-

525 1205 638 1296 riat.
677 1208 834 1265 sinus
860 1221 918 1265 ttt
939 1212 1123 1271 Jasius
1144 1218 1235 1273 ille
1264 1221 1553 1279 Pliuianus
1573 1226 1673 1289 sit,
1700 1229 1954 1296 equidem
1984 1231 2105 1286 aliis

518 1295 895 1356 deﬁniendum
951 1306 1223 1380 relinquo.

522 1410 646 1468 919.
709 1412 862 1471 Finis
911 1417 1144 1503 durdyts
1186 1420 1636 1503 _Dulg_nrlirettsis,
1673 1436 1828 1489 scaclt
1881 1433 2106 1503 Suwar,

1042 1492 1251 1562 Zuiria,
1304 1492 1583 1556 Titanius.

597 1574 1069 1639 Quemadmodum
1096 1595 1277 1653 antea,
1299 1592 1475 1659 capite
1498 1594 1620 1658 157,
1643 1598 1905 1663 quosdam
1922 1611 2108 1654 calens

524 1666 708 1723 dianus
738 1673 1067 1743 anticipasse
1097 1679 1255 1733 linunt
1294 1686 1446 1754 regni
1490 1684 1817 1758 familia-que
1843 1690 2105 1747 Carama-

525 1760 664 1813 tticue
694 1780 704 1815 ε
736 1762 819 1817 sic
856 1766 1020 1820 etiam
1084 1770 1285 1826 factum
1339 1775 1390 1827 in
1447 1776 1853 1835 Alodeuliunum
1904 1781 2107 1837 familia

524 1850 739 1921 fineque
771 1856 1113 1929 principatus
1137 1862 1547 1933 Dulgadircnsis
1596 1872 1867 1925 videmus.
1898 1873 2105 1942 Quippe
2137 1861 2181 1917 Β

522 1946 696 1997 nostri
732 1950 923 2003 volunt
978 1964 1100 2008 eam
1136 1955 1364 2012 desiisse
1420 1959 1523 2015 sub
1579 1963 1808 2031 imperio
1862 1960 2103 2031 Seiitnis,

522 2052 671 2090 anno
698 2039 1021 2096 Christiano
1058 2046 1217 2110 1511,
1247 2064 1360 2117 quo
1395 2057 1640 2121 tempore
1696 2062 1893 2124 captus
1927 2061 1981 2111 et
2014 2062 2107 2110 oc-

516 2130 667 2185 cisus
702 2133 803 2186 fuit
836 2133 1173 2205 Ustazclvcs,
1210 2141 1287 2194 uti
1326 2152 1497 2211 supra
1548 2144 1912 2200 declaratum.
1940 2145 2104 2200 Turci

516 2237 647 2277 vero
678 2227 899 2281 tradunt
928 2230 1003 2283 illi
1041 2231 1211 2287 fuisse
1234 2235 1594 2290 substitutum
1625 2252 1654 2291 a
1681 2238 1882 2294 Selitne
1920 2234 2107 2297 fratris

516 2318 712 2385 tilium,
749 2320 889 2373 Alitn
927 2322 1145 2392 lingunt,
1174 2327 1268 2396 qui
1302 2330 1486 2383 scaeui
1518 2329 1811 2385 Suarcnsis
1842 2330 1985 2387 lilius
2020 2332 2107 2388 hic

516 2406 844 2477 appellatur.
886 2411 933 2466 Is
965 2424 1173 2483 septem
1206 2418 1368 2473 annis
1404 2434 1432 2471 a
1468 2428 1642 2475 morte
1678 2424 1855 2489 patrui
1900 2424 2107 2494 potitus

516 2502 769 2569 imperio,
813 2519 959 2559 nunc
1005 2508 1223 2561 tandem
1285 2511 1391 2565 sub
1451 2512 1768 2569 Soieimane
1820 2516 2106 2573 sceleratis

517 2591 732 2649 insidiis
769 2612 800 2649 o
832 2598 1014 2653 medio
1049 2601 1281 2655 tollitur.
1333 2602 1527 2660 Scaclti
1585 2618 1785 2661 nomen
1822 2606 1891 2662 iis
1927 2610 2107 2677 genti-

520 2685 623 2738 bus
655 2687 1050 2754 cstfutniliare,
1110 2692 1178 2747 de
1227 2710 1336 2763 quo
1390 2699 1876 2757 commentationis
1942 2698 2107 2771 hujus

517 2779 679 2834 initio
705 2781 969 2839 diximus.
1010 2785 1103 2841 Sic
1130 2788 1183 2840 in
1215 2790 1521 2858 appendice
1546 2788 1829 2847 lteineccii
1851 2796 1915 2847 ad
1943 2803 2108 2863 caput

513 2883 770 2927 octavum
805 2876 1063 2946 Aytboui,
1097 2877 1361 2936 Sirvansa
1397 2897 1503 2936 non
1532 2896 1630 2953 pro
1659 2885 1766 2938 alio
1822 2879 1985 2941 debet
2018 2902 2109 2942 ac-

515 2966 646 3035 cipi,
688 2984 852 3037 quain
887 2986 984 3037 pro
1013 2976 1217 3027 scaclto
1270 2974 1510 3042 Sil‘leli,
1567 2977 1658 3047 qui
1716 2977 1907 3033 Italiae
1975 2988 2107 3036 Sca-

517 3058 657 3113 cbus
684 3059 803 3115 sive
837 3077 931 3115 rex
965 3072 1048 3118 est
1082 3083 1095 3119 :
1127 3067 1209 3121 sic
1233 3073 1286 3121 et
1312 3062 1566 3139 Philippo
1619 3064 1931 3141 Bergotuati
1983 3073 2109 3143 qui-

2208 595 2369 647 ostiis
2402 597 2631 650 obversa
2669 599 2922 668 (dictum
2989 602 3057 654 de
3084 601 3187 658 hac
3237 607 3418 674 capite
3468 610 3797 677 centesimo)

2209 700 2382 753 usque
2415 686 2480 739 ad
2519 687 2851 746 Varadinum
2880 682 2988 748 hoc
3015 690 3188 759 Petri,
3226 696 3491 753 Sirmium
3540 714 3796 757 vocatur.

2210 778 2404 844 Graeci,
2429 780 2762 837 Francorum
2797 799 2824 838 :t
2857 785 3024 849 cattle,
3057 787 3489 861 Φραγκοχωρῖον
3526 797 3800 849 recentio-

2209 872 2361 926 rbus
2386 875 2437 927 iit
2472 875 2715 930 historiis
2753 876 2963 932 dixere.
3001 878 3157 946 Quod
3189 884 3413 937 annales
3469 880 3643 949 aiunt,
3698 905 3801 956 pu-

2210 974 2429 1035 gnatum
2468 968 2609 1020 inter
2641 968 3006 1024 Solcimanem
3036 982 3092 1025 et
3114 967 3452 1029 Ludovicum
3477 976 3624 1032 circa
3659 988 3794 1033 tem-

2209 1069 2308 1128 pus
2330 1050 2528 1123 iltimli,
2546 1059 2612 1114 de
2649 1063 2851 1117 notatis
2871 1065 3048 1133 capite
3068 1062 3171 1118 210
3217 1065 3384 1121 lector
3412 1069 3685 1139 intelligit.
3704 1072 3798 1126 EI-

2210 1149 2322 1201 nim
2352 1152 2497 1218 quod
2525 1142 2858 1208 Christianis
2885 1158 3319 1225 rcspt-rtiuarum
3339 1174 3559 1227 precum
3584 1168 3799 1229 tempus

2209 1238 2453 1301 est.lt0ra
2473 1243 2732 1300 nimirum
2752 1248 2910 1301 tertia
2925 1257 3047 1317 post
3063 1250 3371 1316 meridiem,
3409 1240 3603 1308 Turcis
3622 1254 3793 1307 litindi

2213 1342 2403 1392 tremas
2428 1337 2689 1407 appellari
2721 1342 3059 1397 notavimus.
3096 1341 3410 1412 Stephanus
3436 1345 3793 1402 Broderithus

2211 1427 2264 1481 itt
2296 1427 2523 1485 historia
2558 1426 2727 1503 489
2757 1432 2825 1489 de
2860 1434 2964 1488 hac
2999 1424 3260 1492 Ludovici
3285 1437 3429 1507 regis
3451 1438 3657 1506 [iugari
3684 1441 3797 1493 cla-

2214 1519 2305 1583 de,
2341 1520 2590 1576 dimicari
2629 1536 2867 1593 emptum
2923 1525 3092 1580 refert
3140 1528 3273 1581 bora
3340 1541 3460 1598 pust
3504 1534 3791 1586 meridiem

2212 1612 2323 1666 fere
2356 1616 2537 1678 tertia,
2579 1632 2700 1685 qute
2735 1619 2943 1673 scilicet
2963 1634 2991 1673 a
3013 1608 3211 1674 Turcis
3237 1622 3398 1675 etiam
3427 1636 3792 1679 memoratur.

2214 1703 2312 1758 llic
2340 1715 2521 1760 autem
2547 1706 2879 1772 Ludovicus,
2907 1711 3029 1780 ejus
3059 1715 3300 1770 nominis
3344 1715 3489 1785 apud
3546 1713 3796 1783 Ungarus

2213 1796 2514 1862 secundus,
2553 1794 2806 1871 Ungarize
2842 1803 3223 1876 Bobemizeque
3247 1824 3365 1873 res,
3417 1809 3485 1863 ad
3530 1810 3788 1879 oppidum

2212 1886 2545 1946 alobatzium
2580 1890 2911 1965 (Mugaeium
2951 1896 3108 1952 libuit
3136 1898 3261 1953 aliis
3300 1900 3634 1967 nominare),
3662 1916 3759 1970 pro

2208 1984 2391 2037 stratis
2423 1974 2665 2053 undique
2711 1988 2885 2055 copiis
2913 1980 3052 2053 suis,
3088 1990 3281 2058 praelia
3307 2003 3481 2047 semet
3519 1993 3786 2062 eripiens.

2208 2074 2261 2128 iu
2288 2075 2463 2131 vicina
2493 2074 2717 2146 palude,
2742 2091 2868 2133 cum
2896 2078 2951 2133 in
2985 2079 3235 2135 altiorem
3268 2083 3431 2152 paulo
3465 2084 3637 2155 ripam
3665 2099 3785 2139 eva-

2208 2166 2337 2222 dere
2361 2178 2681 2233 conaretur.
2704 2180 2760 2224 et
2792 2186 2965 2239 equus
2998 2173 3185 2244 regius
3209 2175 3605 2244 posterioribus
3639 2176 3795 2245 pedi.

2208 2257 2312 2313 bus
2348 2258 2635 2326 insistens,
2667 2262 2984 2334 frustraque
3017 2262 3219 2322 saltum
3254 2266 3308 2321 in
3374 2268 3549 2338 ripam
3598 2267 3796 2325 adver-

2209 2367 2324 2407 sam
2349 2353 2602 2418 moliens,
2643 2356 2698 2410 in
2747 2348 2972 2411 dorsum
3001 2373 3110 2413 una
3141 2375 3265 2415 cum
3321 2371 3544 2418 vectore
3569 2377 3796 2419 corrue-

2210 2455 2334 2511 ret;
2369 2447 2441 2501 ita
2475 2456 2535 2503 ut
2587 2458 2704 2503 erat
2731 2459 2998 2516 armatus,
3063 2454 3461 2523 sesquipalmis
3515 2454 3569 2509 in
3641 2471 3796 2525 aqua:

2206 2530 2483 2597 lutulento
2515 2543 2738 2613 gurgite
2763 2542 3065 2611 depressus
3101 2555 3157 2600 et
3218 2546 3523 2603 sull'oeatns
3563 2548 3798 2615 interiit,

2208 2647 2354 2687 anno
2381 2632 2702 2690 Christiano
2742 2635 2904 2701 1526.
2928 2638 3017 2693 die
3060 2640 3263 2695 mensis
3296 2640 3514 2695 sextilis
3535 2642 3799 2697 vicesimo

2209 2739 2375 2791 nono,
2400 2724 2631 2782 Joannis
2660 2727 2917 2794 Baptism
2943 2730 3331 2786 decollationis
3364 2733 3644 2787 memoriae
3711 2733 3798 2788 di-

2208 2826 2353 2882 cato,
2388 2832 2486 2885 pro
2523 2833 2632 2888 quo
2658 2820 2897 2875 natalem
2918 2820 3009 2876 alii
3038 2837 3147 2876 non
3175 2832 3325 2878 recte
3358 2832 3589 2891 ponunt,
3616 2825 3669 2879 id
3701 2836 3791 2878 est

2208 2907 2470 2962 vicesimo
2497 2919 2695 2976 quarto
2725 2907 2910 2965 Junii.
2948 2909 3123 2967 Filius
3149 2921 3268 2967 erat
3318 2912 3585 2968 Vladislai
3612 2912 3793 2980 Jagel-

2208 2999 2370 3063 ionii,
2402 2998 2662 3054 Casimiri
2705 2998 2950 3056 Polonize
2983 3002 3131 3073 regis
3188 3019 3382 3073 nepos.
3433 3004 3656 3059 Matrem
3693 3006 3794 3059 ba-

2210 3085 2330 3144 buit
2351 3090 2565 3145 Annam
2602 3090 3028 3155 Candalensetn,
3050 3094 3213 3163 regite
3236 3093 3561 3149 Navarrenre
3600 3093 3796 3161 stirpis

517 3152 646 3206 tiam
690 3157 1006 3211 nominatur
1055 3153 1347 3223 Tzanisas,
1400 3161 1673 3217 vocabulo
1716 3173 1982 3236 corrupto
2037 3177 2103 3223 ex
2132 3198 2176 3265 ε
2210 3181 2353 3251 apud
2382 3179 2684 3247 Vascones,
2720 3187 2773 3237 In
2797 3181 2971 3238 Gallia
2998 3152 3151 3254 ς-ρυὲ
3191 3184 3337 3239 nulla
3369 3194 3496 3240 cule
3527 3186 3608 3240 vel
3654 3185 3799 3252 pelle

518 3246 687 3299 'l‘zaui
723 3251 910 3313 scach,
964 3252 1058 3321 qui
1113 3250 1423 3307 Tzanorum
1474 3250 1708 3313 scachus
1763 3267 1870 3325 est,
1930 3260 2106 3331 gentis

522 3342 714 3395 itidem
745 3340 1007 3410 Ponticae,
1032 3344 1177 3401 sicut
1213 3358 1266 3402 et
1306 3343 1609 3405 Suareascs
1624 3349 1691 3405 ad
1724 3345 1957 3406 Pontum
1984 3352 2107 3410 Col-

518 3434 809 3490 t-liidetnve
838 3438 1141 3505 pertinent,
1177 3441 1258 3493 vel
1291 3437 1439 3505 Laai,
1468 3441 1551 3496 vel
1592 3443 1675 3499 eis
1728 3444 1981 3513 proximi.
2029 3445 2108 3502 Ac

520 3537 650 3581 sunt
677 3528 837 3581 iidem
869 3529 922 3581 bi
953 3528 1278 3594 Suarcnscs,
1308 3540 1541 3600 quorum
1565 3534 1839 3592 regionem
1867 3534 2106 3593 Orteiius

518 3627 582 3669 ea
618 3614 900 3687 Alpbonso
933 3616 1204 3675 Hadriano
1240 3615 1480 3678 Zuiriam
1510 3625 1830 3681 nominavit.

518 3726 646 3786 220.
682 3731 844 3803 Aigas
879 3733 1061 3813 basin,
1100 3734 1435 3813 pirosnadar
1465 3739 1629 3806 bassi,
1675 3742 2107 3813 apocltrpst'an'us

967 3804 1224 3874 Bonﬁm't',
1256 3804 1655 3876 apocrisiarius.

591 3894 767 3951 liabet
792 3894 880 3954 hic
917 3894 1086 3953 lectet-
1114 3898 1269 3955 illum
1333 3897 1589 3973 Aigasem
1647 3905 1888 3975 bassatn,
1944 3924 2105 3979 quem

518 3998 684 4058 supra
726 3988 1088 4046 indicavimus
1119 4008 1147 4045 a
1192 3990 1349 4047 Jovio
1398 4010 1531 4050 voce
1590 3988 1779 4054 Graeca
1831 3996 2106 4054 nominari

520 4079 762 4147 Ajacem.
782 4078 1064 4138 Oriundus
1093 4090 1210 4137 erat
1234 4094 1265 4138 e
1286 4080 1526 4152 Cimera,
1559 4102 1667 4143 nou
1694 4091 1888 4157 procul
1920 4107 1947 4144 a
1975 4092 2110 4149 Cor-

519 4182 668 4239 ryra,
700 4180 856 4226 trans
879 4166 1062 4228 siunm
1093 4175 1221 4237 sita,
1249 4186 1414 4246 quam
1441 4178 1548 4233 Leo
1567 4179 1802 4249 Sapiens
1824 4182 2108 4254 Augustus

515 4262 830 4318 Chimaram
877 4262 931 4319 in
963 4262 1182 4321 Novella
1236 4267 1306 4323 de
1369 4269 1579 4327 tltronis
1628 4263 1881 4343 appellat,
1906 4282 1959 4331 et
1984 4292 2108 4331 eum

520 4354 805 4418 ltutltroto,
835 4358 1038 4412 ibidem
1071 4359 1139 4414 ad
1171 4362 1427 4429 quintum
1466 4378 1494 4416 a
1542 4354 1797 4435 Corcyrte
1824 4367 2025 4437 oppido
2052 4380 2107 4423 et

519 4452 739 4507 arcibus
762 4450 994 4505 milliare
1017 4453 1147 4517 sito,
1178 4447 1444 4524 Naupacti
1476 4458 1905 4525 metropolitano
1932 4452 2105 4527 subji-

2210 3283 2413 3330 tectum
2442 3274 2697 3330 iniucem
2729 3275 3105 3346 edidit,quam
3167 3284 3356 3347 postca
3402 3277 3631 3333 medicis
3681 3287 3800 3331 artu

2210 3374 2463 3420 naturam
2526 3366 2855 3434 iuvantibus
2883 3379 2971 3423 cst
3002 3378 3353 3424 consecutus.
3396 3368 3659 3425 [labitqu
3693 3369 3801 3424 hoe

2213 3458 2455 3513 infelicis
2484 3460 2687 3516 ominis
2740 3461 2883 3514 loco.
2920 3460 3082 3516 Pater
3137 3459 3464 3528 baptizando
3516 3476 3616 3531 pro
3646 3476 3802 3514 more

2208 3548 2546 3613 Christiano,
2573 3550 2701 3605 Julii
2754 3567 2950 3605 nomen
3018 3551 3203 3607 indere
3255 3553 3572 3609 decreverat
3628 3569 3647 3612 :
3698 3554 3795 3607 sed

2210 3640 2358 3695 aliud
2390 3642 2658 3698 suadente
2692 3652 2886 3709 matre,
2949 3642 3267 3699 Ludovicus
3306 3645 3406 3698 fttit
3461 3645 3793 3713 appellatus.

2211 3732 2327 3789 lloc
2363 3734 2553 3790 itidem
2589 3736 2902 3789 ominosum
2934 3735 3215 3806 plerisque
3246 3737 3444 3801 visum,
3479 3737 3627 3807 quod
3650 3753 3799 3792 unus

2211 3827 2317 3883 hoc
2344 3828 2568 3883 nomine
2600 3843 2693 3881 rex
2723 3828 3000 3896 quondam
3042 3828 3184 3897 apud
3215 3816 3466 3897 Ungaros
3511 3830 3720 3901 pariter
3736 3842 3795 3886 et

2210 3919 2451 3973 Polonos
2505 3933 2689 3973 rerum
2716 3919 2919 3988 potitus
2979 3919 3200 3984 fuisset,
3263 3920 3598 3992 Sigismundi
3651 3926 3796 3991 regis

2208 4020 2263 4064 et
2297 4018 2422 4079 post
2451 4008 2805 4080 imperatoris
2832 4024 3009 4074 socer,
3043 4025 3073 4063 e
3102 4009 3313 4067 Gallica
3343 4012 3547 4067 familia
3604 4028 3791 4081 regunt

2209 4088 2689 4171 Neapolitanorum
2717 4112 2896 4163 ortus,
2930 4101 3158 4173 ideoque
3188 4102 3385 4158 Loisus
3407 4105 3566 4177 vulgo
3582 4105 3789 4172 dictus,

2208 4190 2300 4259 qui
2331 4189 2572 4246 moriens
2597 4191 2902 4245 masculum
2930 4191 3203 4248 heredem
3234 4203 3355 4262 post
3385 4210 3444 4250 se
3468 4196 3679 4251 nullum
3711 4212 3798 4250 re-

2208 4278 2472 4352 liquerat.
2502 4282 2814 4337 Narrantur
2853 4290 2920 4337 -et
2980 4281 3114 4347 alia,
3170 4300 3295 4352 qua:
3355 4285 3562 4341 infelici
3610 4286 3796 4357 juveni

2210 4374 2433 4444 (quippe
2458 4371 2778 4429 vicesimum
2835 4373 3072 4442 primum
3127 4376 3306 4432 aetatis
3351 4376 3793 4447 agebatattnum,

2211 4480 2337 4520 cum
2366 4465 2633 4533 interiret)
2678 4465 2995 4521 tristissima
3028 4483 3257 4536 quaeque
3322 4469 3644 4537 portendere
3671 4485 3795 4525 cre-

518 4543 615 4596 cit.
650 4541 951 4612 Supremos
997 4540 1377 4601 ibesaurarius
1407 4547 1460 4601 in
1480 4542 1680 4604 Olliciis
1705 4548 1880 4605 Porta:
1908 4546 2100 4606 Osma-
2130 4545 2181 4605 D
2206 4556 2500 4612 dehautur.
2528 4553 2733 4612 Retulit
2764 4550 3065 4627 aliquando
3143 4560 3275 4612 milii
3308 4566 3611 4629 generosus
3640 4571 3694 4616 et
3728 4562 3794 4614 il-

520 4637 659 4690 nii-ae
699 4632 1020 4693 Cbasnadar
1053 4639 1200 4694 bassi
1251 4639 1478 4696 dicitur.
1540 4641 1742 4697 Eorum
1806 4645 2099 4714 explicatio

521 4743 704 4789 suu-u,
740 4744 845 4781 mm
881 4728 1052 4782 multo
1082 4739 1225 4797 post,
1263 4730 1445 4783 latntu
1479 4732 1743 4785 inveniet.
1801 4730 1863 4785 Et
1890 4733 2021 4787 sunt
2044 4733 2100 4786 in

521 4819 788 4876 munibus
824 4821 1009 4890 regnis
1063 4819 1420 4885 thesaurarii,
1454 4837 1595 4889 quos
1651 4814 1937 4878 Bonlinius
1992 4815 2098 4880 dici

524 4911 788 4964 [ὶίιιιιῖιιιίι
827 4921 1151 4980 quaestores.
1180 4908 1387 4966 Graecis
1416 4908 1866 4985 apocltrysiarios
1902 4912 2100 4967 existi-

523 5020 681 5061 tnans
710 5003 936 5059 lallitur.
984 4998 1102 5059 Non
1158 5005 1302 5059 enim
1360 5003 1504 5074 apud
1552 5003 1652 5058 hos
1702 5002 2101 5074 apocbrysiarii

524 5098 869 5167 reperiuntur
907 5113 1163 5168 usquam,
1195 5096 1289 5153 sed
1316 5094 1663 5168 apocrisiarii
1692 5115 1707 5161 ;
1740 5099 1899 5165 longe
1921 5084 2104 5151 divcr-

524 5195 567 5249 si
594 5207 789 5245 nomen
820 5187 1003 5257 oilicii,
1036 5204 1147 5259 quo
1195 5185 1510 5259 fungentes,
1556 5205 1584 5242 a
1610 5192 1894 5257 responsis
1928 5188 2097 5259 aliqui

523 5280 721 5337 Latine
756 5292 1045 5336 vocarunt.
1079 5281 1258 5337 Graeci
1286 5277 1449 5335 hodie
1495 5281 1578 5337 sic
1622 5280 1993 5335 internuntios
2050 5289 2103 5335 et

524 5377 732 5444 legatos
761 5370 1058 5444 appellant.

527 5494 656 5547 221.
712 5493 988 5559 Pelrovar,
1034 5493 1313 5557 Sirmium,
1362 5491 1820 5554 Frattcochoriou,
1863 5490 2105 5544 interitus

632 5564 883 5618 Ludovici
914 5567 1049 5633 regis
1090 5564 1341 5634 ngariw
1365 5565 1649 5631 prwdictus
1684 5580 1715 5614 a
1771 5574 1998 5629 spectro.

608 5660 760 5725 Quod
787 5656 1121 5712 Varadinum
1156 5658 1300 5713 l’etri
1334 5657 1563 5721 dicitur,
1604 5654 1808 5724 Ungari
1844 5653 2105 5709 Petro‘wr

537 5752 831 5819 tippellant,
867 5754 972 5805 hoc
994 5757 1098 5815 cst,
1126 5751 1402 5804 civitatem
1438 5748 1604 5813 l‘ctri,
1632 5747 1714 5800 Vel
1748 5744 2102 5814 Πετρὸπο).ιν.

546 5841 715 5897 Sitam
746 5846 798 5897 itt
820 5842 991 5899 libero
1021 5844 1157 5899 colle
1184 5842 1422 5898 vidimus
1449 5841 1509 5896 ad
1556 5834 1885 5902 Danubium,
1934 5836 1988 5892 in
2044 5855 2106 5893 ca

2209 4650 2398 4704 lustris
2432 4650 2587 4704 Bairo
2644 4647 2970 4707 Kitlizianus
3023 4649 3286 4717 Joannes,
3344 4670 3507 4724 quem
3570 4656 3798 4709 honoris

2208 4754 2373 4795 eausa
2401 4740 2647 4804 nomino,
2690 4741 2793 4795 sibi
2825 4753 3006 4795 notant
3062 4733 3229 4798 fuisse
3281 4746 3587 4799 matronam
3623 4746 3795 4798 boue-

2207 4832 2536 4897 stissimant,
2574 4846 2735 4903 gente
2770 4834 3039 4890 Boceiana
3074 4826 3244 4889 nobili
3270 4852 3393 4889 runt
3431 4830 3624 4903 primis
3653 4838 3799 4908 apud

2210 4911 2438 4976 Silcsios
2472 4922 2696 4986 editam,
2733 4931 2784 4975 ct
2824 4926 2997 4992 equiti
3039 4923 3220 4979 Suevo
3263 4925 3543 4980 Stainana:
3576 4926 3797 4982 familia:

2211 5017 2459 5081 bttptam.
2494 5009 2567 5064 Ea
2594 5010 2885 5081 juvencula
2924 5009 3092 5066 missa
3121 5012 3294 5065 fuerat
3342 5012 3396 5065 in
3450 5014 3628 5066 auiam
3688 5016 3805 5069 Lu-

2210 5101 2387 5158 dovici
2422 5102 2586 5171 regis,
2637 5110 2694 5156 ut
2726 5111 2874 5156 esset
2924 5100 2981 5155 in
3032 5099 3281 5171 gynaecio
3344 5100 3544 5174 regina:
3596 5093 3799 5168 Mariae,

2211 5186 2401 5249 Katuii
2438 5190 2477 5246 V
2510 5204 2565 5248 et
2615 5184 2950 5248 Ferdinandi
3010 5182 3189 5264 Attgg.
3252 5192 3486 5261 sororis,
3535 5188 3797 5252 Ludovici

2211 5287 2503 5357 conjugis:
2547 5297 2599 5339 et
2631 5286 2851 5355 quidem
2881 5302 2911 5340 a
2965 5296 3143 5341 morte
3199 5289 3342 5357 regis
3367 5289 3610 5343 omnium
3668 5292 3803 5343 cun-

2213 5380 2476 5437 Stcrnatis
2504 5378 2726 5443 animis,
2759 5389 2814 5433 ct
2837 5379 2907 5433 ob
2933 5386 3136 5434 metum
3159 5379 3569 5434 adventantium
3590 5366 3797 5436 Barba-

2214 5448 2397 5527 rorum
2434 5471 2642 5538 trepide
2685 5471 2931 5541 gyuzecio
2978 5472 3283 5540 praesertim
3315 5464 3574 5541 fugiente,
3636 5485 3803 5526 coro-

2215 5580 2341 5617 nam
2377 5564 2605 5631 regiam,
2636 5564 2704 5615 ab
2732 5564 2857 5617 aliis
2884 5579 2993 5631 pra:
3017 5561 3311 5618 formidine
3331 5564 3800 5632 neglectam,cou«-

2217 5670 2469 5711 servasse
2496 5650 2723 5710 dicitur.
2761 5650 3246 5709 Commemorabal
3272 5647 3412 5711 hanc
3436 5651 3579 5709 Baro
3610 5665 3801 5711 noster

2217 5746 2448 5798 recitare
2480 5746 2698 5799 solitam
2734 5762 2840 5798 non
2895 5749 3067 5799 multo
3125 5757 3253 5798 ante
3289 5749 3430 5817 regis
3482 5746 3795 5810 interitum,

2218 5854 2339 5893 cum
2375 5837 2534 5891 B'JLLU
2565 5850 2655 5889 tcx
2689 5842 2893 5904 agcrtt,
2923 5852 2985 5891 ac
3046 5852 3144 5906 pro
3205 5852 3358 5893 more
3380 5836 3585 5892 clausis
3645 5837 3791 5892 arcis
