4204 6300
573 347 683 411 893

1738 359 2100 421 [’ANDECT.
2148 364 2350 422 liiS'l‘.
2392 365 2678 426 'l'liilClC

3724 365 3834 429 89$

576 461 785 516 ίοτίδιιε
821 463 1110 529 Ρτθιιόυτει
1137 464 1360 532 (misere
1396 467 1616 535 quidem
1665 479 1814 523 certe
1869 473 2146 528 victitasse
2183 491 2214 534 Α
2254 495 2342 530 ros
2371 493 2567 534 mares.
2598 476 2796 535 Postea
2829 478 3207 535 suamJoauni
3235 477 3400 532 [illum
3422 472 3727 538 lsabellaru,
3759 492 3826 528 rx

577 568 758 624 regem
789 554 952 614 hunc.
988 556 1369 611 defraudatum
1395 566 1447 611 et
1472 562 1826 630 contemptim
1851 563 2096 617 habitum
2123 581 2153 616 a

574 646 893 715 proceribus
930 645 1188 715 ngaris,
1222 649 1610 717 regioiuterim
1665 651 1797 706 lusu
1854 653 2150 708 difﬂuenti-

576 736 699 798 bus.
732 736 888 790 testis
915 739 1203 794 Ucrulotus
1256 737 1648 796 llcrbcstainus
1684 741 1823 794 Baro
1877 746 2153 799 memorim

571 827 1160 897 prodidit).acoessisse
1189 832 1256 884 ad
1276 833 1416 886 arcis
1445 844 1653 900 portam
1673 843 1955 902 spectrnm
1981 853 2010 902 q
2025 840 2155 889 uod-

571 920 717 982 dam.
744 927 804 973 ut
828 931 1056 975 eventus
1076 921 1281 985 docuit,
1315 923 1370 977 in
1424 923 1598 978 forma
1650 926 1892 981 hominis
1948 924 2149 983 lardum

573 1012 625 1065 in
654 1013 874 1066 modum
901 1013 1121 1068 distorti
1149 1024 1203 1069 et
1235 1016 1619 1081 clamlicantis,
1643 1019 1862 1088 altaque
1891 1026 2022 1073 voce
2052 1023 2152 1073 lla-

573 1105 775 1174 gitasse
799 1105 1132 1174 colloquium
1182 1110 1343 1177 regis,
1403 1112 1488 1161 cui
1542 1111 1857 1165 necessario
1896 1109 2149 1180 quredmn

571 1196 910 1252 indicaturus
928 1204 1094 1259 esset,
1119 1197 1186 1251 ad
1225 1201 1428 1268 regiam
1462 1201 1724 1272 regnique
1762 1204 1994 1259 salutem
2025 1219 2154 1274 per-

573 1292 825 1344 tinentia.
857 1289 1106 1360 Cumque
1134 1294 1416 1358 neglectus
1471 1296 1648 1360 initio,
1680 1300 1827 1365 quod
1889 1298 1943 1350 iu
2007 1299 2152 1352 uillis

574 1383 687 1436 fieri
723 1385 882 1446 solut,
918 1396 1064 1440 nunc
1094 1385 1271 1440 altiori
1311 1387 1570 1451 clamore,
1601 1403 1750 1443 nllllc
1806 1389 2016 1458 eiulatu
2054 1391 2154 1444 ad-

573 1474 764 1541 hibito,
797 1477 846 1529 id
881 1461 965 1530 uti.
981 1478 1380 1548 quamprimum
1406 1480 1516 1548 regi
1548 1481 1980 1550 significaretur,
2006 1487 2154 1551 peto—

575 1579 657 1623 rct
689 1587 701 1622 :
740 1569 955 1625 tandem
979 1571 1212 1626 hominis
1243 1571 1653 1642 importunitate
1670 1585 2148 1644 commotosquus-

574 1664 876 1725 datmcum
943 1671 1096 1720 extra
1149 1678 1332 1730 regem
1378 1664 1559 1733 ipsum
1611 1663 1814 1719 nemini
1879 1674 2150 1720 secretum

576 1754 682 1807 hoc
699 1768 759 1808 se
774 1753 1166 1819 patefacturum
1187 1754 1410 1819 diceret,
1437 1770 1548 1807 rem
1572 1754 1637 1808 ad
1657 1762 1837 1824 regem
1855 1755 2114 1809 detulisse
2133 1773 2146 1808 :

573 1843 666 1914 qui
697 1861 820 1899 mox
857 1845 1009 1900 abire
1036 1844 1329 1914 Quemdam
1358 1862 1386 1900 ε
1420 1846 1885 1915 splendidioribus
1934 1847 2151 1911 aulicis,
2189 1851 2228 1908 Β

570 1945 623 1991 et
646 1938 901 1992 simulata
936 1939 1516 2009 personategia.quid
1570 1938 1696 1993 istic
1746 1941 1932 1994 arcani
1980 1949 2148 2006 esset,

572 2041 812 2098 quaerere
837 2027 1088 2097 jusserit.
1121 2029 1260 2082 Tum
1293 2045 1421 2084 vero
1479 2030 1740 2083 claudum
1772 2031 1930 2084 illum
1969 2029 2037 2084 de
2064 2045 2152 2084 ατο

569 2137 710 2177 cano
731 2124 1027 2177 revelando
1056 2122 1259 2178 voluta
1305 2138 1430 2192 rege
1475 2131 1748 2192 praesente
1795 2123 2148 2190 appellatum,

571 2230 802 2287 negans
831 2216 1071 2288 primum
1109 2217 1257 2271 hunc
1287 2219 1417 2272 esse
1460 2230 1669 2282 regem,
1736 2215 1931 2269 deinde
1964 2215 2153 2286 subje-

569 2307 713 2362 cisse
745 2321 947 2378 regem,
982 2307 1074 2376 qui
1107 2322 1165 2363 se
1192 2305 1382 2361 audire
1410 2306 1595 2370 nollet,
1624 2306 1772 2361 brevi
1804 2305 2140 2376 periturum,

571 2406 731 2466 atque
769 2399 854 2452 his
899 2396 1148 2468 prolatis,
1202 2397 1259 2451 iu
1307 2397 1486 2452 oculis
1526 2396 1771 2450 omnium
1833 2396 2148 2449 evanuisse.

571 2490 944 2546 Memorabilis
974 2505 1108 2546 sane
1134 2490 1315 2560 plures
1339 2490 1410 2545 ob
1467 2503 1668 2545 causas
1698 2489 1948 2554 historia,
1984 2502 2148 2555 qttam

569 2581 819 2652 equidem
846 2583 968 2638 loco
1015 2591 1126 2638 tam
1156 2582 1355 2638 idoneo
1405 2581 1634 2636 minimc
1691 2580 1875 2651 putavi
1929 2579 2152 2635 silentio

568 2675 1017 2744 prmtet'cundam.

840 2765 966 2823 2η.
1003 2763 1184 2820 Novus
1210 2765 1654 2821 Dewislariorum
1682 2777 1875 2821 "lotus.

639 2858 740 2924 Qui
769 2858 1103 2913 Calenderes
1140 2857 1334 2913 Turcis
1358 2861 1637 2922 diruutur,
1672 2861 1764 2929 qui
1805 2857 2143 2920 Dervislarii,

570 2956 907 3012 declaratum
966 2958 1222 3025 superius
1252 2955 1433 3024 capite
1470 2955 1591 3009 ΠΙ.
1623 2955 1993 3009 Dervislarios
2019 2954 2144 3022 qui-

568 3050 689 3104 dem
720 3064 844 3105 osse
886 3064 1083 3104 nomen
1127 3048 1402 3117 generale,
1454 3063 1566 3118 quo
1593 3047 1920 3103 Caleuderes
1968 3055 2022 3099 et
2050 3045 2142 3098 alii

569 3142 750 3211 capite
794 3141 948 3197 dicto
991 3140 1249 3195 rccensiti
1299 3140 1866 3209 comprehendantur,
1921 3140 2004 3193 vel
2040 3139 2141 3192 hoc.

567 3228 733 3287 etiain
762 3249 827 3288 ex
882 3233 1000 3288 loco
1035 3233 1382 3303 perspicitur.
1416 3232 1684 3288 Calondcr
1748 3242 1929 3285 autem
1960 3229 2100 3287 Zelc!
2128 3231 2143 3284 i

570 3323 838 3396 significat.
866 3323 1222 3379 Calenderem
1268 3325 1383 3378 sive
1423 3325 1743 3394 religiosum
1777 3321 2038 3383 llOiJlil’ln.
2079 3338 2143 3376 ex

569 3428 736 3468 causa
794 3416 851 3469 in
888 3415 1025 3484 ipsis
1056 3416 1353 3470 annalibus
1383 3419 1659 3486 exposita,
1686 3418 1833 3488 quod
1877 3419 2144 3484 originem

569 3508 1025 3576 generis,seiiiret
1045 3511 1109 3564 ad
1135 3510 1352 3564 Chasim
1378 3510 1913 3577 Beclasem,relerret
1929 3529 1944 3575 ;
1962 3511 2143 3580 cujus,

572 3612 630 3656 ut
656 3601 1006 3657 auctoritatis
1037 3604 1165 3654 olim
1203 3618 1435 3658 summm
1467 3605 1592 3665 viri.
1628 3602 1833 3659 mentio
1879 3604 2018 3658 facta
2046 3606 2146 3657 I'uit

571 3692 624 3751 in
686 3693 1105 3752 vitr-lirrhauis
1137 3695 1318 3761 Gasis,
1353 3695 1615 3753 Osmanis
1648 3697 1768 3761 ﬁlii,
1807 3707 1913 3752 non
1953 3698 2142 3767 procul

570 3794 640 3845 ab
656 3791 937 3846 annalium
969 3790 1148 3844 initio.

567 3907 697 3962 225.
755 3900 964 3959 Bonum
1019 3902 1224 3958 Erdelit’
1276 3899 1601 3957 Sofeimaues
1657 3894 1907 3965 Unanim
1971 3919 2142 3971 regem

639 3985 800 4042 creat.
847 3976 1038 4030 Causa:
1081 3987 1478 4045 progressurum
1521 3988 1650 4044 quas
1709 3973 1868 4029 Turci
1911 3974 2142 4044 fecerunt

636 4047 692 4101 in
727 4045 988 4115 ngaria.

641 4163 716 4216 De
752 4160 884 4213 llanl
937 4161 1204 4229 dignitate
1250 4159 1612 4212 tractavimus
1670 4157 1848 4229 Capite
1913 4157 2037 4222 Πι,
2077 4159 2144 4212 de

570 4253 795 4310 Ardeiio
823 4249 910 4306 vel
948 4250 1163 4305 Erdelio
1222 4251 1404 4321 capite
1439 4249 1561 4306 105.
1593 4250 1797 4303 llauum
1849 4249 1942 4304 hic
1968 4249 2141 4304 Erde-

571 4346 626 4398 lii
658 4353 852 4399 vocant
886 4342 1132 4406 annales,
1193 4358 1357 4412 quem
1412 4352 1587 4394 nostri
1640 4360 1745 4394 non
1784 4339 2013 4404 Banum,
2043 4340 2139 4396 sed

572 4436 856 4489 vaivodam
891 4433 1089 4488 Erdelii
1117 4434 1233 4487 sive
1273 4432 1714 4502 Transsylvauize
1763 4439 2025 4502 perpetuo
2052 4433 2138 4485 di-

571 4524 1028 4624 Ittl‘lllll.-ls.ltl.tlc
1065 4522 1489 4624 temporis-crat
1520 4518 1861 4624 Joannes-de
1884 4523 2132 4594 Zapoliu,
2167 4555 2210 4610 υ
2309 4561 2594 4615 messem
2648 4559 2898 4614 παίδεσσι
2943 4558 3012 4613 τὰ
3066 4559 3226 4624 MM,

568 4610 752 4670 comes
772 4614 1130 4684 chisieusis,
1158 4611 1410 4682 Ungarite
1439 4614 1647 4682 pestis:
1689 4615 1778 4681 qui
1813 4622 1941 4669 ante
1993 4622 2132 4684 pric-

571 4707 702 4761 lium
739 4704 809 4760 de
867 4705 1132 4758 industria
1196 4705 1406 4758 tardius
1465 4705 1530 4756 ad
1580 4703 1916 4759 Ludovicqu
1947 4713 2130 4776 regem

568 4799 754 4866 copias
781 4796 1075 4850 auxiliares
1095 4793 1327 4859 ducens,
1353 4809 1530 4861 regem
1572 4808 1696 4851 cum
1726 4799 1842 4850 suis
1875 4799 1925 4851 in
1955 4804 2136 4854 extro-

572 4901 718 4943 mum
748 4885 879 4942 illud
902 4887 1196 4943 discrimen
1223 4887 1523 4953 conjecisse
1545 4889 1806 4953 creditur,
1827 4900 1886 4943 ut
1916 4889 2125 4945 ambitu

571 4979 782 5034 nefario
817 4980 1122 5047 pervenire,
1181 4990 1321 5032 catso
1357 4977 1652 5040 Luderico.
1693 4982 1962 5048 genuinus
1989 4981 2140 5038 scili-

571 5083 655 5125 cet
691 5061 965 5140 lingarus,
1015 5070 1079 5122 ad
1114 5078 1341 5138 regnum
1373 5078 1577 5140 posset.
1626 5070 1757 5125 Eam
1797 5074 1870 5127 ob
1906 5088 2130 5128 causam

571 5163 778 5217 dudum
804 5175 1022 5232 quoque
1061 5162 1323 5215 Ludovici
1373 5161 1620 5218 sororem
1669 5163 1903 5227 Annam.
1950 5167 2138 5221 Ferdi-

571 5257 772 5318 nando,
807 5256 988 5322 magni
1017 5253 1366 5308 Ilaximiliani
1395 5255 1630 5310 Cresarts
1658 5259 1840 5326 nepoti
1891 5259 2096 5328 despon
2115 5290 2131 5300 -

573 5362 687 5400 sam
733 5362 760 5397 a
821 5343 1101 5400 Vladisiao
1151 5356 1303 5413 patre
1339 5345 1501 5414 paulo
1533 5348 1681 5413 ante,
1729 5360 1892 5419 quam
1932 5364 1960 5404 c
1997 5347 2134 5406 vivis

571 5442 878 5500 excederet.
902 5437 1103 5492 frustra
1130 5438 1257 5494 licet
1285 5440 1588 5495 ambircrat
1617 5460 1633 5507 ;
1668 5449 1723 5495 ut
1749 5458 1812 5498 eo
1846 5443 1966 5511 plus
1990 5445 2137 5512 juris

576 5530 640 5583 ad
672 5540 920 5599 regnum,
963 5527 1127 5599 5,90
1158 5530 1428 5599 siquidem
1459 5534 1710 5588 sororius
1747 5531 1892 5602 regis
1931 5537 2126 5592 fuisset

580 5619 777 5686 factus,
809 5621 1054 5675 haberet.
1108 5622 1280 5688 Ipsius
1315 5631 1496 5678 autem
1525 5625 1753 5681 Joannis
1788 5625 2134 5696 Zapoliensis

583 5723 826 5765 sororem
853 5712 1026 5779 primo
1057 5713 1161 5767 sibi
1217 5715 1565 5770 matrimonio
1613 5717 1794 5779 junxit
1825 5719 2135 5786 Sigismun-

583 5801 685 5857 dus
701 5802 938 5858 Poiouiae
969 5819 1083 5861 rex.
1103 5821 1130 5860 e
1159 5821 1266 5862 una
1293 5817 1472 5862 tamen
1497 5809 1678 5864 nullos
1731 5816 1971 5866 susccna
2002 5811 2132 5867 libc-

2256 592 2283 626 :t
2313 589 2425 625 tum
2459 574 2714 641 cuujttgio
2737 580 2938 638 natam,
2970 573 3351 641 Sigisznttnlltls
3386 591 3610 626 uxorem
3637 574 3810 632 llv'tlll.

2257 677 2313 720 ut
2339 666 2480 720 infra
2501 667 2698 720 dicturi
2729 668 2994 735 prolixius
3017 680 3230 720 sumus.
3259 663 3577 722 Credunlur
3599 663 3829 719 Joannis

2254 770 2432 815 causa!
2473 759 2676 814 favisse
2700 757 2908 821 Puloni.
2934 769 3165 826 eamque
3199 755 3395 812 Studiis
3427 754 3681 810 maximis
3705 771 3828 810 cum
3869 758 3875 787 ε

2255 869 2349 923 per
2380 849 2538 910 alios.
2569 862 2678 906 tum
2739 865 2836 917 per
2893 844 3284 921 Hieronymum
3320 849 3580 911 Lascnm,
3621 843 3827 901 Alberti

2253 956 2483 1017 patrem,
2508 940 2804 1002 Soieimani
2838 946 3168 1009 Osmanidre,
3189 960 3251 998 ac
3283 942 3581 998 Franciseo
3609 941 3830 997 Valesio

2252 1041 2530 1095 Gallorum
2570 1041 2706 1108 regi,
2753 1041 2913 1094 bouis
2950 1037 3162 1092 scilicet
3202 1036 3310 1092 illis
3340 1033 3734 1090 cunfmderatis
3765 1050 3830 1090 ac

2255 1135 2442 1191 sociis.
2477 1133 2529 1186 in
2560 1133 2948 1187 detrimentum
2973 1123 3286 1199 reipublic:e
3311 1127 3640 1183 Christianae
3679 1144 3830 1180 cow-

2255 1227 2547 1285 mendasse
2580 1247 2593 1283 :
2627 1245 2692 1282 ne
2722 1229 2904 1299 quieta
2939 1226 3109 1281 totius
3139 1219 3396 1294 Ungariei
3429 1223 3576 1288 regni
3610 1237 3832 1289 posscs—

2256 1323 2410 1377 sione
2443 1322 2597 1390 petiti
2622 1318 2899 1389 principes
2941 1318 3242 1377 Austriaci.
3273 1313 3654 1370 formidabiles
3691 1314 3829 1378 ipsis

2255 1416 2417 1469 etiam
2452 1403 2672 1467 l‘olonis
2708 1412 2902 1466 fierent
2933 1429 2947 1474 ;
2980 1411 3075 1481 qui
3120 1424 3254 1464 sane
3309 1404 3567 1463 stimulus
3603 1407 3831 1460 arruuia-

2256 1504 2421 1558 tionis
2459 1497 2743 1560 Francisci
2787 1518 3004 1574 quoque
3060 1503 3202 1571 regis
3263 1501 3508 1555 animum
3567 1508 3837 1569 perpetrm

2260 1611 2530 1667 pungcns,
2569 1612 2695 1652 cum
2726 1596 2794 1651 ad
2829 1596 3062 1651 consilia
3096 1590 3358 1660 nefanda,
3380 1590 3567 1664 reique
3597 1582 3831 1661 publicae

2257 1690 2597 1758 perniciosa,
2650 1704 2776 1745 cum
2828 1687 3105 1743 indelebiii
3143 1685 3208 1742 ad
3252 1702 3468 1742 onmem
3507 1686 3828 1739 memoriam

2259 1784 2592 1853 posteritatis
2622 1779 2844 1838 infamia
2881 1797 3001 1848 sua,
3032 1779 3288 1851 perpulit.
3333 1779 3409 1833 Ita
3445 1777 3702 1833 nimirum
3735 1793 3834 1846 per

2257 1874 2612 1931 ambitionem
2641 1883 2694 1931 et
2733 1874 2993 1929 invidiam
3050 1873 3151 1927 fuit
3199 1880 3466 1927 attractus
3501 1872 3557 1925 in
3619 1869 3828 1924 viscera

2260 1981 2444 2022 noStra
2481 1982 2662 2022 smvus
2717 1973 2774 2021 et
2829 1967 3048 2036 iuratus
3104 1963 3302 2018 hostis.
3337 1960 3558 2016 Utinam
3585 1976 3652 2014 ne
3685 1974 3834 2014 nunc

2256 2058 2420 2115 etiam
2455 2059 2636 2114 fucata
2660 2058 2886 2113 libertas
2915 2053 3222 2117 electionis,
3243 2063 3298 2108 et
3320 2051 3544 2108 foederis
3573 2051 3828 2106 Osmani-

2256 2155 2448 2206 darnm
2482 2167 2606 2206 cum
2630 2150 2809 2205 vicina
2836 2147 3114 2203 Sarmatia
3144 2153 3465 2216 przetcxtus.
3501 2159 3564 2197 ac
3595 2143 3830 2196 detesta-

2256 2246 2382 2300 bilis
2404 2243 2768 2314 quorumdam
2801 2237 3050 2304 ambitio,
3086 2238 3290 2291 malum
3331 2236 3552 2304 aliquod
3600 2231 3837 2304 Europa-.-

2253 2337 2471 2407 pariant
2501 2351 2516 2396 ;
2550 2334 2694 2398 quod
2723 2333 2866 2387 Deus
2895 2340 3076 2385 tamen
3101 2329 3344 2399 optimus
3373 2324 3646 2383 maximus
3667 2342 3836 2380 omen.

2255 2425 2506 2480 avertat!
2566 2421 2756 2478 Notari
2799 2419 3020 2492 quidem
3072 2418 3350 2474 annalium
3400 2416 3563 2472 verba
3602 2415 3827 2478 debent,
3917 2487 3920 2490 ἢ

2253 2517 2454 2589 quibus
2485 2510 2722 2570 Joannes
2753 2513 2844 2568 hic
2864 2512 3065 2567 Turcis
3110 2525 3219 2565 non
3259 2509 3468 2565 electus
3494 2507 3563 2562 ab
3593 2503 3828 2577 ngaris

2256 2627 2377 2674 rex,
2435 2602 2530 2663 sed
2590 2605 2774 2662 Banus
2830 2604 3278 2676 Transsylvauiae
3332 2602 3648 2656 nominatur
3700 2610 3835 2653 ante

2251 2719 2414 2774 quam
2445 2699 2776 2757 Soleimanis
2798 2696 3068 2753 beneficio
3094 2695 3310 2751 scilicet
3352 2711 3577 2764 regnum
3615 2692 3824 2749 obtine—

2251 2805 2356 2850 ret.
2385 2792 2531 2849 ldem
2583 2792 2768 2847 [ianus
2819 2787 3087 2845 detulisse
3128 2805 3229 2844 sua
3285 2788 3488 2842 dicitur
3524 2785 3833 2840 Soleimani

2249 2889 2527 2958 obsequia.
2561 2886 2697 2953 Quid
2717 2885 2863 2940 aliud
2895 2884 3018 2946 hoc,
3040 2896 3202 2950 quam
3224 2881 3425 2936 factum
3461 2880 3633 2933 fuisse
3654 2879 3824 2934 clien-

2249 2991 2380 3042 tem,
2425 2979 2507 3034 Vel
2549 2979 2881 3047 ntancipimu
2914 2975 3097 3044 potius
3122 2972 3500 3029 Soleimauis?
3566 2965 3739 3041 Magis
3771 2971 3822 3023 id

2246 3075 2409 3128 etiam
2440 3057 2684 3139 paret'ex
2724 3085 2791 3126 eo
2826 3067 2971 3139 quod
3009 3067 3265 3138 sequitur
3295 3083 3310 3119 :
3343 3063 3676 3119 Soleimauis
3729 3063 3827 3115 im—

2247 3165 2400 3234 perio
2433 3165 2640 3217 Bonum
2672 3178 2731 3217 se
2755 3161 3111 3226 submisisse,
3139 3160 3222 3213 vel
3256 3156 3535 3213 Subditum
3561 3155 3828 3210 Soleima-

2197 3232 2212 3251 ’
2249 3263 2334 3314 nis
2367 3257 2566 3312 factum
2597 3258 2902 3319 esse,sicut
2931 3251 3047 3322 ipsa
3078 3254 3241 3308 verba
3260 3246 3563 3305 Turcornm
3595 3257 3819 3303 sonant.

2248 3352 2373 3406 lbcc
2403 3345 2616 3406 scilicet
2674 3349 2763 3403 illa
2797 3349 3022 3403 libertas
3061 3354 3168 3411 est,
3207 3360 3370 3416 quam
3401 3359 3497 3398 ore
3543 3342 3820 3412 iactitant.

2245 3445 2338 3515 qui
2365 3438 2561 3498 Turcis
2593 3448 2766 3496 semet
2803 3439 3131 3509 adjungunt.
3167 3436 3405 3491 Fructus
3450 3444 3635 3489 autem
3666 3435 3822 3488 bella:

2247 3536 2601 3608 protet‘lionis
2628 3535 2792 3601 hujus
2817 3542 2872 3586 et
2901 3531 3191 3599 patrocinii
3226 3529 3469 3590 Turcici,
3505 3528 3672 3597 paulo
3697 3533 3823 3594 post

2245 3645 2307 3682 ex
2339 3627 2519 3695 capite
2548 3624 2676 3685 250.
2711 3636 2766 3679 et
2791 3623 2925 3695 ipsis
2969 3639 3032 3677 ex
3066 3620 3386 3686 annalibus,
3423 3619 3511 3673 ubi
3546 3619 3614 3673 de
3642 3626 3821 3670 morte

2245 3718 2472 3772 Joannis
2510 3726 2563 3770 et
2612 3715 2704 3767 lilii
2747 3716 3048 3781 matrisque
3080 3708 3641 3778 iuTraussylvauiam
3678 3707 3816 3760 rele-

2245 3807 2463 3873 gatione
2516 3815 2792 3866 narratur,
2825 3803 2945 3855 luce
2993 3799 3291 3854 meridiana
3339 3797 3546 3852 clarius
3583 3811 3819 3867 appare-

2247 3898 2381 3950 bunt
2409 3915 2422 3950 :
2461 3896 2700 3962 itemque
2729 3895 2796 3948 de
2826 3893 3218 3962 Supplementa
3253 3887 3541 3946 annalium
3599 3898 3817 3956 nostro,

2245 3987 2335 4042 ubi
2360 3987 2575 4041 tandem
2610 3986 2880 4049 videmus,
2929 3983 3203 4037 ambitiosi
3239 3983 3436 4053 patris,
3468 3991 3522 4037 ct
3555 3981 3817 4051 reipubli-

2243 4095 2322 4134 επ
2371 4077 2519 4134 noxii
2543 4078 2735 4141 lilium,
2764 4075 2980 4131 Arianae
3006 4084 3169 4131 secta!
3210 4085 3523 4143 patronum,
3547 4089 3669 4144 quae
3697 4072 3812 4126 Ma-

2244 4171 2559 4237 bumetanis
2592 4169 2738 4225 fores
2767 4167 2959 4235 aperit,
2991 4168 3110 4224 sine
3149 4166 3358 4231 liberis.
3395 4168 3450 4221 in
3481 4168 3602 4237 ipso
3637 4166 3815 4222 rotatis

2242 4264 2396 4326 flore,
2422 4262 2574 4333 justo
2606 4261 2699 4317 Dei
2727 4258 2960 4330 judicio.
2993 4260 3160 4316 rebus
3195 4259 3454 4314 humanis
3491 4252 3809 4328 exemptum

2241 4355 2430 4410 fuisse.
2460 4351 2658 4408 Notum
2687 4361 2846 4408 vetus
2897 4366 2962 4406 ac
2989 4350 3337 4406 verissimmn
3369 4347 3591 4419 quidem
3620 4364 3814 4405 oracu-

2241 4450 2352 4504 lum
2380 4448 2507 4502 illud
2538 4464 2554 4504 :

3273 4558 3581 4613 δυσσιῦέων
3626 4559 3672 4613 δ’
3720 4559 3781 4610 οὗ
3795 4601 3809 4615 .

2311 4671 2517 4725 Fausta
2549 4670 2757 4740 piorum
2786 4671 3092 4738 posteritas,
3138 4670 3381 4738 infausta
3435 4669 3735 4724 scelestum.

2237 4803 2366 4859 εει.
2407 4802 2657 4858 Viennam
2691 4805 2919 4856 Ausirim
2957 4803 3278 4857 Solcimmws
3312 4801 3546 4867 obsidet;
3574 4801 3830 4872 W’elschk

2691 4874 3040 4936 Vindaniaua,
3079 4874 3371 4929 Ostrilu'ou.

2317 4985 2489 5056 llujns
2519 4982 2822 5043 obsidionis
2857 4999 3050 5042 auctor
3097 4988 3391 5043 Suleitnani
3423 4985 3526 5043 fuit
3565 4988 3833 5045 Joamtt‘s.

2245 5078 2607 5147 Zapuliensis,
2635 5080 2808 5136 bustis
2827 5079 3248 5148 Germanorum,
3268 5097 3391 5135 cum
3415 5072 3644 5151 ngaris
3669 5084 3816 5141 suis.

2244 5186 2431 5241 parum
2482 5171 2656 5240 aequis
2695 5171 2899 5227 nationi
2940 5168 3078 5228 bene
3139 5170 3204 5227 de
3238 5189 3297 5227 se
3335 5168 3560 5227 meritae.
3593 5173 3702 5228 Nec
3753 5174 3809 5226 iu

2246 5265 2333 5318 illa
2361 5264 2604 5318 excitate
2634 5274 2733 5318 Sua
2768 5260 3053 5320 dementes
3085 5259 3510 5335 perspiciebant,
3553 5267 3597 5321 si
3632 5265 3808 5322 Sulci-

2246 5357 2389 5409 niani
2422 5350 2736 5410 iit-uissetiu
2767 5355 3055 5411 Germania
3083 5358 3269 5426 pedem
3299 5355 3462 5426 ligerc
3482 5359 3655 5430 (quod
3673 5374 3809 5412 sane

2245 5449 2537 5530 quominus
2563 5443 2735 5514 ﬁeret,
2772 5463 2866 5517 per
2902 5450 3049 5519 ipsos
3074 5465 3184 5503 non
3214 5452 3385 5515 stetit,
3422 5449 3542 5504 solo
3583 5451 3808 5519 benigni

2243 5539 2499 5595 Numinis
2525 5541 2710 5596 favore
2738 5551 2942 5610 pestem
2975 5543 3118 5594 illam
3151 5543 3351 5596 nostris
3380 5558 3406 5595 a
3433 5540 3630 5597 ﬁnibus
3653 5559 3810 5598 πνεῖ-ι

2246 5633 2440 5701 lente),
2469 5645 2574 5686 non
2602 5633 2778 5686 minus
2817 5627 3154 5703 Ungarorum
3181 5634 3479 5688 libertatem
3508 5647 3806 5704 oppressu-

2246 5739 2365 5778 rum
2409 5723 2579 5782 luisse
2631 5725 2947 5786 barbarum,
2985 5741 3148 5791 quam
3204 5734 3445 5779 ucstram
3483 5743 3499 5780 :
3532 5745 3561 5780 a
3618 5726 3800 5783 fronte

2244 5813 2451 5869 scilicet
2507 5822 2556 5870 ct
2591 5830 2619 5869 a
2645 5824 2796 5873 tergo
2845 5815 2950 5876 iatn
2994 5816 3126 5879 ipsis
3172 5815 3313 5869 intra
3351 5826 3503 5885 septa
3535 5832 3634 5871 sua
3663 5833 3799 5872 con-
