4228 6298
430 365 540 424 895

1623 365 1947 427 IOAN’NIS
1994 366 2448 425 LEUNKLAVH

3571 360 3673 423 896

430 475 618 530 clusis.
662 472 864 526 Vienna
905 471 1102 529 Turcis
1141 483 1225 529 est
1256 474 1502 531 Wetsch.
1559 475 1726 531 Vetus
1756 480 1995 546 appella-
2030 480 2073 537 Α
2102 477 2225 531 2’26.
2263 477 2490 542 Cor-one,
2534 477 2708 530 insttln
2742 464 2897 539 fluln.
2935 463 3141 540 Bodl-Ia,
3171 483 3339 542 capte
3380 491 3410 527 α
3457 477 3668 530 nostris.

433 569 508 618 tio
541 562 882 619 Vindomana
909 565 1110 636 legitur
1135 565 1187 621 in
1214 555 1416 621 Notitia
1445 569 1733 636 utriusque
1763 570 2000 637 imperii,

430 677 594 727 quam
614 660 864 729 equidem
886 662 1233 732 integriorem
1263 671 1414 732 puto.
1434 679 1595 732 quam
1619 663 1956 717 Vindolmnze
1986 683 1998 717 :

431 753 731 817 prmsertim
790 753 836 806 si
896 753 1071 808 divisa
1104 754 1286 807 littera
1326 753 1370 808 Μ
1411 755 1462 808 in
1513 754 1553 808 N
1597 764 1652 809 et
1704 755 1750 819 l,
1786 757 2002 810 dicatur

433 841 819 898 Vindoniana:
879 845 1022 897 sicut
1053 844 1233 898 obiter
1291 846 1547 914 superius
1601 848 1766 900 etiam
1823 847 2003 915 capite

435 935 611 996 primo
649 936 1132 991 commentationis
1164 935 1330 1006 hujus
1355 937 1747 993 indicavimus.
1774 938 2004 1008 Regioni

436 1042 632 1080 nomen
663 1041 770 1082 non
803 1027 872 1080 ab
903 1035 1092 1082 austro
1127 1027 1335 1091 datum.
1365 1028 1512 1097 quod
1545 1028 1612 1082 ab
1647 1029 1852 1084 austris
1888 1043 2006 1096 pcr-

435 1120 550 1173 t‘lari
579 1121 776 1175 crebro
793 1119 981 1185 soleat,
1007 1129 1066 1174 ut
1094 1119 1291 1175 Lazius
1318 1122 1562 1192 scripsit,
1596 1123 1691 1177 sed
1723 1122 1790 1176 ab
1821 1122 2003 1178 orien-

440 1213 532 1265 tali
561 1212 691 1277 situ,
719 1221 969 1282 respectu
994 1213 1220 1282 reliqua:
1249 1212 1576 1277 Germanite,
1604 1214 1688 1268 vel
1715 1228 1745 1268 e
1773 1223 2006 1283 praetore

437 1303 660 1357 Grmcire
722 1313 914 1358 nostro
968 1312 1146 1374 paret,
1207 1304 1301 1374 qui
1359 1303 1565 1359 Graecis
1595 1304 1876 1374 ὀστρίκιον
1905 1320 2007 1360 suo

440 1410 660 1461 quoque
685 1401 933 1463 tempore
986 1397 1188 1449 dictam
1230 1395 1492 1452 ostendit.
1525 1396 1582 1450 ιιι
1625 1397 1769 1450 enim
1807 1411 2006 1451 nomen

443 1483 686 1548 llstrich,
725 1485 811 1540 vel
845 1483 1165 1551 Ost-Reich,
1187 1487 1475 1542 Germanis
1497 1487 1823 1557 simpliciter
1851 1495 2008 1539 sonat

443 1594 669 1648 regnum
703 1580 954 1644 orientis,
975 1580 1058 1635 vel
1092 1581 1158 1634 ad
1192 1583 1462 1636 orientem
1497 1584 1687 1638 situm.
1728 1582 1883 1648 Quod
1915 1581 2010 1637 fri-

445 1670 595 1738 goris
637 1671 690 1725 vi
741 1681 968 1726 narrant
1006 1671 1170 1728 Turci
1215 1673 1577 1728 Soleimanem
1616 1674 1686 1728 ab
1725 1675 2008 1728 obsidione

442 1761 725 1817 discedere
753 1774 1029 1828 coactum,
1062 1765 1360 1820 excusandi
1385 1768 1591 1821 sultaui
1638 1769 1720 1822 sui
1753 1782 2008 1822 suorum-

443 1869 550 1922 que
599 1869 765 1910 causa
823 1854 1053 1911 faciunt.
1080 1857 1292 1925 Quippe
1330 1867 1550 1914 constat
1595 1857 1805 1915 Turcos
1839 1861 2006 1914 vicies

446 1961 631 1999 muros
664 1947 818 2002 urbis
846 1947 1106 2012 subiisse.
1165 1950 1336 2006 vicies
1391 1965 1421 2004 a
1476 1951 1749 2005 manibus
1805 1953 2008 2005 virtute

443 2044 905 2105 propugnatorum
961 2039 1132 2094 fuisse
1187 2042 1457 2110 repulsos.
1488 2043 1736 2110 adeoque
1787 2043 2006 2096 tandem

444 2125 665 2182 frameis
686 2127 811 2184 licet
837 2143 899 2183 ac
933 2131 1171 2186 fustibus
1193 2133 1473 2192 adhibitis.
1493 2133 1710 2202 adigere
1742 2149 1872 2188 suos
1898 2148 2008 2186 am-

447 2217 589 2284 plius
625 2219 694 2274 ad
752 2223 1210 2292 oppugnationem
1264 2225 1739 2296 redintegrandam
1775 2226 1920 2280 nulla
1961 2226 2008 2277 vi

446 2309 708 2376 potuisse.
747 2311 886 2368 lliue
926 2314 1079 2370 urbis
1113 2317 1392 2386 rapienda:
1413 2317 1722 2385 desperatio
1751 2317 2011 2372 Soleima-

447 2399 533 2454 nis
567 2402 812 2459 animum
851 2405 1047 2467 subiit.
1070 2416 1124 2459 ut
1159 2414 1389 2476 apparet
1430 2423 1494 2462 ex
1531 2407 1648 2478 ipsa
1685 2405 2014 2461 Viennensis

443 2490 642 2544 obsidii
671 2492 1062 2565 descriptione.
1082 2497 1260 2566 Carpit
1285 2499 1339 2553 in
1364 2513 1569 2554 morem
1589 2498 1728 2566 fuga:
1745 2497 2010 2554 Soleima-

447 2596 544 2635 nes
571 2582 796 2651 reliquis
815 2597 938 2640 cum
959 2588 1134 2656 copiis
1151 2587 1466 2655 abscedere,
1481 2590 1572 2644 die
1587 2590 1798 2644 decimo
1817 2597 2014 2659 quarto

450 2673 724 2742 Oi-tobris,
749 2693 896 2734 anno
915 2678 1231 2734 Christiano
1254 2681 1548 2735 millesimo
1571 2681 2014 2750 quingentesimo

446 2769 710 2824 \iccsimo
749 2786 920 2826 nono.
974 2773 1322 2830 Atmindanis
1357 2787 1579 2836 nomen.
1619 2775 1775 2844 cujus
1811 2773 2015 2828 mentio

446 2861 712 2928 sequitur,
738 2864 1094 2933 exposuimus
1123 2879 1310 2934 supra,
1331 2866 1511 2934 capite
1539 2866 1663 2921 130.

447 2976 571 3049 εεξ.
616 2978 796 3049 Altera
837 2976 1154 3049 Soleimanis
1197 2989 1379 3035 contra
1411 2979 1702 3036 Germanos
1733 2981 2014 3049 expeditio.

520 3046 695 3121 {iason
716 3045 1022 3121 Michalogli
1047 3067 1163 3102 cum
1184 3052 1293 3104 suis
1316 3069 1346 3104 a
1369 3050 1636 3105 Friderico
1655 3045 1889 3121 principe
1914 3051 2018 3105 Pa-

524 3118 690 3170 latino
719 3134 915 3183 cursus;
944 3119 1314 3175 Palatinarum
1335 3123 1388 3176 in
1415 3118 1785 3190 rempublicam
1807 3118 2014 3177 merita.

524 3229 840 3299 Intelligunt
888 3233 1116 3288 annales
1174 3233 1396 3303 Hispani
1433 3235 1650 3288 nomine
1682 3235 1939 3290 Karulum
1975 3234 2013 3288 V

452 3323 778 3389 Angustum,
817 3325 1196 3393 Hispaniarum
1243 3342 1422 3396 regem
1457 3345 1471 3382 :
1507 3345 1668 3397 quem
1707 3330 2016 3398 imperato-

454 3429 564 3465 rem
601 3415 967 3468 llomanorum
997 3417 1214 3470 inﬁtiari
1241 3418 1452 3472 solebat
1480 3420 1840 3482 Soleimanes,
1871 3424 2017 3487 quod

453 3523 511 3558 se
536 3505 656 3559 belli
686 3505 807 3571 jure
825 3521 1196 3562 successorem
1216 3507 1560 3564 Constantini
1585 3513 1759 3580 magni
1787 3513 2018 3571 diceret.

453 3597 544 3663 qui
583 3608 690 3648 tam
730 3598 1238 3667 Occidentis,quam
1267 3601 1527 3668 (trientis,
1560 3602 1752 3657 fuisset
1783 3604 2020 3671 impera-

457 3696 562 3740 tur.
618 3687 846 3741 Casanis
891 3689 1230 3759 Michal0glis
1281 3706 1478 3745 nomen
1529 3693 1670 3759 apud
1723 3692 2020 3756 Soiterum,

457 3780 548 3846 qui
603 3796 668 3832 ex
728 3785 933 3835 nostris
985 3783 1088 3838 hoc
1149 3784 1352 3838 bellum
1407 3784 1685 3853 eleganter
1748 3785 2020 3854 ascripsit,

457 3886 565 3924 non
597 3871 812 3941 legitur.
854 3872 1102 3929 Vaivodze
1137 3875 1448 3942 appellatio.
1491 3891 1610 3941 quze
1657 3876 1859 3930 Casani
1927 3877 2023 3929 tri-

461 3961 669 4023 buitur.
715 3964 1056 4032 capitaneum
1118 3967 1416 4032 signiﬁcat.
1475 3965 1668 4020 Ctesns
1719 3980 1842 4017 cum
1904 3966 2025 4018 suis

461 4055 802 4107 memorabili
827 4055 979 4110 clade
1008 4055 1110 4109 fuit
1135 4072 1161 4108 a
1183 4056 1461 4110 Friderico
1493 4059 1740 4126 print-ipe
1767 4057 2025 4110 Palatino

466 4143 758 4208 llhencnsi,
792 4146 1118 4199 auxiliorum
1172 4147 1384 4218 imperii
1421 4164 1678 4215 supremo
1738 4149 1896 4211 duce.
1931 4151 2021 4218 qui

467 4245 584 4300 post
617 4238 990 4304 srptemvirali
1015 4238 1278 4308 dignitate
1304 4238 1539 4308 fulgens.
1562 4239 1721 4311 491
1755 4241 2024 4294 lionorata

461 4328 719 4393 gravique
776 4340 998 4380 senecta
1055 4331 1220 4380 vitam
1277 4329 1330 4381 in
1388 4331 1551 4381 terris
1590 4335 1788 4384 clausit.
1844 4347 2021 4383 suam.

462 4417 823 4475 Sercnissima
870 4434 1003 4473 sane
1056 4420 1433 4475 Palatinorum
1470 4422 1776 4490 principum
1825 4422 2024 4475 familia

2179 569 2254 624 De
2289 570 2504 624 Corone
2534 569 2739 623 dictum
2771 585 2891 638 cap.
2930 568 3052 623 177.
3084 566 3266 623 Insula
3319 567 3474 631 llalu.
3523 567 3673 623 locus

2110 671 2190 712 est
2226 661 2292 715 ad
2327 662 2500 730 ipsam
2532 660 2809 725 Coronen,
2840 661 3011 717 littori
3039 662 3344 731 proximus.
3391 674 3550 730 quem
3589 660 3674 714 in-

2107 752 2522 817 coluntGrazci,
2576 752 2778 806 Turcis
2835 751 3291 808 inhabitantibus.
3321 749 3458 805 Hinc
3517 749 3676 803 intel-

2110 847 2197 915 ligi
2232 857 2431 914 potest.
2459 847 2604 916 quod
2646 844 2789 915 apud
2833 844 3098 900 Ortclium
3148 843 3398 912 legimus.
3426 841 3676 896 Coronen

2109 938 2163 990 in
2214 937 2484 992 Messenia
2542 935 2930 1006 Peloponnesi.
2982 934 3259 1004 Sophiano
3318 932 3426 988 dici
3472 931 3676 993 Coron.

2112 1029 2277 1083 Mario
2313 1027 2475 1098 Nigro
2501 1027 2638 1082 Nisi.
2666 1028 2878 1096 Quippe
2907 1025 3035 1096 νησῑ
3086 1024 3293 1080 (ιι-κείς
3326 1023 3562 1079 insulam
3603 1023 3679 1076 si-

2111 1119 2352 1188 gniﬁcat.
2408 1119 2728 1189 integreque
2756 1119 2859 1172 dici
2916 1116 3152 1172 debebat
3213 1116 3423 1184 νησίον.
3463 1115 3540 1168 Ac
3581 1114 3677 1167 toti

2113 1227 2312 1268 nomen
2356 1211 2478 1264 urbi
2511 1225 2540 1263 a
2570 1218 2726 1280 patre
2767 1208 2934 1280 Niger
2963 1207 3134 1262 dedit.
3167 1205 3340 1260 Badra
3377 1203 3576 1259 Turcis
3604 1205 3681 1258 ef-

2113 1306 2286 1360 fertur
2307 1303 2667 1370 Peloponnesi
2692 1303 2858 1356 urbs:
2887 1299 3150 1354 Patrasso
3166 1307 3364 1352 vocant
3387 1296 3505 1353 Itali
3533 1317 3544 1350 :
3578 1297 3681 1352 ιιι-

2111 1405 2208 1452 tm:
2241 1399 2516 1466 quondam
2570 1395 2780 1452 Graecis
2835 1407 3065 1450 nmnero
3091 1393 3456 1449 multitudinis
3502 1404 3682 1446 enun-

2113 1492 2373 1546 tiabatur.

2343 1582 2470 1637 927.
2515 1582 2805 1635 Chairadin
2847 1580 3197 1642 Barbarossa.
3247 1575 3450 1633 σκιήν.

2183 1673 2472 1730 Notionem
2497 1675 2747 1730 vocabuli
2779 1673 3072 1726 Chairadin
3102 1672 3280 1740 capite
3311 1670 3380 1725 36
3412 1669 3680 1724 dedimus.

2113 1770 2214 1822 Hic
2276 1770 2423 1823 nulla
2465 1769 2524 1824 ﬁt
2586 1766 2840 1823 lloruccii
2905 1767 3109 1820 mentio
3165 1772 3480 1833 propterea.
3535 1763 3683 1830 quod

2113 1862 2338 1932 perierit
2380 1869 2509 1916 ante
2585 1875 2748 1928 quam
2790 1873 2890 1928 pro
2941 1856 3137 1913 Turcis
3196 1855 3401 1925 aliquid
3454 1855 3685 1922 insignis

2112 1953 2190 2005 rei
2234 1952 2518 2021 gessisset,
2573 1950 2804 2020 privatis
2836 1955 3126 2003 contentus
3153 1946 3480 2002 commodis.
3514 1945 3685 2013 Ilajor

2113 2045 2159 2098 ἧς
2197 2052 2327 2098 natu
2398 2043 2568 2098 frater
2617 2040 2991 2103 Chairadinis,
3045 2039 3150 2095 sub
3201 2039 3528 2107 archipirata
3578 2037 3684 2092 Ke-

2114 2137 2254 2188 male
2277 2150 2478 2189 nomen
2502 2142 2556 2191 et
2601 2149 2714 2188 rem
2768 2140 3102 2188 consecutus
3143 2145 3175 2186 e
3221 2131 3475 2200 piratica,
3532 2130 3673 2185 Seli-

2121 2242 2259 2279 mem
2295 2225 2550 2285 Arabem.
2582 2225 2735 2295 regni
2789 2207 3126 2294 A'lgeriensis
3153 2222 3450 2289 heredem,
3486 2225 3570 2278 cui
3609 2239 3690 2278 ro-

2117 2329 2273 2386 gntus
2329 2320 2614 2388 suppetias
2673 2317 2896 2381 tulerat.
2939 2332 3037 2386 per
3092 2314 3325 2372 insidias
3377 2315 3431 2370 in
3489 2317 3685 2370 balneo

2118 2412 2351 2474 necavit,
2383 2418 2438 2464 et
2464 2411 2656 2466 urbem
2682 2427 2804 2466 cum
2836 2423 3007 2480 regno
3036 2410 3138 2464 sibi
3172 2425 3272 2481 per
3291 2411 3400 2464 vim
3427 2413 3686 2467 asseruit.

2118 2501 2405 2557 Exstincto
2438 2503 2639 2557 deinde
2670 2501 2962 2564 lloruccio.
2990 2499 3149 2570 cujus
3190 2501 3470 2556 interitum
3496 2501 3689 2558 JOvins

2118 2593 2436 2664 descripsit.
2469 2597 2824 2651 Chairadines
2858 2596 3052 2660 frater,
3083 2606 3138 2650 et
3173 2595 3289 2665 ipse
3326 2595 3501 2665 pirata
3539 2597 3690 2651 nobi-

2119 2685 2208 2747 lis,
2263 2685 2317 2738 in
2375 2686 2725 2754 possessione
2789 2687 2941 2753 regni
3005 2685 3319 2750 successit,
3362 2685 3691 2755 tandemque

2119 2773 2420 2828 Soleimani
2488 2774 2666 2830 factus
2723 2776 2883 2846 longe
2935 2774 3324 2837 cltarissimns.
3381 2790 3445 2830 ea
3499 2778 3689 2844 gessit,

2119 2881 2242 2935 quae
2265 2867 2521 2936 deinceps
2557 2868 2612 2920 in
2649 2867 2946 2921 annalibus
2998 2876 3370 2936 exponuntur.
3418 2867 3493 2920 Ad
3545 2869 3693 2923 hunc

2125 2973 2222 3028 per
2253 2973 2498 3014 errorem
2535 2959 2719 3013 omnia
2756 2958 3075 3014 referuntur
3100 2958 3210 3024 hic,
3247 2959 3316 3014 de
3365 2966 3520 3029 capta
3557 2975 3692 3028 prir-

2122 3052 2310 3105 serlim
2341 3052 2596 3113 Cesairc.
2630 3067 2752 3118 qua:
2783 3067 2810 3104 a
2847 3051 3036 3115 fratre,
3098 3051 3226 3106 dum
3262 3052 3488 3114 viveret.
3541 3062 3690 3119 gesta

2126 3141 2359 3196 fuerant.
2415 3142 2605 3197 Cesair
2659 3141 2932 3196 Numidiae
3000 3144 3361 3210 metropolis.
3417 3142 3690 3210 Alget-inm

2127 3234 2291 3304 vulgo
2320 3233 2547 3288 dicitur.
2571 3233 2774 3288 Priscis
2812 3240 2929 3288 erat
2962 3231 3104 3286 Julia
3131 3233 3401 3288 Cmsarea.
3454 3232 3692 3286 Nicolai-

2126 3327 2225 3380 des
2279 3341 2307 3380 a
2337 3326 2547 3380 Mauris
2595 3324 2810 3389 Gezeir,
2842 3323 3116 3380 Arabibus
3151 3324 3402 3394 Elgezair
3447 3324 3555 3378 dici
3601 3340 3698 3391 pu-

2131 3430 2229 3481 tat.
2267 3418 2491 3473 nomine
2529 3417 2875 3487 signiﬁcante
2921 3417 3185 3477 insulam,
3228 3426 3457 3485 propter
3507 3417 3690 3469 Balea-

2129 3512 2271 3564 rium
2301 3519 2355 3564 et
2378 3509 2607 3563 aliarum
2631 3508 2934 3562 insularum
2961 3507 3243 3568 viciniam.
3270 3521 3401 3561 sane
3427 3506 3693 3560 ridicule:

2129 3619 2252 3657 cum
2292 3611 2584 3670 utrumque
2614 3599 2682 3654 sit
2737 3597 2906 3665 idem,
2935 3599 3037 3653 nisi
3096 3599 3240 3667 quod
3278 3599 3432 3653 alteri
3481 3597 3699 3651 additus

2129 3703 2212 3746 est
2260 3708 2325 3747 st.
2368 3691 2454 3746 vel
2511 3707 2577 3745 Αι.
2627 3689 2892 3746 articulus
2945 3689 3252 3755 Arabicus,
3305 3698 3359 3743 et
3410 3697 3701 3755 utrumque

2132 3791 2454 3852 corruptum
2483 3782 2556 3837 sit
2584 3796 2648 3836 cx
2690 3781 2939 3836 Caesarea
2959 3821 2974 3842 .
3001 3780 3144 3837 sicut
3170 3789 3224 3834 et
3257 3779 3466 3836 Cesair.
3499 3777 3699 3833 Barba-

2134 3879 2266 3928 riam
2320 3875 2500 3929 vocari
2551 3874 2884 3928 maritimam
2930 3871 3172 3927 Africam
3201 3913 3216 3935 .
3263 3873 3421 3927 initio
3471 3870 3701 3941 Supple-

2134 3967 2301 4019 menti
2364 3966 2660 4019 Annalium
2735 3963 2913 4018 nostri
2993 3963 3332 4018 monuimus.
3396 3965 3698 4032 Asprornm

2133 4059 2461 4127 quadragies
2494 4065 2714 4112 centum
2769 4055 2941 4110 millia
2973 4053 3183 4109 faciunt
3246 4063 3470 4110 centum
3533 4055 3697 4107 millia

2133 4151 2492 4212 tlmterorum,
2523 4147 2700 4216 pretio
2725 4145 2918 4200 thaleri
2959 4145 3123 4200 unius
3140 4146 3205 4199 ad
3231 4144 3588 4214 quadraginta
3621 4160 3700 4198 as-

2135 4257 2262 4309 pros
2290 4248 2572 4302 revocato,
2601 4237 2746 4292 sicut
2773 4246 3054 4290 ostensum
3083 4245 3168 4290 est
3198 4236 3378 4305 capite
3405 4236 3491 4290 l8.

2133 4355 2258 4407 22.8.
2296 4351 2492 4422 Ofﬁcia
2523 4351 2701 4405 Porta:
2740 4348 3042 4472 Osntaniordte
3075 4350 3364 4416 pt'wcipua,
3400 4348 3704 4416 cujusmodi

2754 4431 2876 4472 sum
2929 4439 2944 4470 ι
3019 4435 3085 4472 ιε.

2754 4431 2876 4473 sunt
2915 4431 3085 4473 Ιιοαιε.

463 4519 570 4562 tam
609 4511 902 4579 superiori,
929 4528 1091 4581 quam
1121 4515 1223 4567 hoc
1243 4523 1434 4567 contra
1456 4514 1818 4569 Soleimanem
1863 4515 2026 4580 bello,
2059 4524 2111 4583 ι)
2206 4515 2389 4576 Prius.
2428 4529 2591 4582 quam
2620 4512 2949 4566 accedamus
2978 4511 3044 4564 ad
3072 4509 3494 4578 explicationem
3525 4507 3705 4569 ofﬁcii.

466 4602 751 4668 pet-utilem
817 4603 1110 4656 immortali
1167 4618 1288 4657 cum
1341 4604 1501 4657 laude
1554 4619 1651 4658 sua
1715 4604 2029 4672 reipublicae

463 4692 790 4746 Christiana:
819 4695 1036 4747 navavit
1084 4707 1306 4762 Operam
1341 4710 1356 4748 :
1390 4710 1515 4748 cum
1559 4697 1786 4751 obsessa
1817 4694 2028 4750 Vienna

469 4784 774 4853 Philippus,
798 4800 828 4838 e
860 4785 1126 4841 Friderici
1150 4787 1314 4841 fratre
1338 4787 1584 4856 Ruperto
1615 4799 1800 4853 natus,
1827 4790 1882 4842 in
1912 4791 2033 4844 loco

463 4875 598 4934 nihil
629 4876 681 4929 id
726 4880 986 4946 temporis
1009 4880 1243 4943 munito,
1281 4887 1474 4933 contra
1519 4885 1628 4934 vim
1666 4881 2032 4950 petentissimi

467 4964 640 5018 hostis
673 4965 1046 5031 defendendo.
1093 4985 1253 5022 suum
1303 4985 1400 5038 pro
1429 4971 1604 5025 salute
1635 4972 1827 5040 patriae
1872 4984 2034 5041 caput

467 5056 757 5111 devoveret
782 5081 794 5112 :
822 5057 1013 5114 Frider
1037 5076 1134 5115 cus
1156 5071 1210 5117 et
1238 5062 1559 5133 Wolfangus
1583 5066 1778 5120 fratres
1812 5067 2036 5123 Cremb-

471 5151 558 5211 sii,
587 5151 653 5205 ad
681 5151 952 5207 decimum
990 5168 1020 5207 a
1049 5153 1257 5209 Vienna
1291 5158 1552 5226 lapidem,
1610 5175 1734 5213 cum
1771 5162 1944 5228 copiis
1983 5162 2036 5213 in

472 5255 688 5297 omnem
724 5243 863 5298 bene
882 5247 1132 5315 gerenda!
1157 5249 1233 5303 rei
1257 5250 1604 5306 occasionem
1637 5255 1828 5306 intenti
1858 5254 2041 5307 subsi-

473 5342 713 5400 sterent,
773 5351 837 5392 ac
900 5354 1047 5394 nunc
1103 5340 1314 5396 demum
1374 5357 1518 5398 anno
1569 5347 1735 5398 tertio
1780 5344 2041 5398 redeunte

472 5423 800 5496 Saleimane.
825 5433 1033 5501 primus
1065 5433 1379 5488 Fridericus
1413 5437 1475 5488 ad
1505 5434 1901 5490 defendendam
1929 5435 2038 5488 Au-

474 5525 664 5579 striatn
697 5527 997 5593 advolaret,
1027 5537 1082 5582 et
1106 5540 1330 5598 paratus
1358 5529 1474 5596 ipse
1506 5527 1775 5582 Barbaros
1808 5527 2041 5596 impara-

477 5633 562 5677 tos
596 5633 648 5677 et
685 5623 1055 5694 imprudentes
1091 5623 1392 5684 invaderet,
1424 5620 1676 5683 caederet.
1711 5619 2039 5688 prolligaret.

482 5714 666 5769 Hosris
711 5715 929 5783 quidem
961 5715 1223 5784 elogium.
1258 5715 1321 5768 de
1353 5727 1496 5766 caeso
1526 5712 1593 5766 ab
1629 5710 1911 5763 Alamanis
1941 5709 2042 5762 Cu-

479 5819 609 5861 Sane
647 5807 974 5878 Michalogli,
1000 5808 1065 5862 ad
1092 5806 1255 5876 hujus
1288 5805 1505 5860 familiae
1544 5803 1754 5858 laudem
1783 5802 2036 5871 pertinet.

2135 4609 2280 4677 quod
2310 4607 2674 4662 Chairadines
2703 4604 2790 4658 hic
2814 4610 3146 4657 consecutus
3175 4600 3434 4663 traditur.
3465 4599 3708 4665 supremi

2134 4699 2386 4754 videlicet
2439 4695 2745 4767 beglerbegi
2775 4693 2982 4758 maris,
3034 4705 3146 4746 uno
3197 4691 3416 4745 tandem
3472 4688 3711 4757 comple-

2137 4804 2352 4846 ctamur
2373 4789 2498 4845 loco
2526 4788 2697 4842 totius
2731 4785 2890 4852 aulze,
2921 4783 3007 4838 vel
3034 4781 3212 4838 Porta!
3241 4781 3423 4852 potius
3457 4777 3706 4835 Osmani-

2139 4898 2218 4937 cre
2246 4883 2428 4937 ofﬁcia
2461 4881 2764 4948 praecipua,
2803 4877 3080 4946 rebusque
3130 4873 3383 4930 Turcicis
3433 4872 3708 4941 explican-

2137 4974 2223 5028 dis
2255 4981 2309 5025 et
2343 4969 2712 5040 intelligendis
2743 4967 3078 5022 necessaria.

2209 5061 2452 5116 Primum
2487 5060 2601 5112 haec
2627 5057 2757 5113 sciri
2785 5065 3002 5126 oportet
3033 5069 3154 5111 esse
3195 5053 3367 5107 duum
3424 5051 3584 5120 plane
3619 5065 3712 5118 ge-

2139 5167 2356 5212 nerum.
2415 5148 2541 5203 aliis
2599 5148 2742 5202 intra
2777 5147 3020 5202 saraium
3083 5144 3363 5212 deputatis
3427 5142 3715 5212 ipsiusmet

2141 5243 2343 5299 sultani
2381 5239 2730 5301 ministeriis.
2759 5253 2825 5292 ac
2859 5252 3055 5293 rursus
3093 5237 3219 5291 aliis
3255 5243 3418 5290 extra
3469 5233 3710 5290 saraium

2143 5350 2243 5389 sua
2288 5333 2620 5389 abeuntibus
2656 5344 2905 5383 munera.

2397 5423 2550 5476 Intra
2591 5422 2828 5475 saraium
2857 5417 2911 5471 hi
2940 5419 3152 5472 sultano
3179 5419 3409 5472 serviunt
3435 5432 3453 5470 :

2215 5517 2347 5583 Capi
2380 5514 2516 5581 Aga.
2548 5513 2630 5567 vel
2664 5512 2794 5581 Capi
2826 5510 3011 5579 Agasi.
3056 5508 3358 5564 Prmfcctus
3409 5515 3504 5563 aut
3550 5507 3714 5576 Capi-

2151 5620 2346 5662 taneus
2393 5605 2588 5658 Porta).

2218 5699 2331 5753 Oda
2369 5697 2545 5759 Bassi.
2580 5694 2954 5748 cubicularius
2990 5695 3257 5746 maximus
3326 5703 3380 5745 et
3428 5690 3711 5760 pra‘fectUs

2151 5792 2443 5863 ltzoglanis
2476 5791 2639 5844 saraii
2699 5787 3090 5842 Adolescentes
3116 5793 3266 5840 sunt.
3303 5785 3390 5853 qui
3444 5785 3507 5837 ah
3537 5783 3709 5836 a'tatis
