4228 6298
610 249 713 312 897

606 457 831 511 aluntur
862 466 916 513 et
953 457 1259 515 educantur
1293 463 1437 516 intra
1470 467 1739 530 sarainm,
1799 467 2054 532 varieque
2084 483 2180 535 pro

610 548 795 603 indole
831 565 928 605 sua
964 552 1353 621 instituuntur,
1392 558 1700 626 praesertim
1759 566 1822 612 ut
1875 558 2053 625 legere
2097 561 2180 611 di-

608 652 792 707 scant,
819 653 874 698 et
905 646 1170 712 scribere,
1199 657 1253 703 et
1280 649 1534 719 jaculari,
1563 662 1617 705 et
1636 649 1885 720 equitare
1910 689 1925 716 ,
1969 654 2179 723 legunt-

603 746 714 803 que
739 733 1251 794 Mahumetanarum
1279 756 1554 797 summam
1601 742 1928 812 percipiant.

674 823 998 882 Chasuadar
1025 829 1194 885 bassi.
1227 829 1635 888 Thesaurarius
1671 831 1965 887 maximus.

681 918 909 974 Kilertzi
951 921 1123 976 bassi.
1154 920 1516 994 Dispensator
1547 925 1846 979 maximus.

680 1010 838 1067 Serai
871 1012 977 1069 Dar
1029 1015 1218 1086 Agasi,
1250 1016 1334 1072 vel
1362 1017 1519 1073 Serai
1549 1017 1724 1074 bassi.
1755 1019 2060 1089 Supremns
2092 1036 2180 1074 sa-

605 1104 707 1156 raii
748 1105 1062 1173 praefectus,
1096 1110 1320 1164 absente
1347 1111 1593 1169 snltano.

680 1195 747 1249 Et
779 1197 830 1248 lti
863 1198 1087 1268 quidem
1114 1216 1306 1259 omnes
1340 1205 1611 1269 spaddnes
1643 1207 1725 1259 vel
1767 1209 1991 1264 castrati
2029 1218 2178 1273 sunt,

610 1301 677 1341 ac
708 1289 907 1357 singuli
947 1292 1051 1346 sub
1114 1309 1173 1347 se
1198 1293 1385 1364 plures
1444 1297 1603 1361 alios,
1663 1298 1848 1354 itidem
1909 1313 2181 1357 castratos

609 1380 692 1434 vel
728 1385 1034 1449 eunuchos,
1084 1386 1308 1441 habent.

681 1475 1000 1533 Secundum
1030 1478 1151 1542 hos,
1183 1487 1296 1536 tres
1324 1480 1378 1534 in
1405 1481 1597 1550 primis
1621 1482 1998 1540 adolescentes
2031 1495 2179 1553 sunt,

610 1570 788 1639 ipsius
841 1571 1049 1625 sultani
1109 1571 1435 1627 ministeriis
1487 1573 1884 1640 inscrvientes,
1941 1592 2178 1644 quorum

606 1662 722 1718 hac
754 1664 979 1716 nomina
1005 1677 1020 1715 :

679 1753 960 1820 Silichtar,
999 1754 1096 1824 qui
1123 1769 1338 1824 arcum,
1366 1755 1618 1825 sagittas,
1654 1772 1807 1811 arma
1839 1766 2036 1812 castera
2065 1759 2178 1813 sul-
2211 1770 2251 1824 Β

604 1847 716 1900 tani
762 1856 972 1916 portat.

678 1936 969 1993 Tzobadar
1002 1977 1018 2003 ,
1065 1939 1163 2009 qui
1217 1940 1452 1995 vestium
1505 1943 1706 1996 sultani
1767 1956 1955 1997 curam
2016 1942 2173 2012 gerit,

600 2030 833 2102 ejusque
867 2031 1314 2100 scaramangium
1350 2036 1564 2100 portat,
1600 2031 1671 2088 ad
1728 2033 2020 2086 arcendam
2057 2033 2178 2099 plu-

602 2126 743 2179 viam
778 2123 1006 2179 factum.
1054 2122 1132 2181 De
1166 2123 1270 2180 hoc
1320 2123 1534 2195 plenius
1592 2125 1801 2179 dictum
1849 2124 2175 2194 capite199.

676 2214 927 2284 Kiuptar,
960 2214 1052 2270 cui
1084 2223 1248 2285 potus
1279 2215 1484 2271 sultani
1539 2215 1958 2270 commendatus
1987 2225 2091 2280 est,
2125 2224 2178 2270 et

602 2308 696 2379 qui
720 2321 938 2376 semper
974 2321 1142 2377 eques
1182 2305 1345 2361 etiam
1399 2319 1497 2376 pro
1547 2304 1764 2361 snltano
1818 2305 1925 2360 fert
1978 2321 2175 2377 aquam

603 2415 789 2456 secum
823 2399 876 2453 in
903 2400 1112 2470 lagena.

681 2494 929 2549 Pertinet
961 2493 1071 2550 huc
1098 2492 1288 2558 etiam,
1322 2495 1375 2548 id
1407 2502 1511 2558 est,
1559 2491 1799 2547 refertur
1823 2492 1965 2545 inter
1997 2492 2178 2545 ofﬁcia

604 2586 797 2648 saraii,
825 2584 1090 2655 Bostangi
1127 2586 1302 2648 bassi,
1348 2583 1641 2654 praefectus
1673 2583 1985 2639 hortulanis
2018 2601 2030 2636 :
2088 2583 2176 2638 cui

605 2681 943 2735 delectorum
976 2693 1006 2733 e
1041 2678 1486 2733 Christianorum
1521 2675 1710 2732 liberis
1759 2675 2178 2747 Atzamoglano-

607 2789 727 2828 rtttn
759 2787 926 2843 supra
960 2780 1200 2842 quatuor
1229 2771 1398 2824 millia
1432 2778 1646 2840 parent.

682 2865 826 2920 Sunt
858 2872 1043 2920 autem
1078 2863 1164 2918 Itis
1191 2863 1452 2919 omnibus
1489 2861 1574 2917 sui
1599 2871 1706 2916 tam
1739 2862 1955 2928 vicarii,
2011 2877 2177 2933 quam

605 2958 700 3013 alii
727 2955 995 3013 ofﬁciales
1022 2954 1299 3020 attributi,
1326 2955 1422 3025 qui
1460 2968 1561 3024 pro
1607 2955 1836 3024 antiquo
1873 2967 2026 3010 more
2057 2970 2180 3025 gra-

601 3047 770 3103 datim
806 3046 875 3100 ad
921 3045 1223 3117 dignitates
1284 3059 1570 3114 supremas
1627 3043 1794 3117 ‘92
1850 3046 2173 3100 ascendunt.

601 3138 917 3194 lnserviunt
958 3146 1141 3193 autem
1181 3137 1439 3192 recensiti
1476 3137 1742 3192 hactenus
1792 3135 1896 3206 ipsi
1957 3137 2178 3191 snltano

605 3234 746 3286 intra
778 3229 1042 3298 saraium,
1097 3243 1163 3284 ac
1197 3226 1469 3298 siquidem
1504 3241 1673 3298 eques
1694 3243 1724 3282 e
1767 3227 1947 3283 saraio
1976 3227 2177 3296 prodit,

603 3337 794 3378 omnes
843 3337 967 3376 eum
997 3321 1379 3386 comitantur;
1441 3317 1527 3374 sin
1557 3318 1744 3387 aliquo
1777 3331 1836 3371 se
1869 3318 2008 3371 mari
2044 3331 2181 3372 con-

604 3416 729 3480 fert,
771 3415 889 3485 ipse
926 3411 1215 3483 Bostangis
1250 3413 1412 3467 bassa
1440 3412 1658 3465 clavum
1691 3408 1877 3473 eaicae,
1918 3409 2032 3465 sive
2067 3424 2179 3464 na-

607 3507 757 3577 vigii,
789 3521 900 3577 quo
931 3507 1185 3561 sultanus
1212 3504 1453 3566 vehitur,
1488 3511 1634 3558 tenet
1678 3518 1742 3558 ac
1781 3503 2070 3572 gubernat.

671 3596 751 3650 Ad
779 3595 1020 3651 saraium
1047 3608 1266 3665 quoque
1285 3595 1564 3662 pertinent
1592 3593 1670 3661 hi,
1707 3606 1937 3664 quorum
1963 3591 2180 3648 nomina

604 3702 944 3759 sequuntur:

676 3777 1010 3848 Zeschnegir
1037 3777 1213 3841 bassi,
1243 3784 1605 3849 prtegustator
1634 3778 1930 3843 maximus,
1963 3788 2017 3833 et
2045 3795 2180 3849 [ιι-ωε

607 3869 986 3941 gustatoribus
1026 3869 1266 3933 caeteris,
1326 3868 1448 3937 plus
1478 3870 1661 3924 minus
1711 3881 1955 3936 centum,
1995 3874 2180 3941 prazfc-

611 3975 751 4020 οῐιιε.

676 4056 901 4124 Mutpac
922 4053 1124 4122 Eminl,
1171 4054 1463 4125 praefectus
1517 4057 1734 4122 culinae,
1778 4056 1862 4110 vel
1903 4057 1981 4112 rei
2037 4058 2182 4112 coci-

608 4147 795 4202 naria.

675 4241 842 4298 Achsi
875 4240 1045 4305 bassi,
1085 4255 1300 4312 coquus
1326 4241 1616 4296 maximus.

789 4335 966 4390 Ea'tra
999 4335 1370 4390 saraz'umhac
1404 4335 1587 4403 ofﬁcia
1637 4344 1983 4388 numerantur
2023 4351 2040 4388 .'

1761 260 2153 320 PANDECJ‘F.
2187 261 2384 322 Ηιςτ.
2437 262 2731 325 'l‘linIlC.

611 373 806 417 Octavo
838 369 903 418 ad
937 371 1267 423 siet-snitum
1293 377 1498 425 annum
1565 385 1754 439 usque,
1790 389 1887 441 pro
1949 376 2171 428 snltano
2203 383 2249 436 A

3750 267 3857 331 898

2354 373 2673 444 Sequuntur
2711 381 2854 432 vezir
2903 379 3095 441 hasne,
3152 379 3331 449 capita
3383 380 3596 436 scilicet
3636 381 3853 434 consilii

2283 469 2567 523 sultauini.
2601 471 2887 536 Quondam
2925 474 3147 526 nonnisi
3217 481 3324 525 ttes
3355 480 3452 525 aut
3497 480 3737 541 quatuor
3769 487 3854 524 vc-

2281 561 2426 614 zires
2459 572 2638 625 erant,
2685 564 2760 616 ttti
2813 565 2976 632 paulo
3022 575 3140 631 post
3168 578 3527 632 exponemus.
3572 563 3677 617 Sed
3707 579 3854 616 nune

2284 650 2368 703 vel
2398 651 2586 720 plures
2635 653 2718 706 vel
2751 645 3063 722 pauciorbs,
3096 664 3257 724 prout
3287 655 3463 708 visum
3520 655 3684 708 fuerit
3736 659 3850 706 sui-

2283 745 2411 794 tano
2441 740 2780 811 deliguntur.
2814 743 3137 812 Supretnus,
3177 745 3270 812 qui
3322 745 3471 798 vezir
3507 760 3656 798 azent
3713 744 3853 798 Tur-

2283 832 2362 886 cis
2385 833 2714 902 appellatur,
2764 834 2913 888 solus
2947 835 3267 888 universum
3319 835 3552 889 maxima
3587 850 3710 889 eum
3757 851 3854 902 po-

2284 932 2478 979 testate
2513 926 2865 980 administrat
2915 926 3228 996 imperium,
3282 925 3495 980 ca‘teris
3551 926 3605 980 in
3649 924 3857 980 Ditatn

2283 1015 2450 1085 (quod
2477 1018 2805 1085 explicatum
2836 1032 3033 1071 nomen
3085 1027 3167 1073 est
3203 1017 3304 1072 sub
3354 1019 3515 1072 linem
3576 1017 3672 1070 171
3711 1034 3856 1085 capt-

2282 1107 2376 1177 tis)
2408 1108 2489 1163 sic
2529 1107 2943 1174 assidentibus,
2996 1110 3132 1164 nihil
3183 1119 3241 1164 ut
3275 1110 3375 1180 ipsi
3437 1109 3853 1179 proloqttantur.

2282 1197 2362 1252 Ex
2414 1199 2499 1256 his
2547 1201 2712 1255 etiam
2771 1203 3026 1271 deligitur
3077 1201 3284 1272 judicio
3343 1201 3571 1267 sttltani,
3621 1203 3714 1272 qui
3760 1202 3848 1256 Ser

2284 1290 2481 1356 Asker,
2526 1303 2579 1347 et
2619 1284 2729 1346 Ser
2766 1293 2870 1346 Dar
2922 1295 3261 1363 appellatur,
3308 1294 3648 1361 explicandis
3699 1297 3857 1364 paulo

2284 1394 2411 1453 post
2437 1384 2740 1441 vocabulis.
2786 1385 2924 1438 Cum
2979 1401 3079 1440 nos
3137 1385 3612 1454 Constantinopoli
3669 1401 3855 1456 agere-

2284 1490 2432 1543 mus,
2481 1476 2724 1531 vezirutn
2772 1477 3013 1546 dignitas
3087 1493 3116 1530 a
3177 1479 3394 1533 snltano
3442 1478 3672 1541 Murate,
3720 1495 3858 1533 novo

2285 1570 2577 1637 creteroqui
2600 1568 2869 1637 exemplo,
2896 1582 3091 1624 novem
3126 1569 3305 1625 bassis
3322 1579 3443 1624 erat
3467 1569 3692 1636 tributa,
3725 1587 3858 1641 quo-

2287 1673 2404 1712 rum
2435 1659 2711 1728 subjicere
2742 1662 2968 1717 nomina
3021 1661 3154 1717 libet
3197 1679 3211 1715 :

2357 1752 2409 1804 l.
2451 1751 2655 1807 Osman
2689 1752 2872 1819 bassa,
2910 1753 3244 1822 Vezirazem,
3289 1763 3343 1810 et
3373 1753 3474 1811 Ser
3533 1755 3637 1810 Dar
3663 1765 3855 1812 contra

2285 1842 2501 1898 Persas.

2349 1934 2403 1987 2.
2428 1935 2659 1992 Messicb
2688 1938 2868 1994 bassa.

2352 2029 2404 2083 5.
2449 2027 2755 2086 Mechemet
2787 2032 2971 2088 bassa.

2351 2117 2409 2173 4.
2452 2119 2534 2172 Ali
2590 2119 2820 2190 Capitan
2852 2121 3039 2191 bassa,
3089 2123 3451 2196 beglerbegns
3500 2127 3699 2190 maris;
3761 2141 3857 2182 no-

2285 2208 2421 2263 stris
2453 2209 2593 2263 Uluz
2617 2210 2726 2277 Ali,
2754 2211 2862 2268 hoc
2885 2223 2992 2277 est,
3024 2215 3110 2268 Ali
3132 2223 3398 2285 apostata.

2356 2301 2412 2355 5.
2456 2301 2694 2356 lbrahim
2731 2303 2892 2358 bassa
2925 2304 3285 2376 beglerbegus
3312 2306 3458 2361 Cairi
3488 2309 3568 2363 vel
3617 2309 3853 2380 Egypti.

2352 2393 2411 2450 6.
2450 2393 2861 2464 Ferhatbassa,
2893 2397 3014 2452 belli
3055 2396 3166 2453 dux
3204 2407 3398 2453 contra
3424 2397 3640 2456 Persas.

2358 2487 2408 2541 7.
2453 2485 2654 2541 Gialfcr
2683 2488 2866 2543 bassa.

2353 2577 2406 2630 8.
2451 2577 2538 2631 Ali
2575 2578 2758 2643 bassa,
2796 2582 3006 2634 sororis
3029 2581 3229 2637 sultani
3252 2582 3502 2638 maritus.

2354 2672 2413 2727 9.
2453 2672 2714 2743 Cicalogli
2745 2675 2927 2743 bassa,
2958 2676 3313 2749 belgerbegus
3346 2676 3571 2735 Revani.

2354 2765 2487 2821 Post
2513 2768 2745 2831 vezires,
2777 2769 3106 2824 auctoritate
3158 2772 3397 2826 maxima
3438 2783 3566 2828 sunt
3611 2782 3722 2828 tres
3764 2773 3854 2827 be.

2281 2857 2546 2928 glerbegi,
2582 2872 2820 2927 quorum
2867 2860 2956 2913 hic
2985 2860 3123 2916 ordo
3163 2875 3181 2914 :

2354 2945 2572 3002 Rumeli
2603 2946 2914 3017 belgcrbeg,
2970 2949 3072 3003 hoc
3103 2958 3188 3004 est
3233 2950 3514 3005 Romaniae
3553 2953 3670 3007 sive
3701 2951 3853 3018 Gm-

2284 3051 2405 3092 ειίιξ.

2356 3147 2577 3204 Anatoli
2610 3147 2922 3218 beglerbeg,
2975 3148 3076 3204 hoc
3115 3155 3221 3213 est,
3271 3147 3538 3206 Anatoliaz
3572 3151 3659 3206 vel
3689 3151 3852 3206 Astra.

2357 3239 2546 3294 Denizi
2571 3239 2881 3309 beglerbeg,
2911 3240 3014 3293 hoc
3035 3249 3141 3304 est,
3167 3242 3337 3295 maris
3361 3256 3376 3295 :
3405 3242 3499 3309 qui
3528 3242 3690 3314 vulgo
3709 3239 3852 3296 Tur-

2284 3332 2366 3386 cis
2395 3348 2540 3387 mtnc
2576 3341 2801 3403 recepto
2827 3332 3115 3399 vocabulo,
3159 3332 3390 3404 Capitan
3428 3337 3590 3391 bassa
3633 3352 3855 3406 quoque

2285 3427 2620 3480 nominatur.

2355 3518 2422 3573 lli
2453 3528 2560 3574 tres
2586 3534 2771 3589 parem
2799 3520 2852 3574 in
2888 3519 3128 3577 sedendo
3157 3519 3338 3574 locum
3370 3529 3425 3574 et
3461 3519 3726 3576 honorem
3752 3523 3852 3577 ob-

2286 3610 2463 3666 tinent
2486 3627 2608 3665 cum
2643 3614 2778 3681 ipsis
2811 3612 2992 3668 bassis
3019 3612 3319 3676 veziribus,
3355 3614 3570 3683 quoties
3602 3613 3658 3668 in
3696 3612 3855 3668 Diva-

2286 3718 2415 3760 nun:
2450 3704 2725 3772 publicum
2753 3704 3000 3762 veniunt.

2355 3795 2615 3865 Sequitur
2642 3793 2937 3851 Nischanzi
2983 3797 3071 3852 vel
3105 3796 3356 3852 Nissanzi
3410 3797 3592 3860 bassa.
3622 3811 3715 3866 qut
3767 3796 3851 3850 lit-

2287 3897 2431 3959 teras
2472 3903 2705 3960 .ontues,
2741 3889 3040 3958 omniaque
3074 3889 3329 3942 mandata
3368 3895 3423 3942 et
3469 3888 3849 3949 instrumenta,

2284 3988 2554 4048 quotquot
2580 3978 2722 4047 apud
2755 3977 2975 4032 Portam
3003 3978 3395 4046 expediuntur,
3438 3977 3710 4044 obsignat,
3764 3993 3853 4031 ve-

2286 4073 2382 4128 luti
2419 4087 2716 4142 supremus
2746 4073 2928 4126 Porta:
2964 4070 3357 4126 cancellarius.

2359 4163 2496 4220 Tres
2528 4163 2912 4235 Dephterdari,
2940 4177 3176 4233 quorum
3221 4163 3455 4234 primus,
3486 4171 3673 4218 nostro
3704 4176 3856 4218 more

2288 4255 2582 4326 loquendo,
2617 4270 2818 4324 praeses
2868 4269 3101 4308 camera:
3141 4253 3226 4308 vel
3257 4251 3550 4323 praefectus
3600 4262 3686 4307 est
3717 4267 3853 4307 sera-

2287 4348 2354 4404 rii
2382 4348 2694 4413 maximus;
2728 4346 2839 4402 duo
2871 4346 3101 4416 reliqui,
3130 4345 3281 4403 velut
3313 4346 3535 4418 collega:
3570 4347 3769 4421 ipsius,
3799 4356 3855 4402 et

676 4427 896 4484 Primus
920 4428 1168 4484 omnium
1196 4428 1355 4482 locus
1384 4437 1472 4482 est
1501 4426 1732 4498 Muphti,
1761 4430 1852 4497 qui
1888 4444 2180 4499 supremus
2213 4438 2256 4492 D
2284 4441 2590 4498 consiliarii
2624 4439 2859 4496 ﬁscales.

607 4531 692 4579 est
719 4521 982 4578 Alcorani
1010 4521 1127 4578 sive
1180 4520 1577 4575 Mahumetante
1608 4519 1744 4590 legis
1790 4522 2094 4590 interpres,
2125 4530 2178 4574 et

607 4614 984 4670 auctoritatem
1014 4613 1158 4684 apud
1174 4611 1388 4668 Turcos
1416 4626 1536 4667 eam
1576 4611 1810 4677 obtinet,
1838 4627 2000 4679 quam
2033 4611 2178 4680 Papa

607 4705 726 4762 sive
755 4703 1005 4774 pontifex
1042 4702 1323 4758 maximus
1352 4702 1499 4773 apud
1540 4700 1800 4769 Latinos,
1837 4705 1980 4772 apud
2029 4703 2183 4758 Gne-

606 4813 723 4863 cos,
755 4796 1094 4868 patriarcha.

685 4889 822 4946 Huic
854 4888 1091 4960 proximi
1123 4895 1256 4945 sunt
1288 4887 1663 4945 Cadilescberi
1694 4888 1777 4944 vel
1801 4887 2182 4957 Cadiascheri,

612 4982 854 5052 supremi
893 4991 950 5036 et
980 4979 1243 5036 ordinarii
1276 4980 1597 5036 militarium
1655 4981 2012 5050 civiliumque
2055 4997 2186 5036 cau-

614 5089 799 5131 sarum
827 5073 1083 5143 judices;
1136 5086 1281 5128 unus
1313 5086 1411 5142 per
1451 5072 1716 5126 Graciam
1761 5073 1843 5127 vel
1886 5071 2183 5143 Europam,

615 5168 798 5222 dictus
831 5163 1048 5220 Rumeli
1075 5164 1467 5228 (ladilescher;
1506 5164 1646 5219 alter
1672 5178 1770 5233 per
1793 5165 1999 5229 Asiam,
2036 5164 2188 5217 Atta-

614 5261 712 5314 toli
747 5258 1130 5314 Cadilescher:
1175 5257 1378 5328 quibus
1429 5257 1652 5313 tertium
1707 5256 1937 5312 Selimes
1975 5256 2185 5326 primus

617 5353 886 5419 adiunxit,
919 5359 1044 5423 post
1075 5351 1341 5408 subactos
1388 5351 1682 5406 Armenios
1733 5349 2026 5419 quosdam,
2065 5349 2188 5404 Dul-

615 5446 955 5516 gadirenses,
979 5440 1290 5512 Egyptios,
1313 5441 1504 5513 Syros,
1532 5440 1775 5508 Arabes;
1814 5441 2043 5511 ideoque
2074 5456 2188 5496 rna-

611 5537 705 5605 jus
735 5543 819 5588 est
854 5533 1022 5604 hujus
1054 5533 1319 5597 ofﬁcium,
1375 5545 1598 5604 propter
1649 5533 2054 5588 multitudinem
2093 5548 2182 5604 po-

616 5628 906 5695 pulorum,
956 5634 1011 5680 et
1077 5626 1321 5695 ipsarum
1399 5628 1678 5698 regionum
1739 5627 2180 5698 amplitudinem.

616 5717 779 5773 Plura
809 5718 874 5772 de
908 5719 996 5774 his
1027 5719 1269 5773 diximus
1306 5734 1469 5789 supra
1499 5736 1619 5790 cap.
1647 5721 1738 5774 ἓξ).

2359 4531 2490 4588 Rais
2527 4531 2749 4602 Kiutap,
2793 4531 2954 4602 cujus
3001 4529 3056 4585 in
3084 4531 3339 4588 manibus
3377 4538 3510 4588 sunt
3561 4545 3753 4586 omnes
3784 4530 3853 4584 li-

2288 4624 2396 4689 bri,
2457 4621 2874 4687 commentarii,
2939 4637 3026 4677 res
3074 4622 3145 4676 ad
3186 4622 3435 4691 {archiva
3495 4623 3851 4693 pertinentes.

2289 4715 2524 4782 Ideoque
2545 4714 2774 4784 gradum
2811 4711 3251 4767 vicecancellarii
3276 4717 3558 4778 tenet,ant
3581 4710 3740 4781 primi
3771 4709 3851 4764 vel

2288 4807 2523 4862 maximi
2561 4805 2867 4861 secretarii.

2356 4895 2564 4951 Omnes
2599 4902 2778 4950 autem
2847 4894 3113 4950 hactenus
3161 4893 3466 4950 enumerati
3522 4907 3623 4949 suo
3677 4893 3728 4947 in
3762 4892 3853 4946 Di-

2289 5002 2428 5044 vano
2464 4986 2680 5058 publico
2725 4985 3027 5042 sessionem
3067 4986 3291 5041 habent.

2359 5080 2419 5134 In
2446 5080 2637 5133 eodem
2681 5075 2893 5130 Divano
2928 5074 3126 5132 sedent
3145 5075 3311 5129 etiam
3342 5075 3702 5146 quadraginta
3731 5075 3853 5145 plus

2290 5176 2474 5228 minus
2503 5167 2779 5234 lasitschi,
2812 5168 2931 5224 sive
2955 5168 3268 5233 secretarii,
3315 5167 3400 5223 vel
3436 5168 3692 5233 actuarii,
3756 5172 3849 5233 qni

2289 5264 2590 5334 scripturas
2632 5261 2841 5330 absque
2897 5273 3049 5314 mora
3080 5259 3371 5330 perficiunt
3423 5268 3478 5314 et
3532 5261 3851 5331 expediunt.

2289 5358 2367 5411 Ac
2421 5363 2571 5409 tanta
2617 5353 2838 5423 quidem
2907 5353 3202 5408 sedulitate
3263 5363 3531 5422 geruntur
3562 5355 3768 5416 omnia,
3798 5364 3854 5405 ut

2291 5451 2407 5519 ipsa
2439 5447 2657 5516 negotia
2688 5445 3075 5514 propemodum
3117 5443 3299 5498 :odem
3361 5456 3599 5513 tempore
3659 5459 3853 5513 propn-

2293 5549 2508 5600 nantur,
2549 5533 2940 5590 consultationi
2989 5532 3373 5601 subjiciantnr,
3401 5541 3454 5586 et
3512 5532 3850 5586 exsccittioni

2293 5631 2641 5685 mandentur.

2367 5725 2682 5790 Sequuntur
2711 5725 2857 5790 Agze,
2895 5720 3088 5776 Turris
3143 5720 3362 5790 Agalari
3413 5719 3577 5786 dicti,
3625 5727 3856 5776 numero
