  <div class='ocr_page' id='page_1' title='image "/cluster/home/n/w/nwhite01/storage/ocr_20150623/159/mdp.39015015350443/457.png"; bbox 0 0 4230 6280; ppageno 0'>
   <div class='ocr_carea' id='block_1_1' title="bbox 405 310 513 375">
    <p class='ocr_par' dir='ltr' id='par_1_1' title="bbox 405 310 513 375">
     <span class='ocr_line' id='line_1_1' title="bbox 405 310 513 375; baseline 0 -1"><span class='ocrx_word' id='word_1_1' title='bbox 405 310 513 375; x_wconf 79' lang='lat'><strong>899</strong></span> 
     </span>
    </p>
   </div>
   <div class='ocr_carea' id='block_1_2' title="bbox 403 518 1965 587">
    <p class='ocr_par' dir='ltr' id='par_1_2' title="bbox 403 518 1965 587">
     <span class='ocr_line' id='line_1_2' title="bbox 403 518 1965 587; baseline -0.003 -12"><span class='ocrx_word' id='word_1_2' title='bbox 403 522 605 575; x_wconf 83' lang='lat' dir='ltr'><strong>habent</strong></span> <span class='ocrx_word' id='word_1_3' title='bbox 668 519 968 581; x_wconf 71' lang='lat' dir='ltr'><strong>sessionem</strong></span> <span class='ocrx_word' id='word_1_4' title='bbox 1016 518 1072 572; x_wconf 88' lang='lat' dir='ltr'><strong>itt</strong></span> <span class='ocrx_word' id='word_1_5' title='bbox 1124 518 1330 571; x_wconf 83' lang='lat' dir='ltr'><strong>Divano</strong></span> <span class='ocrx_word' id='word_1_6' title='bbox 1371 518 1450 571; x_wconf 89' lang='lat' dir='ltr'><strong>vel</strong></span> <span class='ocrx_word' id='word_1_7' title='bbox 1490 518 1808 587; x_wconf 77' lang='lat' dir='ltr'><strong>synhedrio,</strong></span> <span class='ocrx_word' id='word_1_8' title='bbox 1851 521 1965 572; x_wconf 86' lang='lat' dir='ltr'><strong>sive</strong></span> 
     </span>
    </p>
   </div>
   <div class='ocr_carea' id='block_1_3' title="bbox 400 610 1972 680">
    <p class='ocr_par' dir='ltr' id='par_1_3' title="bbox 400 610 1972 680">
     <span class='ocr_line' id='line_1_3' title="bbox 400 610 1972 680; baseline -0.003 -14"><span class='ocrx_word' id='word_1_9' title='bbox 400 613 616 666; x_wconf 84' lang='lat' dir='ltr'><strong>censilii</strong></span> <span class='ocrx_word' id='word_1_10' title='bbox 684 610 889 679; x_wconf 89' lang='lat' dir='ltr'><strong>publici</strong></span> <span class='ocrx_word' id='word_1_11' title='bbox 944 611 1104 677; x_wconf 80' lang='lat' dir='ltr'><strong>loco,</strong></span> <span class='ocrx_word' id='word_1_12' title='bbox 1167 612 1453 679; x_wconf 83' lang='lat' dir='ltr'><strong>nihiloque</strong></span> <span class='ocrx_word' id='word_1_13' title='bbox 1508 610 1689 665; x_wconf 87' lang='lat' dir='ltr'><strong>minus</strong></span> <span class='ocrx_word' id='word_1_14' title='bbox 1753 611 1972 680; x_wconf 79' lang='lat' dir='ltr'><strong>obligati</strong></span> 
     </span>
    </p>
   </div>
   <div class='ocr_carea' id='block_1_4' title="bbox 399 702 1974 775">
    <p class='ocr_par' dir='ltr' id='par_1_4' title="bbox 399 702 1974 775">
     <span class='ocr_line' id='line_1_4' title="bbox 399 702 1974 775; baseline 0.001 -18"><span class='ocrx_word' id='word_1_15' title='bbox 399 714 549 770; x_wconf 85' lang='lat' dir='ltr'><strong>sunt,</strong></span> <span class='ocrx_word' id='word_1_16' title='bbox 590 704 664 755; x_wconf 91' lang='lat' dir='ltr'><strong>nti</strong></span> <span class='ocrx_word' id='word_1_17' title='bbox 698 702 944 773; x_wconf 80' lang='lat' dir='ltr'><strong>quotidie</strong></span> <span class='ocrx_word' id='word_1_18' title='bbox 1002 710 1360 772; x_wconf 71' lang='lat' dir='ltr'><strong>compareant</strong></span> <span class='ocrx_word' id='word_1_19' title='bbox 1408 704 1461 755; x_wconf 91' lang='lat' dir='ltr'><strong>in</strong></span> <span class='ocrx_word' id='word_1_20' title='bbox 1504 704 1707 775; x_wconf 80' lang='lat' dir='ltr'><strong>saraio,</strong></span> <span class='ocrx_word' id='word_1_21' title='bbox 1761 702 1974 771; x_wconf 77' lang='lat' dir='ltr'><strong>sibique</strong></span> 
     </span>
    </p>
   </div>
   <div class='ocr_carea' id='block_1_5' title="bbox 406 792 1975 864">
    <p class='ocr_par' dir='ltr' id='par_1_5' title="bbox 406 792 1975 864">
     <span class='ocr_line' id='line_1_5' title="bbox 406 792 1975 864; baseline -0.001 -13"><span class='ocrx_word' id='word_1_22' title='bbox 406 797 680 864; x_wconf 75' lang='lat' dir='ltr'><strong>ili-putatis</strong></span> <span class='ocrx_word' id='word_1_23' title='bbox 716 798 768 849; x_wconf 91' lang='lat' dir='ltr'><strong>in</strong></span> <span class='ocrx_word' id='word_1_24' title='bbox 822 794 957 849; x_wconf 76' lang='lat' dir='ltr'><strong>locis</strong></span> <span class='ocrx_word' id='word_1_25' title='bbox 1007 795 1130 848; x_wconf 87' lang='lat' dir='ltr'><strong>aliis</strong></span> <span class='ocrx_word' id='word_1_26' title='bbox 1170 795 1413 849; x_wconf 85' lang='lat' dir='ltr'><strong>sedeant.</strong></span> <span class='ocrx_word' id='word_1_27' title='bbox 1480 792 1770 849; x_wconf 74' lang='lat' dir='ltr'><strong>Notionem</strong></span> <span class='ocrx_word' id='word_1_28' title='bbox 1824 796 1975 850; x_wconf 88' lang='lat' dir='ltr'><strong>vocis</strong></span> 
     </span>
    </p>
   </div>
   <div class='ocr_carea' id='block_1_6' title="bbox 399 888 1343 960">
    <p class='ocr_par' dir='ltr' id='par_1_6' title="bbox 399 888 1343 960">
     <span class='ocr_line' id='line_1_6' title="bbox 399 888 1343 960; baseline -0.003 -16"><span class='ocrx_word' id='word_1_29' title='bbox 399 892 509 960; x_wconf 77' lang='lat' dir='ltr'><strong>Aga</strong></span> <span class='ocrx_word' id='word_1_30' title='bbox 543 889 739 944; x_wconf 83' lang='lat' dir='ltr'><strong>lecturi</strong></span> <span class='ocrx_word' id='word_1_31' title='bbox 770 904 896 958; x_wconf 86' lang='lat' dir='ltr'><strong>cap.</strong></span> <span class='ocrx_word' id='word_1_32' title='bbox 930 889 1034 942; x_wconf 72' lang='lat'><strong>175</strong></span> <span class='ocrx_word' id='word_1_33' title='bbox 1066 888 1343 942; x_wconf 82' lang='lat' dir='ltr'><strong>dedimus.</strong></span> 
     </span>
    </p>
   </div>
   <div class='ocr_carea' id='block_1_7' title="bbox 468 977 1971 1051">
    <p class='ocr_par' dir='ltr' id='par_1_7' title="bbox 468 977 1971 1051">
     <span class='ocr_line' id='line_1_7' title="bbox 468 977 1971 1051; baseline -0.001 -16"><span class='ocrx_word' id='word_1_34' title='bbox 468 982 779 1051; x_wconf 73' lang='lat' dir='ltr'><strong>l’rincipent</strong></span> <span class='ocrx_word' id='word_1_35' title='bbox 812 996 941 1035; x_wconf 87' lang='lat' dir='ltr'><strong>vero</strong></span> <span class='ocrx_word' id='word_1_36' title='bbox 972 977 1117 1033; x_wconf 70' lang='lat' dir='ltr'><strong>intei</strong></span> <span class='ocrx_word' id='word_1_37' title='bbox 1150 982 1247 1034; x_wconf 84' lang='lat' dir='ltr'><strong>hos</strong></span> <span class='ocrx_word' id='word_1_38' title='bbox 1279 978 1565 1049; x_wconf 78' lang='lat' dir='ltr'><strong>Agalarios</strong></span> <span class='ocrx_word' id='word_1_39' title='bbox 1608 978 1788 1034; x_wconf 85' lang='lat' dir='ltr'><strong>locum</strong></span> <span class='ocrx_word' id='word_1_40' title='bbox 1819 979 1971 1034; x_wconf 78' lang='lat' dir='ltr'><strong>obti-</strong></span> 
     </span>
    </p>
   </div>
   <div class='ocr_carea' id='block_1_8' title="bbox 401 1053 1971 1145">
    <p class='ocr_par' dir='ltr' id='par_1_8' title="bbox 401 1074 1971 1145">
     <span class='ocr_line' id='line_1_8' title="bbox 401 1074 1971 1145; baseline -0.001 -17"><span class='ocrx_word' id='word_1_41' title='bbox 401 1084 494 1130; x_wconf 90' lang='lat' dir='ltr'><strong>net</strong></span> <span class='ocrx_word' id='word_1_42' title='bbox 551 1076 932 1145; x_wconf 73' lang='lat' dir='ltr'><strong>genizarorunt</strong></span> <span class='ocrx_word' id='word_1_43' title='bbox 965 1088 1061 1143; x_wconf 81' lang='lat' dir='ltr'><strong>aga</strong></span> <span class='ocrx_word' id='word_1_44' title='bbox 1106 1074 1222 1127; x_wconf 84' lang='lat' dir='ltr'><strong>sive</strong></span> <span class='ocrx_word' id='word_1_45' title='bbox 1254 1075 1533 1134; x_wconf 82' lang='lat' dir='ltr'><strong>tribunus,</strong></span> <span class='ocrx_word' id='word_1_46' title='bbox 1575 1075 1668 1145; x_wconf 85' lang='lat' dir='ltr'><strong>qui</strong></span> <span class='ocrx_word' id='word_1_47' title='bbox 1717 1074 1971 1126; x_wconf 82' lang='lat' dir='ltr'><strong>Kihaiam</strong></span> 
     </span>
    </p>
   </div>
   <div class='ocr_carea' id='block_1_9' title="bbox 401 1166 1977 1233">
    <p class='ocr_par' dir='ltr' id='par_1_9' title="bbox 401 1166 1977 1233">
     <span class='ocr_line' id='line_1_9' title="bbox 401 1166 1977 1233; baseline -0.001 -13"><span class='ocrx_word' id='word_1_48' title='bbox 401 1169 516 1221; x_wconf 81' lang='lat' dir='ltr'><strong>sive</strong></span> <span class='ocrx_word' id='word_1_49' title='bbox 550 1168 815 1224; x_wconf 81' lang='lat' dir='ltr'><strong>vicarium</strong></span> <span class='ocrx_word' id='word_1_50' title='bbox 868 1180 1050 1230; x_wconf 76' lang='lat' dir='ltr'><strong>suum,</strong></span> <span class='ocrx_word' id='word_1_51' title='bbox 1086 1174 1142 1219; x_wconf 91' lang='lat' dir='ltr'><strong>et</strong></span> <span class='ocrx_word' id='word_1_52' title='bbox 1181 1166 1527 1233; x_wconf 82' lang='lat' dir='ltr'><strong>capitaneos,</strong></span> <span class='ocrx_word' id='word_1_53' title='bbox 1562 1176 1618 1219; x_wconf 91' lang='lat' dir='ltr'><strong>et</strong></span> <span class='ocrx_word' id='word_1_54' title='bbox 1655 1166 1977 1219; x_wconf 73' lang='lat' dir='ltr'><strong>cohortium</strong></span> 
     </span>
    </p>
   </div>
   <div class='ocr_carea' id='block_1_10' title="bbox 401 1253 1980 1325">
    <p class='ocr_par' dir='ltr' id='par_1_10' title="bbox 401 1253 1980 1325">
     <span class='ocr_line' id='line_1_10' title="bbox 401 1253 1980 1325; baseline -0.001 -14"><span class='ocrx_word' id='word_1_55' title='bbox 401 1258 593 1321; x_wconf 83' lang='lat' dir='ltr'><strong>duces,</strong></span> <span class='ocrx_word' id='word_1_56' title='bbox 642 1266 697 1312; x_wconf 82' lang='lat' dir='ltr'><strong>et</strong></span> <span class='ocrx_word' id='word_1_57' title='bbox 748 1255 882 1312; x_wconf 83' lang='lat' dir='ltr'><strong>alios</strong></span> <span class='ocrx_word' id='word_1_58' title='bbox 922 1256 1121 1312; x_wconf 85' lang='lat' dir='ltr'><strong>ofﬁciis</strong></span> <span class='ocrx_word' id='word_1_59' title='bbox 1161 1256 1448 1325; x_wconf 63' lang='lat' dir='ltr'><strong>praal&#39;ectos</strong></span> <span class='ocrx_word' id='word_1_60' title='bbox 1502 1256 1684 1309; x_wconf 76' lang='lat' dir='ltr'><strong>habet.</strong></span> <span class='ocrx_word' id='word_1_61' title='bbox 1723 1253 1980 1323; x_wconf 81' lang='lat' dir='ltr'><strong>Adeoque</strong></span> 
     </span>
    </p>
   </div>
   <div class='ocr_carea' id='block_1_11' title="bbox 403 1345 1977 1419">
    <p class='ocr_par' dir='ltr' id='par_1_11' title="bbox 403 1345 1977 1419">
     <span class='ocr_line' id='line_1_11' title="bbox 403 1345 1977 1419; baseline -0.005 -14"><span class='ocrx_word' id='word_1_62' title='bbox 403 1351 656 1419; x_wconf 45' lang='lat' dir='ltr'><strong>sub&#39;ejus</strong></span> <span class='ocrx_word' id='word_1_63' title='bbox 686 1349 888 1403; x_wconf 82' lang='lat' dir='ltr'><strong>vexillo</strong></span> <span class='ocrx_word' id='word_1_64' title='bbox 915 1356 1026 1403; x_wconf 86' lang='lat' dir='ltr'><strong>tam</strong></span> <span class='ocrx_word' id='word_1_65' title='bbox 1059 1352 1463 1418; x_wconf 78' lang='lat' dir='ltr'><strong>genizarornm.</strong></span> <span class='ocrx_word' id='word_1_66' title='bbox 1497 1362 1658 1414; x_wconf 86' lang='lat' dir='ltr'><strong>quam</strong></span> <span class='ocrx_word' id='word_1_67' title='bbox 1690 1345 1977 1400; x_wconf 78' lang='lat' dir='ltr'><strong>solaecho-</strong></span> 
     </span>
    </p>
   </div>
   <div class='ocr_carea' id='block_1_12' title="bbox 398 1438 1849 1511">
    <p class='ocr_par' dir='ltr' id='par_1_12' title="bbox 398 1438 1849 1511">
     <span class='ocr_line' id='line_1_12' title="bbox 398 1438 1849 1511; baseline -0.004 -17"><span class='ocrx_word' id='word_1_68' title='bbox 398 1456 551 1505; x_wconf 81' lang='lat' dir='ltr'><strong>rum,</strong></span> <span class='ocrx_word' id='word_1_69' title='bbox 578 1442 773 1511; x_wconf 75' lang='lat' dir='ltr'><strong>viginti</strong></span> <span class='ocrx_word' id='word_1_70' title='bbox 805 1442 1030 1497; x_wconf 81' lang='lat' dir='ltr'><strong>circiter</strong></span> <span class='ocrx_word' id='word_1_71' title='bbox 1074 1440 1357 1495; x_wconf 85' lang='lat' dir='ltr'><strong>hominum</strong></span> <span class='ocrx_word' id='word_1_72' title='bbox 1396 1439 1559 1492; x_wconf 89' lang='lat' dir='ltr'><strong>millia</strong></span> <span class='ocrx_word' id='word_1_73' title='bbox 1591 1438 1849 1491; x_wconf 88' lang='lat' dir='ltr'><strong>militant.</strong></span> 
     </span>
    </p>
   </div>
   <div class='ocr_carea' id='block_1_13' title="bbox 473 1533 1980 1601">
    <p class='ocr_par' dir='ltr' id='par_1_13' title="bbox 473 1533 1980 1601">
     <span class='ocr_line' id='line_1_13' title="bbox 473 1533 1980 1601; baseline -0.006 -11"><span class='ocrx_word' id='word_1_74' title='bbox 473 1537 769 1590; x_wconf 73' lang='lat' dir='ltr'><strong>Proximus</strong></span> <span class='ocrx_word' id='word_1_75' title='bbox 802 1536 929 1590; x_wconf 90' lang='lat' dir='ltr'><strong>huic</strong></span> <span class='ocrx_word' id='word_1_76' title='bbox 962 1535 1099 1588; x_wconf 88' lang='lat' dir='ltr'><strong>emir</strong></span> <span class='ocrx_word' id='word_1_77' title='bbox 1151 1533 1337 1587; x_wconf 86' lang='lat' dir='ltr'><strong>llalem</strong></span> <span class='ocrx_word' id='word_1_78' title='bbox 1361 1571 1376 1595; x_wconf 88' lang='lat'><strong>,</strong></span> <span class='ocrx_word' id='word_1_79' title='bbox 1434 1533 1524 1601; x_wconf 90' lang='lat' dir='ltr'><strong>qni</strong></span> <span class='ocrx_word' id='word_1_80' title='bbox 1574 1543 1865 1600; x_wconf 86' lang='lat' dir='ltr'><strong>supremus</strong></span> <span class='ocrx_word' id='word_1_81' title='bbox 1895 1533 1980 1582; x_wconf 84' lang='lat' dir='ltr'><strong>est</strong></span> 
     </span>
    </p>
   </div>
   <div class='ocr_carea' id='block_1_14' title="bbox 404 1622 1981 1699">
    <p class='ocr_par' dir='ltr' id='par_1_14' title="bbox 404 1622 1981 1699">
     <span class='ocr_line' id='line_1_14' title="bbox 404 1622 1981 1699; baseline -0.006 -14"><span class='ocrx_word' id='word_1_82' title='bbox 404 1630 696 1694; x_wconf 80' lang='lat' dir='ltr'><strong>vexillifer,</strong></span> <span class='ocrx_word' id='word_1_83' title='bbox 723 1639 779 1685; x_wconf 91' lang='lat' dir='ltr'><strong>et</strong></span> <span class='ocrx_word' id='word_1_84' title='bbox 826 1630 883 1685; x_wconf 87' lang='lat' dir='ltr'><strong>in</strong></span> <span class='ocrx_word' id='word_1_85' title='bbox 934 1628 1383 1699; x_wconf 72' lang='lat' dir='ltr'><strong>expeditionibus</strong></span> <span class='ocrx_word' id='word_1_86' title='bbox 1429 1626 1687 1682; x_wconf 65' lang='lat' dir='ltr'><strong>mutillum</strong></span> <span class='ocrx_word' id='word_1_87' title='bbox 1742 1622 1981 1682; x_wconf 79' lang='lat' dir='ltr'><strong>saltaui-</strong></span> 
     </span>
    </p>
   </div>
   <div class='ocr_carea' id='block_1_15' title="bbox 405 1718 1977 1793">
    <p class='ocr_par' dir='ltr' id='par_1_15' title="bbox 405 1718 1977 1793">
     <span class='ocr_line' id='line_1_15' title="bbox 405 1718 1977 1793; baseline -0.006 -16"><span class='ocrx_word' id='word_1_88' title='bbox 405 1738 533 1777; x_wconf 85' lang='lat' dir='ltr'><strong>num</strong></span> <span class='ocrx_word' id='word_1_89' title='bbox 574 1729 777 1793; x_wconf 76' lang='lat' dir='ltr'><strong>gestat,</strong></span> <span class='ocrx_word' id='word_1_90' title='bbox 814 1731 869 1776; x_wconf 90' lang='lat' dir='ltr'><strong>et</strong></span> <span class='ocrx_word' id='word_1_91' title='bbox 896 1721 1101 1790; x_wconf 80' lang='lat' dir='ltr'><strong>alioqui</strong></span> <span class='ocrx_word' id='word_1_92' title='bbox 1129 1721 1322 1776; x_wconf 79' lang='lat' dir='ltr'><strong>vexilla</strong></span> <span class='ocrx_word' id='word_1_93' title='bbox 1347 1719 1711 1790; x_wconf 69' lang='lat' dir='ltr'><strong>bcglerbegis,</strong></span> <span class='ocrx_word' id='word_1_94' title='bbox 1742 1718 1797 1771; x_wconf 89' lang='lat' dir='ltr'><strong>in</strong></span> <span class='ocrx_word' id='word_1_95' title='bbox 1831 1730 1977 1769; x_wconf 85' lang='lat' dir='ltr'><strong>utor-</strong></span> 
     </span>
    </p>
   </div>
   <div class='ocr_carea' id='block_1_16' title="bbox 1607 303 2426 369">
    <p class='ocr_par' dir='ltr' id='par_1_16' title="bbox 1607 303 2426 369">
     <span class='ocr_line' id='line_1_16' title="bbox 1607 303 2426 369; baseline 0.002 -4"><span class='ocrx_word' id='word_1_96' title='bbox 1607 303 1930 366; x_wconf 61' lang='lat' dir='ltr'><strong>JOANNIS</strong></span> <span class='ocrx_word' id='word_1_97' title='bbox 1967 308 2426 369; x_wconf 59' lang='lat' dir='ltr'><strong>l.El7Nt‘.l..\Vll</strong></span> 
     </span>
    </p>
   </div>
   <div class='ocr_carea' id='block_1_17' title="bbox 405 423 2051 494">
    <p class='ocr_par' dir='ltr' id='par_1_17' title="bbox 405 423 2051 494">
     <span class='ocr_line' id='line_1_17' title="bbox 405 423 2051 494; baseline -0.004 -11"><span class='ocrx_word' id='word_1_98' title='bbox 405 426 791 491; x_wconf 75' lang='lat' dir='ltr'><strong>multitudinis,</strong></span> <span class='ocrx_word' id='word_1_99' title='bbox 829 423 912 480; x_wconf 91' lang='lat' dir='ltr'><strong>vel</strong></span> <span class='ocrx_word' id='word_1_100' title='bbox 945 423 1230 489; x_wconf 75' lang='lat' dir='ltr'><strong>ofﬁciales,</strong></span> <span class='ocrx_word' id='word_1_101' title='bbox 1264 426 1379 478; x_wconf 73' lang='lat' dir='ltr'><strong>sive</strong></span> <span class='ocrx_word' id='word_1_102' title='bbox 1420 424 1649 487; x_wconf 87' lang='lat' dir='ltr'><strong>tribuni,</strong></span> <span class='ocrx_word' id='word_1_103' title='bbox 1703 426 1796 494; x_wconf 87' lang='lat' dir='ltr'><strong>qni</strong></span> <span class='ocrx_word' id='word_1_104' title='bbox 1862 442 1968 478; x_wconf 86' lang='lat' dir='ltr'><strong>non</strong></span> <span class='ocrx_word' id='word_1_105' title='bbox 2006 433 2051 488; x_wconf 77' lang='grc' dir='ltr'><strong>Α</strong></span> 
     </span>
    </p>
   </div>
   <div class='ocr_carea' id='block_1_18' title="bbox 3555 307 3657 371">
    <p class='ocr_par' dir='ltr' id='par_1_18' title="bbox 3555 307 3657 371">
     <span class='ocr_line' id='line_1_18' title="bbox 3555 307 3657 371; baseline 0 0"><span class='ocrx_word' id='word_1_106' title='bbox 3555 307 3657 371; x_wconf 82' lang='lat'><strong>900</strong></span> 
     </span>
    </p>
   </div>
   <div class='ocr_carea' id='block_1_19' title="bbox 2163 427 3658 508">
    <p class='ocr_par' dir='ltr' id='par_1_19' title="bbox 2163 427 3658 508">
     <span class='ocr_line' id='line_1_19' title="bbox 2163 427 3658 508; baseline 0.001 -27"><span class='ocrx_word' id='word_1_107' title='bbox 2163 427 2543 497; x_wconf 76' lang='lat' dir='ltr'><strong>Mutapheraki</strong></span> <span class='ocrx_word' id='word_1_108' title='bbox 2579 428 2747 489; x_wconf 85' lang='lat' dir='ltr'><strong>bassi,</strong></span> <span class='ocrx_word' id='word_1_109' title='bbox 2777 427 3097 497; x_wconf 77' lang='lat' dir='ltr'><strong>capitancus</strong></span> <span class='ocrx_word' id='word_1_110' title='bbox 3124 428 3388 487; x_wconf 85' lang='lat' dir='ltr'><strong>baronnm</strong></span> <span class='ocrx_word' id='word_1_111' title='bbox 3426 441 3485 490; x_wconf 69' lang='lat' dir='ltr'><strong>ac</strong></span> <span class='ocrx_word' id='word_1_112' title='bbox 3520 442 3658 508; x_wconf 73' lang='lat' dir='ltr'><strong>pne—</strong></span> 
     </span>
    </p>
   </div>
   <div class='ocr_carea' id='block_1_20' title="bbox 2082 520 3655 591">
    <p class='ocr_par' dir='ltr' id='par_1_20' title="bbox 2082 520 3655 591">
     <span class='ocr_line' id='line_1_20' title="bbox 2082 520 3655 591; baseline 0.002 -21"><span class='ocrx_word' id='word_1_113' title='bbox 2082 521 2354 589; x_wconf 85' lang='lat' dir='ltr'><strong>eipuoruu</strong></span> <span class='ocrx_word' id='word_1_114' title='bbox 2391 521 2650 589; x_wconf 73' lang='lat' dir='ltr'><strong>begorum</strong></span> <span class='ocrx_word' id='word_1_115' title='bbox 2682 520 2841 585; x_wconf 66' lang='lat' dir='ltr'><strong>aula),</strong></span> <span class='ocrx_word' id='word_1_116' title='bbox 2862 522 2955 591; x_wconf 86' lang='lat' dir='ltr'><strong>qui</strong></span> <span class='ocrx_word' id='word_1_117' title='bbox 2992 536 3100 575; x_wconf 91' lang='lat' dir='ltr'><strong>non</strong></span> <span class='ocrx_word' id='word_1_118' title='bbox 3136 529 3401 575; x_wconf 85' lang='lat' dir='ltr'><strong>tenentur</strong></span> <span class='ocrx_word' id='word_1_119' title='bbox 3426 521 3481 579; x_wconf 90' lang='lat' dir='ltr'><strong>in</strong></span> <span class='ocrx_word' id='word_1_120' title='bbox 3510 521 3655 574; x_wconf 82' lang='lat' dir='ltr'><strong>utili-</strong></span> 
     </span>
    </p>
   </div>
   <div class='ocr_carea' id='block_1_21' title="bbox 2085 613 3657 688">
    <p class='ocr_par' dir='ltr' id='par_1_21' title="bbox 2085 613 3657 688">
     <span class='ocr_line' id='line_1_21' title="bbox 2085 613 3657 688; baseline 0.002 -24"><span class='ocrx_word' id='word_1_121' title='bbox 2085 613 2213 665; x_wconf 84' lang='lat' dir='ltr'><strong>tiam</strong></span> <span class='ocrx_word' id='word_1_122' title='bbox 2249 614 2547 685; x_wconf 77' lang='lat' dir='ltr'><strong>proﬁcisci,</strong></span> <span class='ocrx_word' id='word_1_123' title='bbox 2584 614 2691 667; x_wconf 82' lang='lat' dir='ltr'><strong>nisi</strong></span> <span class='ocrx_word' id='word_1_124' title='bbox 2728 614 2970 686; x_wconf 79' lang='lat' dir='ltr'><strong>aliquam</strong></span> <span class='ocrx_word' id='word_1_125' title='bbox 3009 615 3062 669; x_wconf 89' lang='lat' dir='ltr'><strong>in</strong></span> <span class='ocrx_word' id='word_1_126' title='bbox 3094 614 3502 688; x_wconf 72' lang='lat' dir='ltr'><strong>expeditionem</strong></span> <span class='ocrx_word' id='word_1_127' title='bbox 3538 616 3657 669; x_wconf 87' lang='lat' dir='ltr'><strong>sul-</strong></span> 
     </span>
    </p>
   </div>
   <div class='ocr_carea' id='block_1_22' title="bbox 2084 706 3661 775">
    <p class='ocr_par' dir='ltr' id='par_1_22' title="bbox 2084 706 3661 775">
     <span class='ocr_line' id='line_1_22' title="bbox 2084 706 3661 775; baseline 0.008 -18"><span class='ocrx_word' id='word_1_128' title='bbox 2084 713 2247 759; x_wconf 87' lang='lat' dir='ltr'><strong>tanus</strong></span> <span class='ocrx_word' id='word_1_129' title='bbox 2299 706 2415 773; x_wconf 89' lang='lat' dir='ltr'><strong>ipse</strong></span> <span class='ocrx_word' id='word_1_130' title='bbox 2451 707 2707 775; x_wconf 77' lang='lat' dir='ltr'><strong>prodeat.</strong></span> <span class='ocrx_word' id='word_1_131' title='bbox 2748 706 2984 775; x_wconf 85' lang='lat' dir='ltr'><strong>Ideoque</strong></span> <span class='ocrx_word' id='word_1_132' title='bbox 3031 718 3343 763; x_wconf 59' lang='lat' dir='ltr'><strong>nostrorum</strong></span> <span class='ocrx_word' id='word_1_133' title='bbox 3378 706 3445 768; x_wconf 84' lang='lat' dir='ltr'><strong>ad</strong></span> <span class='ocrx_word' id='word_1_134' title='bbox 3499 706 3661 767; x_wconf 65' lang='grc' dir='ltr'><strong>Βεεθ-</strong></span> 
     </span>
    </p>
   </div>
   <div class='ocr_carea' id='block_1_23' title="bbox 2084 799 3661 871">
    <p class='ocr_par' dir='ltr' id='par_1_23' title="bbox 2084 799 3661 871">
     <span class='ocr_line' id='line_1_23' title="bbox 2084 799 3661 871; baseline 0.001 -20"><span class='ocrx_word' id='word_1_135' title='bbox 2084 815 2216 852; x_wconf 90' lang='lat' dir='ltr'><strong>num</strong></span> <span class='ocrx_word' id='word_1_136' title='bbox 2243 799 2685 867; x_wconf 83' lang='lat' dir='ltr'><strong>similitudinem,</strong></span> <span class='ocrx_word' id='word_1_137' title='bbox 2722 802 2874 855; x_wconf 80' lang='lat' dir='ltr'><strong>liberi</strong></span> <span class='ocrx_word' id='word_1_138' title='bbox 2896 817 3020 856; x_wconf 84' lang='lat' dir='ltr'><strong>esse</strong></span> <span class='ocrx_word' id='word_1_139' title='bbox 3042 802 3249 867; x_wconf 72' lang='lat' dir='ltr'><strong>volunt.</strong></span> <span class='ocrx_word' id='word_1_140' title='bbox 3277 801 3468 871; x_wconf 64' lang='lat' dir='ltr'><strong>Maiori</strong></span> <span class='ocrx_word' id='word_1_141' title='bbox 3496 804 3661 855; x_wconf 75' lang='lat' dir='ltr'><strong>etiam</strong></span> 
     </span>
    </p>
   </div>
   <div class='ocr_carea' id='block_1_24' title="bbox 2086 891 3661 969">
    <p class='ocr_par' dir='ltr' id='par_1_24' title="bbox 2086 891 3661 969">
     <span class='ocr_line' id='line_1_24' title="bbox 2086 891 3661 969; baseline 0.003 -24"><span class='ocrx_word' id='word_1_142' title='bbox 2086 908 2148 945; x_wconf 86' lang='lat' dir='ltr'><strong>ex</strong></span> <span class='ocrx_word' id='word_1_143' title='bbox 2186 900 2339 960; x_wconf 86' lang='lat' dir='ltr'><strong>parte</strong></span> <span class='ocrx_word' id='word_1_144' title='bbox 2363 891 2455 945; x_wconf 82' lang='lat' dir='ltr'><strong>lilii</strong></span> <span class='ocrx_word' id='word_1_145' title='bbox 2517 904 2649 948; x_wconf 90' lang='lat' dir='ltr'><strong>sunt</strong></span> <span class='ocrx_word' id='word_1_146' title='bbox 2692 894 3005 961; x_wconf 74' lang='lat' dir='ltr'><strong>bassarnm,</strong></span> <span class='ocrx_word' id='word_1_147' title='bbox 3038 910 3353 969; x_wconf 73' lang='lat' dir='ltr'><strong>procerum,</strong></span> <span class='ocrx_word' id='word_1_148' title='bbox 3412 894 3661 964; x_wconf 65' lang='lat' dir='ltr'><strong>beneque</strong></span> 
     </span>
    </p>
   </div>
   <div class='ocr_carea' id='block_1_25' title="bbox 2089 984 3151 1047">
    <p class='ocr_par' dir='ltr' id='par_1_25' title="bbox 2089 984 3151 1047">
     <span class='ocr_line' id='line_1_25' title="bbox 2089 984 3151 1047; baseline 0.004 -11"><span class='ocrx_word' id='word_1_149' title='bbox 2089 984 2411 1037; x_wconf 86' lang='lat' dir='ltr'><strong>meritorum</strong></span> <span class='ocrx_word' id='word_1_150' title='bbox 2443 984 2684 1047; x_wconf 84' lang='lat' dir='ltr'><strong>virorum</strong></span> <span class='ocrx_word' id='word_1_151' title='bbox 2718 986 2785 1041; x_wconf 84' lang='lat' dir='ltr'><strong>de</strong></span> <span class='ocrx_word' id='word_1_152' title='bbox 2816 985 3151 1046; x_wconf 83' lang='lat' dir='ltr'><strong>Osniauidis.</strong></span> 
     </span>
    </p>
   </div>
   <div class='ocr_carea' id='block_1_26' title="bbox 2158 1078 3664 1147">
    <p class='ocr_par' dir='ltr' id='par_1_26' title="bbox 2158 1078 3664 1147">
     <span class='ocr_line' id='line_1_26' title="bbox 2158 1078 3664 1147; baseline 0.001 -17"><span class='ocrx_word' id='word_1_153' title='bbox 2158 1078 2263 1131; x_wconf 90' lang='lat' dir='ltr'><strong>Sex</strong></span> <span class='ocrx_word' id='word_1_154' title='bbox 2299 1078 2513 1146; x_wconf 75' lang='lat' dir='ltr'><strong>Agalari</strong></span> <span class='ocrx_word' id='word_1_155' title='bbox 2552 1080 2667 1135; x_wconf 84' lang='lat' dir='ltr'><strong>sive</strong></span> <span class='ocrx_word' id='word_1_156' title='bbox 2723 1078 2926 1135; x_wconf 88' lang='lat' dir='ltr'><strong>tribuni</strong></span> <span class='ocrx_word' id='word_1_157' title='bbox 2992 1078 3382 1147; x_wconf 73' lang='lat' dir='ltr'><strong>Spachiorutu,</strong></span> <span class='ocrx_word' id='word_1_158' title='bbox 3445 1079 3499 1144; x_wconf 72' lang='lat' dir='ltr'><strong>id</strong></span> <span class='ocrx_word' id='word_1_159' title='bbox 3556 1091 3664 1145; x_wconf 82' lang='lat' dir='ltr'><strong>est,</strong></span> 
     </span>
    </p>
   </div>
   <div class='ocr_carea' id='block_1_27' title="bbox 2086 1169 3664 1241">
    <p class='ocr_par' dir='ltr' id='par_1_27' title="bbox 2086 1169 3664 1241">
     <span class='ocr_line' id='line_1_27' title="bbox 2086 1169 3664 1241; baseline 0.005 -22"><span class='ocrx_word' id='word_1_160' title='bbox 2086 1169 2363 1237; x_wconf 86' lang='lat' dir='ltr'><strong>equitatus</strong></span> <span class='ocrx_word' id='word_1_161' title='bbox 2426 1169 2743 1223; x_wconf 78' lang='lat' dir='ltr'><strong>immediate</strong></span> <span class='ocrx_word' id='word_1_162' title='bbox 2811 1170 3057 1241; x_wconf 83' lang='lat' dir='ltr'><strong>deputati</strong></span> <span class='ocrx_word' id='word_1_163' title='bbox 3113 1170 3381 1227; x_wconf 72' lang='lat' dir='ltr'><strong>custodia:</strong></span> <span class='ocrx_word' id='word_1_164' title='bbox 3436 1171 3664 1237; x_wconf 71' lang='lat' dir='ltr'><strong>sultaui.</strong></span> 
     </span>
    </p>
   </div>
   <div class='ocr_carea' id='block_1_28' title="bbox 2089 1260 2921 1324">
    <p class='ocr_par' dir='ltr' id='par_1_28' title="bbox 2089 1260 2921 1324">
     <span class='ocr_line' id='line_1_28' title="bbox 2089 1260 2921 1324; baseline 0.004 -10"><span class='ocrx_word' id='word_1_165' title='bbox 2089 1260 2293 1315; x_wconf 82' lang='lat' dir='ltr'><strong>liorum</strong></span> <span class='ocrx_word' id='word_1_166' title='bbox 2328 1263 2440 1315; x_wconf 80' lang='lat' dir='ltr'><strong>haec</strong></span> <span class='ocrx_word' id='word_1_167' title='bbox 2474 1263 2699 1317; x_wconf 89' lang='lat' dir='ltr'><strong>nomina</strong></span> <span class='ocrx_word' id='word_1_168' title='bbox 2733 1272 2863 1324; x_wconf 83' lang='lat' dir='ltr'><strong>sunt</strong></span> <span class='ocrx_word' id='word_1_169' title='bbox 2905 1281 2921 1317; x_wconf 90' lang='lat'><strong>:</strong></span> 
     </span>
    </p>
   </div>
   <div class='ocr_carea' id='block_1_29' title="bbox 2159 1353 3081 1425">
    <p class='ocr_par' dir='ltr' id='par_1_29' title="bbox 2159 1353 3081 1425">
     <span class='ocr_line' id='line_1_29' title="bbox 2159 1353 3081 1425; baseline 0 -16"><span class='ocrx_word' id='word_1_170' title='bbox 2159 1355 2212 1409; x_wconf 75' lang='grc'><strong>1.</strong></span> <span class='ocrx_word' id='word_1_171' title='bbox 2244 1353 2553 1423; x_wconf 81' lang='lat' dir='ltr'><strong>Spahoglan</strong></span> <span class='ocrx_word' id='word_1_172' title='bbox 2587 1356 2721 1425; x_wconf 78' lang='lat' dir='ltr'><strong>Aga,</strong></span> <span class='ocrx_word' id='word_1_173' title='bbox 2771 1355 2851 1409; x_wconf 87' lang='lat' dir='ltr'><strong>vel</strong></span> <span class='ocrx_word' id='word_1_174' title='bbox 2893 1355 3081 1425; x_wconf 74' lang='lat' dir='ltr'><strong>Agasi.</strong></span> 
     </span>
    </p>
   </div>
   <div class='ocr_carea' id='block_1_30' title="bbox 2164 1448 2730 1518">
    <p class='ocr_par' dir='ltr' id='par_1_30' title="bbox 2164 1448 2730 1518">
     <span class='ocr_line' id='line_1_30' title="bbox 2164 1448 2730 1518; baseline 0.007 -18"><span class='ocrx_word' id='word_1_175' title='bbox 2164 1449 2219 1501; x_wconf 69' lang='lat'><strong>2.</strong></span> <span class='ocrx_word' id='word_1_176' title='bbox 2259 1448 2521 1501; x_wconf 78' lang='lat' dir='ltr'><strong>Silichtar</strong></span> <span class='ocrx_word' id='word_1_177' title='bbox 2542 1448 2730 1518; x_wconf 75' lang='lat' dir='ltr'><strong>Agasi.</strong></span> 
     </span>
    </p>
   </div>
   <div class='ocr_carea' id='block_1_31' title="bbox 2154 1536 2816 1610">
    <p class='ocr_par' dir='ltr' id='par_1_31' title="bbox 2154 1536 2816 1610">
     <span class='ocr_line' id='line_1_31' title="bbox 2154 1536 2816 1610; baseline 0.002 -15"><span class='ocrx_word' id='word_1_178' title='bbox 2154 1541 2209 1595; x_wconf 78' lang='lat'><strong>5.</strong></span> <span class='ocrx_word' id='word_1_179' title='bbox 2241 1542 2348 1610; x_wconf 77' lang='lat' dir='ltr'><strong>Sag</strong></span> <span class='ocrx_word' id='word_1_180' title='bbox 2373 1536 2606 1596; x_wconf 80' lang='lat' dir='ltr'><strong>Ulefetzi</strong></span> <span class='ocrx_word' id='word_1_181' title='bbox 2641 1540 2816 1596; x_wconf 90' lang='lat' dir='ltr'><strong>bassl.</strong></span> 
     </span>
    </p>
   </div>
   <div class='ocr_carea' id='block_1_32' title="bbox 2160 1629 2800 1691">
    <p class='ocr_par' dir='ltr' id='par_1_32' title="bbox 2160 1629 2800 1691">
     <span class='ocr_line' id='line_1_32' title="bbox 2160 1629 2800 1691; baseline 0.006 -4"><span class='ocrx_word' id='word_1_182' title='bbox 2160 1634 2215 1687; x_wconf 73' lang='grc'><strong>4.</strong></span> <span class='ocrx_word' id='word_1_183' title='bbox 2249 1632 2340 1685; x_wconf 85' lang='lat' dir='ltr'><strong>Sol</strong></span> <span class='ocrx_word' id='word_1_184' title='bbox 2367 1629 2600 1687; x_wconf 77' lang='lat' dir='ltr'><strong>Ulefetzi</strong></span> <span class='ocrx_word' id='word_1_185' title='bbox 2630 1634 2800 1691; x_wconf 87' lang='lat' dir='ltr'><strong>hassi.</strong></span> 
     </span>
    </p>
   </div>
   <div class='ocr_carea' id='block_1_33' title="bbox 2164 1725 2771 1797">
    <p class='ocr_par' dir='ltr' id='par_1_33' title="bbox 2164 1725 2771 1797">
     <span class='ocr_line' id='line_1_33' title="bbox 2164 1725 2771 1797; baseline 0.016 -20"><span class='ocrx_word' id='word_1_186' title='bbox 2164 1725 2212 1778; x_wconf 84' lang='grc'><strong>5.</strong></span> <span class='ocrx_word' id='word_1_187' title='bbox 2249 1725 2355 1795; x_wconf 78' lang='lat' dir='ltr'><strong>Sag</strong></span> <span class='ocrx_word' id='word_1_188' title='bbox 2378 1725 2545 1780; x_wconf 82' lang='lat' dir='ltr'><strong>Garib</strong></span> <span class='ocrx_word' id='word_1_189' title='bbox 2580 1726 2771 1797; x_wconf 60' lang='grc' dir='ltr'><strong>Αεθιίς</strong></span> 
     </span>
    </p>
   </div>
   <div class='ocr_carea' id='block_1_34' title="bbox 404 1788 2749 1888">
    <p class='ocr_par' dir='ltr' id='par_1_34' title="bbox 404 1788 2749 1888">
     <span class='ocr_line' id='line_1_34' title="bbox 404 1788 2749 1888; baseline -0.002 -21"><span class='ocrx_word' id='word_1_190' title='bbox 404 1788 622 1868; x_wconf 77' lang='lat' dir='ltr'><strong>tuorum</strong></span> <span class='ocrx_word' id='word_1_191' title='bbox 647 1814 767 1867; x_wconf 82' lang='lat' dir='ltr'><strong>loca</strong></span> <span class='ocrx_word' id='word_1_192' title='bbox 817 1788 1132 1869; x_wconf 79' lang='lat' dir='ltr'><strong>substitutis</strong></span> <span class='ocrx_word' id='word_1_193' title='bbox 1157 1832 1181 1877; x_wconf 82' lang='lat'><strong>,-</strong></span> <span class='ocrx_word' id='word_1_194' title='bbox 1221 1788 1521 1881; x_wconf 83' lang='lat' dir='ltr'><strong>itidemque</strong></span> <span class='ocrx_word' id='word_1_195' title='bbox 1576 1788 1979 1880; x_wconf 77' lang='lat' dir='ltr'><strong>sanglnebegis,</strong></span> <span class='ocrx_word' id='word_1_196' title='bbox 2010 1788 2059 1852; x_wconf 74' lang='grc' dir='ltr'><strong>Β</strong></span> <span class='ocrx_word' id='word_1_197' title='bbox 2156 1817 2208 1871; x_wconf 80' lang='grc'><strong>6,</strong></span> <span class='ocrx_word' id='word_1_198' title='bbox 2244 1788 2529 1873; x_wconf 55' lang='lat' dir='ltr'><strong>saluari!)</strong></span> <span class='ocrx_word' id='word_1_199' title='bbox 2558 1788 2749 1888; x_wconf 47' lang='grc' dir='ltr'><strong>Αεῖηῑ,</strong></span> 
     </span>
    </p>
   </div>
   <div class='ocr_carea' id='block_1_35' title="bbox 403 1900 1981 1976">
    <p class='ocr_par' dir='ltr' id='par_1_35' title="bbox 403 1900 1981 1976">
     <span class='ocr_line' id='line_1_35' title="bbox 403 1900 1981 1976; baseline -0.004 -17"><span class='ocrx_word' id='word_1_200' title='bbox 403 1904 587 1960; x_wconf 71' lang='lat' dir='ltr'><strong>offert.</strong></span> <span class='ocrx_word' id='word_1_201' title='bbox 616 1904 828 1976; x_wconf 79' lang='lat' dir='ltr'><strong>Quippe</strong></span> <span class='ocrx_word' id='word_1_202' title='bbox 856 1921 981 1961; x_wconf 88' lang='lat' dir='ltr'><strong>enm</strong></span> <span class='ocrx_word' id='word_1_203' title='bbox 1008 1906 1132 1976; x_wconf 90' lang='lat' dir='ltr'><strong>quis</strong></span> <span class='ocrx_word' id='word_1_204' title='bbox 1159 1906 1354 1958; x_wconf 89' lang='lat' dir='ltr'><strong>horum</strong></span> <span class='ocrx_word' id='word_1_205' title='bbox 1387 1917 1415 1955; x_wconf 91' lang='lat' dir='ltr'><strong>a</strong></span> <span class='ocrx_word' id='word_1_206' title='bbox 1442 1902 1621 1958; x_wconf 85' lang='lat' dir='ltr'><strong>bassis</strong></span> <span class='ocrx_word' id='word_1_207' title='bbox 1656 1900 1709 1955; x_wconf 90' lang='lat' dir='ltr'><strong>in</strong></span> <span class='ocrx_word' id='word_1_208' title='bbox 1736 1901 1981 1955; x_wconf 78' lang='lat' dir='ltr'><strong>defuncti</strong></span> 
     </span>
    </p>
   </div>
   <div class='ocr_carea' id='block_1_36' title="bbox 405 1992 1987 2063">
    <p class='ocr_par' dir='ltr' id='par_1_36' title="bbox 405 1992 1987 2063">
     <span class='ocr_line' id='line_1_36' title="bbox 405 1992 1987 2063; baseline -0.003 -11"><span class='ocrx_word' id='word_1_209' title='bbox 405 2001 591 2054; x_wconf 87' lang='lat' dir='ltr'><strong>locum</strong></span> <span class='ocrx_word' id='word_1_210' title='bbox 625 1998 842 2053; x_wconf 85' lang='lat' dir='ltr'><strong>electus</strong></span> <span class='ocrx_word' id='word_1_211' title='bbox 882 2006 991 2063; x_wconf 84' lang='lat' dir='ltr'><strong>est,</strong></span> <span class='ocrx_word' id='word_1_212' title='bbox 1027 2013 1152 2053; x_wconf 83' lang='lat' dir='ltr'><strong>mox</strong></span> <span class='ocrx_word' id='word_1_213' title='bbox 1193 1997 1333 2052; x_wconf 90' lang='lat' dir='ltr'><strong>emir</strong></span> <span class='ocrx_word' id='word_1_214' title='bbox 1373 1993 1562 2051; x_wconf 84' lang='lat' dir='ltr'><strong>llalem</strong></span> <span class='ocrx_word' id='word_1_215' title='bbox 1599 1993 1907 2063; x_wconf 83' lang='lat' dir='ltr'><strong>symbolum</strong></span> <span class='ocrx_word' id='word_1_216' title='bbox 1934 1992 1987 2047; x_wconf 86' lang='lat' dir='ltr'><strong>ei</strong></span> 
     </span>
    </p>
   </div>
   <div class='ocr_carea' id='block_1_37' title="bbox 408 2086 1977 2161">
    <p class='ocr_par' dir='ltr' id='par_1_37' title="bbox 408 2086 1977 2161">
     <span class='ocr_line' id='line_1_37' title="bbox 408 2086 1977 2161; baseline -0.006 -15"><span class='ocrx_word' id='word_1_217' title='bbox 408 2090 695 2161; x_wconf 79' lang='lat' dir='ltr'><strong>dignitatis</strong></span> <span class='ocrx_word' id='word_1_218' title='bbox 753 2090 1020 2145; x_wconf 79' lang='lat' dir='ltr'><strong>vexillum</strong></span> <span class='ocrx_word' id='word_1_219' title='bbox 1069 2090 1234 2143; x_wconf 82' lang='lat' dir='ltr'><strong>tradit</strong></span> <span class='ocrx_word' id='word_1_220' title='bbox 1269 2106 1283 2153; x_wconf 89' lang='lat'><strong>;</strong></span> <span class='ocrx_word' id='word_1_221' title='bbox 1320 2088 1485 2143; x_wconf 84' lang='lat' dir='ltr'><strong>simul</strong></span> <span class='ocrx_word' id='word_1_222' title='bbox 1522 2086 1889 2157; x_wconf 85' lang='lat' dir='ltr'><strong>tympanistas</strong></span> <span class='ocrx_word' id='word_1_223' title='bbox 1928 2091 1977 2140; x_wconf 83' lang='lat' dir='ltr'><strong>et</strong></span> 
     </span>
    </p>
   </div>
   <div class='ocr_carea' id='block_1_38' title="bbox 410 2179 1986 2241">
    <p class='ocr_par' dir='ltr' id='par_1_38' title="bbox 410 2179 1986 2241">
     <span class='ocr_line' id='line_1_38' title="bbox 410 2179 1986 2241; baseline -0.004 -2"><span class='ocrx_word' id='word_1_224' title='bbox 410 2188 669 2241; x_wconf 77' lang='lat' dir='ltr'><strong>tibicines</strong></span> <span class='ocrx_word' id='word_1_225' title='bbox 704 2184 773 2239; x_wconf 88' lang='lat' dir='ltr'><strong>ad</strong></span> <span class='ocrx_word' id='word_1_226' title='bbox 810 2184 1031 2238; x_wconf 87' lang='lat' dir='ltr'><strong>domum</strong></span> <span class='ocrx_word' id='word_1_227' title='bbox 1070 2182 1155 2237; x_wconf 82' lang='lat' dir='ltr'><strong>vel</strong></span> <span class='ocrx_word' id='word_1_228' title='bbox 1193 2182 1486 2237; x_wconf 85' lang='lat' dir='ltr'><strong>tentorium</strong></span> <span class='ocrx_word' id='word_1_229' title='bbox 1514 2179 1677 2235; x_wconf 85' lang='lat' dir='ltr'><strong>electi</strong></span> <span class='ocrx_word' id='word_1_230' title='bbox 1745 2180 1848 2233; x_wconf 82' lang='lat' dir='ltr'><strong>sub</strong></span> <span class='ocrx_word' id='word_1_231' title='bbox 1893 2193 1986 2233; x_wconf 88' lang='lat' dir='ltr'><strong>ve-</strong></span> 
     </span>
    </p>
   </div>
   <div class='ocr_carea' id='block_1_39' title="bbox 411 2269 1986 2345">
    <p class='ocr_par' dir='ltr' id='par_1_39' title="bbox 411 2269 1986 2345">
     <span class='ocr_line' id='line_1_39' title="bbox 411 2269 1986 2345; baseline -0.006 -18"><span class='ocrx_word' id='word_1_232' title='bbox 411 2290 627 2345; x_wconf 86' lang='lat' dir='ltr'><strong>speram</strong></span> <span class='ocrx_word' id='word_1_233' title='bbox 664 2273 855 2339; x_wconf 87' lang='lat' dir='ltr'><strong>mittit,</strong></span> <span class='ocrx_word' id='word_1_234' title='bbox 887 2281 941 2327; x_wconf 89' lang='lat' dir='ltr'><strong>et</strong></span> <span class='ocrx_word' id='word_1_235' title='bbox 966 2270 1089 2326; x_wconf 85' lang='lat' dir='ltr'><strong>istie</strong></span> <span class='ocrx_word' id='word_1_236' title='bbox 1135 2270 1353 2341; x_wconf 85' lang='lat' dir='ltr'><strong>pulsare</strong></span> <span class='ocrx_word' id='word_1_237' title='bbox 1419 2283 1694 2339; x_wconf 73' lang='lat' dir='ltr'><strong>tympana,</strong></span> <span class='ocrx_word' id='word_1_238' title='bbox 1731 2269 1892 2322; x_wconf 82' lang='lat' dir='ltr'><strong>tibias</strong></span> <span class='ocrx_word' id='word_1_239' title='bbox 1924 2280 1986 2321; x_wconf 87' lang='lat' dir='ltr'><strong>ac</strong></span> 
     </span>
    </p>
   </div>
   <div class='ocr_carea' id='block_1_40' title="bbox 409 2360 1984 2437">
    <p class='ocr_par' dir='ltr' id='par_1_40' title="bbox 409 2360 1984 2437">
     <span class='ocr_line' id='line_1_40' title="bbox 409 2360 1984 2437; baseline -0.004 -16"><span class='ocrx_word' id='word_1_240' title='bbox 409 2367 623 2423; x_wconf 76' lang='lat' dir='ltr'><strong>ﬁstulas</strong></span> <span class='ocrx_word' id='word_1_241' title='bbox 655 2364 818 2437; x_wconf 59' lang='grc'><strong>493</strong></span> <span class='ocrx_word' id='word_1_242' title='bbox 849 2365 1053 2419; x_wconf 86' lang='lat' dir='ltr'><strong>instare</strong></span> <span class='ocrx_word' id='word_1_243' title='bbox 1098 2363 1272 2433; x_wconf 85' lang='lat' dir='ltr'><strong>jubet.</strong></span> <span class='ocrx_word' id='word_1_244' title='bbox 1320 2360 1579 2417; x_wconf 85' lang='lat' dir='ltr'><strong>Officium</strong></span> <span class='ocrx_word' id='word_1_245' title='bbox 1640 2361 1984 2414; x_wconf 81' lang='lat' dir='ltr'><strong>fructuosum</strong></span> 
     </span>
    </p>
   </div>
   <div class='ocr_carea' id='block_1_41' title="bbox 404 2456 1987 2528">
    <p class='ocr_par' dir='ltr' id='par_1_41' title="bbox 404 2456 1987 2528">
     <span class='ocr_line' id='line_1_41' title="bbox 404 2456 1987 2528; baseline -0.006 -12"><span class='ocrx_word' id='word_1_246' title='bbox 404 2470 514 2523; x_wconf 85' lang='lat' dir='ltr'><strong>cst,</strong></span> <span class='ocrx_word' id='word_1_247' title='bbox 548 2469 605 2513; x_wconf 87' lang='lat' dir='ltr'><strong>et</strong></span> <span class='ocrx_word' id='word_1_248' title='bbox 637 2459 799 2528; x_wconf 88' lang='lat' dir='ltr'><strong>primi</strong></span> <span class='ocrx_word' id='word_1_249' title='bbox 859 2456 1162 2513; x_wconf 86' lang='lat' dir='ltr'><strong>secundum</strong></span> <span class='ocrx_word' id='word_1_250' title='bbox 1217 2458 1600 2527; x_wconf 68' lang='lat' dir='ltr'><strong>genizarorum</strong></span> <span class='ocrx_word' id='word_1_251' title='bbox 1678 2468 1835 2522; x_wconf 80' lang='lat' dir='ltr'><strong>agam</strong></span> <span class='ocrx_word' id='word_1_252' title='bbox 1890 2468 1987 2508; x_wconf 85' lang='lat' dir='ltr'><strong>uo-</strong></span> 
     </span>
    </p>
   </div>
   <div class='ocr_carea' id='block_1_42' title="bbox 408 2551 821 2610">
    <p class='ocr_par' dir='ltr' id='par_1_42' title="bbox 408 2551 821 2610">
     <span class='ocr_line' id='line_1_42' title="bbox 408 2551 821 2610; baseline -0.01 -3"><span class='ocrx_word' id='word_1_253' title='bbox 408 2553 576 2610; x_wconf 85' lang='lat' dir='ltr'><strong>niinis</strong></span> <span class='ocrx_word' id='word_1_254' title='bbox 602 2565 667 2605; x_wconf 88' lang='lat' dir='ltr'><strong>ac</strong></span> <span class='ocrx_word' id='word_1_255' title='bbox 693 2551 821 2607; x_wconf 91' lang='lat' dir='ltr'><strong>loci.</strong></span> 
     </span>
    </p>
   </div>
   <div class='ocr_carea' id='block_1_43' title="bbox 477 2660 1985 2738">
    <p class='ocr_par' dir='ltr' id='par_1_43' title="bbox 477 2660 1985 2738">
     <span class='ocr_line' id='line_1_43' title="bbox 477 2660 1985 2738; baseline -0.004 -15"><span class='ocrx_word' id='word_1_256' title='bbox 477 2665 694 2738; x_wconf 85' lang='lat' dir='ltr'><strong>Capilzl</strong></span> <span class='ocrx_word' id='word_1_257' title='bbox 740 2665 941 2730; x_wconf 70' lang='lat' dir='ltr'><strong>bassaz,</strong></span> <span class='ocrx_word' id='word_1_258' title='bbox 981 2660 1145 2720; x_wconf 87' lang='lat' dir='ltr'><strong>modo</strong></span> <span class='ocrx_word' id='word_1_259' title='bbox 1176 2674 1438 2736; x_wconf 85' lang='lat' dir='ltr'><strong>quatuor,</strong></span> <span class='ocrx_word' id='word_1_260' title='bbox 1482 2661 1646 2727; x_wconf 78' lang='lat' dir='ltr'><strong>modo</strong></span> <span class='ocrx_word' id='word_1_261' title='bbox 1708 2676 1825 2735; x_wconf 71' lang='lat' dir='ltr'><strong>sex,</strong></span> <span class='ocrx_word' id='word_1_262' title='bbox 1884 2678 1985 2732; x_wconf 93' lang='lat' dir='ltr'><strong>pro</strong></span> 
     </span>
    </p>
   </div>
   <div class='ocr_carea' id='block_1_44' title="bbox 410 2752 1989 2826">
    <p class='ocr_par' dir='ltr' id='par_1_44' title="bbox 410 2752 1989 2826">
     <span class='ocr_line' id='line_1_44' title="bbox 410 2752 1989 2826; baseline -0.004 -13"><span class='ocrx_word' id='word_1_263' title='bbox 410 2759 641 2815; x_wconf 85' lang='lat' dir='ltr'><strong>arbitrio</strong></span> <span class='ocrx_word' id='word_1_264' title='bbox 675 2757 879 2813; x_wconf 85' lang='lat' dir='ltr'><strong>sultani</strong></span> <span class='ocrx_word' id='word_1_265' title='bbox 905 2764 1181 2811; x_wconf 83' lang='lat' dir='ltr'><strong>creantur.</strong></span> <span class='ocrx_word' id='word_1_266' title='bbox 1216 2755 1279 2810; x_wconf 85' lang='lat' dir='ltr'><strong>Et</strong></span> <span class='ocrx_word' id='word_1_267' title='bbox 1310 2752 1554 2824; x_wconf 59' lang='lat' dir='ltr'><strong>praefecti</strong></span> <span class='ocrx_word' id='word_1_268' title='bbox 1582 2762 1713 2813; x_wconf 88' lang='lat' dir='ltr'><strong>sunt</strong></span> <span class='ocrx_word' id='word_1_269' title='bbox 1762 2752 1989 2826; x_wconf 85' lang='lat' dir='ltr'><strong>capitzi-</strong></span> 
     </span>
    </p>
   </div>
   <div class='ocr_carea' id='block_1_45' title="bbox 412 2840 1988 2924">
    <p class='ocr_par' dir='ltr' id='par_1_45' title="bbox 412 2840 1988 2924">
     <span class='ocr_line' id='line_1_45' title="bbox 412 2840 1988 2924; baseline -0.005 -21"><span class='ocrx_word' id='word_1_270' title='bbox 412 2850 583 2913; x_wconf 77' lang='lat' dir='ltr'><strong>lariis,</strong></span> <span class='ocrx_word' id='word_1_271' title='bbox 611 2849 663 2900; x_wconf 88' lang='lat' dir='ltr'><strong>id</strong></span> <span class='ocrx_word' id='word_1_272' title='bbox 688 2854 799 2913; x_wconf 86' lang='lat' dir='ltr'><strong>est,</strong></span> <span class='ocrx_word' id='word_1_273' title='bbox 831 2844 1162 2915; x_wconf 71' lang='lat' dir='ltr'><strong>ianitoribus</strong></span> <span class='ocrx_word' id='word_1_274' title='bbox 1206 2865 1221 2901; x_wconf 86' lang='lat'><strong>:</strong></span> <span class='ocrx_word' id='word_1_275' title='bbox 1283 2845 1595 2923; x_wconf 82' lang='lat' dir='ltr'><strong>habentque</strong></span> <span class='ocrx_word' id='word_1_276' title='bbox 1650 2840 1849 2924; x_wconf 66' lang='lat' dir='ltr'><strong>singuli</strong></span> <span class='ocrx_word' id='word_1_277' title='bbox 1883 2841 1988 2903; x_wconf 85' lang='lat' dir='ltr'><strong>sub</strong></span> 
     </span>
    </p>
   </div>
   <div class='ocr_carea' id='block_1_46' title="bbox 411 2934 1989 3007">
    <p class='ocr_par' dir='ltr' id='par_1_46' title="bbox 411 2934 1989 3007">
     <span class='ocr_line' id='line_1_46' title="bbox 411 2934 1989 3007; baseline -0.006 -11"><span class='ocrx_word' id='word_1_278' title='bbox 411 2957 471 2996; x_wconf 85' lang='lat' dir='ltr'><strong>se</strong></span> <span class='ocrx_word' id='word_1_279' title='bbox 496 2948 772 2996; x_wconf 87' lang='lat' dir='ltr'><strong>trecentos</strong></span> <span class='ocrx_word' id='word_1_280' title='bbox 830 2948 926 2992; x_wconf 90' lang='lat' dir='ltr'><strong>aut</strong></span> <span class='ocrx_word' id='word_1_281' title='bbox 955 2938 1392 3007; x_wconf 77' lang='lat' dir='ltr'><strong>quadringentos</strong></span> <span class='ocrx_word' id='word_1_282' title='bbox 1414 2934 1813 3004; x_wconf 76' lang='lat' dir='ltr'><strong>capitzilarios,</strong></span> <span class='ocrx_word' id='word_1_283' title='bbox 1849 2948 1989 3004; x_wconf 81' lang='lat' dir='ltr'><strong>quo-</strong></span> 
     </span>
    </p>
   </div>
   <div class='ocr_carea' id='block_1_47' title="bbox 412 3026 1987 3101">
    <p class='ocr_par' dir='ltr' id='par_1_47' title="bbox 412 3026 1987 3101">
     <span class='ocr_line' id='line_1_47' title="bbox 412 3026 1987 3101; baseline -0.004 -14"><span class='ocrx_word' id='word_1_284' title='bbox 412 3048 533 3087; x_wconf 90' lang='lat' dir='ltr'><strong>rum</strong></span> <span class='ocrx_word' id='word_1_285' title='bbox 563 3042 648 3087; x_wconf 88' lang='lat' dir='ltr'><strong>est</strong></span> <span class='ocrx_word' id='word_1_286' title='bbox 684 3031 957 3087; x_wconf 84' lang='lat' dir='ltr'><strong>inservire</strong></span> <span class='ocrx_word' id='word_1_287' title='bbox 990 3029 1163 3099; x_wconf 85' lang='lat' dir='ltr'><strong>ipsius</strong></span> <span class='ocrx_word' id='word_1_288' title='bbox 1193 3041 1441 3098; x_wconf 68' lang='lat' dir='ltr'><strong>personae</strong></span> <span class='ocrx_word' id='word_1_289' title='bbox 1472 3026 1699 3090; x_wconf 87' lang='lat' dir='ltr'><strong>sultani,</strong></span> <span class='ocrx_word' id='word_1_290' title='bbox 1748 3040 1987 3101; x_wconf 86' lang='lat' dir='ltr'><strong>eumque</strong></span> 
     </span>
    </p>
   </div>
   <div class='ocr_carea' id='block_1_48' title="bbox 410 3114 1987 3188">
    <p class='ocr_par' dir='ltr' id='par_1_48' title="bbox 410 3114 1987 3188">
     <span class='ocr_line' id='line_1_48' title="bbox 410 3114 1987 3188; baseline -0.003 -15"><span class='ocrx_word' id='word_1_291' title='bbox 410 3121 799 3185; x_wconf 88' lang='lat' dir='ltr'><strong>circumstare,</strong></span> <span class='ocrx_word' id='word_1_292' title='bbox 841 3118 1061 3188; x_wconf 90' lang='lat' dir='ltr'><strong>quoties</strong></span> <span class='ocrx_word' id='word_1_293' title='bbox 1125 3116 1342 3186; x_wconf 88' lang='lat' dir='ltr'><strong>publice</strong></span> <span class='ocrx_word' id='word_1_294' title='bbox 1376 3115 1689 3170; x_wconf 88' lang='lat' dir='ltr'><strong>facultatem</strong></span> <span class='ocrx_word' id='word_1_295' title='bbox 1749 3114 1987 3171; x_wconf 85' lang='lat' dir='ltr'><strong>adeundi</strong></span> 
     </span>
    </p>
   </div>
   <div class='ocr_carea' id='block_1_49' title="bbox 412 3205 1986 3278">
    <p class='ocr_par' dir='ltr' id='par_1_49' title="bbox 412 3205 1986 3278">
     <span class='ocr_line' id='line_1_49' title="bbox 412 3205 1986 3278; baseline -0.003 -15"><span class='ocrx_word' id='word_1_296' title='bbox 412 3223 471 3264; x_wconf 88' lang='lat' dir='ltr'><strong>se</strong></span> <span class='ocrx_word' id='word_1_297' title='bbox 501 3208 723 3278; x_wconf 70' lang='lat' dir='ltr'><strong>praebet,</strong></span> <span class='ocrx_word' id='word_1_298' title='bbox 757 3205 903 3277; x_wconf 82' lang='lat' dir='ltr'><strong>quod</strong></span> <span class='ocrx_word' id='word_1_299' title='bbox 930 3205 1267 3261; x_wconf 85' lang='lat' dir='ltr'><strong>audientiam</strong></span> <span class='ocrx_word' id='word_1_300' title='bbox 1312 3207 1445 3260; x_wconf 86' lang='lat' dir='ltr'><strong>dare</strong></span> <span class='ocrx_word' id='word_1_301' title='bbox 1476 3205 1707 3261; x_wconf 87' lang='lat' dir='ltr'><strong>dicunt:</strong></span> <span class='ocrx_word' id='word_1_302' title='bbox 1750 3214 1807 3261; x_wconf 90' lang='lat' dir='ltr'><strong>et</strong></span> <span class='ocrx_word' id='word_1_303' title='bbox 1856 3206 1986 3262; x_wconf 84' lang='lat' dir='ltr'><strong>belli</strong></span> 
     </span>
    </p>
   </div>
   <div class='ocr_carea' id='block_1_50' title="bbox 413 3300 1981 3372">
    <p class='ocr_par' dir='ltr' id='par_1_50' title="bbox 413 3300 1981 3372">
     <span class='ocr_line' id='line_1_50' title="bbox 413 3300 1981 3372; baseline -0.001 -17"><span class='ocrx_word' id='word_1_304' title='bbox 413 3313 683 3372; x_wconf 86' lang='lat' dir='ltr'><strong>tempore,</strong></span> <span class='ocrx_word' id='word_1_305' title='bbox 720 3300 942 3371; x_wconf 80' lang='lat' dir='ltr'><strong>quando</strong></span> <span class='ocrx_word' id='word_1_306' title='bbox 991 3301 1247 3357; x_wconf 84' lang='lat' dir='ltr'><strong>sultanus</strong></span> <span class='ocrx_word' id='word_1_307' title='bbox 1296 3301 1351 3356; x_wconf 90' lang='lat' dir='ltr'><strong>in</strong></span> <span class='ocrx_word' id='word_1_308' title='bbox 1378 3300 1577 3355; x_wconf 79' lang='lat' dir='ltr'><strong>castris</strong></span> <span class='ocrx_word' id='word_1_309' title='bbox 1612 3308 1717 3363; x_wconf 84' lang='lat' dir='ltr'><strong>est,</strong></span> <span class='ocrx_word' id='word_1_310' title='bbox 1770 3300 1981 3354; x_wconf 86' lang='lat' dir='ltr'><strong>circum</strong></span> 
     </span>
    </p>
   </div>
   <div class='ocr_carea' id='block_1_51' title="bbox 413 3393 1809 3465">
    <p class='ocr_par' dir='ltr' id='par_1_51' title="bbox 413 3393 1809 3465">
     <span class='ocr_line' id='line_1_51' title="bbox 413 3393 1809 3465; baseline -0.004 -14"><span class='ocrx_word' id='word_1_311' title='bbox 413 3398 587 3465; x_wconf 82' lang='lat' dir='ltr'><strong>ipsum</strong></span> <span class='ocrx_word' id='word_1_312' title='bbox 614 3395 877 3449; x_wconf 84' lang='lat' dir='ltr'><strong>excubias</strong></span> <span class='ocrx_word' id='word_1_313' title='bbox 909 3394 1084 3449; x_wconf 85' lang='lat' dir='ltr'><strong>instar</strong></span> <span class='ocrx_word' id='word_1_314' title='bbox 1121 3393 1590 3449; x_wconf 75' lang='lat' dir='ltr'><strong>cubiculariorum</strong></span> <span class='ocrx_word' id='word_1_315' title='bbox 1617 3400 1809 3465; x_wconf 74' lang='lat' dir='ltr'><strong>agunt.</strong></span> 
     </span>
    </p>
   </div>
   <div class='ocr_carea' id='block_1_52' title="bbox 485 3481 1987 3557">
    <p class='ocr_par' dir='ltr' id='par_1_52' title="bbox 485 3481 1987 3557">
     <span class='ocr_line' id='line_1_52' title="bbox 485 3481 1987 3557; baseline -0.002 -14"><span class='ocrx_word' id='word_1_316' title='bbox 485 3490 600 3543; x_wconf 89' lang='lat' dir='ltr'><strong>Duo</strong></span> <span class='ocrx_word' id='word_1_317' title='bbox 647 3487 893 3557; x_wconf 67' lang='lat' dir='ltr'><strong>piatfecti</strong></span> <span class='ocrx_word' id='word_1_318' title='bbox 930 3486 1166 3552; x_wconf 84' lang='lat' dir='ltr'><strong>stabulo,</strong></span> <span class='ocrx_word' id='word_1_319' title='bbox 1207 3484 1385 3555; x_wconf 86' lang='lat' dir='ltr'><strong>major</strong></span> <span class='ocrx_word' id='word_1_320' title='bbox 1416 3493 1469 3541; x_wconf 91' lang='lat' dir='ltr'><strong>et</strong></span> <span class='ocrx_word' id='word_1_321' title='bbox 1526 3485 1729 3540; x_wconf 88' lang='lat' dir='ltr'><strong>minor.</strong></span> <span class='ocrx_word' id='word_1_322' title='bbox 1762 3481 1987 3541; x_wconf 83' lang='lat' dir='ltr'><strong>Primus</strong></span> 
     </span>
    </p>
   </div>
   <div class='ocr_carea' id='block_1_53' title="bbox 416 3575 1985 3649">
    <p class='ocr_par' dir='ltr' id='par_1_53' title="bbox 416 3575 1985 3649">
     <span class='ocr_line' id='line_1_53' title="bbox 416 3575 1985 3649; baseline -0.001 -15"><span class='ocrx_word' id='word_1_323' title='bbox 416 3581 554 3649; x_wconf 86' lang='lat' dir='ltr'><strong>ipsis</strong></span> <span class='ocrx_word' id='word_1_324' title='bbox 600 3578 774 3648; x_wconf 79' lang='lat' dir='ltr'><strong>Bujuc</strong></span> <span class='ocrx_word' id='word_1_325' title='bbox 825 3575 979 3631; x_wconf 79' lang='lat' dir='ltr'><strong>Emir</strong></span> <span class='ocrx_word' id='word_1_326' title='bbox 1023 3575 1205 3641; x_wconf 72' lang='lat' dir='ltr'><strong>Alter,</strong></span> <span class='ocrx_word' id='word_1_327' title='bbox 1250 3576 1334 3631; x_wconf 88' lang='lat' dir='ltr'><strong>vel</strong></span> <span class='ocrx_word' id='word_1_328' title='bbox 1380 3576 1585 3641; x_wconf 84' lang='lat' dir='ltr'><strong>Achor,</strong></span> <span class='ocrx_word' id='word_1_329' title='bbox 1647 3577 1729 3631; x_wconf 83' lang='lat' dir='ltr'><strong>vel</strong></span> <span class='ocrx_word' id='word_1_330' title='bbox 1763 3575 1985 3633; x_wconf 80' lang='lat' dir='ltr'><strong>Achur:</strong></span> 
     </span>
    </p>
   </div>
   <div class='ocr_carea' id='block_1_54' title="bbox 414 3663 1988 3753">
    <p class='ocr_par' dir='ltr' id='par_1_54' title="bbox 414 3663 1988 3753">
     <span class='ocr_line' id='line_1_54' title="bbox 414 3663 1988 3753; baseline -0.001 -32"><span class='ocrx_word' id='word_1_331' title='bbox 414 3668 574 3727; x_wconf 81' lang='lat' dir='ltr'><strong>alter.</strong></span> <span class='ocrx_word' id='word_1_332' title='bbox 596 3666 804 3734; x_wconf 69' lang='lat' dir='ltr'><strong>Cutxug</strong></span> <span class='ocrx_word' id='word_1_333' title='bbox 836 3665 986 3727; x_wconf 75' lang='lat' dir='ltr'><strong>Emis</strong></span> <span class='ocrx_word' id='word_1_334' title='bbox 1026 3663 1234 3730; x_wconf 78' lang='lat' dir='ltr'><strong>Acbur,</strong></span> <span class='ocrx_word' id='word_1_335' title='bbox 1267 3663 1590 3733; x_wconf 81' lang='lat' dir='ltr'><strong>appellatur.</strong></span> <span class='ocrx_word' id='word_1_336' title='bbox 1624 3663 1799 3753; x_wconf 57' lang='lat' dir='ltr'><strong>\V&#39;ulgo</strong></span> <span class='ocrx_word' id='word_1_337' title='bbox 1837 3676 1988 3720; x_wconf 68' lang='lat' dir='ltr'><strong>utero</strong></span> 
     </span>
    </p>
   </div>
   <div class='ocr_carea' id='block_1_55' title="bbox 415 3752 1989 3827">
    <p class='ocr_par' dir='ltr' id='par_1_55' title="bbox 415 3752 1989 3827">
     <span class='ocr_line' id='line_1_55' title="bbox 415 3752 1989 3827; baseline -0.001 -17"><span class='ocrx_word' id='word_1_338' title='bbox 415 3772 523 3827; x_wconf 90' lang='lat' dir='ltr'><strong>que</strong></span> <span class='ocrx_word' id='word_1_339' title='bbox 548 3756 753 3811; x_wconf 90' lang='lat' dir='ltr'><strong>dicitur</strong></span> <span class='ocrx_word' id='word_1_340' title='bbox 804 3754 1091 3809; x_wconf 85' lang='lat' dir='ltr'><strong>lmbralior</strong></span> <span class='ocrx_word' id='word_1_341' title='bbox 1122 3753 1294 3809; x_wconf 87' lang='lat' dir='ltr'><strong>bassi.</strong></span> <span class='ocrx_word' id='word_1_342' title='bbox 1325 3753 1482 3822; x_wconf 75' lang='lat' dir='ltr'><strong>Apud</strong></span> <span class='ocrx_word' id='word_1_343' title='bbox 1538 3752 1761 3808; x_wconf 66' lang='lat' dir='ltr'><strong>Graecia:</strong></span> <span class='ocrx_word' id='word_1_344' title='bbox 1792 3764 1989 3824; x_wconf 69' lang='lat' dir='ltr'><strong>praeto-</strong></span> 
     </span>
    </p>
   </div>
   <div class='ocr_carea' id='block_1_56' title="bbox 416 3844 1985 3917">
    <p class='ocr_par' dir='ltr' id='par_1_56' title="bbox 416 3844 1985 3917">
     <span class='ocr_line' id='line_1_56' title="bbox 416 3844 1985 3917; baseline -0.004 -12"><span class='ocrx_word' id='word_1_345' title='bbox 416 3864 530 3905; x_wconf 74' lang='lat' dir='ltr'><strong>rem</strong></span> <span class='ocrx_word' id='word_1_346' title='bbox 564 3856 817 3904; x_wconf 78' lang='lat' dir='ltr'><strong>nostrum</strong></span> <span class='ocrx_word' id='word_1_347' title='bbox 855 3862 960 3902; x_wconf 85' lang='lat' dir='ltr'><strong>vox</strong></span> <span class='ocrx_word' id='word_1_348' title='bbox 1010 3853 1097 3901; x_wconf 80' lang='lat' dir='ltr'><strong>est</strong></span> <span class='ocrx_word' id='word_1_349' title='bbox 1140 3845 1559 3917; x_wconf 75' lang='grc' dir='ltr'><strong>ἁμυραχούρης,</strong></span> <span class='ocrx_word' id='word_1_350' title='bbox 1613 3861 1680 3900; x_wconf 85' lang='lat' dir='ltr'><strong>ex</strong></span> <span class='ocrx_word' id='word_1_351' title='bbox 1722 3844 1872 3900; x_wconf 83' lang='lat' dir='ltr'><strong>Emir</strong></span> <span class='ocrx_word' id='word_1_352' title='bbox 1928 3855 1985 3902; x_wconf 85' lang='lat' dir='ltr'><strong>et</strong></span> 
     </span>
    </p>
   </div>
   <div class='ocr_carea' id='block_1_57' title="bbox 416 3939 1984 4011">
    <p class='ocr_par' dir='ltr' id='par_1_57' title="bbox 416 3939 1984 4011">
     <span class='ocr_line' id='line_1_57' title="bbox 416 3939 1984 4011; baseline -0.001 -13"><span class='ocrx_word' id='word_1_353' title='bbox 416 3945 603 4003; x_wconf 85' lang='lat' dir='ltr'><strong>Acbur</strong></span> <span class='ocrx_word' id='word_1_354' title='bbox 640 3943 827 3997; x_wconf 79' lang='lat' dir='ltr'><strong>itidem</strong></span> <span class='ocrx_word' id='word_1_355' title='bbox 885 3942 1053 3997; x_wconf 84' lang='lat' dir='ltr'><strong>facta.</strong></span> <span class='ocrx_word' id='word_1_356' title='bbox 1111 3939 1245 3997; x_wconf 77' lang='lat' dir='ltr'><strong>Vide</strong></span> <span class='ocrx_word' id='word_1_357' title='bbox 1277 3956 1308 3996; x_wconf 68' lang='grc' dir='ltr'>α</span> <span class='ocrx_word' id='word_1_358' title='bbox 1338 3941 1501 3997; x_wconf 82' lang='lat' dir='ltr'><strong>nobis</strong></span> <span class='ocrx_word' id='word_1_359' title='bbox 1535 3941 1805 4010; x_wconf 83' lang='lat' dir='ltr'><strong>explicata</strong></span> <span class='ocrx_word' id='word_1_360' title='bbox 1858 3956 1984 4011; x_wconf 87' lang='lat' dir='ltr'><strong>cap.</strong></span> 
     </span>
    </p>
   </div>
   <div class='ocr_carea' id='block_1_58' title="bbox 417 4031 1973 4104">
    <p class='ocr_par' dir='ltr' id='par_1_58' title="bbox 417 4031 1973 4104">
     <span class='ocr_line' id='line_1_58' title="bbox 417 4031 1973 4104; baseline 0 -15"><span class='ocrx_word' id='word_1_361' title='bbox 417 4036 505 4100; x_wconf 78' lang='grc' dir='ltr'><strong>Η,</strong></span> <span class='ocrx_word' id='word_1_362' title='bbox 536 4044 586 4093; x_wconf 86' lang='lat' dir='ltr'><strong>et</strong></span> <span class='ocrx_word' id='word_1_363' title='bbox 601 4048 722 4104; x_wconf 83' lang='lat' dir='ltr'><strong>cap.</strong></span> <span class='ocrx_word' id='word_1_364' title='bbox 744 4033 874 4097; x_wconf 67' lang='lat'><strong>300,</strong></span> <span class='ocrx_word' id='word_1_365' title='bbox 902 4034 968 4087; x_wconf 88' lang='lat' dir='ltr'><strong>ad</strong></span> <span class='ocrx_word' id='word_1_366' title='bbox 997 4048 1132 4088; x_wconf 85' lang='lat' dir='ltr'><strong>xxut</strong></span> <span class='ocrx_word' id='word_1_367' title='bbox 1155 4041 1369 4101; x_wconf 86' lang='lat' dir='ltr'><strong>portam</strong></span> <span class='ocrx_word' id='word_1_368' title='bbox 1391 4031 1973 4104; x_wconf 72' lang='lat' dir='ltr'><strong>Constantinopoleos.</strong></span> 
     </span>
    </p>
   </div>
   <div class='ocr_carea' id='block_1_59' title="bbox 421 4127 1985 4192">
    <p class='ocr_par' dir='ltr' id='par_1_59' title="bbox 421 4127 1985 4192">
     <span class='ocr_line' id='line_1_59' title="bbox 421 4127 1985 4192; baseline -0.001 -9"><span class='ocrx_word' id='word_1_369' title='bbox 421 4128 632 4183; x_wconf 84' lang='lat' dir='ltr'><strong>llahent</strong></span> <span class='ocrx_word' id='word_1_370' title='bbox 669 4128 722 4181; x_wconf 92' lang='lat' dir='ltr'><strong>hi</strong></span> <span class='ocrx_word' id='word_1_371' title='bbox 759 4143 888 4182; x_wconf 89' lang='lat' dir='ltr'><strong>suos</strong></span> <span class='ocrx_word' id='word_1_372' title='bbox 918 4128 1085 4183; x_wconf 83' lang='lat' dir='ltr'><strong>etiam</strong></span> <span class='ocrx_word' id='word_1_373' title='bbox 1115 4127 1367 4189; x_wconf 78' lang='lat' dir='ltr'><strong>Kihaias,</strong></span> <span class='ocrx_word' id='word_1_374' title='bbox 1389 4127 1443 4181; x_wconf 89' lang='lat' dir='ltr'><strong>id</strong></span> <span class='ocrx_word' id='word_1_375' title='bbox 1468 4134 1579 4192; x_wconf 84' lang='lat' dir='ltr'><strong>est,</strong></span> <span class='ocrx_word' id='word_1_376' title='bbox 1606 4127 1868 4191; x_wconf 85' lang='lat' dir='ltr'><strong>vicarios,</strong></span> <span class='ocrx_word' id='word_1_377' title='bbox 1930 4136 1985 4182; x_wconf 90' lang='lat' dir='ltr'><strong>et</strong></span> 
     </span>
    </p>
   </div>
   <div class='ocr_carea' id='block_1_60' title="bbox 423 4219 1984 4291">
    <p class='ocr_par' dir='ltr' id='par_1_60' title="bbox 423 4219 1984 4291">
     <span class='ocr_line' id='line_1_60' title="bbox 423 4219 1984 4291; baseline 0 -16"><span class='ocrx_word' id='word_1_378' title='bbox 423 4222 564 4276; x_wconf 85' lang='lat' dir='ltr'><strong>alios</strong></span> <span class='ocrx_word' id='word_1_379' title='bbox 590 4219 879 4291; x_wconf 64' lang='lat' dir='ltr'><strong>praefectos</strong></span> <span class='ocrx_word' id='word_1_380' title='bbox 908 4219 1132 4285; x_wconf 83' lang='lat' dir='ltr'><strong>otiic&#39;tis,</strong></span> <span class='ocrx_word' id='word_1_381' title='bbox 1184 4234 1484 4289; x_wconf 85' lang='lat' dir='ltr'><strong>eorumque</strong></span> <span class='ocrx_word' id='word_1_382' title='bbox 1513 4224 1706 4290; x_wconf 87' lang='lat' dir='ltr'><strong>parent</strong></span> <span class='ocrx_word' id='word_1_383' title='bbox 1736 4219 1984 4288; x_wconf 88' lang='lat' dir='ltr'><strong>imperiis</strong></span> 
     </span>
    </p>
   </div>
   <div class='ocr_carea' id='block_1_61' title="bbox 417 4312 1158 4368">
    <p class='ocr_par' dir='ltr' id='par_1_61' title="bbox 417 4312 1158 4368">
     <span class='ocr_line' id='line_1_61' title="bbox 417 4312 1158 4368; baseline -0.007 0"><span class='ocrx_word' id='word_1_384' title='bbox 417 4315 699 4368; x_wconf 88' lang='lat' dir='ltr'><strong>hominum</strong></span> <span class='ocrx_word' id='word_1_385' title='bbox 728 4312 794 4366; x_wconf 87' lang='lat' dir='ltr'><strong>ad</strong></span> <span class='ocrx_word' id='word_1_386' title='bbox 820 4314 931 4367; x_wconf 84' lang='lat' dir='ltr'><strong>duo</strong></span> <span class='ocrx_word' id='word_1_387' title='bbox 967 4313 1158 4366; x_wconf 83' lang='lat' dir='ltr'><strong>millia.</strong></span> 
     </span>
    </p>
   </div>
   <div class='ocr_carea' id='block_1_62' title="bbox 488 4402 1983 4479">
    <p class='ocr_par' dir='ltr' id='par_1_62' title="bbox 488 4402 1983 4479">
     <span class='ocr_line' id='line_1_62' title="bbox 488 4402 1983 4479; baseline -0.001 -22"><span class='ocrx_word' id='word_1_388' title='bbox 488 4402 666 4457; x_wconf 79' lang='lat' dir='ltr'><strong>Tzaus</strong></span> <span class='ocrx_word' id='word_1_389' title='bbox 699 4403 864 4467; x_wconf 79' lang='lat' dir='ltr'><strong>bassi,</strong></span> <span class='ocrx_word' id='word_1_390' title='bbox 903 4405 1225 4479; x_wconf 85' lang='lat' dir='ltr'><strong>oapitaneus</strong></span> <span class='ocrx_word' id='word_1_391' title='bbox 1252 4403 1367 4458; x_wconf 84' lang='lat' dir='ltr'><strong>sive</strong></span> <span class='ocrx_word' id='word_1_392' title='bbox 1394 4402 1683 4473; x_wconf 63' lang='lat' dir='ltr'><strong>praefectus</strong></span> <span class='ocrx_word' id='word_1_393' title='bbox 1720 4402 1983 4456; x_wconf 79' lang='lat' dir='ltr'><strong>&#39;l‘zansio-</strong></span> 
     </span>
    </p>
   </div>
   <div class='ocr_carea' id='block_1_63' title="bbox 417 4496 1985 4568">
    <p class='ocr_par' dir='ltr' id='par_1_63' title="bbox 417 4496 1985 4568">
     <span class='ocr_line' id='line_1_63' title="bbox 417 4496 1985 4568; baseline 0.001 -19"><span class='ocrx_word' id='word_1_394' title='bbox 417 4512 563 4560; x_wconf 89' lang='lat' dir='ltr'><strong>rum,</strong></span> <span class='ocrx_word' id='word_1_395' title='bbox 604 4498 697 4565; x_wconf 85' lang='lat' dir='ltr'><strong>qui</strong></span> <span class='ocrx_word' id='word_1_396' title='bbox 724 4512 955 4550; x_wconf 81' lang='lat' dir='ltr'><strong>numero</strong></span> <span class='ocrx_word' id='word_1_397' title='bbox 983 4497 1108 4568; x_wconf 87' lang='lat' dir='ltr'><strong>plus</strong></span> <span class='ocrx_word' id='word_1_398' title='bbox 1140 4496 1321 4549; x_wconf 85' lang='lat' dir='ltr'><strong>minus</strong></span> <span class='ocrx_word' id='word_1_399' title='bbox 1353 4506 1481 4551; x_wconf 90' lang='lat' dir='ltr'><strong>sunt</strong></span> <span class='ocrx_word' id='word_1_400' title='bbox 1538 4497 1895 4567; x_wconf 81' lang='lat' dir='ltr'><strong>septingenti,</strong></span> <span class='ocrx_word' id='word_1_401' title='bbox 1930 4505 1985 4550; x_wconf 81' lang='lat' dir='ltr'><strong>et</strong></span> 
     </span>
    </p>
   </div>
   <div class='ocr_carea' id='block_1_64' title="bbox 417 4572 1988 4659">
    <p class='ocr_par' dir='ltr' id='par_1_64' title="bbox 417 4572 1988 4659">
     <span class='ocr_line' id='line_1_64' title="bbox 417 4572 1988 4659; baseline 0.001 -19"><span class='ocrx_word' id='word_1_402' title='bbox 417 4605 540 4640; x_wconf 65' lang='lat' dir='ltr'><strong>sum</strong></span> <span class='ocrx_word' id='word_1_403' title='bbox 571 4588 845 4642; x_wconf 80' lang='lat' dir='ltr'><strong>nobilibus</strong></span> <span class='ocrx_word' id='word_1_404' title='bbox 874 4587 1067 4641; x_wconf 84' lang='lat' dir='ltr'><strong>aulicis</strong></span> <span class='ocrx_word' id='word_1_405' title='bbox 1094 4589 1400 4658; x_wconf 88' lang='lat' dir='ltr'><strong>comparari</strong></span> <span class='ocrx_word' id='word_1_406' title='bbox 1449 4598 1709 4657; x_wconf 86' lang='lat' dir='ltr'><strong>possunt,</strong></span> <span class='ocrx_word' id='word_1_407' title='bbox 1748 4572 1988 4659; x_wconf 76' lang='lat' dir='ltr'><strong>quorum</strong></span> 
     </span>
    </p>
   </div>
   <div class='ocr_carea' id='block_1_65' title="bbox 419 4679 1986 4750">
    <p class='ocr_par' dir='ltr' id='par_1_65' title="bbox 419 4679 1986 4750">
     <span class='ocr_line' id='line_1_65' title="bbox 419 4679 1986 4750; baseline 0.002 -17"><span class='ocrx_word' id='word_1_408' title='bbox 419 4681 630 4735; x_wconf 78' lang='lat' dir='ltr'><strong>scilicet</strong></span> <span class='ocrx_word' id='word_1_409' title='bbox 662 4694 827 4750; x_wconf 63' lang='lat' dir='ltr'><strong>epota</strong></span> <span class='ocrx_word' id='word_1_410' title='bbox 880 4680 1049 4731; x_wconf 75' lang='lat' dir='ltr'><strong>variis</strong></span> <span class='ocrx_word' id='word_1_411' title='bbox 1096 4679 1371 4748; x_wconf 86' lang='lat' dir='ltr'><strong>principes</strong></span> <span class='ocrx_word' id='word_1_412' title='bbox 1402 4680 1455 4734; x_wconf 90' lang='lat' dir='ltr'><strong>in</strong></span> <span class='ocrx_word' id='word_1_413' title='bbox 1493 4682 1986 4737; x_wconf 78' lang='lat' dir='ltr'><strong>commissionibus</strong></span> 
     </span>
    </p>
   </div>
   <div class='ocr_carea' id='block_1_66' title="bbox 418 4774 1989 4841">
    <p class='ocr_par' dir='ltr' id='par_1_66' title="bbox 418 4774 1989 4841">
     <span class='ocr_line' id='line_1_66' title="bbox 418 4774 1989 4841; baseline 0.004 -16"><span class='ocrx_word' id='word_1_414' title='bbox 418 4786 471 4828; x_wconf 74' lang='grc' dir='ltr'><strong>ιιι</strong></span> <span class='ocrx_word' id='word_1_415' title='bbox 513 4775 781 4830; x_wconf 85' lang='lat' dir='ltr'><strong>mandatis</strong></span> <span class='ocrx_word' id='word_1_416' title='bbox 818 4774 1181 4841; x_wconf 73' lang='lat' dir='ltr'><strong>expediamus</strong></span> <span class='ocrx_word' id='word_1_417' title='bbox 1231 4785 1285 4827; x_wconf 87' lang='lat' dir='ltr'><strong>et</strong></span> <span class='ocrx_word' id='word_1_418' title='bbox 1306 4774 1640 4830; x_wconf 84' lang='lat' dir='ltr'><strong>deducendis</strong></span> <span class='ocrx_word' id='word_1_419' title='bbox 1670 4785 1989 4831; x_wconf 68' lang='lat' dir='ltr'><strong>extet-orum</strong></span> 
     </span>
    </p>
   </div>
   <div class='ocr_carea' id='block_1_67' title="bbox 422 4867 1258 4937">
    <p class='ocr_par' dir='ltr' id='par_1_67' title="bbox 422 4867 1258 4937">
     <span class='ocr_line' id='line_1_67' title="bbox 422 4867 1258 4937; baseline 0 -18"><span class='ocrx_word' id='word_1_420' title='bbox 422 4867 727 4937; x_wconf 84' lang='lat' dir='ltr'><strong>principqu</strong></span> <span class='ocrx_word' id='word_1_421' title='bbox 765 4867 981 4934; x_wconf 82' lang='lat' dir='ltr'><strong>legatis,</strong></span> <span class='ocrx_word' id='word_1_422' title='bbox 1006 4875 1258 4920; x_wconf 81' lang='lat' dir='ltr'><strong>utuntur.</strong></span> 
     </span>
    </p>
   </div>
   <div class='ocr_carea' id='block_1_68' title="bbox 492 4954 1991 5026">
    <p class='ocr_par' dir='ltr' id='par_1_68' title="bbox 492 4954 1991 5026">
     <span class='ocr_line' id='line_1_68' title="bbox 492 4954 1991 5026; baseline 0.003 -16"><span class='ocrx_word' id='word_1_423' title='bbox 492 4955 973 5025; x_wconf 79' lang='lat' dir='ltr'><strong>Capitzilariorum</strong></span> <span class='ocrx_word' id='word_1_424' title='bbox 1037 4954 1301 5020; x_wconf 77' lang='lat' dir='ltr'><strong>Kichaia,</strong></span> <span class='ocrx_word' id='word_1_425' title='bbox 1370 4958 1642 5013; x_wconf 76' lang='lat' dir='ltr'><strong>maximus</strong></span> <span class='ocrx_word' id='word_1_426' title='bbox 1712 4960 1991 5026; x_wconf 89' lang='lat' dir='ltr'><strong>vicarius,</strong></span> 
     </span>
    </p>
   </div>
   <div class='ocr_carea' id='block_1_69' title="bbox 419 5049 1985 5139">
    <p class='ocr_par' dir='ltr' id='par_1_69' title="bbox 419 5049 1985 5139">
     <span class='ocr_line' id='line_1_69' title="bbox 419 5049 1985 5139; baseline 0.003 -36"><span class='ocrx_word' id='word_1_427' title='bbox 419 5053 693 5120; x_wconf 84' lang='lat' dir='ltr'><strong>quasique</strong></span> <span class='ocrx_word' id='word_1_428' title='bbox 749 5049 1148 5118; x_wconf 73' lang='lat' dir='ltr'><strong>subprtefeetus</strong></span> <span class='ocrx_word' id='word_1_429' title='bbox 1207 5053 1451 5105; x_wconf 88' lang='lat' dir='ltr'><strong>omnium</strong></span> <span class='ocrx_word' id='word_1_430' title='bbox 1506 5051 1985 5139; x_wconf 81' lang='lat' dir='ltr'><strong>Capitzilarierum</strong></span> 
     </span>
    </p>
   </div>
   <div class='ocr_carea' id='block_1_70' title="bbox 420 5141 1988 5212">
    <p class='ocr_par' dir='ltr' id='par_1_70' title="bbox 420 5141 1988 5212">
     <span class='ocr_line' id='line_1_70' title="bbox 420 5141 1988 5212; baseline 0.001 -15"><span class='ocrx_word' id='word_1_431' title='bbox 420 5143 533 5197; x_wconf 80' lang='lat' dir='ltr'><strong>sive</strong></span> <span class='ocrx_word' id='word_1_432' title='bbox 558 5143 883 5211; x_wconf 71' lang='lat' dir='ltr'><strong>ianitorum.</strong></span> <span class='ocrx_word' id='word_1_433' title='bbox 925 5141 1057 5209; x_wconf 78' lang='lat' dir='ltr'><strong>Ejus</strong></span> <span class='ocrx_word' id='word_1_434' title='bbox 1101 5142 1337 5197; x_wconf 80' lang='lat' dir='ltr'><strong>oliicium</strong></span> <span class='ocrx_word' id='word_1_435' title='bbox 1390 5146 1584 5211; x_wconf 86' lang='lat' dir='ltr'><strong>poscit,</strong></span> <span class='ocrx_word' id='word_1_436' title='bbox 1616 5154 1674 5198; x_wconf 93' lang='lat' dir='ltr'><strong>ut</strong></span> <span class='ocrx_word' id='word_1_437' title='bbox 1722 5162 1829 5212; x_wconf 91' lang='lat' dir='ltr'><strong>una</strong></span> <span class='ocrx_word' id='word_1_438' title='bbox 1866 5163 1988 5199; x_wconf 89' lang='lat' dir='ltr'><strong>cum</strong></span> 
     </span>
    </p>
   </div>
   <div class='ocr_carea' id='block_1_71' title="bbox 422 5234 1993 5306">
    <p class='ocr_par' dir='ltr' id='par_1_71' title="bbox 422 5234 1993 5306">
     <span class='ocr_line' id='line_1_71' title="bbox 422 5234 1993 5306; baseline 0.002 -18"><span class='ocrx_word' id='word_1_439' title='bbox 422 5234 781 5291; x_wconf 79' lang='lat' dir='ltr'><strong>Tzausiornni</strong></span> <span class='ocrx_word' id='word_1_440' title='bbox 822 5235 979 5290; x_wconf 85' lang='lat' dir='ltr'><strong>bassa</strong></span> <span class='ocrx_word' id='word_1_441' title='bbox 1034 5236 1200 5306; x_wconf 86' lang='lat' dir='ltr'><strong>pedes</strong></span> <span class='ocrx_word' id='word_1_442' title='bbox 1235 5237 1289 5290; x_wconf 89' lang='lat' dir='ltr'><strong>iu</strong></span> <span class='ocrx_word' id='word_1_443' title='bbox 1324 5236 1523 5292; x_wconf 91' lang='lat' dir='ltr'><strong>divano</strong></span> <span class='ocrx_word' id='word_1_444' title='bbox 1558 5254 1743 5292; x_wconf 86' lang='lat' dir='ltr'><strong>coram</strong></span> <span class='ocrx_word' id='word_1_445' title='bbox 1805 5238 1993 5293; x_wconf 79' lang='lat' dir='ltr'><strong>Bassis</strong></span> 
     </span>
    </p>
   </div>
   <div class='ocr_carea' id='block_1_72' title="bbox 420 5329 1991 5399">
    <p class='ocr_par' dir='ltr' id='par_1_72' title="bbox 420 5329 1991 5399">
     <span class='ocr_line' id='line_1_72' title="bbox 420 5329 1991 5399; baseline 0.001 -18"><span class='ocrx_word' id='word_1_446' title='bbox 420 5335 585 5393; x_wconf 84' lang='lat' dir='ltr'><strong>astet,</strong></span> <span class='ocrx_word' id='word_1_447' title='bbox 628 5336 946 5397; x_wconf 80' lang='lat' dir='ltr'><strong>argenteum</strong></span> <span class='ocrx_word' id='word_1_448' title='bbox 1017 5344 1179 5383; x_wconf 87' lang='lat' dir='ltr'><strong>manu</strong></span> <span class='ocrx_word' id='word_1_449' title='bbox 1238 5329 1494 5385; x_wconf 87' lang='lat' dir='ltr'><strong>baculqu</strong></span> <span class='ocrx_word' id='word_1_450' title='bbox 1537 5341 1755 5397; x_wconf 84' lang='lat' dir='ltr'><strong>tenens,</strong></span> <span class='ocrx_word' id='word_1_451' title='bbox 1825 5348 1991 5399; x_wconf 84' lang='lat' dir='ltr'><strong>quem</strong></span> 
     </span>
    </p>
   </div>
   <div class='ocr_carea' id='block_1_73' title="bbox 413 5421 1989 5495">
    <p class='ocr_par' dir='ltr' id='par_1_73' title="bbox 413 5421 1989 5495">
     <span class='ocr_line' id='line_1_73' title="bbox 413 5421 1989 5495; baseline 0.003 -20"><span class='ocrx_word' id='word_1_452' title='bbox 413 5421 635 5477; x_wconf 59' lang='lat' dir='ltr'><strong>Graecos</strong></span> <span class='ocrx_word' id='word_1_453' title='bbox 657 5423 865 5476; x_wconf 68' lang='lat' dir='ltr'><strong>dixisse</strong></span> <span class='ocrx_word' id='word_1_454' title='bbox 894 5422 1175 5492; x_wconf 73' lang='grc' dir='ltr'><strong>σκῆπτρον</strong></span> <span class='ocrx_word' id='word_1_455' title='bbox 1208 5424 1325 5478; x_wconf 84' lang='lat' dir='ltr'><strong>sive</strong></span> <span class='ocrx_word' id='word_1_456' title='bbox 1374 5434 1649 5495; x_wconf 87' lang='lat' dir='ltr'><strong>sceptrum</strong></span> <span class='ocrx_word' id='word_1_457' title='bbox 1708 5440 1829 5493; x_wconf 88' lang='lat' dir='ltr'><strong>cap.</strong></span> <span class='ocrx_word' id='word_1_458' title='bbox 1886 5426 1989 5479; x_wconf 75' lang='grc'><strong>173</strong></span> 
     </span>
    </p>
   </div>
   <div class='ocr_carea' id='block_1_74' title="bbox 417 5514 1985 5585">
    <p class='ocr_par' dir='ltr' id='par_1_74' title="bbox 417 5514 1985 5585">
     <span class='ocr_line' id='line_1_74' title="bbox 417 5514 1985 5585; baseline 0 -17"><span class='ocrx_word' id='word_1_459' title='bbox 417 5514 758 5568; x_wconf 82' lang='lat' dir='ltr'><strong>notavimus:</strong></span> <span class='ocrx_word' id='word_1_460' title='bbox 781 5524 838 5567; x_wconf 90' lang='lat' dir='ltr'><strong>ut</strong></span> <span class='ocrx_word' id='word_1_461' title='bbox 864 5514 1175 5569; x_wconf 88' lang='lat' dir='ltr'><strong>introducat</strong></span> <span class='ocrx_word' id='word_1_462' title='bbox 1195 5530 1312 5580; x_wconf 85' lang='lat' dir='ltr'><strong>eos,</strong></span> <span class='ocrx_word' id='word_1_463' title='bbox 1342 5516 1435 5585; x_wconf 88' lang='lat' dir='ltr'><strong>qui</strong></span> <span class='ocrx_word' id='word_1_464' title='bbox 1459 5515 1633 5568; x_wconf 87' lang='lat' dir='ltr'><strong>audiri</strong></span> <span class='ocrx_word' id='word_1_465' title='bbox 1669 5515 1985 5585; x_wconf 88' lang='lat' dir='ltr'><strong>postulant:</strong></span> 
     </span>
    </p>
   </div>
   <div class='ocr_carea' id='block_1_75' title="bbox 417 5604 1987 5675">
    <p class='ocr_par' dir='ltr' id='par_1_75' title="bbox 417 5604 1987 5675">
     <span class='ocr_line' id='line_1_75' title="bbox 417 5604 1987 5675; baseline 0.001 -18"><span class='ocrx_word' id='word_1_466' title='bbox 417 5615 476 5659; x_wconf 89' lang='lat' dir='ltr'><strong>ut</strong></span> <span class='ocrx_word' id='word_1_467' title='bbox 514 5606 812 5675; x_wconf 84' lang='lat' dir='ltr'><strong>scripturas</strong></span> <span class='ocrx_word' id='word_1_468' title='bbox 840 5622 869 5659; x_wconf 92' lang='lat' dir='ltr'><strong>c</strong></span> <span class='ocrx_word' id='word_1_469' title='bbox 911 5604 1139 5669; x_wconf 83' lang='lat' dir='ltr'><strong>Divano,</strong></span> <span class='ocrx_word' id='word_1_470' title='bbox 1169 5621 1294 5659; x_wconf 90' lang='lat' dir='ltr'><strong>cum</strong></span> <span class='ocrx_word' id='word_1_471' title='bbox 1329 5622 1463 5661; x_wconf 86' lang='lat' dir='ltr'><strong>usus</strong></span> <span class='ocrx_word' id='word_1_472' title='bbox 1496 5606 1689 5675; x_wconf 76' lang='lat' dir='ltr'><strong>exigit,</strong></span> <span class='ocrx_word' id='word_1_473' title='bbox 1718 5607 1782 5659; x_wconf 86' lang='lat' dir='ltr'><strong>ad</strong></span> <span class='ocrx_word' id='word_1_474' title='bbox 1814 5607 1987 5659; x_wconf 80' lang='lat' dir='ltr'><strong>sulta—</strong></span> 
     </span>
    </p>
   </div>
   <div class='ocr_carea' id='block_1_76' title="bbox 417 5691 1984 5765">
    <p class='ocr_par' dir='ltr' id='par_1_76' title="bbox 417 5691 1984 5765">
     <span class='ocr_line' id='line_1_76' title="bbox 417 5691 1984 5765; baseline 0.001 -17"><span class='ocrx_word' id='word_1_475' title='bbox 417 5710 544 5748; x_wconf 90' lang='lat' dir='ltr'><strong>num</strong></span> <span class='ocrx_word' id='word_1_476' title='bbox 578 5693 749 5750; x_wconf 77' lang='lat' dir='ltr'><strong>ferat:</strong></span> <span class='ocrx_word' id='word_1_477' title='bbox 776 5691 1004 5764; x_wconf 78' lang='lat' dir='ltr'><strong>ejusque</strong></span> <span class='ocrx_word' id='word_1_478' title='bbox 1040 5696 1280 5749; x_wconf 83' lang='lat' dir='ltr'><strong>vicissim</strong></span> <span class='ocrx_word' id='word_1_479' title='bbox 1317 5698 1622 5751; x_wconf 82' lang='lat' dir='ltr'><strong>sententias</strong></span> <span class='ocrx_word' id='word_1_480' title='bbox 1669 5697 1984 5765; x_wconf 87' lang='lat' dir='ltr'><strong>(resolutio-</strong></span> 
     </span>
    </p>
   </div>
   <div class='ocr_carea' id='block_1_77' title="bbox 420 5786 1556 5857">
    <p class='ocr_par' dir='ltr' id='par_1_77' title="bbox 420 5786 1556 5857">
     <span class='ocr_line' id='line_1_77' title="bbox 420 5786 1556 5857; baseline -0.002 -15"><span class='ocrx_word' id='word_1_481' title='bbox 420 5801 517 5842; x_wconf 87' lang='lat' dir='ltr'><strong>nes</strong></span> <span class='ocrx_word' id='word_1_482' title='bbox 543 5786 702 5856; x_wconf 75' lang='lat' dir='ltr'><strong>vulgo</strong></span> <span class='ocrx_word' id='word_1_483' title='bbox 743 5787 949 5857; x_wconf 65' lang='lat' dir='ltr'><strong>dicunt)</strong></span> <span class='ocrx_word' id='word_1_484' title='bbox 984 5788 1299 5843; x_wconf 72' lang='lat' dir='ltr'><strong>vczirazuni</strong></span> <span class='ocrx_word' id='word_1_485' title='bbox 1335 5787 1556 5843; x_wconf 80' lang='lat' dir='ltr'><strong>referat.</strong></span> 
     </span>
    </p>
   </div>
   <div class='ocr_carea' id='block_1_78' title="bbox 2160 1909 3667 1993">
    <p class='ocr_par' dir='ltr' id='par_1_78' title="bbox 2160 1909 3667 1993">
     <span class='ocr_line' id='line_1_78' title="bbox 2160 1909 3667 1993; baseline 0.007 -30"><span class='ocrx_word' id='word_1_486' title='bbox 2160 1909 2363 1963; x_wconf 83' lang='lat' dir='ltr'><strong>Horum</strong></span> <span class='ocrx_word' id='word_1_487' title='bbox 2413 1925 2545 1965; x_wconf 85' lang='lat' dir='ltr'><strong>vero</strong></span> <span class='ocrx_word' id='word_1_488' title='bbox 2601 1911 2947 1977; x_wconf 77' lang='lat' dir='ltr'><strong>tribunorum</strong></span> <span class='ocrx_word' id='word_1_489' title='bbox 3002 1914 3393 1993; x_wconf 72' lang='lat' dir='ltr'><strong>unusquisque</strong></span> <span class='ocrx_word' id='word_1_490' title='bbox 3454 1915 3667 1981; x_wconf 81' lang='lat' dir='ltr'><strong>duobus</strong></span> 
     </span>
    </p>
   </div>
   <div class='ocr_carea' id='block_1_79' title="bbox 2088 2002 3218 2086">
    <p class='ocr_par' dir='ltr' id='par_1_79' title="bbox 2088 2002 3218 2086">
     <span class='ocr_line' id='line_1_79' title="bbox 2088 2002 3218 2086; baseline 0.011 -34"><span class='ocrx_word' id='word_1_491' title='bbox 2088 2010 2180 2055; x_wconf 90' lang='lat' dir='ltr'><strong>aut</strong></span> <span class='ocrx_word' id='word_1_492' title='bbox 2207 2002 2386 2056; x_wconf 85' lang='lat' dir='ltr'><strong>tribus</strong></span> <span class='ocrx_word' id='word_1_493' title='bbox 2434 2005 2681 2073; x_wconf 79' lang='lat' dir='ltr'><strong>equitum</strong></span> <span class='ocrx_word' id='word_1_494' title='bbox 2722 2005 2968 2064; x_wconf 84' lang='lat' dir='ltr'><strong>millibus</strong></span> <span class='ocrx_word' id='word_1_495' title='bbox 2997 2017 3218 2086; x_wconf 67' lang='lat' dir='ltr'><strong>protest.</strong></span> 
     </span>
    </p>
   </div>
   <div class='ocr_carea' id='block_1_80' title="bbox 2162 2094 3669 2176">
    <p class='ocr_par' dir='ltr' id='par_1_80' title="bbox 2162 2094 3669 2176">
     <span class='ocr_line' id='line_1_80' title="bbox 2162 2094 3669 2176; baseline 0.003 -29"><span class='ocrx_word' id='word_1_496' title='bbox 2162 2094 2480 2163; x_wconf 75' lang='lat' dir='ltr'><strong>Sequuntur</strong></span> <span class='ocrx_word' id='word_1_497' title='bbox 2536 2110 2643 2149; x_wconf 86' lang='lat' dir='ltr'><strong>non</strong></span> <span class='ocrx_word' id='word_1_498' title='bbox 2709 2097 2912 2168; x_wconf 82' lang='lat' dir='ltr'><strong>pauci,</strong></span> <span class='ocrx_word' id='word_1_499' title='bbox 2980 2113 3216 2169; x_wconf 77' lang='lat' dir='ltr'><strong>quorum</strong></span> <span class='ocrx_word' id='word_1_500' title='bbox 3274 2100 3669 2176; x_wconf 68' lang='lat' dir='ltr'><strong>appellationes</strong></span> 
     </span>
    </p>
   </div>
   <div class='ocr_carea' id='block_1_81' title="bbox 2092 2184 3662 2259">
    <p class='ocr_par' dir='ltr' id='par_1_81' title="bbox 2092 2184 3662 2259">
     <span class='ocr_line' id='line_1_81' title="bbox 2092 2184 3662 2259; baseline 0.002 -18"><span class='ocrx_word' id='word_1_501' title='bbox 2092 2184 2417 2253; x_wconf 83' lang='lat' dir='ltr'><strong>simpliciter</strong></span> <span class='ocrx_word' id='word_1_502' title='bbox 2466 2186 2555 2241; x_wconf 91' lang='lat' dir='ltr'><strong>hic</strong></span> <span class='ocrx_word' id='word_1_503' title='bbox 2592 2202 2880 2257; x_wconf 89' lang='lat' dir='ltr'><strong>ponemus,</strong></span> <span class='ocrx_word' id='word_1_504' title='bbox 2907 2190 2961 2252; x_wconf 88' lang='lat' dir='ltr'><strong>iu</strong></span> <span class='ocrx_word' id='word_1_505' title='bbox 2991 2191 3423 2255; x_wconf 76' lang='lat' dir='ltr'><strong>commodiorem</strong></span> <span class='ocrx_word' id='word_1_506' title='bbox 3438 2192 3662 2259; x_wconf 72' lang='lat' dir='ltr'><strong>diluturi</strong></span> 
     </span>
    </p>
   </div>
   <div class='ocr_carea' id='block_1_82' title="bbox 2090 2277 3672 2355">
    <p class='ocr_par' dir='ltr' id='par_1_82' title="bbox 2090 2277 3672 2355">
     <span class='ocr_line' id='line_1_82' title="bbox 2090 2277 3672 2355; baseline 0.006 -24"><span class='ocrx_word' id='word_1_507' title='bbox 2090 2277 2270 2333; x_wconf 89' lang='lat' dir='ltr'><strong>locum</strong></span> <span class='ocrx_word' id='word_1_508' title='bbox 2299 2288 2404 2333; x_wconf 90' lang='lat' dir='ltr'><strong>tam</strong></span> <span class='ocrx_word' id='word_1_509' title='bbox 2437 2280 2792 2347; x_wconf 76' lang='lat' dir='ltr'><strong>prolixiorem</strong></span> <span class='ocrx_word' id='word_1_510' title='bbox 2836 2282 2904 2346; x_wconf 86' lang='lat' dir='ltr'><strong>de</strong></span> <span class='ocrx_word' id='word_1_511' title='bbox 2937 2283 3046 2349; x_wconf 84' lang='lat' dir='ltr'><strong>his,</strong></span> <span class='ocrx_word' id='word_1_512' title='bbox 3072 2298 3237 2353; x_wconf 82' lang='lat' dir='ltr'><strong>quam</strong></span> <span class='ocrx_word' id='word_1_513' title='bbox 3286 2284 3354 2337; x_wconf 88' lang='lat' dir='ltr'><strong>de</strong></span> <span class='ocrx_word' id='word_1_514' title='bbox 3415 2285 3672 2355; x_wconf 76' lang='lat' dir='ltr'><strong>plurimis</strong></span> 
     </span>
    </p>
   </div>
   <div class='ocr_carea' id='block_1_83' title="bbox 2090 2375 3669 2449">
    <p class='ocr_par' dir='ltr' id='par_1_83' title="bbox 2090 2375 3669 2449">
     <span class='ocr_line' id='line_1_83' title="bbox 2090 2375 3669 2449; baseline 0.006 -24"><span class='ocrx_word' id='word_1_515' title='bbox 2090 2383 2357 2442; x_wconf 63' lang='lat' dir='ltr'><strong>praterea</strong></span> <span class='ocrx_word' id='word_1_516' title='bbox 2427 2389 2574 2430; x_wconf 90' lang='lat' dir='ltr'><strong>nunc</strong></span> <span class='ocrx_word' id='word_1_517' title='bbox 2633 2375 2856 2431; x_wconf 87' lang='lat' dir='ltr'><strong>silentio</strong></span> <span class='ocrx_word' id='word_1_518' title='bbox 2904 2379 3305 2448; x_wconf 71' lang='lat' dir='ltr'><strong>prmtcreundis</strong></span> <span class='ocrx_word' id='word_1_519' title='bbox 3349 2380 3669 2449; x_wconf 76' lang='lat' dir='ltr'><strong>explicatio-</strong></span> 
     </span>
    </p>
   </div>
   <div class='ocr_carea' id='block_1_84' title="bbox 2091 2482 2235 2521">
    <p class='ocr_par' dir='ltr' id='par_1_84' title="bbox 2091 2482 2235 2521">
     <span class='ocr_line' id='line_1_84' title="bbox 2091 2482 2235 2521; baseline 0.007 -2"><span class='ocrx_word' id='word_1_520' title='bbox 2091 2482 2235 2521; x_wconf 76' lang='lat' dir='ltr'><strong>&quot;CIII.</strong></span> 
     </span>
    </p>
   </div>
   <div class='ocr_carea' id='block_1_85' title="bbox 2162 2557 3669 2637">
    <p class='ocr_par' dir='ltr' id='par_1_85' title="bbox 2162 2557 3669 2637">
     <span class='ocr_line' id='line_1_85' title="bbox 2162 2557 3669 2637; baseline 0.005 -24"><span class='ocrx_word' id='word_1_521' title='bbox 2162 2559 2328 2629; x_wconf 85' lang='lat' dir='ltr'><strong>Topzi</strong></span> <span class='ocrx_word' id='word_1_522' title='bbox 2360 2560 2531 2622; x_wconf 79' lang='lat' dir='ltr'><strong>bassi,</strong></span> <span class='ocrx_word' id='word_1_523' title='bbox 2560 2557 2852 2632; x_wconf 70' lang='lat' dir='ltr'><strong>praefectus</strong></span> <span class='ocrx_word' id='word_1_524' title='bbox 2878 2565 3202 2637; x_wconf 71' lang='lat' dir='ltr'><strong>artilliarim.</strong></span> <span class='ocrx_word' id='word_1_525' title='bbox 3250 2565 3369 2637; x_wconf 82' lang='lat' dir='ltr'><strong>sive</strong></span> <span class='ocrx_word' id='word_1_526' title='bbox 3400 2564 3570 2629; x_wconf 83' lang='lat' dir='ltr'><strong>rebus</strong></span> <span class='ocrx_word' id='word_1_527' title='bbox 3598 2564 3669 2621; x_wconf 86' lang='lat' dir='ltr'><strong>ad</strong></span> 
     </span>
    </p>
   </div>
   <div class='ocr_carea' id='block_1_86' title="bbox 2092 2652 3014 2723">
    <p class='ocr_par' dir='ltr' id='par_1_86' title="bbox 2092 2652 3014 2723">
     <span class='ocr_line' id='line_1_86' title="bbox 2092 2652 3014 2723; baseline 0.009 -17"><span class='ocrx_word' id='word_1_528' title='bbox 2092 2661 2361 2707; x_wconf 86' lang='lat' dir='ltr'><strong>tormenta</strong></span> <span class='ocrx_word' id='word_1_529' title='bbox 2385 2652 2577 2711; x_wconf 83' lang='lat' dir='ltr'><strong>bellica</strong></span> <span class='ocrx_word' id='word_1_530' title='bbox 2614 2657 3014 2723; x_wconf 77' lang='lat' dir='ltr'><strong>spectantibus.</strong></span> 
     </span>
    </p>
   </div>
   <div class='ocr_carea' id='block_1_87' title="bbox 2161 2743 3673 2821">
    <p class='ocr_par' dir='ltr' id='par_1_87' title="bbox 2161 2743 3673 2821">
     <span class='ocr_line' id='line_1_87' title="bbox 2161 2743 3673 2821; baseline 0.003 -23"><span class='ocrx_word' id='word_1_531' title='bbox 2161 2743 2481 2814; x_wconf 76' lang='lat' dir='ltr'><strong>Tzegebetzi</strong></span> <span class='ocrx_word' id='word_1_532' title='bbox 2534 2745 2723 2815; x_wconf 78' lang='lat' dir='ltr'><strong>bassi,</strong></span> <span class='ocrx_word' id='word_1_533' title='bbox 2776 2748 3078 2821; x_wconf 75' lang='lat' dir='ltr'><strong>pmfectus</strong></span> <span class='ocrx_word' id='word_1_534' title='bbox 3106 2750 3318 2817; x_wconf 69' lang='lat' dir='ltr'><strong>armis,</strong></span> <span class='ocrx_word' id='word_1_535' title='bbox 3369 2748 3453 2807; x_wconf 81' lang='lat' dir='ltr'><strong>vel</strong></span> <span class='ocrx_word' id='word_1_536' title='bbox 3487 2763 3673 2803; x_wconf 84' lang='lat' dir='ltr'><strong>arma-</strong></span> 
     </span>
    </p>
   </div>
   <div class='ocr_carea' id='block_1_88' title="bbox 2094 2847 2245 2890">
    <p class='ocr_par' dir='ltr' id='par_1_88' title="bbox 2094 2847 2245 2890">
     <span class='ocr_line' id='line_1_88' title="bbox 2094 2847 2245 2890; baseline 0 -1"><span class='ocrx_word' id='word_1_537' title='bbox 2094 2847 2245 2890; x_wconf 59' lang='grc' dir='ltr'><strong>ιυΓὶῙὲ.</strong></span> 
     </span>
    </p>
   </div>
   <div class='ocr_carea' id='block_1_89' title="bbox 2165 2925 3452 3009">
    <p class='ocr_par' dir='ltr' id='par_1_89' title="bbox 2165 2925 3452 3009">
     <span class='ocr_line' id='line_1_89' title="bbox 2165 2925 3452 3009; baseline 0.016 -26"><span class='ocrx_word' id='word_1_538' title='bbox 2165 2929 2378 2985; x_wconf 73' lang='lat' dir='ltr'><strong>Tuder</strong></span> <span class='ocrx_word' id='word_1_539' title='bbox 2402 2925 2602 2989; x_wconf 67' lang='lat' dir='ltr'><strong>blecter</strong></span> <span class='ocrx_word' id='word_1_540' title='bbox 2626 2933 2801 3009; x_wconf 47' lang='lat' dir='ltr'><strong>bassi,</strong></span> <span class='ocrx_word' id='word_1_541' title='bbox 2846 2936 3140 3009; x_wconf 68' lang='lat' dir='ltr'><strong>praefectus</strong></span> <span class='ocrx_word' id='word_1_542' title='bbox 3170 2942 3452 3004; x_wconf 57' lang='lat' dir='ltr'><strong>tentoriis.</strong></span> 
     </span>
    </p>
   </div>
   <div class='ocr_carea' id='block_1_90' title="bbox 2168 3021 3675 3107">
    <p class='ocr_par' dir='ltr' id='par_1_90' title="bbox 2168 3021 3675 3107">
     <span class='ocr_line' id='line_1_90' title="bbox 2168 3021 3675 3107; baseline 0.013 -33"><span class='ocrx_word' id='word_1_543' title='bbox 2168 3021 2395 3079; x_wconf 85' lang='lat' dir='ltr'><strong>Tzalitzi</strong></span> <span class='ocrx_word' id='word_1_544' title='bbox 2436 3024 2636 3079; x_wconf 70' lang='lat' dir='ltr'><strong>Hector</strong></span> <span class='ocrx_word' id='word_1_545' title='bbox 2689 3028 2855 3095; x_wconf 86' lang='lat' dir='ltr'><strong>bassi,</strong></span> <span class='ocrx_word' id='word_1_546' title='bbox 2886 3030 3183 3107; x_wconf 69' lang='lat' dir='ltr'><strong>praefectus</strong></span> <span class='ocrx_word' id='word_1_547' title='bbox 3235 3035 3581 3099; x_wconf 76' lang='lat' dir='ltr'><strong>tubicinlbus</strong></span> <span class='ocrx_word' id='word_1_548' title='bbox 3619 3046 3675 3093; x_wconf 77' lang='lat' dir='ltr'><strong>ut</strong></span> 
     </span>
    </p>
   </div>
   <div class='ocr_carea' id='block_1_91' title="bbox 2016 3114 2966 3209">
    <p class='ocr_par' dir='ltr' id='par_1_91' title="bbox 2016 3114 2966 3209">
     <span class='ocr_line' id='line_1_91' title="bbox 2016 3114 2966 3209; baseline 0.016 -44"><span class='ocrx_word' id='word_1_549' title='bbox 2016 3151 2059 3209; x_wconf 63' lang='grc' dir='ltr'>ο</span> <span class='ocrx_word' id='word_1_550' title='bbox 2097 3114 2323 3169; x_wconf 77' lang='lat' dir='ltr'><strong>musica:</strong></span> <span class='ocrx_word' id='word_1_551' title='bbox 2343 3116 2638 3183; x_wconf 70' lang='lat' dir='ltr'><strong>sultanina;</strong></span> <span class='ocrx_word' id='word_1_552' title='bbox 2670 3124 2966 3182; x_wconf 77' lang='lat' dir='ltr'><strong>castrensi.</strong></span> 
     </span>
    </p>
   </div>
   <div class='ocr_carea' id='block_1_92' title="bbox 2172 3209 3676 3285">
    <p class='ocr_par' dir='ltr' id='par_1_92' title="bbox 2172 3209 3676 3285">
     <span class='ocr_line' id='line_1_92' title="bbox 2172 3209 3676 3285; baseline 0.012 -25"><span class='ocrx_word' id='word_1_553' title='bbox 2172 3209 2329 3261; x_wconf 80' lang='lat' dir='ltr'><strong>Autzi</strong></span> <span class='ocrx_word' id='word_1_554' title='bbox 2363 3209 2534 3277; x_wconf 86' lang='lat' dir='ltr'><strong>bassi,</strong></span> <span class='ocrx_word' id='word_1_555' title='bbox 2574 3228 2868 3284; x_wconf 82' lang='lat' dir='ltr'><strong>supremus</strong></span> <span class='ocrx_word' id='word_1_556' title='bbox 2909 3217 2988 3285; x_wconf 70' lang='lat' dir='ltr'><strong>rei</strong></span> <span class='ocrx_word' id='word_1_557' title='bbox 3035 3221 3332 3277; x_wconf 69' lang='lat' dir='ltr'><strong>venatoria:</strong></span> <span class='ocrx_word' id='word_1_558' title='bbox 3359 3221 3676 3285; x_wconf 71' lang='lat' dir='ltr'><strong>prail&#39;eotus.</strong></span> 
     </span>
    </p>
   </div>
   <div class='ocr_carea' id='block_1_93' title="bbox 2170 3298 3678 3381">
    <p class='ocr_par' dir='ltr' id='par_1_93' title="bbox 2170 3298 3678 3381">
     <span class='ocr_line' id='line_1_93' title="bbox 2170 3298 3678 3381; baseline 0.016 -31"><span class='ocrx_word' id='word_1_559' title='bbox 2170 3298 2411 3371; x_wconf 69' lang='grc' dir='ltr'><strong>Βομιηί</strong></span> <span class='ocrx_word' id='word_1_560' title='bbox 2443 3303 2615 3367; x_wconf 85' lang='lat' dir='ltr'><strong>bassi.</strong></span> <span class='ocrx_word' id='word_1_561' title='bbox 2644 3304 2938 3376; x_wconf 61' lang='lat' dir='ltr'><strong>praefectus</strong></span> <span class='ocrx_word' id='word_1_562' title='bbox 2992 3312 3364 3381; x_wconf 81' lang='lat' dir='ltr'><strong>accipitrariis</strong></span> <span class='ocrx_word' id='word_1_563' title='bbox 3403 3318 3523 3377; x_wconf 71' lang='lat' dir='ltr'><strong>sive</strong></span> <span class='ocrx_word' id='word_1_564' title='bbox 3574 3318 3678 3377; x_wconf 82' lang='lat' dir='ltr'><strong>fal-</strong></span> 
     </span>
    </p>
   </div>
   <div class='ocr_carea' id='block_1_94' title="bbox 2098 3395 2363 3450">
    <p class='ocr_par' dir='ltr' id='par_1_94' title="bbox 2098 3395 2363 3450">
     <span class='ocr_line' id='line_1_94' title="bbox 2098 3395 2363 3450; baseline 0.011 -3"><span class='ocrx_word' id='word_1_565' title='bbox 2098 3395 2363 3450; x_wconf 70' lang='lat' dir='ltr'><strong>conarus.</strong></span> 
     </span>
    </p>
   </div>
   <div class='ocr_carea' id='block_1_95' title="bbox 2174 3483 3677 3577">
    <p class='ocr_par' dir='ltr' id='par_1_95' title="bbox 2174 3483 3677 3577">
     <span class='ocr_line' id='line_1_95' title="bbox 2174 3483 3677 3577; baseline 0.018 -41"><span class='ocrx_word' id='word_1_566' title='bbox 2174 3483 2505 3560; x_wconf 76' lang='lat' dir='ltr'><strong>Tzagerschi</strong></span> <span class='ocrx_word' id='word_1_567' title='bbox 2538 3491 2711 3561; x_wconf 85' lang='lat' dir='ltr'><strong>bassi,</strong></span> <span class='ocrx_word' id='word_1_568' title='bbox 2737 3496 3034 3565; x_wconf 70' lang='lat' dir='ltr'><strong>pratiectus</strong></span> <span class='ocrx_word' id='word_1_569' title='bbox 3065 3500 3222 3565; x_wconf 73' lang='lat' dir='ltr'><strong>nisis.</strong></span> <span class='ocrx_word' id='word_1_570' title='bbox 3252 3517 3396 3574; x_wconf 81' lang='lat' dir='ltr'><strong>quos</strong></span> <span class='ocrx_word' id='word_1_571' title='bbox 3417 3519 3677 3577; x_wconf 81' lang='lat' dir='ltr'><strong>sparave—</strong></span> 
     </span>
    </p>
   </div>
   <div class='ocr_carea' id='block_1_96' title="bbox 2096 3591 2507 3648">
    <p class='ocr_par' dir='ltr' id='par_1_96' title="bbox 2096 3591 2507 3648">
     <span class='ocr_line' id='line_1_96' title="bbox 2096 3591 2507 3648; baseline 0.017 -17"><span class='ocrx_word' id='word_1_572' title='bbox 2096 3591 2189 3641; x_wconf 86' lang='lat' dir='ltr'><strong>res</strong></span> <span class='ocrx_word' id='word_1_573' title='bbox 2221 3593 2507 3648; x_wconf 81' lang='lat' dir='ltr'><strong>vocamus,</strong></span> 
     </span>
    </p>
   </div>
   <div class='ocr_carea' id='block_1_97' title="bbox 2172 3670 3672 3751">
    <p class='ocr_par' dir='ltr' id='par_1_97' title="bbox 2172 3670 3672 3751">
     <span class='ocr_line' id='line_1_97' title="bbox 2172 3670 3672 3751; baseline 0.013 -26"><span class='ocrx_word' id='word_1_574' title='bbox 2172 3670 2481 3729; x_wconf 77' lang='lat' dir='ltr'><strong>Samsontzi</strong></span> <span class='ocrx_word' id='word_1_575' title='bbox 2522 3677 2692 3745; x_wconf 89' lang='lat' dir='ltr'><strong>bassi,</strong></span> <span class='ocrx_word' id='word_1_576' title='bbox 2750 3680 3045 3751; x_wconf 83' lang='lat' dir='ltr'><strong>praefectus</strong></span> <span class='ocrx_word' id='word_1_577' title='bbox 3109 3688 3343 3743; x_wconf 84' lang='lat' dir='ltr'><strong>canibus</strong></span> <span class='ocrx_word' id='word_1_578' title='bbox 3376 3692 3672 3747; x_wconf 72' lang='lat' dir='ltr'><strong>venaticis.</strong></span> 
     </span>
    </p>
   </div>
   <div class='ocr_carea' id='block_1_98' title="bbox 2099 3763 3676 3854">
    <p class='ocr_par' dir='ltr' id='par_1_98' title="bbox 2099 3763 3676 3854">
     <span class='ocr_line' id='line_1_98' title="bbox 2099 3763 3676 3854; baseline 0.016 -37"><span class='ocrx_word' id='word_1_579' title='bbox 2099 3763 2213 3821; x_wconf 88' lang='lat' dir='ltr'><strong>Hoc</strong></span> <span class='ocrx_word' id='word_1_580' title='bbox 2242 3764 2477 3821; x_wconf 75' lang='lat' dir='ltr'><strong>cilicium</strong></span> <span class='ocrx_word' id='word_1_581' title='bbox 2503 3768 2649 3832; x_wconf 86' lang='lat' dir='ltr'><strong>inter</strong></span> <span class='ocrx_word' id='word_1_582' title='bbox 2678 3776 2951 3849; x_wconf 60' lang='lat' dir='ltr'><strong>praecipua</strong></span> <span class='ocrx_word' id='word_1_583' title='bbox 3009 3792 3352 3843; x_wconf 79' lang='lat' dir='ltr'><strong>numeratur.</strong></span> <span class='ocrx_word' id='word_1_584' title='bbox 3401 3783 3467 3838; x_wconf 85' lang='lat' dir='ltr'><strong>Et</strong></span> <span class='ocrx_word' id='word_1_585' title='bbox 3496 3801 3676 3854; x_wconf 54' lang='lat' dir='ltr'><strong>quone</strong></span> 
     </span>
    </p>
   </div>
   <div class='ocr_carea' id='block_1_99' title="bbox 2097 3857 3672 3950">
    <p class='ocr_par' dir='ltr' id='par_1_99' title="bbox 2097 3857 3672 3950">
     <span class='ocr_line' id='line_1_99' title="bbox 2097 3857 3672 3950; baseline 0.014 -38"><span class='ocrx_word' id='word_1_586' title='bbox 2097 3857 2222 3950; x_wconf 81' lang='lat' dir='ltr'><strong>dam</strong></span> <span class='ocrx_word' id='word_1_587' title='bbox 2252 3873 2317 3911; x_wconf 86' lang='lat' dir='ltr'><strong>ex</strong></span> <span class='ocrx_word' id='word_1_588' title='bbox 2349 3859 2416 3914; x_wconf 90' lang='lat' dir='ltr'><strong>iis</strong></span> <span class='ocrx_word' id='word_1_589' title='bbox 2445 3861 2537 3937; x_wconf 86' lang='lat' dir='ltr'><strong>qui</strong></span> <span class='ocrx_word' id='word_1_590' title='bbox 2572 3875 2866 3934; x_wconf 62' lang='lat' dir='ltr'><strong>proteram,</strong></span> <span class='ocrx_word' id='word_1_591' title='bbox 2905 3871 3074 3943; x_wconf 73' lang='lat' dir='ltr'><strong>deligi</strong></span> <span class='ocrx_word' id='word_1_592' title='bbox 3106 3874 3499 3944; x_wconf 67' lang='lat' dir='ltr'><strong>genitamrunt-</strong></span> <span class='ocrx_word' id='word_1_593' title='bbox 3526 3879 3672 3950; x_wconf 63' lang='lat' dir='ltr'><strong>Aga-</strong></span> 
     </span>
    </p>
   </div>
   <div class='ocr_carea' id='block_1_100' title="bbox 2089 3948 2987 4018">
    <p class='ocr_par' dir='ltr' id='par_1_100' title="bbox 2089 3948 2987 4018">
     <span class='ocr_line' id='line_1_100' title="bbox 2089 3948 2987 4018; baseline 0.012 -17"><span class='ocrx_word' id='word_1_594' title='bbox 2089 3948 2220 4001; x_wconf 87' lang='lat' dir='ltr'><strong>larii</strong></span> <span class='ocrx_word' id='word_1_595' title='bbox 2272 3950 2385 4003; x_wconf 82' lang='lat' dir='ltr'><strong>sive</strong></span> <span class='ocrx_word' id='word_1_596' title='bbox 2423 3951 2653 4018; x_wconf 89' lang='lat' dir='ltr'><strong>tribuni,</strong></span> <span class='ocrx_word' id='word_1_597' title='bbox 2712 3958 2987 4013; x_wconf 78' lang='lat' dir='ltr'><strong>solebant.</strong></span> 
     </span>
    </p>
   </div>
   <div class='ocr_carea' id='block_1_101' title="bbox 2170 4034 3675 4124">
    <p class='ocr_par' dir='ltr' id='par_1_101' title="bbox 2170 4034 3675 4124">
     <span class='ocr_line' id='line_1_101' title="bbox 2170 4034 3675 4124; baseline 0.015 -35"><span class='ocrx_word' id='word_1_598' title='bbox 2170 4034 2404 4106; x_wconf 81' lang='lat' dir='ltr'><strong>Seguam</strong></span> <span class='ocrx_word' id='word_1_599' title='bbox 2438 4040 2612 4106; x_wconf 89' lang='lat' dir='ltr'><strong>bassi,</strong></span> <span class='ocrx_word' id='word_1_600' title='bbox 2635 4042 2931 4112; x_wconf 63' lang='lat' dir='ltr'><strong>praefectus</strong></span> <span class='ocrx_word' id='word_1_601' title='bbox 2948 4050 3215 4115; x_wconf 66' lang='lat' dir='ltr'><strong>iumentis</strong></span> <span class='ocrx_word' id='word_1_602' title='bbox 3240 4056 3593 4124; x_wconf 63' lang='lat' dir='ltr'><strong>mutaturus</strong></span> <span class='ocrx_word' id='word_1_603' title='bbox 3616 4057 3675 4112; x_wconf 92' lang='lat' dir='ltr'><strong>in</strong></span> 
     </span>
    </p>
   </div>
   <div class='ocr_carea' id='block_1_102' title="bbox 2094 4129 3679 4210">
    <p class='ocr_par' dir='ltr' id='par_1_102' title="bbox 2094 4129 3679 4210">
     <span class='ocr_line' id='line_1_102' title="bbox 2094 4129 3679 4210; baseline 0.016 -29"><span class='ocrx_word' id='word_1_604' title='bbox 2094 4129 2357 4195; x_wconf 85' lang='lat' dir='ltr'><strong>exercitu,</strong></span> <span class='ocrx_word' id='word_1_605' title='bbox 2394 4133 2472 4186; x_wconf 87' lang='lat' dir='ltr'><strong>vel</strong></span> <span class='ocrx_word' id='word_1_606' title='bbox 2509 4133 2563 4187; x_wconf 93' lang='lat' dir='ltr'><strong>iu</strong></span> <span class='ocrx_word' id='word_1_607' title='bbox 2598 4138 2864 4193; x_wconf 88' lang='lat' dir='ltr'><strong>comitatu</strong></span> <span class='ocrx_word' id='word_1_608' title='bbox 2902 4144 3129 4196; x_wconf 80' lang='lat' dir='ltr'><strong>snitani.</strong></span> <span class='ocrx_word' id='word_1_609' title='bbox 3162 4142 3415 4202; x_wconf 84' lang='lat' dir='ltr'><strong>Jnmenta</strong></span> <span class='ocrx_word' id='word_1_610' title='bbox 3442 4165 3571 4210; x_wconf 81' lang='lat' dir='ltr'><strong>vero</strong></span> <span class='ocrx_word' id='word_1_611' title='bbox 3592 4166 3679 4206; x_wconf 80' lang='lat' dir='ltr'><strong>sa-</strong></span> 
     </span>
    </p>
   </div>
   <div class='ocr_carea' id='block_1_103' title="bbox 2095 4220 3681 4309">
    <p class='ocr_par' dir='ltr' id='par_1_103' title="bbox 2095 4220 3681 4309">
     <span class='ocr_line' id='line_1_103' title="bbox 2095 4220 3681 4309; baseline 0.016 -38"><span class='ocrx_word' id='word_1_612' title='bbox 2095 4220 2383 4287; x_wconf 76' lang='lat' dir='ltr'><strong>gmataria,</strong></span> <span class='ocrx_word' id='word_1_613' title='bbox 2399 4224 2480 4278; x_wconf 84' lang='lat' dir='ltr'><strong>vel</strong></span> <span class='ocrx_word' id='word_1_614' title='bbox 2500 4231 2796 4296; x_wconf 74' lang='lat' dir='ltr'><strong>sagmaria,</strong></span> <span class='ocrx_word' id='word_1_615' title='bbox 2816 4232 2896 4291; x_wconf 85' lang='lat' dir='ltr'><strong>vel</strong></span> <span class='ocrx_word' id='word_1_616' title='bbox 2919 4236 3160 4301; x_wconf 68' lang='lat' dir='ltr'><strong>samaria</strong></span> <span class='ocrx_word' id='word_1_617' title='bbox 3177 4240 3297 4307; x_wconf 60' lang='grc' dir='ltr'><strong>(ριν</strong></span> <span class='ocrx_word' id='word_1_618' title='bbox 3313 4243 3511 4309; x_wconf 79' lang='lat' dir='ltr'><strong>quibus</strong></span> <span class='ocrx_word' id='word_1_619' title='bbox 3535 4258 3681 4303; x_wconf 80' lang='lat' dir='ltr'><strong>suni-</strong></span> 
     </span>
    </p>
   </div>
   <div class='ocr_carea' id='block_1_104' title="bbox 2099 4313 3678 4397">
    <p class='ocr_par' dir='ltr' id='par_1_104' title="bbox 2099 4313 3678 4397">
     <span class='ocr_line' id='line_1_104' title="bbox 2099 4313 3678 4397; baseline 0.016 -30"><span class='ocrx_word' id='word_1_620' title='bbox 2099 4313 2271 4367; x_wconf 84' lang='lat' dir='ltr'><strong>maria</strong></span> <span class='ocrx_word' id='word_1_621' title='bbox 2291 4331 2397 4379; x_wconf 82' lang='lat' dir='ltr'><strong>non</strong></span> <span class='ocrx_word' id='word_1_622' title='bbox 2415 4326 2559 4371; x_wconf 82' lang='lat' dir='ltr'><strong>recte</strong></span> <span class='ocrx_word' id='word_1_623' title='bbox 2575 4321 2739 4373; x_wconf 78' lang='lat' dir='ltr'><strong>SCI&#39;ibi</strong></span> <span class='ocrx_word' id='word_1_624' title='bbox 2758 4323 2897 4391; x_wconf 70' lang='lat' dir='ltr'><strong>apud</strong></span> <span class='ocrx_word' id='word_1_625' title='bbox 2918 4324 3323 4397; x_wconf 72' lang='lat' dir='ltr'><strong>Bclvaceusem,</strong></span> <span class='ocrx_word' id='word_1_626' title='bbox 3338 4337 3678 4397; x_wconf 72' lang='lat' dir='ltr'><strong>Mlemlinius</strong></span> 
     </span>
    </p>
   </div>
   <div class='ocr_carea' id='block_1_105' title="bbox 2097 4401 3671 4490">
    <p class='ocr_par' dir='ltr' id='par_1_105' title="bbox 2097 4401 3671 4490">
     <span class='ocr_line' id='line_1_105' title="bbox 2097 4401 3671 4490; baseline 0.018 -37"><span class='ocrx_word' id='word_1_627' title='bbox 2097 4401 2380 4472; x_wconf 78' lang='lat' dir='ltr'><strong>capite‘20)</strong></span> <span class='ocrx_word' id='word_1_628' title='bbox 2415 4404 2589 4462; x_wconf 65' lang='lat' dir='ltr'><strong>Graeci</strong></span> <span class='ocrx_word' id='word_1_629' title='bbox 2654 4425 2851 4476; x_wconf 68' lang='lat' dir='ltr'><strong>venare</strong></span> <span class='ocrx_word' id='word_1_630' title='bbox 2884 4416 3086 4490; x_wconf 69' lang='lat' dir='ltr'><strong>solent,</strong></span> <span class='ocrx_word' id='word_1_631' title='bbox 3118 4433 3245 4489; x_wconf 65' lang='lat' dir='ltr'><strong>qua:</strong></span> <span class='ocrx_word' id='word_1_632' title='bbox 3273 4424 3454 4483; x_wconf 76' lang='lat' dir='ltr'><strong>nostri</strong></span> <span class='ocrx_word' id='word_1_633' title='bbox 3490 4428 3671 4487; x_wconf 79' lang='lat' dir='ltr'><strong>clitel-</strong></span> 
     </span>
    </p>
   </div>
   <div class='ocr_carea' id='block_1_106' title="bbox 2098 4494 3675 4576">
    <p class='ocr_par' dir='ltr' id='par_1_106' title="bbox 2098 4494 3675 4576">
     <span class='ocr_line' id='line_1_106' title="bbox 2098 4494 3675 4576; baseline 0.018 -31"><span class='ocrx_word' id='word_1_634' title='bbox 2098 4494 2252 4549; x_wconf 87' lang='lat' dir='ltr'><strong>laria.</strong></span> <span class='ocrx_word' id='word_1_635' title='bbox 2280 4495 2419 4550; x_wconf 84' lang='lat' dir='ltr'><strong>Sunt</strong></span> <span class='ocrx_word' id='word_1_636' title='bbox 2454 4500 2508 4553; x_wconf 91' lang='lat' dir='ltr'><strong>in</strong></span> <span class='ocrx_word' id='word_1_637' title='bbox 2540 4500 2626 4555; x_wconf 90' lang='lat' dir='ltr'><strong>his</strong></span> <span class='ocrx_word' id='word_1_638' title='bbox 2650 4504 2797 4571; x_wconf 90' lang='lat' dir='ltr'><strong>equi,</strong></span> <span class='ocrx_word' id='word_1_639' title='bbox 2835 4507 2988 4569; x_wconf 82' lang='lat' dir='ltr'><strong>ntuli,</strong></span> <span class='ocrx_word' id='word_1_640' title='bbox 3026 4513 3259 4567; x_wconf 87' lang='lat' dir='ltr'><strong>cameli:</strong></span> <span class='ocrx_word' id='word_1_641' title='bbox 3318 4519 3558 4573; x_wconf 83' lang='lat' dir='ltr'><strong>rariores</strong></span> <span class='ocrx_word' id='word_1_642' title='bbox 3589 4528 3675 4576; x_wconf 57' lang='lat' dir='ltr'><strong>tas</strong></span> 
     </span>
    </p>
   </div>
   <div class='ocr_carea' id='block_1_107' title="bbox 2101 4594 3678 4679">
    <p class='ocr_par' dir='ltr' id='par_1_107' title="bbox 2101 4594 3678 4679">
     <span class='ocr_line' id='line_1_107' title="bbox 2101 4594 3678 4679; baseline 0.017 -38"><span class='ocrx_word' id='word_1_643' title='bbox 2101 4604 2222 4643; x_wconf 86' lang='lat' dir='ltr'><strong>meo</strong></span> <span class='ocrx_word' id='word_1_644' title='bbox 2258 4594 2399 4659; x_wconf 84' lang='lat' dir='ltr'><strong>apud</strong></span> <span class='ocrx_word' id='word_1_645' title='bbox 2430 4594 2641 4650; x_wconf 84' lang='lat' dir='ltr'><strong>Turcos</strong></span> <span class='ocrx_word' id='word_1_646' title='bbox 2673 4600 2739 4653; x_wconf 85' lang='lat' dir='ltr'><strong>ad</strong></span> <span class='ocrx_word' id='word_1_647' title='bbox 2779 4602 2925 4667; x_wconf 79' lang='lat' dir='ltr'><strong>hunc</strong></span> <span class='ocrx_word' id='word_1_648' title='bbox 2951 4619 3111 4663; x_wconf 81' lang='lat' dir='ltr'><strong>nsunt</strong></span> <span class='ocrx_word' id='word_1_649' title='bbox 3139 4608 3292 4677; x_wconf 85' lang='lat' dir='ltr'><strong>equi,</strong></span> <span class='ocrx_word' id='word_1_650' title='bbox 3331 4609 3514 4679; x_wconf 74' lang='lat' dir='ltr'><strong>plures</strong></span> <span class='ocrx_word' id='word_1_651' title='bbox 3547 4613 3678 4672; x_wconf 84' lang='lat' dir='ltr'><strong>ntuli</strong></span> 
     </span>
    </p>
   </div>
   <div class='ocr_carea' id='block_1_108' title="bbox 2098 4683 3678 4763">
    <p class='ocr_par' dir='ltr' id='par_1_108' title="bbox 2098 4683 3678 4763">
     <span class='ocr_line' id='line_1_108' title="bbox 2098 4683 3678 4763; baseline 0.019 -30"><span class='ocrx_word' id='word_1_652' title='bbox 2098 4688 2153 4733; x_wconf 90' lang='lat' dir='ltr'><strong>et</strong></span> <span class='ocrx_word' id='word_1_653' title='bbox 2207 4683 2427 4738; x_wconf 83' lang='lat' dir='ltr'><strong>cameli.</strong></span> <span class='ocrx_word' id='word_1_654' title='bbox 2466 4685 2811 4759; x_wconf 80' lang='lat' dir='ltr'><strong>Quapropter</strong></span> <span class='ocrx_word' id='word_1_655' title='bbox 2852 4708 2881 4751; x_wconf 84' lang='lat' dir='ltr'><strong>a</strong></span> <span class='ocrx_word' id='word_1_656' title='bbox 2915 4691 3171 4763; x_wconf 69' lang='lat' dir='ltr'><strong>Segiiane</strong></span> <span class='ocrx_word' id='word_1_657' title='bbox 3197 4701 3523 4758; x_wconf 72' lang='lat' dir='ltr'><strong>recensendi</strong></span> <span class='ocrx_word' id='word_1_658' title='bbox 3586 4719 3678 4762; x_wconf 61' lang='lat' dir='ltr'><strong>ves</strong></span> 
     </span>
    </p>
   </div>
   <div class='ocr_carea' id='block_1_109' title="bbox 2100 4772 2279 4827">
    <p class='ocr_par' dir='ltr' id='par_1_109' title="bbox 2100 4772 2279 4827">
     <span class='ocr_line' id='line_1_109' title="bbox 2100 4772 2279 4827; baseline -0.006 0"><span class='ocrx_word' id='word_1_659' title='bbox 2100 4772 2279 4827; x_wconf 84' lang='lat' dir='ltr'><strong>niunt.</strong></span> 
     </span>
    </p>
   </div>
   <div class='ocr_carea' id='block_1_110' title="bbox 2170 4866 3677 4959">
    <p class='ocr_par' dir='ltr' id='par_1_110' title="bbox 2170 4866 3677 4959">
     <span class='ocr_line' id='line_1_110' title="bbox 2170 4866 3677 4959; baseline 0.018 -42"><span class='ocrx_word' id='word_1_660' title='bbox 2170 4866 2388 4924; x_wconf 76' lang='lat' dir='ltr'><strong>Devctzi</strong></span> <span class='ocrx_word' id='word_1_661' title='bbox 2420 4870 2586 4932; x_wconf 83' lang='lat' dir='ltr'><strong>bassi,</strong></span> <span class='ocrx_word' id='word_1_662' title='bbox 2631 4875 2918 4943; x_wconf 73' lang='lat' dir='ltr'><strong>przufcclus</strong></span> <span class='ocrx_word' id='word_1_663' title='bbox 2970 4882 3038 4936; x_wconf 89' lang='lat' dir='ltr'><strong>iis</strong></span> <span class='ocrx_word' id='word_1_664' title='bbox 3090 4884 3453 4953; x_wconf 75' lang='lat' dir='ltr'><strong>quicaruelus</strong></span> <span class='ocrx_word' id='word_1_665' title='bbox 3484 4898 3677 4959; x_wconf 76' lang='lat' dir='ltr'><strong>agunt.</strong></span> 
     </span>
    </p>
   </div>
   <div class='ocr_carea' id='block_1_111' title="bbox 2170 4961 3677 5045">
    <p class='ocr_par' dir='ltr' id='par_1_111' title="bbox 2170 4961 3677 5045">
     <span class='ocr_line' id='line_1_111' title="bbox 2170 4961 3677 5045; baseline 0.018 -32"><span class='ocrx_word' id='word_1_666' title='bbox 2170 4961 2405 5015; x_wconf 78' lang='lat' dir='ltr'><strong>Catcrtzi</strong></span> <span class='ocrx_word' id='word_1_667' title='bbox 2447 4965 2624 5029; x_wconf 63' lang='lat' dir='ltr'><strong>bassi,</strong></span> <span class='ocrx_word' id='word_1_668' title='bbox 2652 4969 2944 5035; x_wconf 65' lang='lat' dir='ltr'><strong>praefectus</strong></span> <span class='ocrx_word' id='word_1_669' title='bbox 2977 4977 3333 5045; x_wconf 67' lang='lat' dir='ltr'><strong>agasonibus,</strong></span> <span class='ocrx_word' id='word_1_670' title='bbox 3363 4982 3450 5034; x_wconf 81' lang='lat' dir='ltr'><strong>vel</strong></span> <span class='ocrx_word' id='word_1_671' title='bbox 3501 4983 3677 5040; x_wconf 72' lang='lat' dir='ltr'><strong>mulos</strong></span> 
     </span>
    </p>
   </div>
   <div class='ocr_carea' id='block_1_112' title="bbox 2100 5053 2413 5127">
    <p class='ocr_par' dir='ltr' id='par_1_112' title="bbox 2100 5053 2413 5127">
     <span class='ocr_line' id='line_1_112' title="bbox 2100 5053 2413 5127; baseline 0.019 -22"><span class='ocrx_word' id='word_1_672' title='bbox 2100 5053 2413 5127; x_wconf 71' lang='lat' dir='ltr'><strong>agentibus.</strong></span> 
     </span>
    </p>
   </div>
   <div class='ocr_carea' id='block_1_113' title="bbox 2156 5130 3465 5231">
    <p class='ocr_par' dir='ltr' id='par_1_113' title="bbox 2156 5130 3465 5231">
     <span class='ocr_line' id='line_1_113' title="bbox 2156 5130 3465 5231; baseline 0.017 -34"><span class='ocrx_word' id='word_1_673' title='bbox 2156 5130 2351 5214; x_wconf 35' lang='lat' dir='ltr'><strong>&#39;llarpa</strong></span> <span class='ocrx_word' id='word_1_674' title='bbox 2380 5148 2584 5214; x_wconf 81' lang='lat' dir='ltr'><strong>Emjni,</strong></span> <span class='ocrx_word' id='word_1_675' title='bbox 2621 5152 2913 5221; x_wconf 68' lang='lat' dir='ltr'><strong>prmfeclus</strong></span> <span class='ocrx_word' id='word_1_676' title='bbox 2943 5173 3209 5228; x_wconf 80' lang='lat' dir='ltr'><strong>equorum</strong></span> <span class='ocrx_word' id='word_1_677' title='bbox 3241 5162 3465 5231; x_wconf 71' lang='lat' dir='ltr'><strong>pabulo.</strong></span> 
     </span>
    </p>
   </div>
   <div class='ocr_carea' id='block_1_114' title="bbox 2172 5237 3678 5322">
    <p class='ocr_par' dir='ltr' id='par_1_114' title="bbox 2172 5237 3678 5322">
     <span class='ocr_line' id='line_1_114' title="bbox 2172 5237 3678 5322; baseline 0.017 -33"><span class='ocrx_word' id='word_1_678' title='bbox 2172 5237 2376 5292; x_wconf 74' lang='lat' dir='ltr'><strong>Praeter</strong></span> <span class='ocrx_word' id='word_1_679' title='bbox 2405 5242 2503 5297; x_wconf 88' lang='lat' dir='ltr'><strong>hos</strong></span> <span class='ocrx_word' id='word_1_680' title='bbox 2546 5258 2653 5295; x_wconf 87' lang='lat' dir='ltr'><strong>non</strong></span> <span class='ocrx_word' id='word_1_681' title='bbox 2676 5247 2854 5317; x_wconf 63' lang='lat' dir='ltr'><strong>exigui</strong></span> <span class='ocrx_word' id='word_1_682' title='bbox 2887 5252 3129 5310; x_wconf 71' lang='lat' dir='ltr'><strong>nominis</strong></span> <span class='ocrx_word' id='word_1_683' title='bbox 3160 5254 3229 5305; x_wconf 79' lang='lat' dir='ltr'><strong>ad</strong></span> <span class='ocrx_word' id='word_1_684' title='bbox 3267 5265 3481 5322; x_wconf 76' lang='lat' dir='ltr'><strong>portatu</strong></span> <span class='ocrx_word' id='word_1_685' title='bbox 3509 5262 3678 5315; x_wconf 60' lang='lat' dir='ltr'><strong>sunt)</strong></span> 
     </span>
    </p>
   </div>
   <div class='ocr_carea' id='block_1_115' title="bbox 2173 5328 3671 5416">
    <p class='ocr_par' dir='ltr' id='par_1_115' title="bbox 2173 5328 3671 5416">
     <span class='ocr_line' id='line_1_115' title="bbox 2173 5328 3671 5416; baseline 0.014 -36"><span class='ocrx_word' id='word_1_686' title='bbox 2173 5328 2410 5398; x_wconf 86' lang='lat' dir='ltr'><strong>Dephter</strong></span> <span class='ocrx_word' id='word_1_687' title='bbox 2447 5332 2622 5387; x_wconf 80' lang='lat' dir='ltr'><strong>Emini</strong></span> <span class='ocrx_word' id='word_1_688' title='bbox 2664 5337 2956 5405; x_wconf 69' lang='lat' dir='ltr'><strong>pra-fectus</strong></span> <span class='ocrx_word' id='word_1_689' title='bbox 2988 5342 3164 5402; x_wconf 76' lang='lat' dir='ltr'><strong>libris.</strong></span> <span class='ocrx_word' id='word_1_690' title='bbox 3197 5346 3403 5416; x_wconf 73' lang='lat' dir='ltr'><strong>quibus</strong></span> <span class='ocrx_word' id='word_1_691' title='bbox 3430 5344 3671 5405; x_wconf 82' lang='lat' dir='ltr'><strong>Tiutaria</strong></span> 
     </span>
    </p>
   </div>
   <div class='ocr_carea' id='block_1_116' title="bbox 2098 5420 3669 5506">
    <p class='ocr_par' dir='ltr' id='par_1_116' title="bbox 2098 5420 3669 5506">
     <span class='ocr_line' id='line_1_116' title="bbox 2098 5420 3669 5506; baseline 0.014 -34"><span class='ocrx_word' id='word_1_692' title='bbox 2098 5420 2465 5487; x_wconf 78' lang='lat' dir='ltr'><strong>continentur.</strong></span> <span class='ocrx_word' id='word_1_693' title='bbox 2495 5423 2562 5479; x_wconf 87' lang='lat' dir='ltr'><strong>Et</strong></span> <span class='ocrx_word' id='word_1_694' title='bbox 2591 5441 2757 5502; x_wconf 85' lang='lat' dir='ltr'><strong>supra</strong></span> <span class='ocrx_word' id='word_1_695' title='bbox 2814 5432 3037 5500; x_wconf 85' lang='lat' dir='ltr'><strong>copiose</strong></span> <span class='ocrx_word' id='word_1_696' title='bbox 3064 5435 3300 5501; x_wconf 80' lang='lat' dir='ltr'><strong>dictum,</strong></span> <span class='ocrx_word' id='word_1_697' title='bbox 3357 5450 3484 5506; x_wconf 78' lang='lat' dir='ltr'><strong>cap.</strong></span> <span class='ocrx_word' id='word_1_698' title='bbox 3548 5438 3669 5501; x_wconf 73' lang='grc'><strong>186.</strong></span> 
     </span>
    </p>
   </div>
   <div class='ocr_carea' id='block_1_117' title="bbox 2094 5510 3673 5598">
    <p class='ocr_par' dir='ltr' id='par_1_117' title="bbox 2094 5510 3673 5598">
     <span class='ocr_line' id='line_1_117' title="bbox 2094 5510 3673 5598; baseline 0.012 -33"><span class='ocrx_word' id='word_1_699' title='bbox 2094 5510 2161 5565; x_wconf 87' lang='lat' dir='ltr'><strong>de</strong></span> <span class='ocrx_word' id='word_1_700' title='bbox 2187 5514 2419 5571; x_wconf 63' lang='lat' dir='ltr'><strong>timat&#39;iis</strong></span> <span class='ocrx_word' id='word_1_701' title='bbox 2446 5525 2500 5569; x_wconf 91' lang='lat' dir='ltr'><strong>ct</strong></span> <span class='ocrx_word' id='word_1_702' title='bbox 2521 5518 2831 5583; x_wconf 79' lang='lat' dir='ltr'><strong>timariotis.</strong></span> <span class='ocrx_word' id='word_1_703' title='bbox 2858 5527 2972 5577; x_wconf 87' lang='lat' dir='ltr'><strong>sive</strong></span> <span class='ocrx_word' id='word_1_704' title='bbox 2997 5529 3365 5588; x_wconf 74' lang='lat' dir='ltr'><strong>ttinaratis.E.t</strong></span> <span class='ocrx_word' id='word_1_705' title='bbox 3390 5529 3673 5598; x_wconf 70' lang='lat' dir='ltr'><strong>Einiuige-</strong></span> 
     </span>
    </p>
   </div>
   <div class='ocr_carea' id='block_1_118' title="bbox 2095 5606 3668 5689">
    <p class='ocr_par' dir='ltr' id='par_1_118' title="bbox 2095 5606 3668 5689">
     <span class='ocr_line' id='line_1_118' title="bbox 2095 5606 3668 5689; baseline 0.012 -33"><span class='ocrx_word' id='word_1_706' title='bbox 2095 5606 2355 5659; x_wconf 86' lang='lat' dir='ltr'><strong>neraliter</strong></span> <span class='ocrx_word' id='word_1_707' title='bbox 2376 5606 2581 5678; x_wconf 82' lang='lat' dir='ltr'><strong>alioqui</strong></span> <span class='ocrx_word' id='word_1_708' title='bbox 2616 5610 2894 5677; x_wconf 75' lang='lat' dir='ltr'><strong>signiﬁcat</strong></span> <span class='ocrx_word' id='word_1_709' title='bbox 2924 5630 3070 5679; x_wconf 89' lang='lat' dir='ltr'><strong>cntu,</strong></span> <span class='ocrx_word' id='word_1_710' title='bbox 3106 5620 3203 5689; x_wconf 70' lang='lat' dir='ltr'><strong>qui</strong></span> <span class='ocrx_word' id='word_1_711' title='bbox 3233 5630 3526 5688; x_wconf 80' lang='lat' dir='ltr'><strong>proventus</strong></span> <span class='ocrx_word' id='word_1_712' title='bbox 3555 5625 3668 5681; x_wconf 73' lang='lat' dir='ltr'><strong>sive</strong></span> 
     </span>
    </p>
   </div>
   <div class='ocr_carea' id='block_1_119' title="bbox 2092 5692 3297 5768">
    <p class='ocr_par' dir='ltr' id='par_1_119' title="bbox 2092 5692 3297 5768">
     <span class='ocr_line' id='line_1_119' title="bbox 2092 5692 3297 5768; baseline 0.014 -24"><span class='ocrx_word' id='word_1_713' title='bbox 2092 5692 2304 5746; x_wconf 83' lang='lat' dir='ltr'><strong>reditus</strong></span> <span class='ocrx_word' id='word_1_714' title='bbox 2365 5694 2579 5764; x_wconf 87' lang='lat' dir='ltr'><strong>aliquos</strong></span> <span class='ocrx_word' id='word_1_715' title='bbox 2608 5701 2802 5768; x_wconf 87' lang='lat' dir='ltr'><strong>recipit</strong></span> <span class='ocrx_word' id='word_1_716' title='bbox 2834 5715 2888 5756; x_wconf 92' lang='lat' dir='ltr'><strong>et</strong></span> <span class='ocrx_word' id='word_1_717' title='bbox 2925 5703 3297 5762; x_wconf 85' lang='lat' dir='ltr'><strong>administrat.</strong></span> 
     </span>
    </p>
   </div>
   <div class='ocr_carea' id='block_1_120' title="bbox 2168 5786 3651 5867">
    <p class='ocr_par' dir='ltr' id='par_1_120' title="bbox 2168 5786 3651 5867">
     <span class='ocr_line' id='line_1_120' title="bbox 2168 5786 3651 5867; baseline 0.013 -30"><span class='ocrx_word' id='word_1_718' title='bbox 2168 5786 2327 5839; x_wconf 78' lang='lat' dir='ltr'><strong>Kiliat</strong></span> <span class='ocrx_word' id='word_1_719' title='bbox 2359 5786 2557 5854; x_wconf 83' lang='lat' dir='ltr'><strong>Eniini,</strong></span> <span class='ocrx_word' id='word_1_720' title='bbox 2586 5793 3051 5860; x_wconf 86' lang='lat' dir='ltr'><strong>superiutcndcns</strong></span> <span class='ocrx_word' id='word_1_721' title='bbox 3106 5801 3463 5867; x_wconf 75' lang='lat' dir='ltr'><strong>cancellarize,</strong></span> <span class='ocrx_word' id='word_1_722' title='bbox 3492 5802 3651 5857; x_wconf 90' lang='lat' dir='ltr'><strong>veluti</strong></span> 
     </span>
    </p>
   </div>
  </div>
