4228 6298
465 335 565 403 901

1621 344 2017 404 PANDECTE
2060 343 2264 406 IIIST.
2294 343 2596 407 TURClC.

3615 352 3721 416 902

463 460 682 508 taxalor
710 452 1018 524 quispiam,
1041 463 1233 514 nostro
1278 472 1463 514 more:
1498 462 1590 529 qui
1650 462 1854 530 regalia
1907 476 2035 515 can-
2074 473 2116 526 Α
2148 463 2421 522 heremus.
2442 470 2498 517 et
2532 461 2771 533 aliquem
2809 478 2838 518 e
2860 465 3066 520 noSIris
3096 466 3288 522 eodem
3315 468 3720 541 ablegarcmus,

460 544 728 609 cellaria.
792 562 912 615 qua:
966 560 1188 612 vocant,
1246 550 1451 621 exigit,
1502 566 1804 623 eorumque
1846 567 2034 606 curam

460 637 828 695 necessariam
870 638 1033 706 gerit.
1065 638 1175 694 iioc
1230 640 1472 697 oliiciuut
1502 643 1809 712 comparari
1863 645 2037 713 pretio

458 725 668 790 decem,
721 727 804 782 vel
857 727 1022 786 etiam
1074 730 1388 802 quindecim
1439 734 1669 789 millium
1708 736 2034 790 tlucatorum

461 815 715 888 singulos
766 817 824 874 in
856 833 1050 888 annos,
1084 825 1257 880 solut:
1306 838 1422 895 quo
1477 827 1642 894 potiri
1699 827 1791 897 qui
1829 835 2031 897 potest,

463 910 730 969 maximas
762 927 895 984 opes
917 914 1148 985 colligit.

528 1001 770 1061 Tersaue
835 1006 1044 1073 limini,
1092 1011 1551 1080 superintendcns
1607 1010 1884 1066 Arsenalis
1914 1052 1928 1078 ,
1976 1010 2029 1066 id

454 1104 559 1157 est,
592 1095 687 1166 qui
720 1098 949 1167 νεωρίου
988 1103 1290 1172 φροντιστής
1318 1111 1424 1168 est,
1455 1103 1571 1159 sive
1604 1104 1931 1174 προνοητής,
1973 1112 2035 1168 ul

453 1183 630 1244 εει-ωσι
658 1184 872 1251 dicunt,
905 1188 1022 1247 sive
1050 1187 1142 1262 qui
1187 1191 1398 1248 navalis
1437 1205 1626 1252 curam
1656 1192 1820 1261 gerit.

528 1273 668 1330 Sunt
699 1276 805 1332 alia
831 1293 1051 1349 quoque
1074 1290 1184 1334 tam
1216 1281 1413 1344 cilicia,
1449 1296 1612 1350 quam
1657 1282 1915 1337 oliiciales
1933 1280 2034 1337 Os-

458 1365 685 1424 manimc
705 1365 905 1436 Portus,
936 1371 1211 1424 minorum
1232 1379 1415 1426 tamen
1447 1374 1526 1434 illi
1553 1373 1722 1444 (quod
1740 1373 1848 1432 dici
1869 1374 2034 1445 solet)

456 1457 707 1527 gentium
728 1476 752 1529 ς,
782 1468 840 1516 et
889 1475 954 1518 eo
1002 1462 1227 1531 quidem
1254 1461 1424 1536 ω
1483 1479 1731 1530 numero,
1769 1469 1943 1537 magis
1976 1478 2036 1525 ut

459 1549 718 1605 idoneum
751 1549 933 1606 locum
966 1552 1073 1612 sibi
1097 1566 1350 1623 poscant,
1387 1555 1477 1618 ubi
1511 1557 1728 1626 plenius
1757 1560 2036 1628 explicen-

458 1648 570 1706 tur.
597 1641 811 1698 interea
855 1659 1013 1715 vero,
1064 1647 1192 1703 dum
1254 1647 1617 1708 luculentiora
1674 1665 1949 1720 paramus,
1980 1659 2034 1706 et

454 1733 678 1806 quidem
729 1734 930 1791 horum
960 1737 1321 1798 collationunt
1346 1753 1473 1797 cum
1498 1741 1688 1811 palatii
1721 1753 1778 1800 et
1810 1743 2026 1813 imperii

460 1824 634 1885 (ἴωςθὶ
692 1827 1092 1902 dignitatibus,
1146 1831 1263 1889 hac
1316 1805 1569 1892 benevoli
1610 1835 1849 1892 lectores
1887 1805 2032 1906 atqui
2059 1805 2108 1876 Β

456 1915 700 1990 bonique.
733 1917 960 1984 faciant.

453 2052 584 2138 229'.
616 2053 832 2136 Primus
857 2056 1046 2142 Qenisi
1069 2057 1407 2144 beqierbegtts
1423 2062 2030 2186 Δὗιιειεη.(ῙΙιαξναᾴξιιεεβ

527 2123 825 2186 baugtacus
851 2127 1134 2186 Gallinam
1155 2147 1176 2184 :
1193 2132 1390 2185 auitam
1483 2145 1653 2186 aratis
1678 2135 1838 2186 liuius
1876 2147 2030 2186 nuti-

527 2123 825 2202 Saugiacus
851 2123 1176 2202 Gallipoiis‘:
1193 2123 1392 2202 saltim:
1423 2123 1653 2187 Herulis
1678 2135 1838 2202 hujus
1857 2123 2032 2199 ‘iusti;

528 2196 604 2272 tia
621 2210 640 2269 ,j
669 2200 970 2272 agatur/,5,
995 2200 1326 2272 sipeprqupr
1355 2196 1826 2272 Calliopoliluuus,
1856 2196 1910 2258 et
1933 2206 2035 2258 δω-

522 2263 866 2334 δεκὰνήςουξ
900 2263 1385 2336 ϐἐάτίηἱίσοιὲεοια
1414 2263 1606 2331 versio.

531 2375 752 2435 Solebat
785 2389 910 2438 ante
933 2381 1030 2438 illa
1063 2393 1312 2454 tempora
1343 2386 1541 2444 classis
1568 2387 1865 2443 sultauina:
1901 2402 2034 2460 prm-

456 2465 636 2527 fectus
664 2486 791 2527 csso
811 2474 1082 2530 maximus
1109 2485 1168 2536 et
1195 2475 1509 2536 ordinarius
1548 2480 1615 2543 is,
1643 2480 1739 2548 qui
1760 2480 2034 2549 Calliopa-

456 2558 524 2613 iis
552 2561 845 2632 sangiacns
884 2571 1025 2622 crat.
1059 2564 1175 2623 Hoc
1220 2582 1287 2635 ex
1320 2565 1549 2630 Laonici
1589 2585 1810 2646 quoque
1862 2570 2033 2638 pluri-

459 2649 563 2723 bus
599 2651 742 2713 locis
777 2654 830 2706 in
860 2655 1082 2730 cingere
1111 2656 1260 2725 licet,
1299 2658 1375 2726 uti
1427 2675 1553 2716 cum
1605 2661 1660 2724 in
1694 2661 2036 2722 Mucbemcte

459 2743 865 2814 [intentionem
925 2747 1054 2804 facit
1100 2747 1332 2810 Jonuzis
1386 2751 1628 2824 prtefecti
1688 2754 2033 2823 (sangiacum

455 2833 873 2907 interpretatur)
900 2837 1248 2911 CalliOpoiis,
1296 2843 1539 2913 iteratque
1570 2841 1779 2914 Zogani
1837 2845 2034 2914 praefe-

455 2925 532 2983 cti
565 2926 907 3002 Calliopolis,
941 2940 997 2988 ct
1022 2941 1212 3006 postea
1242 2941 1428 2992 tamen
1457 2936 1621 3007 regia:
1678 2937 1880 2996 classis
1921 2938 2030 2994 int-

456 3029 765 3092 peratoretu
793 3023 925 3085 facit
947 3025 1200 3081 eumdem
1229 3039 1355 3084 cum
1370 3027 1632 3097 przefecto
1656 3027 2032 3100 Calliopolita-

456 3124 547 3164 uo.
583 3109 740 3167 Nunc
771 3113 938 3168 etiam
984 3114 1337 3185 sangiacatus
1395 3123 1482 3176 est
1534 3115 1878 3188 Calliopolis,
1932 3117 2106 3214 sedc

452 3203 622 3258 maris
677 3203 796 3260 sive
831 3203 1020 3262 Denisi
1080 3208 1432 3280 beglerbego,
1500 3219 1762 3281 tanquam
1809 3212 2032 3285 majori,

452 3293 748 3351 subditus:
803 3305 860 3352 et
910 3297 1116 3356 ibidem
1175 3299 1341 3370 hujus
1372 3303 1685 3376 δίκαιοι-1»εεί
1734 3305 1894 3363 sedes
1948 3315 2040 3363 est

449 3387 750 3455 ordinaria,
783 3402 949 3461 quam
1002 3392 1366 3450 residentiam
1415 3397 1576 3467 vulgo
1631 3409 1856 3456 vocant.
1907 3399 2037 3457 Fuit

450 3483 619 3556 igitur
646 3496 676 3537 a
698 3481 1017 3542 Soleimane
1045 3500 1184 3542 nova
1237 3498 1457 3559 reperta
1490 3491 1754 3562 dignitas,
1779 3503 1838 3546 ut
1861 3495 2034 3550 maris

448 3584 653 3648 praetor
681 3591 789 3634 non
825 3579 1067 3649 amplius
1095 3590 1245 3642 esset
1269 3583 1588 3652 sangiacus,
1625 3584 1728 3640 sed
1753 3586 2034 3655 beglerbeo

448 3683 571 3740 qus.
604 3667 742 3726 lluic
762 3670 944 3729 ofﬁcio
979 3682 1111 3728 tunc
1139 3673 1526 3732 Cbairadinetn
1568 3691 1693 3732 cum
1728 3678 1888 3734 titulo
1936 3692 2032 3733 ve-

446 3762 579 3820 ziris
618 3761 899 3831 praefecit:
953 3765 1034 3819 uti
1064 3777 1212 3825 nunc
1273 3765 1546 3822 Ulutsalis
1581 3780 1808 3837 quoque
1857 3768 2029 3825 maris

447 3862 536 3911 est
572 3852 954 3926 beglerbegus,
985 3864 1043 3911 et
1097 3858 1245 3915 vcsir
1304 3859 1487 3914 bassa.
1547 3859 1786 3914 Prii-erat
1850 3860 2029 3931 ipsius

451 3944 674 4003 nomine
723 3945 1036 4020 Calliopoli,
1091 3962 1218 4003 cum
1285 3948 1414 4004 istic
1475 3965 1608 4014 uno,
1643 3952 1764 4019 plus
1818 3952 2026 4020 minus,

451 4050 638 4090 mense
679 4051 776 4092 nos
825 4037 1184 4103 haeremus,
1242 4039 1490 4100 Subassa
1528 4044 1755 4112 quidam
1804 4045 2029 4100 natione

451 4125 778 4193 Genuensis,
804 4129 884 4182 vir
910 4129 1202 4198 humanus,
1220 4132 1441 4200 etquod
1465 4132 1520 4190 in
1544 4140 1788 4201 apostata
1811 4135 2028 4200 mirere,

453 4219 613 4272 nobis
649 4219 703 4287 in
733 4232 900 4274 causa
926 4221 1163 4290 quadam
1215 4230 1406 4276 nostra
1455 4236 1720 4292 perquam
1772 4224 2029 4282 addictus

450 4319 506 4367 et
550 4310 730 4368 utilis.
789 4311 1002 4382 Quippe
1061 4321 1285 4373 mortuo
1345 4313 1418 4370 ad
1461 4313 1837 4385 Calliopoiim,
1876 4327 1938 4370 ut
1968 4317 2025 4372 in

453 4404 848 4476 Supplementa
887 4406 1164 4467 annalium
1199 4411 1574 4474 narravimus,
1605 4407 1837 4468 Henrico
1865 4412 2028 4467 baro-

2139 550 2227 604 cui
2258 555 2600 608 veredarium
2636 555 2776 608 ultro
2809 571 2868 611 se
2891 558 3291 627 adjuncturum
3328 561 3717 630 pollicebatur.

2139 644 2210 697 ita
2249 658 2306 698 re
2339 642 2818 716 Constantinopoli
2863 651 3083 720 cognita
3111 662 3161 707 et
3203 652 3271 707 ad
3311 654 3575 711 Divanum
3617 659 3716 714 tie-

2139 734 2281 801 lata,
2349 737 2639 792 confestim
2706 741 2913 796 sultani
2984 742 3215 800 Muralis
3280 746 3442 814 jussu
3515 750 3718 805 missus

2138 828 2383 883 tzausius
2423 831 2642 899 quidam
2711 832 2976 897 Murates,
3028 838 3252 893 natione
3281 838 3590 908 Circassus,
3619 846 3715 914 qui

2138 933 2246 973 non
2269 920 2446 976 solum
2474 922 2577 979 hac
2616 924 2711 980 lite
2764 941 2867 982 nos
2895 927 3153 984 liberaret
3178 931 3486 1004 Calliopoli,
3514 950 3708 990 verum

2139 1013 2302 1065 etiam
2358 1024 2514 1068 extra
2565 1016 2944 1085 Dardancllos,
2993 1022 3430 1094 aCalliopoiiQ‘I
3472 1026 3717 1082 milliari-

2139 1102 2240 1157 bus
2273 1104 2480 1161 Graecis
2506 1106 2732 1163 dissitas
2765 1124 2946 1175 arces,
3006 1112 3099 1167 ubi
3135 1129 3301 1170 naves
3335 1116 3576 1186 perqttiri
3627 1134 3719 1174 so-
3788 1099 3796 1108 ’

2137 1196 2272 1261 ient,
2321 1213 2390 1252 ne
2446 1203 2720 1270 mancipia
2779 1205 3029 1258 vetitaeve
3068 1222 3278 1262 merces
3339 1219 3714 1278 exponentur,

2136 1289 2452 1346 deduceret.
2479 1292 2652 1347 Simul
2677 1296 2907 1350 remissa
2929 1297 3092 1363 cadli,
3127 1299 3290 1354 nobis
3316 1301 3526 1370 injurii,
3555 1317 3712 1370 pinna

2138 1377 2240 1433 fuit
2287 1382 2580 1436 arbitrium
2634 1386 2871 1440 oratoris
2930 1388 3199 1452 Cmsarei,
3273 1392 3426 1446 Pauli
3489 1394 3714 1451 baronis

2137 1470 2466 1542 Eitzingani,
2502 1475 2922 1548 collautlataquc
2954 1481 3200 1536 subassa:
3243 1486 3560 1553 prudentia,
3615 1491 3709 1559 qui

2138 1577 2237 1630 pro
2272 1564 2430 1619 nobis
2459 1563 2729 1623 adversus
2751 1570 2969 1626 cadium
3009 1575 3276 1631 stetisset.
3311 1579 3540 1634 Missum
3573 1596 3711 1651 quo-

2136 1667 2244 1720 que
2272 1652 2513 1722 diploma
2541 1672 2739 1711 novum
2779 1661 2912 1722 salvi
2942 1675 3306 1727 commeatus.
3349 1670 3518 1738 priori
3550 1672 3715 1743 longe

2137 1745 2420 1800 severius:
2470 1761 2580 1815 quo
2632 1748 3014 1818 interdicebat,
3064 1770 3135 1810 ne
3173 1773 3278 1825 qua
3320 1760 3476 1818 nobis
3515 1778 3544 1816 a
3579 1778 3715 1832 quu-

2134 1851 2297 1903 quam
2328 1851 2558 1892 suomm
2588 1841 2945 1900 exhiberetur
2978 1847 3269 1904 molestia:
3301 1852 3398 1905 sed
3438 1866 3496 1906 ttt
3527 1857 3713 1910 omni-

2137 1927 2234 1981 bus
2268 1929 2435 1984 rebus
2459 1946 2562 1988 nos
2592 1937 2779 2002 potius
2806 1951 2996 1994 omnes
3024 1939 3207 1997 ubivis
3240 1940 3492 2000 locorum
3519 1946 3576 2015 in
3613 1949 3715 2004 im-

2136 2021 2288 2087 perio
2316 2037 2420 2076 suo
2446 2023 2726 2094 jnvarent.
2764 2024 3036 2087 Tzausius
3093 2035 3211 2103 ipse
3250 2050 3376 2090 cum
3405 2039 3628 2096 sultano
3656 2055 3716 2097 se

2133 2106 2377 2166 locutum
2413 2124 2469 2169 et
2500 2116 2725 2174 audisse
2758 2120 3032 2178 referebat
3095 2139 3160 2180 ex
3221 2128 3395 2199 ipsius
3441 2146 3560 2197 ore,
3587 2147 3714 2203 cum

2133 2199 2364 2268 diceret,
2395 2206 2549 2261 nullo
2575 2212 2738 2264 modo
2766 2226 2828 2266 se
2877 2215 3306 2290 permissurum,
3343 2230 3403 2275 ut
3461 2223 3569 2278 ulla
3631 2199 3714 2295 re,

2133 2294 2218 2347 vel
2251 2296 2502 2363 minima,
2540 2310 2714 2371 pactae
2759 2318 2883 2356 cum
2913 2306 3244 2374 imperatore
3271 2294 3714 2380 Christianorum

2133 2388 2371 2445 inducis:
2401 2394 2758 2452 violarentur.
2793 2395 3026 2468 ideoque
3051 2413 3175 2455 cum
3217 2401 3518 2474 aliquando
3550 2408 3716 2474 nobis

2145 2477 2407 2538 Hebraeus
2456 2484 2678 2554 quidam
2722 2487 3046 2557 publicanus
3084 2493 3103 2562 (
3138 2503 3267 2563 sunt
3308 2497 3454 2551 enini
3514 2498 3568 2553 in
3604 2498 3715 2555 lle-

2133 2569 2404 2627 braorum
2445 2576 2697 2632 manibus
2727 2580 2912 2634 omnia
2952 2595 3048 2650 per
3076 2582 3367 2653 imperium
3412 2586 3715 2650 Turcicunt

2134 2661 2495 2734 telonia.quaz
2511 2669 2747 2723 nummis
2776 2684 2804 2722 a
2830 2673 3047 2728 suitano
3080 2675 3402 2748 redimunt),
3431 2680 3549 2750 ipso
3577 2699 3717 2753 pra:-

2134 2765 2313 2825 santo,
2345 2761 2532 2814 nescio
2576 2761 2705 2829 quid
2755 2764 3020 2822 molestia:
3064 2768 3336 2838 navicula,
3379 2787 3487 2842 qua
3547 2775 3715 2830 vehe-

2144 2847 2340 2902 bamur
2369 2848 2438 2902 ad
2485 2864 2666 2904 arcem
2697 2852 3018 2921 Asiaticum,
3053 2859 3418 2930 perquirenda
3453 2865 3718 2925 exhibere

2135 2936 2319 3000 vellet,
2354 2938 2406 2992 ei
2446 2945 2596 2993 tanta
2628 2940 2678 2994 vi
2713 2941 3076 3012 pusdiganum
3101 2945 3216 3001 sive
3238 2948 3446 3004 clavam
3476 2949 3722 3026 ferream

2135 3028 2188 3083 in
2215 3039 2380 3098 caput
2412 3030 2663 3101 impegit,
2695 3040 2753 3084 ιιι
2782 3034 2937 3103 quasi
2991 3045 3246 3095 mortuus
3277 3039 3430 3096 humi
3480 3045 3717 3101 collabcd

2137 3129 2311 3184 retur.
2351 3128 2406 3176 et
2440 3123 2805 3179 moribundus
2839 3138 2869 3179 a
2902 3127 3020 3181 suis
3051 3126 3275 3184 domum
3303 3132 3716 3201 deportaretur.

2143 3212 2251 3269 Sed
2278 3214 2424 3267 enim
2453 3213 2519 3270 ad
2547 3229 2662 3269 rem
2686 3225 2745 3268 ut
2768 3218 3082 3284 redeamus,
3111 3219 3215 3276 hoc
3245 3224 3492 3295 sangiaci
3513 3227 3719 3284 Callia:

2142 3302 2373 3372 politani
2413 3302 2650 3360 ollicium
2677 3316 2930 3376 praetura
2962 3311 3254 3366 maritima:
3291 3310 3458 3370 τι]τεί
3499 3331 3529 3370 a
3560 3315 3714 3374 Grati-

2135 3394 2221 3449 eis
2245 3404 2602 3464 acceperunt,
2629 3411 2774 3469 quos
2817 3397 2932 3468 jam
2971 3403 3137 3458 toties
3164 3402 3410 3462 diximus
3439 3422 3536 3464 eos
3571 3415 3713 3466 mul-

2135 3488 2204 3542 tis
2241 3488 2293 3540 in
2319 3486 2485 3543 rebus
2535 3490 2846 3546 tetnuiatos.
2886 3491 3045 3562 Apud
3075 3492 3379 3552 Cedrinutn
3411 3498 3708 3571 aliquoties

2134 3576 2202 3641 is,
2229 3578 2326 3645 qui
2353 3579 2628 3646 σρατηγός
2667 3578 2785 3633 sive
2809 3587 3014 3650 praetor
3064 3581 3518 3653 Cailiopolitanus
3570 3597 3716 3654 erat,

2181 3654 2204 3680 ς
2357 3670 2383 3680 ι.
3311 3677 3321 3689 ι
3583 3681 3593 3692 .

2132 3678 2298 3724 etiam
2323 3685 2422 3736 της
2443 3667 2824 3739 δωδεκανήσου
2857 3681 3153 3741 praeturam
3175 3689 3421 3745 gessisse
3453 3679 3715 3747 traditur,

2131 3774 2240 3829 quo
2269 3760 2536 3815 vocabulo
2573 3775 2684 3814 non
2716 3769 2825 3815 tam
2851 3763 3141 3821 duodecim
3179 3766 3518 3835 insularum,
3544 3786 3712 3842 quam

2131 3851 2301 3906 maris
2363 3853 2654 3921 imperium
2727 3855 3100 3924 signiﬁcatur.
3155 3857 3371 3915 Etenim
3438 3862 3714 3935 hodieque

2131 3945 2484 4015 sangiacatus
2520 3947 2824 4001 insularum
2869 3947 3163 4020 Mitylenis,
3203 3951 3348 4020 Chii,
3415 3954 3574 4020 Naxi,
3610 3956 3715 4013 Ne.

2130 4035 2388 4104 groponti
2424 4036 2505 4090 vel
2532 4034 2772 4104 Euhtrze,
2805 4037 3008 4108 Rhodi,
3040 4039 3308 4097 Leucadis
3337 4045 3451 4099 sive
3478 4046 3534 4101 8.
3560 4046 3714 4100 Mau-

2132 4143 2233 4192 ras,
2269 4143 2397 4184 cum
2430 4129 2575 4195 aliis,
2608 4130 2678 4184 ad
2731 4131 3024 4200 imperium
3080 4135 3222 4205 ejus,
3256 4137 3350 4206 qui
3395 4139 3566 4194 maris
3625 4153 3721 4209 est

2130 4219 2520 4290 beglerbegus,
2553 4221 2850 4288 pertinent.
2889 4221 3104 4277 Alicubi
3153 4222 3450 4296 Xylander,
3489 4237 3714 4284 caetero-

2129 4309 2224 4379 qui
2257 4309 2456 4368 doctus
2483 4312 2569 4365 vlr
2599 4319 2655 4366 et
2692 4309 2896 4367 Grates:
2941 4327 3206 4382 perquam
3273 4315 3505 4384 peritus,
3565 4320 3711 4388 apud

2130 4400 2432 4458 Cedrinum
2464 4402 2676 4456 insulas
2692 4402 3030 4459 Dodecanesi
3051 4413 3291 4471 vertens,
3318 4407 3392 4460 ita
3419 4407 3710 4468 duodecim

450 4498 612 4557 “ede
651 4497 1014 4556 Licmcsmin.
1074 4497 1280 4556 Cadius
1324 4500 1443 4555 είνο
1493 4499 1815 4557 potamus
1875 4505 2024 4559 ιιι-ωε
2058 4519 2102 4576 Β
2133 4491 2442 4547 insularum
2491 4494 2770 4549 civitatem
2832 4495 3019 4548 vocari
3053 4495 3260 4564 adjicit,
3290 4511 3482 4554 errore
3537 4504 3711 4554 mani-

449 4590 899 4660 Calliopolitaure,
933 4591 1156 4649 relictas
1190 4593 1260 4649 ab
1290 4607 1359 4649 oo
1389 4607 1499 4657 res,
1527 4594 1698 4648 voluti
1729 4594 1870 4648 bona
1925 4610 2024 4649 ca-

451 4681 618 4742 duca.
643 4692 700 4736 ct
738 4681 806 4736 ad
839 4697 917 4741 se.
938 4681 1033 4752 qui
1075 4683 1429 4743 cadiiicatum
1463 4699 1497 4738 a
1517 4686 1740 4740 auitam
1767 4689 2022 4756 pecunia,

453 4788 550 4842 pro
581 4788 733 4831 more
775 4773 1007 4830 Turcico
1036 4776 1390 4842 redemisset,
1429 4776 1690 4833 devoluta
1748 4780 2026 4850 repetebat

450 4882 481 4920 a
517 4869 695 4934 nobis,
752 4877 804 4923 et
836 4869 1020 4924 animo
1045 4868 1159 4939 jam
1208 4870 1516 4926 devorarat.
1555 4869 1667 4928 Nos
1721 4882 1904 4929 autem
1957 4872 2029 4928 ab

450 4961 572 5027 ipso
598 4959 670 5014 ad
696 4961 987 5016 sultassam
1015 4961 1393 5030 appellantes,
1427 4961 1600 5018 fuisse
1640 4962 1899 5018 baronem
1927 4964 2028 5019 do-

450 5053 695 5111 functum
726 5050 961 5108 Cwsaris
1002 5051 1267 5120 legatum,
1300 5055 1549 5124 adeoque
1600 5069 1892 5124 personam
1927 5070 2028 5126 pu-

451 5144 672 5207 blicam,
701 5143 1138 5212 replicabatnus;
1166 5144 1328 5213 cujus
1362 5143 1506 5200 bona
1529 5159 1630 5200 nec
1672 5160 1769 5216 pro
1799 5147 2026 5204 caducis

452 5234 664 5300 haberi,
691 5248 792 5288 nec
816 5233 1082 5302 applicari
1103 5234 1256 5296 fisco,
1286 5233 1391 5288 nisi
1417 5232 1757 5303 violatojure
1777 5237 2025 5306 gentium

454 5336 698 5395 possent.
722 5324 857 5379 Cum
891 5340 1091 5386 avarus
1117 5325 1324 5380 Cadius
1356 5340 1386 5381 a
1423 5329 1700 5381 sententia
1724 5344 1796 5382 ne
1825 5328 2026 5383 litteris

450 5419 670 5484 quidem
719 5417 1087 5486 amplissimis
1118 5417 1256 5477 salvi
1291 5429 1634 5475 commeatus
1685 5420 1918 5490 prolatis
1972 5430 2029 5475 et

453 5510 745 5579 inspectis,
793 5510 1060 5569 dimoveri
1113 5510 1317 5566 vellet:
1383 5511 1640 5576 subassa,
1680 5513 2025 5582 compellatis

451 5605 611 5660 nobis
640 5603 828 5660 italico
858 5604 1067 5674 lingua,
1105 5614 1376 5673 prasente
1409 5606 1567 5660 radio
1614 5619 1738 5659 cum
1770 5619 2027 5662 assesso-

454 5700 604 5755 ribus
627 5699 762 5764 suis,
799 5698 848 5751 id
875 5697 1097 5753 consilii
1146 5697 1334 5762 dabat,
1380 5705 1442 5752 ut
1488 5697 2023 5767 Constantinopolim

457 5789 524 5843 at!
555 5802 822 5845 oratorem
857 5789 1093 5843 hirsutis
1145 5789 1319 5845 nostri
1370 5803 1483 5842 rem
1521 5803 1737 5845 omnem
1779 5789 2025 5858 perscri-

2141 4585 2303 4642 festo.
2367 4586 2504 4653 Quis
2555 4588 2701 4641 enim
2755 4587 2963 4641 audivit
3001 4603 3239 4658 unquant
3290 4588 3349 4643 in
3380 4588 3570 4660 Egmo
3628 4593 3712 4646 vel

2137 4679 2544 4750 Archipelago,
2640 4679 2806 4733 siculi
2905 4695 3052 4733 nunc
3133 4688 3335 4749 vocat,
3428 4683 3708 4737 civitatem

2133 4768 2439 4823 insularum
2475 4769 2807 4824 duodecim?
2839 4768 3019 4824 Locus
3048 4779 3132 4826 est
3165 4772 3218 4826 in
3249 4773 3367 4844 cjus
3410 4772 3709 4845 Nicephori

2127 4860 2260 4925 vita,
2286 4861 2381 4929 qui
2417 4859 2677 4914 feminam
2716 4869 3048 4928 protervam,
3075 4873 3132 4917 et
3165 4862 3474 4934 nimiopere
3511 4865 3708 4920 crude-

2127 4955 2234 5011 lem
2267 4957 2321 5011 in
2349 4956 2777 5010 Constantinum
2804 4955 2998 5020 filium,
3036 4957 3126 5011 cui
3163 4959 3357 5014 oculos
3387 4961 3554 5022 eruit,
3591 4958 3706 5014 Ire-

2129 5064 2234 5103 nen
2261 5048 2494 5118 imperio
2527 5047 2745 5117 dejecit.
2784 5046 3110 5104 liabitautcs
3163 5051 3217 5102 itt
3273 5051 3562 5105 duodecim
3619 5051 3705 5105 in.

2128 5141 2288 5202 sulis,
2316 5142 2506 5194 dicere
2527 5139 2717 5193 debttit
2743 5140 3044 5208 interpres.
3063 5140 3407 5210 Etintelligit
3435 5142 3708 5199 Cedrinus

2129 5231 2344 5287 insulas
2405 5240 2562 5285 extra
2598 5229 2957 5285 Dardanellos
3004 5230 3089 5285 vel
3121 5247 3279 5287 arces
3343 5230 3703 5302 Hellesponti,

2129 5323 2216 5376 vel
2235 5332 2387 5376 extra
2409 5322 2628 5376 Sestum
2658 5333 2713 5374 et
2741 5320 3013 5391 Abydum,
3044 5323 3101 5375 in
3133 5321 3322 5394 Egeo
3362 5324 3506 5377 mari
3530 5324 3702 5378 sitas:

2129 5431 2363 5485 quarum
2397 5416 2532 5478 lucc,
2568 5416 2614 5468 si
2651 5417 2912 5482 requiris,
2951 5416 3148 5468 habeto
3201 5415 3466 5470 nomina:
3509 5417 3654 5470 sicut
3675 5432 3703 5467 ιι

2134 5507 2341 5562 Graecis
2377 5508 2505 5560 olim
2541 5506 2722 5559 vocari
2748 5507 3022 5571 solebant,
3056 5515 3110 5560 et
3144 5518 3288 5560 nunc
3319 5506 3540 5573 iisdem,
3568 5521 3707 5561 nau-

2131 5608 2430 5669 tarumque
2458 5606 2641 5667 vulgo,
2674 5607 2730 5652 ct
2753 5597 2963 5653 Latinis
2998 5599 3385 5653 enuntiantur.

2204 5691 2279 5743 Ex
2340 5689 2694 5757 llcllesponto
2732 5689 2800 5742 ad
2862 5688 3136 5750 dextram,
3193 5703 3388 5746 versus
3442 5701 3702 5743 occasum

2132 5779 2294 5853 495
2319 5781 2454 5837 solis
2480 5778 2892 5847 navigantibus,
2929 5786 3266 5832 occurrunt:
