4230 6280
520 268 637 333 903

1740 245 2062 309 JOANNIS
2102 240 2559 304 LEUNCLAVII

3661 220 3764 287 904

592 386 645 439 1.
676 382 913 451 Λῆμνος,
948 375 1083 445 Στὴν
1125 371 1362 440 Λῆμνον,
1386 368 1563 422 nautis
1592 365 1905 419 Stalitnnes.
1945 360 2090 413 Lutu-
2126 366 2171 422 Λ
2203 363 2262 431 εἰ

2126 366 2171 422 Λ
2203 363 2293 431 git.
2324 361 2435 414 lluc
2478 364 2690 415 initium
2739 361 2862 415 belli
2917 356 3041 419 fuit,
3094 354 3235 407 inter
3287 349 3649 403 Soleimanem
3713 355 3764 400 et

528 492 631 530 nus
664 481 809 526 terra
853 464 1085 536 sigillata
1149 461 1368 513 nobilis.

593 566 649 619 2.
676 561 901 621 essm,
934 557 1303 624 Negroponto,
1343 550 1569 603 Ettbma.

595 659 650 712 3.
677 652 874 718 Νάξος,
910 649 1100 710 Noxia,
1137 645 1316 707 Nixia,
1378 640 1581 694 Naxus.

594 747 645 800 ι.
678 747 884 812 Πάρος,
916 740 1075 803 νηί-«ι,
1114 736 1303 789 Parus.

597 842 646 894 5.
680 838 881 907 Μῆλος,
917 832 1063 891 Milo,
1098 827 1289 891 Melus,
1321 822 1671 893 Tltucydidca
1705 816 1903 873 nobilis
1927 816 2104 870 histo-

529 937 627 989 ria.

601 1024 651 1080 6.
691 1020 986 1083 Ζάκυνθος,
1028 1016 1260 1075 'Lanthe,
1294 1008 1633 1081 Zacynthus.

616 1118 671 1171 7.
698 1115 943 1176 ,Λευκὰς,
995 1110 1152 1175 ’Δγία
1182 1106 1405 1173 Μαῦρα,
1439 1102 1497 1155 S.
1539 1099 1743 1153 Maura.

609 1209 662 1263 8.
700 1202 1076 1275 Κεφαλληνία.
1103 1196 1403 1258 Cel’alonia,
1445 1188 1815 1261 Cephallenia.
1848 1185 1923 1239 Ex
1983 1184 2106 1238 Hel-

538 1302 787 1370 lesponto
822 1297 885 1351 ad
925 1298 1142 1355 lazvatn,
1174 1302 1370 1343 versus
1397 1294 1576 1339 ortum
1610 1282 1744 1338 solis
1806 1278 2110 1349 naviganti-

539 1398 661 1456 bus,
695 1395 776 1445 hae
814 1404 932 1443 sese
984 1386 1218 1440 oﬂ‘erunt
1252 1398 1267 1434 :

607 1484 662 1537 9.
698 1481 926 1543 Λέσϐας,
952 1478 1259 1545 Μιτυλήνη,
1289 1470 1586 1533 Metellino,
1626 1464 1864 1519 Lcsbus.

616 1576 701 1631 i0.
733 1576 885 1635 Χίος,
919 1570 1037 1635 Sio,
1072 1569 1265 1624 Chius.

614 1667 702 1721 Η.
747 1665 945 1732 Σάμος,
974 1662 1159 1723 Samo,
1186 1658 1405 1712 Samus.

616 1758 703 1813 12.
746 1755 943 1816 Ῥόδος,
975 1752 1137 1815 Redi,
1173 1748 1426 1803 Rhodus.

622 1849 691 1905 Ut
734 1856 915 1900 autem
956 1844 1076 1897 aliae
1105 1842 1346 1894 minores
1370 1840 1513 1891 inter
1542 1835 1638 1888 has
1673 1833 1887 1888 insulas
1906 1827 2111 1885 duode-

548 1943 657 1996 cim
691 1934 1025 1992 Dotlecancsi
1080 1945 1188 1985 non
1245 1927 1701 1989 numerabantur,
1762 1922 1932 1975 veluti
1995 1932 2116 1989 qua:

552 2040 681 2083 tunc
713 2027 996 2095 praefectos
1023 2022 1225 2081 nullos,
1256 2019 1333 2071 uti
1363 2018 1653 2085 sangiacos
1711 2013 1893 2067 nullos
1946 2023 2114 2072 nunc,

557 2118 974 2177 habebant:ita
1027 2130 1129 2169 nec
1182 2110 1536 2181 amplissima:
1603 2110 1744 2165 duae,
1803 2103 2017 2174 Cyprus
2064 2108 2120 2153 et

554 2212 737 2274 Creta,
774 2222 919 2262 nunc
939 2203 1171 2262 Candia.
1224 2200 1370 2272 quod
1411 2200 1583 2253 instar
1629 2209 1950 2265 magnarum
2013 2190 2117 2245 illa:

558 2302 960 2373 provinciarum
992 2311 1123 2353 suos
1154 2295 1382 2362 singulm
1415 2302 1673 2362 praetores
1701 2287 1984 2341 haberent.
2013 2283 2123 2337 Nec

559 2396 742 2465 Cypro
765 2399 941 2460 capta,
978 2387 1348 2457 sangiacatutn
1388 2399 1453 2437 es
1483 2397 1545 2435 ea
1574 2380 1805 2436 Seliates
1847 2373 2124 2430 secundus

563 2464 709 2549 fecit,
767 2482 861 2537 sed
900 2479 1360 2549 beglerbegatutn,
1418 2472 1562 2527 velut
1612 2484 1673 2524 ex
1738 2468 1915 2524 insula
1975 2464 2127 2536 regni

560 2578 649 2645 jus
682 2574 981 2642 antiquitus
1018 2570 1275 2623 habente.

561 2690 691 2748 230.
730 2687 1007 2755 Expeditio
1038 2682 1350 2755 Solegttanis
1397 2680 1571 2755 prium
1609 2686 1801 2755 contra
1823 2671 2037 2738 Persas,
2070 2680 2134 2725 et

865 2755 1103 2811 historiis
1160 2746 1419 2805 Theodori
1471 2746 1823 2818 Spandugint’.

635 2851 739 2919 Qui
768 2851 833 2903 ah
867 2846 1161 2901 annalibus
1195 2842 1392 2899 Uluma
1425 2841 1594 2911 begus
1630 2836 1965 2899 nominatur,
1993 2832 2136 2903 apud

566 2943 979 3014 Spanduginum
1007 2933 1217 2991 Zilama
1248 2933 1470 3004 legitur,
1492 2930 1635 3001 apud
1670 2928 1885 2984 Iovium
1922 2926 2139 2984 Ulama-

569 3052 695 3099 nus,
728 3045 960 3104 utroque
991 3026 1252 3084 vocabulo
1283 3024 1501 3077 vitiato.
1537 3018 1913 3089 Depreltendet
1973 3017 2136 3072 etiam

571 3132 763 3190 lector,
798 3126 843 3180 si
873 3122 1097 3178 Joviana
1126 3132 1251 3173 eum
1277 3114 1525 3169 Turcicis
1582 3111 1837 3166 conferre
1883 3107 2140 3172 voluerit,

571 3218 780 3275 aJovio
812 3230 900 3272 res
924 3211 1147 3268 Persico
1179 3208 1323 3263 bello
1350 3216 1529 3277 gestas
1561 3204 1699 3258 tradi
1733 3202 1993 3263 confuse,
2028 3214 2144 3252 mu-

571 3314 746 3378 tilate,
788 3307 1068 3371 tenuiter;
1106 3303 1197 3357 hic
1238 3315 1349 3356 non
1405 3300 1599 3352 ordine
1660 3303 1895 3357 tantum,
1954 3306 2142 3346 verum

572 3406 740 3461 etiam
766 3400 1034 3469 integrius
1064 3410 1127 3449 ac
1159 3392 1375 3463 plenius
1400 3388 1584 3443 omnia
1613 3385 1824 3442 referri.
1852 3385 2147 3453 Aliquanto

578 3496 803 3551 meliora
832 3499 961 3546 sunt
991 3484 1404 3558 Spanduginca,
1437 3494 1558 3549 qua:
1584 3493 1704 3533 cum
1760 3474 2011 3531 Turcicis
2081 3482 2139 3527 ut

579 3582 821 3639 conferri
860 3578 1095 3650 possint,
1129 3573 1346 3630 lectoris
1367 3570 1543 3641 gratia
1570 3584 1704 3624 sane
1734 3558 2150 3633 interpretando

577 3674 980 3732 describamus.
1010 3667 1161 3729 Erat,
1187 3664 1383 3733 inquit,
1413 3660 1468 3717 id
1491 3658 1752 3730 temporis
1776 3658 1995 3725 regulus
2013 3654 2145 3708 Biti-

578 3767 698 3821 linii
740 3763 956 3819 Serel‘es
989 3764 1180 3828 begus,
1226 3753 1493 3811 beneﬁcio
1548 3760 1731 3807 tamen
1781 3748 1984 3803 sultani
2044 3746 2150 3803 Os-

581 3858 832 3922 manidm,
861 3854 1017 3923 cuius
1042 3849 1271 3920 imperio
1288 3844 1536 3916 parebat.
1569 3841 1731 3897 Forte
1759 3855 1886 3896 vero
1907 3839 2149 3908 quidam,

580 3951 671 4006 cui
692 3961 888 4004 nomen
915 3956 1033 3999 erat
1074 3940 1262 3995 Ulama
1307 3935 1535 4006 (Zilama
1594 3940 1851 4003 corrupte
1900 3930 2146 4000 legitur),

582 4045 665 4098 vir
689 4057 788 4097 usu
805 4038 928 4094 belli
965 4036 1255 4096 maximus,
1289 4046 1413 4083 cum
1443 4042 1531 4083 res
1553 4024 1794 4093 insignes
1836 4036 1931 4091 pro
1953 4022 2155 4077 scaclto

583 4134 833 4204 Sephiuo
855 4128 1139 4200 gessisset,
1173 4136 1348 4190 eaque
1374 4121 1439 4175 de
1471 4131 1637 4174 causa
1694 4114 1930 4169 Wanum
1981 4114 2153 4183 (Ziatn

584 4203 695 4282 non
726 4233 872 4279 recte
899 4222 1172 4290 scriptum
1197 4216 1253 4270 in
1278 4215 1431 4268 edito
1457 4207 1816 4281 Spandugino
1836 4203 2153 4275 reperitur),

586 4320 847 4374 ditionem
876 4312 1324 4386 pulcherrimam,
1357 4307 1425 4359 ab
1448 4318 1514 4359 eo
1553 4300 1797 4356 benclicii
1848 4299 1970 4352 loco
2019 4295 2156 4364 (feu-

2206 457 2465 507 sc:tchum
2504 454 2791 507 'l‘amasem
2823 452 2980 520 gesti.
3007 447 3226 499 'l‘ureus
3261 442 3504 495 lilamam
3536 438 3767 492 vinculis

2208 547 2422 609 liberat,
2454 547 2614 613 eique
2642 556 2856 598 centum
2887 542 3053 595 millia
3101 537 3507 593 sultaninorum
3566 532 3771 585 reditus

2207 638 2372 689 annui
2399 637 2585 699 donat,
2616 645 2778 703 atque
2812 633 2952 688 unde
2983 640 3220 692 venerat,
3276 626 3501 680 remittit
3530 643 3541 678 :
3582 622 3770 677 Scrcfe

2210 731 2367 798 ltego.
2419 743 2515 779 eeu
2584 725 2973 795 perduellionis
3035 737 3149 784 reo,
3212 719 3542 789 proscripto.
3600 713 3775 768 Simul

2208 819 2437 886 imperat
2469 818 2695 882 illatua},
2724 825 2942 886 captant
2973 815 3048 868 uti
3075 812 3367 865 Bitilisiunt
3416 807 3623 863 timarii
3656 806 3774 859 loco

2210 914 2313 967 sibi
2367 913 2648 965 retineret.
2689 910 2802 964 Hoc
2835 909 2996 963 modo
3022 916 3262 972 caeptqu
3310 906 3452 956 inter
3481 914 3578 952 eos
3625 896 3777 951 belli.

2212 1006 2410 1074 get-ari.
2439 1002 2653 1057 Serefes
2679 1002 2848 1072 begus
2880 999 2983 1055 sub
3007 996 3233 1066 Sephini
3273 994 3443 1063 signis
3489 988 3780 1052 militabat,

2213 1096 2403 1152 Ulama
2439 1098 2540 1150 sub
2568 1095 2892 1150 Osmanicis.
2929 1090 3185 1144 Pluribus
3232 1085 3429 1155 pugnis
3478 1091 3531 1135 et
3593 1082 3782 1135 velita-

2214 1189 2451 1243 tionibus
2476 1186 2810 1248 commissis,
2847 1184 3067 1238 tandem
3109 1181 3294 1236 Ulama
3323 1173 3562 1231 Serefem
3584 1174 3775 1241 begutn

2217 1278 2512 1341 interfecit,
2544 1288 2595 1332 et
2616 1278 2783 1331 oet-isi
2814 1272 3285 1345 captttSolcimani
3318 1268 3487 1324 misit.
3516 1267 3565 1319 Is
3585 1265 3781 1321 deinde

2215 1371 2503 1440 quemdam
2529 1386 2593 1423 ex
2619 1368 2733 1423 suis
2766 1368 2832 1422 ad
2868 1368 3127 1422 scaehum
3163 1364 3448 1415 'l‘amasem
3495 1356 3781 1424 ablegavit,

2217 1463 2307 1531 qui
2339 1463 2407 1516 ab
2464 1477 2528 1516 eo
2574 1461 2859 1530 coniugem
2898 1469 2953 1512 et
2987 1457 3188 1510 liberos
3220 1454 3426 1509 Ulama:
3458 1458 3784 1521 reposceret.

2218 1552 2481 1608 Tamases
2516 1553 2796 1617 mulierem
2846 1566 2957 1605 uno
2980 1566 3104 1604 ctttn
3144 1547 3252 1600 ﬁlio
3287 1545 3518 1599 remisit.
3554 1543 3615 1597 Et
3641 1541 3786 1595 acci-

2220 1648 2419 1702 derunt
2448 1647 2563 1699 hinc
2604 1659 2748 1697 anno
2776 1642 3092 1698 Christiano
3114 1641 3271 1695 1535.
3300 1638 3488 1694 Ulama
3518 1650 3639 1687 eum
3660 1650 3793 1687 uxo-

2147 1746 2190 1803 B
2223 1755 2279 1794 re
2313 1754 2375 1792 ac
2415 1737 2525 1790 lilio
2565 1752 2689 1790 mox
2730 1737 2867 1789 intra
2922 1731 3251 1787 Soleimanis
3284 1728 3420 1782 ﬁnes
3458 1741 3516 1781 se
3542 1725 3791 1785 contulit,

2220 1840 2543 1900 tantumque
2581 1829 2835 1899 perfecit,
2888 1838 2948 1882 ut
2985 1826 3155 1897 ipsius
3189 1823 3565 1878 exhortatione
3608 1818 3787 1871 factus

2216 1924 2515 1978 animosior
2547 1921 2882 1976 Solcitnanes
2913 1918 3242 1973 lbrahimem
3266 1915 3475 1969 bassatu
3499 1927 3618 1965 cum
3643 1926 3797 1963 met--

2220 2019 2331 2072 citu
2397 2015 2661 2083 Halepum
2721 2013 3019 2079 ablegaret.
3084 2009 3195 2062 Illic
3249 2009 3301 2060 in
3358 2005 3597 2059 hibernis
3644 2003 3793 2056 lhta‘

2222 2109 2393 2163 himes
2428 2108 2695 2167 substitit,
2734 2116 2791 2157 et
2820 2103 3007 2172 Halepi
3040 2100 3325 2157 Castellum
3358 2095 3649 2152 exstruxit.
3696 2094 3795 2145 lio-

2222 2201 2343 2255 dem
2377 2214 2434 2251 se
2481 2197 2832 2252 contulerunt
2889 2195 2952 2249 ad
3008 2193 3337 2248 lbrahimem
3386 2190 3604 2245 bassam
3668 2185 3797 2242 caasi

2227 2289 2427 2345 Sereﬁs
2460 2290 2579 2360 begi
2644 2288 2843 2356 conjus
2897 2295 2953 2341 et
3000 2285 3179 2349 liberi,
3228 2284 3477 2352 laqueum
3525 2280 3665 2335 collo
3709 2294 3805 2347 ge».

2226 2392 2459 2446 stantes,
2492 2390 2546 2435 et
2568 2379 2933 2435 admissurum
2971 2379 3181 2433 veniam
3222 2386 3489 2445 petentes.
3518 2374 3566 2428 Is
3590 2375 3671 2428 eis
3713 2373 3801 2427 be-

2230 2474 2469 2543 nigniter
2498 2471 2771 2542 exceptis,
2825 2471 2888 2524 ad
2949 2469 3313 2526 Soleimanem
3371 2468 3575 2521 litteras
3632 2465 3801 2528 dedit,

2231 2566 2362 2636 quid
2393 2565 2462 2619 tle
2504 2565 2638 2634 ipsis
2663 2564 2777 2619 ﬁeri
2811 2562 3056 2634 juberet,
3088 2562 3453 2629 interrogans.
3502 2558 3807 2629 Respondit

2235 2656 2601 2723 Soleitnancs,
2650 2654 3031 2725 adjungeudos
3085 2653 3284 2707 Sereits
3340 2651 3456 2719 begi
3533 2652 3642 2704 lilio
3704 2649 3807 2703 400

2237 2751 2538 2822 gettizaros,
2568 2748 2660 2819 qui
2692 2762 2813 2802 eum
2839 2761 2963 2801 cum
3008 2752 3182 2799 matre
3241 2744 3531 2797 Bitil'tsiuut
3581 2742 3808 2796 comita-

2239 2852 2447 2906 rentur,
2477 2850 2535 2892 ut
2562 2836 2781 2894 auferre
2806 2852 2939 2894 suos
2970 2839 3095 2891 inde
3138 2838 3448 2901 thesauros,
3476 2846 3528 2889 et
3562 2851 3811 2905 quocun-

2240 2949 2347 3005 que
2372 2934 2603 2987 lubitum
2651 2940 2818 2995 esset,
2887 2929 3161 2998 proﬁcisci
3225 2941 3467 2997 possent.
3526 2926 3583 2980 Si
3628 2934 3809 2980 tamen

2243 3036 2391 3083 stare
2452 3022 2902 3093 suisapartibus
2955 3038 3017 3075 ac
3082 3037 3263 3075 secum
3320 3035 3540 3075 manere
3593 3020 3812 3081 vellent,

2246 3119 2457 3173 donare
2488 3131 2545 3171 se
2577 3115 2708 3184 ipsis
2735 3114 2937 3168 titnarii
2976 3114 3195 3167 nomine
3236 3112 3520 3182 llalepuut.
3573 3113 3644 3165 Ex
3710 3114 3814 3165 hcc

2246 3208 2445 3265 sultani
2480 3221 2745 3274 responso
2779 3222 2900 3260 cum
2937 3207 3076 3260 satis
3123 3205 3456 3275 Pel'SpiCCI‘ti.
3491 3202 3689 3259 Sereﬂs
3755 3203 3814 3256 ﬁ-

2246 3297 2547 3364 lius,suum
2567 3312 2626 3352 se
2640 3296 3031 3364 patrimonium
3060 3308 3166 3347 non
3204 3302 3653 3364 recuperaturum
3686 3312 3699 3348 :
3727 3292 3810 3345 Bia

2249 3389 2477 3443 tilisium
2510 3402 2633 3442 cum
2666 3398 2844 3440 matre
2875 3384 3177 3456 profectus,
3219 3389 3505 3439 thesauros
3538 3386 3665 3439 inde
3692 3399 3819 3440 suos

2250 3482 2491 3543 advexit,
2522 3492 2579 3536 et
2600 3482 2667 3533 ad
2687 3480 2949 3534 scachum
2979 3478 3285 3549 Sophittunt
3314 3494 3372 3532 se
3393 3477 3646 3532 contulit.
3671 3477 3822 3533 lbra-

2256 3573 2432 3628 himes
2469 3584 2597 3626 vero
2626 3571 2783 3625 bassa
2852 3569 3265 3625 Caraltemidam
3304 3581 3648 3639 progressus,
3698 3567 3825 3622 Ula-

2251 3678 2395 3717 mam
2429 3677 2553 3717 cum
2583 3660 2760 3716 30000
2786 3658 3089 3714 Turcorttm
3122 3658 3437 3713 Taurisiutn
3471 3660 3645 3722 misit,
3679 3661 3823 3712 intra

2251 3770 2413 3825 quam
2446 3754 2636 3808 urbem
2670 3752 2823 3807 Musa
2879 3754 3151 3813 sultanus,
3186 3752 3369 3807 scaehi
3420 3750 3669 3807 Tamasis
3716 3750 3827 3805 ιω-

2254 3850 2361 3913 nis,
2396 3864 2453 3902 se
2488 3847 2728 3901 tenebat.
2763 3846 2813 3901 ls
2846 3861 2975 3898 cum
3011 3844 3153 3914 fuga:
3190 3861 3247 3899 se
3304 3846 3563 3911 dedisset,
3614 3845 3827 3899 deserta

2257 3938 2572 4006 nudataque
2602 3936 2874 4005 prasidiis
2892 3936 3106 3999 civitas,
3138 3934 3446 3989 Turcorutn
3484 3950 3541 3990 se
3568 3934 3689 3989 ﬁdei
3710 3950 3831 4003 per-

2256 4027 2425 4082 misit.
2449 4025 2753 4082 Confestim
2776 4042 2868 4095 per
2895 4026 3103 4079 litteras
3124 4026 3381 4079 lbrahimi
3410 4024 3829 4095 signiﬁcatUla-

2256 4132 2367 4181 ma,
2390 4131 2552 4186 quam
2572 4116 2862 4171 celerrimo
2887 4116 3060 4186 gradu
3095 4131 3153 4171 se
3184 4114 3498 4170 Taurisiuut
3531 4117 3829 4170 conferret.

2256 4209 2555 4263 lbrahimes
2575 4208 2936 4262 Caraltemida
2973 4208 3336 4274 tligrcssus,et
3373 4205 3686 4261 Taurisiutn
3712 4223 3833 4277 pro-

2260 4316 2479 4370 perans,
2501 4298 2865 4355 Soleimanem
2889 4300 3089 4353 litteris
3109 4301 3194 4352 Ιιοι
3212 4308 3379 4361 tatur,
3402 4300 3478 4352 uti
3497 4313 3683 4353 versus
3701 4303 3833 4353 lines

588 4411 720 4464 dum
748 4408 909 4477 vulgo
937 4416 1217 4468 vocamus,
1254 4408 1307 4453 et
1337 4396 1551 4450 usitata:
1594 4404 1723 4447 sunt
1772 4388 1913 4459 apud
1957 4386 2156 4441 Persas
2184 4414 2236 4474 ι)
2261 4390 2509 4447 Persicos
2533 4401 2850 4446 maturaret.
2886 4390 3007 4460 Ipse
3031 4390 3345 4445 Taurisium
3398 4406 3521 4445 cum
3568 4393 3830 4453 venisset,

589 4516 809 4575 quoque
833 4498 1117 4552 feudorum
1154 4488 1573 4554 conccssiones)
1624 4485 1973 4553 impetrasset
2006 4490 2158 4533 :tan«

592 4573 715 4651 dem
754 4594 808 4646 in
838 4606 956 4646 eam
991 4586 1321 4644 sententiam
1378 4583 1547 4641 venit,
1608 4586 1668 4631 ut
1717 4573 2080 4630 deficientium
2128 4587 2158 4625 a

600 4686 958 4756 Sopltino,ct
1020 4678 1185 4733 Turci
1241 4677 1428 4744 partes
1492 4669 1805 4740 sequendas
1868 4669 2157 4718 statueret.

599 4754 761 4833 Erant
790 4786 917 4827 tunc
960 4771 1103 4824 inter
1132 4765 1486 4821 Osmanidam
1542 4769 1595 4815 et
1655 4758 1959 4827 Sepltinum
2004 4754 2164 4810 indu-

595 4873 715 4926 cite.
747 4868 955 4921 Turcus
979 4863 1249 4917 intellecta
1281 4858 1518 4911 hominis
1555 4855 1852 4914 voluntate,
1889 4863 2013 4903 mox
2073 4847 2166 4900 da-

602 4964 671 5017 tis
702 4962 766 5013 atl
796 4955 1041 5013 Serel‘etn
1074 4957 1267 5022 begutn
1293 4949 1520 5010 litteris,
1558 4947 1605 5001 ei
1650 4945 1893 5006 mandat,
1926 4952 1987 4995 ut
2038 4938 2165 4995 Ula-

604 5070 703 5108 ma:
734 5026 955 5107 suorum
992 5049 1228 5115 aliquam
1260 5056 1478 5096 manum
1527 5038 1871 5105 adjungeret,
1927 5046 2161 5102 quorum

602 5142 853 5215 lit-tesidio
884 5141 1127 5194 munitus
1164 5140 1424 5188 adversus
1475 5128 1863 5200 impedimenta
1928 5124 2160 5189 Sopltini

602 5213 850 5291 securius
883 5233 947 5282 ad
980 5228 1201 5281 Portam
1231 5224 1555 5293 perveniret.
1608 5218 1797 5273 Ulama
1846 5213 2023 5268 Wauo
2081 5214 2163 5265 di-

604 5341 846 5397 gressus,
885 5321 1175 5375 Bitilisiutu
1200 5332 1254 5369 sc
1284 5314 1544 5368 contulit.
1572 5312 1644 5363 Ea
1683 5311 1799 5361 loca
1823 5310 2027 5359 dismnt
2055 5322 2083 5357 a
2110 5320 2167 5356 sc

608 5420 833 5470 invicem
861 5414 1075 5466 dierum
1104 5416 1338 5475 quatuor
1371 5405 1586 5457 itinere.
1631 5399 1849 5452 Screl‘es
1874 5398 2163 5464 adventan—

609 5524 713 5564 tem
744 5505 987 5561 Ulamatu
1013 5504 1213 5569 corripi
1238 5499 1428 5569 jussit,
1456 5505 1509 5548 ct
1561 5494 1801 5549 vinctum
1863 5488 2163 5542 Soleimani

608 5602 772 5655 misit.
805 5597 1078 5666 Sophinus
1116 5592 1316 5646 Ulama:
1340 5590 1586 5643 diseessu
1642 5588 1881 5653 cegttito,
1925 5580 2166 5633 Wanum

605 5706 728 5746 cum
760 5690 991 5756 cettjuge
1031 5698 1092 5739 ac
1136 5682 1322 5737 liberis
1350 5678 1547 5737 Ulama:
1578 5678 1629 5729 iu
1651 5681 1978 5745 potestatem
2014 5668 2170 5725 rede-

2259 4485 2549 4540 aedilicium
2571 4482 2845 4551 quoddam
2871 4483 3156 4551 antiquum
3186 4482 3258 4535 ibi
3286 4483 3525 4549 reperit:
3553 4482 3697 4551 quod
3719 4498 3833 4535 ntu-

2265 4578 2483 4629 niturus
2513 4574 2864 4628 commodum
2894 4572 3017 4626 istic
3042 4573 3373 4627 architectos
3400 4572 3737 4642 Gcorgianos
3756 4574 3833 4627 itt—

2264 4673 2430 4730 venit,
2452 4668 2543 4737 qui
2570 4668 2927 4721 munitionem
2958 4668 3232 4735 egregiam
3255 4672 3597 4729 struxerunt,
3616 4667 3703 4719 cui
3723 4675 3833 4721 tor-

2265 4768 2443 4815 menta
2474 4760 2669 4814 bellica
2710 4758 2815 4813 350
2844 4757 3143 4812 lbrahimes
3175 4755 3453 4825 imposuit.
3510 4755 3674 4826 496
3726 4756 3835 4811 lloc

2267 4865 2510 4923 tempore
2533 4850 2964 4906 TurciTaurisio
2981 4850 3134 4920 potiti
3164 4865 3258 4905 sex
3288 4851 3437 4904 fuere
3459 4851 3757 4913 mensibus,
3780 4863 3834 4905 et

2267 4946 2459 4998 vicinae
2476 4943 2729 4998 civitates
2747 4957 2936 4996 eorum
2962 4943 3252 5011 imperium
3282 4952 3631 5011 acceperunt.
3655 4941 3829 4995 Solei-

2270 5052 2458 5089 tnanes
2487 5037 2679 5097 etiam,
2703 5050 2825 5088 cum
2865 5036 3097 5102 primum
3119 5035 3185 5088 ad
3213 5034 3624 5089 Carahemidam
3653 5050 3833 5088 acces-

2271 5129 2593 5191 sisset,mox
2616 5126 2769 5181 illinc
2787 5127 2998 5191 abiit,et
3014 5126 3320 5179 Taurisiutn
3339 5124 3831 5193 profectus,ibidetn

2274 5237 2340 5273 λι
2360 5221 2553 5273 diebus
2584 5218 2761 5274 haesit.
2796 5219 2925 5273 inde
2946 5218 3136 5271 relicto
3198 5215 3471 5279 Taurisio,
3534 5216 3831 5284 SOpiiilllilll

2276 5314 2470 5367 institit
2493 5327 2759 5380 qumrerc.
2788 5310 2892 5365 Sed
2920 5312 2964 5364 is
2984 5323 3243 5379 perpetuo
3265 5310 3503 5377 pra‘liuut
3526 5290 3859 5360 detrectans

2275 5404 2461 5457 landiu
2486 5402 2848 5457 Soleimanem
2878 5400 3360 5463 distinuit,’dunec
3396 5398 3681 5449 hibernum
3735 5395 3832 5446 [ςί-

2274 5510 2373 5563 gus
2398 5496 2698 5562 ingrueret.
2736 5493 2860 5545 liam
2897 5491 2965 5546 ob
3004 5504 3225 5544 causam
3274 5489 3613 5542 Soleimanes
3670 5485 3834 5555 Baga-

2275 5586 2440 5636 uatim
2481 5599 2536 5636 se
2568 5584 2810 5650 recipere
2831 5591 3053 5635 coactus
3087 5580 3205 5633 fuit.
3267 5579 3378 5633 lloc
3429 5586 3605 5631 autem
3666 5577 3834 5645 frigus

2278 5687 2446 5745 usque
2481 5674 2612 5727 adeo
2645 5675 2939 5727 Vehemens
2963 5685 3098 5737 erat,
3134 5681 3187 5725 ut
3226 5686 3399 5739 neque
3423 5666 3699 5740 progredi;
3740 5682 3835 5721 uc-
