4230 6280
436 330 542 394 905

433 461 542 515 que
575 439 787 511 regredi
819 448 1007 509 posset
1041 434 1344 490 exercitus.
1388 431 1633 486 Seacltus
1691 429 1858 483 etiam

435 512 637 606 phinus
667 547 882 586 omnem
911 530 992 584 eis
1022 540 1290 582 annonam
1324 523 1392 576 ab
1422 523 1571 577 omni
1601 527 1753 588 parte
1774 512 2008 584 pricclu~

436 605 601 678 serat.
625 621 780 676 Unde
798 619 1025 684 factum,
1047 626 1106 672 ut
1138 616 1278 670 fatue
1301 613 1527 686 partim,
1580 609 1776 680 partim
1808 605 2010 673 frigore

435 718 696 772 dimidius
727 714 1031 768 Turcoruut
1065 707 1349 766 exercitus
1377 705 1600 775 periret.
1628 703 1848 768 Absque
1872 711 2012 749 non-

436 809 708 862 nullorum
727 805 946 876 quidem
971 803 1352 858 Armeniorum
1407 796 1602 851 fuisset
1635 807 1824 862 opera,
1847 788 2017 856 regio—

437 901 524 955 nis
553 899 700 953 illius
729 897 1022 951 admodum
1049 895 1367 966 peritorum,
1413 889 1506 959 qui
1552 885 1792 940 maximo
1841 880 2016 950 pretio

437 990 632 1046 Turcis
649 1002 922 1044 annonam
950 984 1278 1048 vendebant,
1300 992 1486 1038 actum
1511 979 1687 1036 adhuc
1714 976 1868 1046 pejus
1891 988 2015 1026 cum

439 1083 573 1154 ipsis
595 1082 808 1137 fuisset.
830 1078 1196 1148 Conspicatus
1222 1077 1278 1132 iu
1313 1076 1396 1130 his
1415 1073 1773 1128 constitutum
1792 1067 2021 1122 tliﬂicul-

439 1178 646 1231 tatibus
683 1173 1034 1229 Osmanidam
1063 1171 1296 1225 scachus
1333 1167 1618 1230 Tamases,
1673 1179 1704 1217 e
1745 1161 2022 1216 Corasane

439 1286 565 1324 cum
590 1267 937 1339 paucioribus
963 1276 1126 1334 quam
1155 1263 1344 1319 decem
1373 1273 1595 1315 suorum
1625 1257 1885 1318 millibus,
1908 1268 2023 1306 Illo-

442 1373 598 1427 Vens,
620 1359 934 1415 Taurisium
964 1358 1119 1422 adiit,
1153 1356 1246 1411 ubi
1272 1356 1496 1424 triginta
1519 1353 1827 1408 Turcorutu
1857 1345 2022 1401 millia

446 1455 620 1507 tribus
648 1453 750 1507 sub
772 1450 1004 1506 ducibus
1029 1456 1206 1512 erant,
1243 1449 1345 1502 sub
1380 1445 1586 1509 Ulauta,
1610 1441 1943 1508 Sirvanogli,
1970 1448 2025 1493 et

442 1545 718 1614 Jadigiare
749 1544 888 1612 bego
921 1559 935 1595 :
972 1556 1211 1612 quorum
1245 1540 1484 1610 quisque
1524 1537 1715 1590 decem
1781 1533 2024 1586 millibus

445 1636 695 1705 equitum
733 1641 982 1704 prteerat.
1021 1631 1085 1685 lli
1132 1647 1254 1685 cunt
1306 1628 1667 1697 accepissent,
1721 1623 2024 1693 Sophinum

445 1727 682 1786 Taurisii
716 1728 854 1782 fines
896 1728 1209 1797 ingressum
1239 1739 1384 1787 esse,
1411 1720 1726 1791 prodierunt
1765 1729 1917 1772 extra
1939 1731 2026 1767 ur-

449 1823 594 1886 bem,
635 1835 806 1891 seque
833 1821 1190 1874 dimicaturos
1218 1818 1271 1871 in
1299 1820 1507 1869 hostem
1535 1812 1795 1881 professi,
1820 1807 1987 1863 Tauri
2005 1838 2029 1847 -

450 1915 532 1967 sio
548 1912 765 1967 deserto
795 1910 979 1982 fugam
1016 1909 1392 1976 arripuerunt.
1413 1902 1714 1972 Supltintts,
1737 1900 1923 1954 urbem
1950 1897 2032 1951 iu-

453 2018 697 2077 gt'essus,
729 2005 1089 2058 munitionem
1125 2016 1154 2054 a
1214 1998 1410 2054 Turcis
1463 1996 1790 2051 labricatam
1840 1992 2031 2054 diruit,

453 2097 788 2164 tthcueisque
849 2093 1138 2148 tormentis
1197 2088 1579 2152 comminutis,
1643 2095 1920 2141 monetam
1966 2099 2032 2138 ex

456 2203 565 2245 tere
597 2166 858 2258 signavit.
902 2187 1266 2253 Posteaquam
1305 2182 1644 2237 Soleimanes
1674 2181 1738 2234 ad
1796 2176 2032 2247 Bagada-

459 2284 554 2335 tim
590 2281 822 2333 hiemem
893 2279 1205 2332 universam
1247 2276 1542 2346 exegisset,
1596 2273 1853 2328 abductis
1912 2269 2038 2324 inde

460 2375 658 2446 copiis,
691 2372 1006 2428 Taurisium
1036 2387 1228 2428 versus
1256 2370 1413 2438 abiit,
1444 2379 1497 2424 et
1519 2369 1706 2424 urbem
1731 2368 2035 2435 ingressus,

458 2468 652 2522 diebus
686 2465 759 2520 ibi
786 2463 1099 2535 quindecim
1128 2465 1349 2525 mansit,
1411 2477 1473 2516 ac
1515 2463 1712 2530 laqueo
1773 2457 2037 2528 suspendi

458 2558 790 2629 Jadiglarem
850 2558 1044 2627 begutn
1124 2555 1374 2610 Eminem
1423 2553 1608 2624 jussit,
1664 2553 1822 2621 cujus
1881 2551 2038 2620 culpa

465 2652 670 2706 factum
702 2649 903 2714 fuerat,
930 2647 1077 2717 quod
1135 2662 1163 2699 a
1200 2644 1399 2701 Turcis
1460 2656 1652 2700 contra
1702 2642 1898 2697 Persas
1932 2658 2038 2696 non

463 2755 584 2800 erat
640 2744 982 2798 dimicatum.
1043 2742 1156 2797 Hoc
1204 2742 1352 2797 enim
1411 2741 1636 2795 nomine
1686 2745 2042 2790 accusaverat

466 2837 644 2907 ipsum
682 2834 877 2890 Ulama
919 2849 1043 2888 cum
1079 2828 1733 2902 Sirvanogli.SOphiuus,
1765 2829 2042 2882 intellecto

467 2929 832 2983 Soleintanem
870 2966 886 2992 ,
924 2928 1090 2980 motis
1148 2925 1419 2994 Bagadate
1475 2925 1670 2994 copiis,
1725 2921 2040 2976 Taurisium

468 3018 712 3082 tendere,
752 3019 808 3073 in
869 3019 1148 3088 regionem
1177 3017 1476 3070 Corasanis
1527 3031 1587 3071 se
1609 3017 1836 3084 recepit.
1900 3012 2044 3067 Tau-

468 3112 593 3166 dem
643 3111 984 3167 Soleintanes
1048 3109 1578 3179 Constantinopolim
1619 3123 1875 3164 reversus
1935 3119 2040 3168 esu

473 3207 631 3262 lirnto
667 3205 922 3276 Bagadati
959 3208 1220 3276 prmsldio
1276 3216 1468 3261 contra
1494 3204 1802 3274 Sophinum
1866 3204 2046 3272 impo-

473 3302 599 3361 sito,
629 3300 715 3354 cui
746 3298 1116 3355 Soleimanem
1139 3301 1358 3356 bassam
1391 3315 1513 3355 cum
1547 3296 1857 3368 beglerbcgi
1887 3291 2046 3351 titulo

474 3395 738 3466 pra-fecit,
759 3395 1124 3451 Albaneusem
1149 3396 1234 3450 vel
1264 3392 1541 3464 Epirotam
1577 3396 1826 3456 natione,
1855 3393 2048 3460 adjun-

474 3493 580 3545 ctis
604 3490 652 3549 ei
681 3489 904 3559 triginta
937 3491 1153 3546 duobus
1220 3491 1528 3545 Turcorutu
1571 3491 1841 3547 millibus.
1903 3489 2047 3543 Tau-

475 3583 665 3636 risium
698 3597 847 3648 vero,
893 3583 1022 3652 quia
1089 3583 1339 3638 relictum
1371 3584 1441 3636 ab
1493 3599 1560 3636 eo
1610 3583 1792 3637 fuerat
1841 3584 2050 3651 absque

477 3677 754 3747 praesidio.
800 3692 1054 3731 reversus
1107 3676 1382 3743 δουιιὶηιιε
1428 3676 1578 3729 nullo
1614 3676 1833 3745 negotio
1893 3689 2048 3730 recu:

479 3770 709 3840 peravit.
741 3767 806 3822 Et
838 3771 1105 3824 hactenus
1131 3771 1244 3822 ham
1279 3766 1692 3839 spanduginus,
1746 3769 1907 3838 cujus
1965 3769 2050 3821 in-

487 3861 778 3931 terpretari
812 3870 864 3916 ct
896 3864 1211 3917 exscribere
1243 3861 1421 3914 locum
1481 3861 1775 3927 voluimus,
1831 3868 1892 3913 ut
1923 3873 2047 3914 cum

479 3955 760 4010 annalium
789 3955 1104 4009 narratione
1135 3954 1372 4008 conferri
1434 3955 1626 4024 possit.
1664 3953 1926 4007 Libenter
1964 3963 2050 4006 ta-

482 4063 602 4103 men
635 4048 775 4117 arqui
806 4048 1033 4102 lectores
1080 4045 1425 4110 fatebuntur,
1462 4060 1492 4099 a
1543 4047 1741 4100 Turcis
1791 4045 2052 4116 pleraque

482 4140 677 4194 tradita
705 4138 908 4193 rectius
941 4153 1004 4191 ac
1033 4139 1272 4205 plenius.

541 4225 545 4228 ⁷
576 4231 704 4285 251.
733 4229 866 4283 Belli
900 4228 1096 4282 Persici
1126 4245 1310 4296 causa,
1347 4230 1578 4292 occasio,
1611 4238 1919 4298 prwtextus.

554 4320 803 4376 Solemus
852 4321 1101 4389 exemplo
1159 4319 1509 4390 Thucydideo
1568 4322 1837 4375 bellorum
1905 4319 2055 4373 αἴτια.

485 4413 600 4467 sive
653 4426 871 4476 causas,
922 4413 992 4466 ab
1019 4415 1405 4468 occasionibus
1459 4425 1514 4466 et
1547 4411 1904 4481 praetextihus
1942 4413 2053 4466 dis-

488 4506 736 4571 tinguere
787 4505 1113 4576 (τεροφάσεῑς
1166 4509 1221 4557 cl.
1282 4503 1539 4573 ἀφορμὰς
1596 4505 1712 4572 ipse
1777 4514 1956 4569 vocat,
2002 4513 2055 4559 et

487 4601 857 4669 προσχήματα
890 4597 1192 4667 πολέμων),
1217 4613 1336 4667 qua:
1377 4612 1500 4650 cum
1539 4597 1752 4664 magnis
1785 4612 1845 4651 sc
1900 4597 2056 4664 prin-

488 4689 723 4759 cipibus,
752 4690 1045 4757 cwteroqui
1079 4689 1349 4742 bellorum
1377 4689 1640 4742 adversus
1669 4689 1930 4742 finitimos
1965 4702 2056 4755 ge-

489 4781 782 4835 rendorum
807 4779 1002 4840 avidis,
1040 4778 1318 4832 offerunt:
1355 4778 1732 4848 nunquameis
1764 4785 2057 4844 praetextas

489 4873 710 4934 desunt,
742 4885 882 4938 quos
931 4868 1214 4922 affectibus
1247 4867 1383 4926 suis.
1433 4875 1488 4918 ct
1519 4865 1915 4934 cupiditatibus
1975 4864 2057 4916 in-

485 4964 672 5034 iustis,
734 4965 1053 5016 obtendant.
1100 4960 1180 5014 Ita
1235 4959 1572 5028 suscipiendi
1634 4970 1822 5012 contra
1863 4956 2057 5011 Persas

492 5055 620 5111 belli
656 5070 782 5108 vera
808 5068 971 5107 causa
1003 5051 1334 5105 Sulcitnanis
1365 5059 1483 5103 erat
1513 5052 1564 5104 in
1599 5049 1808 5111 animo.
1867 5052 2056 5103 deces-

491 5160 674 5202 sorum
724 5158 977 5207 suorum,
1037 5138 1467 5195 blucltentetisll
1532 5141 1739 5208 proavi,
1804 5139 2060 5208 Bajazitis

492 5239 600 5303 avi,
635 5235 969 5304 Selimisque
997 5236 1172 5304 patris
1195 5233 1510 5287 tetuulatio:
1565 5234 1656 5302 qui
1686 5249 1810 5286 cum
1869 5231 2058 5284 Persa-

493 5343 614 5382 rum
671 5327 888 5384 scachis
944 5326 1245 5379 acerrimas
1300 5324 1617 5378 inimicitias
1675 5333 2058 5383 exercuerant,

493 5429 546 5470 et
567 5417 856 5486 aliquoties
878 5429 1034 5484 aequo
1068 5413 1180 5468 fere
1215 5411 1386 5467 Marte
1418 5430 1541 5466 cum
1574 5413 1652 5465 eis
1679 5412 2057 5476 conflixerant,

495 5507 599 5561 sibi
633 5506 909 5560 fortunam
942 5506 1116 5575 magis
1155 5503 1443 5572 propitiam
1482 5503 1666 5556 Persis
1695 5502 2062 5569 opprimendis

496 5609 550 5654 et
573 5596 939 5668 adiungendis
977 5597 1207 5663 imperio
1238 5610 1338 5647 suo
1377 5594 1752 5661 pollicebatur.
1788 5592 1899 5645 Hoc
1937 5609 2058 5644 cum

498 5691 681 5744 animo
710 5703 807 5744 suo
834 5679 1193 5744 constitutum
1264 5687 1506 5747 habenti,
1543 5700 1643 5738 nec
1709 5684 1928 5738 occasio
1962 5683 2060 5735 de-

499 5779 637 5845 fuit;
674 5777 866 5833 Ulama
911 5777 1067 5844 bego,
1098 5777 1267 5842 gestis
1297 5777 1434 5827 bello
1477 5774 1638 5824 rebus
1700 5781 1750 5825 et
1802 5769 2058 5823 aﬂinitate

813 5874 1084 5933 Prmoe.
1133 5872 1245 5928 Gtt.
1305 5859 1498 5919 CLIX.

1589 319 1734 378 T‘AN
1751 311 1989 378 DEtZTE
2035 308 2083 366 li
2099 304 2234 364 [ΞΤ.
2270 302 2369 360 TU
2387 300 2580 358 RCIC.

1913 425 2010 475 So-
2037 422 2087 479 Α
2114 414 2321 474 scachi,
2352 411 2510 479 cujus
2549 407 2599 461 ei
2656 419 2813 457 soror
2857 408 3138 470 nupserat,
3199 393 3400 449 illustri
3457 391 3575 444 viro
3614 389 3681 441 ad

3575 276 3678 336 90ft

2115 506 2482 560 Soleimanem
2551 516 2580 553 a
2635 499 2837 553 scaeho
2899 494 3214 556 deficiente,
3244 500 3578 556 magnosque
3628 497 3688 536 se

2115 599 2256 651 duce
2310 609 2601 650 successus
2660 593 2708 646 ei
2767 589 3163 659 promittente:
3231 597 3327 636 nec
3393 585 3689 648 praztextus

2118 690 2276 755 longe
2302 684 2632 750 quaerendus
2681 691 2822 744 erat,
2886 695 3007 732 cum
3069 681 3179 744 prae
3245 673 3494 726 manibus
3545 676 3691 722 esset

2114 782 2404 835 Persarum
2463 794 2493 830 a
2536 777 2747 831 caeteris
2831 769 3232 826 Mahumetanis
3309 761 3690 820 dissidentium

2119 887 2256 928 nova
2283 869 2620 938 superstitio,
2675 868 2744 920 ab
2799 863 3056 918 Erdebile
3103 868 3322 925 empta,
3373 855 3694 910 Techutasis

2121 981 2246 1028 avo,
2272 965 2340 1016 ab
2370 963 2589 1017 lsmaile
2620 959 2868 1030 Sopltino
2912 966 3068 1028 patre
3114 953 3447 1018 defensaque
3502 963 3698 1016 propa-

2120 1069 2380 1128 gataque,
2410 1055 2732 1110 Techmasis
2762 1053 2927 1107 etiam
2973 1047 3283 1119 patrocinio
3316 1043 3572 1098 subnixa.
3623 1038 3699 1090 De

2126 1155 2225 1204 hac
2255 1160 2309 1204 et
2343 1150 2621 1203 annalium
2672 1147 2724 1200 in
2772 1143 3092 1214 appendiee,
3150 1142 3253 1195 suh
3292 1136 3509 1190 initiunt
3572 1131 3697 1186 belli

2124 1243 2352 1305 Persici,
2392 1243 2599 1311 prolixe
2642 1239 3033 1302 disseruimus,
3062 1243 3116 1291 et
3168 1232 3525 1302 adiunximus
3571 1225 3700 1288 alia,

2125 1334 2386 1406 cap.188
2430 1334 2723 1389 Pandectis
2776 1329 2964 1402 hujus.
3020 1327 3264 1383 Indidem
3305 1325 3477 1378 lector
3545 1318 3706 1373 intel—

2127 1430 2294 1497 ligere
2330 1437 2530 1498 potest,
2584 1427 2726 1496 quod
2789 1427 2877 1479 hic
2928 1423 3167 1479 traditur
3221 1418 3494 1486 obiecisse
3529 1410 3704 1465 Tech-

2131 1526 2290 1588 masi,
2352 1522 2645 1590 Persisque
2718 1519 2952 1579 caneris,
3011 1513 3384 1568 Soleimaues:
3441 1506 3702 1561 nimirum

2128 1632 2224 1672 cos
2256 1616 2443 1669 debito
2484 1624 2724 1687 quatuor
2770 1609 3099 1667 Mahumetis
3142 1607 3436 1678 prephetas
3498 1601 3707 1653 honore

2134 1725 2246 1763 non
2291 1708 2569 1777 prosequi.
2627 1704 2874 1772 Quatuor
2927 1705 3068 1756 enim
3101 1701 3156 1754 hi
3217 1695 3535 1751 Mahumclis
3594 1701 3703 1745 tum

2066 1821 2107 1875 η
2139 1799 2300 1862 socii,
2332 1809 2443 1852 tum
2473 1812 2846 1860 successores,
2900 1794 3122 1850 fuerunt
3178 1789 3467 1851 Ebubtkir,
3519 1782 3704 1841 Ome.

2136 1892 2339 1947 Osman
2401 1903 2452 1945 et
2498 1891 2584 1944 Ali
2621 1907 2634 1944 :
2675 1904 2909 1960 quorum
2961 1884 3239 1956 prioribus
3298 1881 3490 1936 ordine
3536 1876 3708 1928 tribus

2140 1985 2386 2057 rejectis.
2422 1995 2677 2054 quartum
2734 1983 2901 2048 Alim,
2956 1977 3283 2035 Mahumetis
3343 1973 3708 2044 propinquum

2138 2087 2192 2131 et
2220 2093 2502 2146 generum,
2536 2077 2715 2131 Persae
2745 2075 2978 2144 probant
3007 2087 3070 2126 ac
3098 2079 3450 2125 venerantur.

2202 2171 2328 2225 ⁸252.
2374 2170 2688 2232 Curdismn,
2720 2169 2907 2233 Curdi,
2939 2169 3167 2230 It'eidan,
3195 2165 3462 2233 Cordyua,
3496 2160 3670 2216 Curti.

2213 2264 2542 2319 Reineecius
2607 2263 2996 2331 iuappendice
3059 2262 3124 2314 ad
3192 2269 3442 2314 octavum
3475 2254 3716 2326 Aytlttmi

2141 2368 2323 2428 caput,
2367 2358 2577 2412 Cordos
2611 2367 2663 2411 et
2722 2356 2992 2410 Cordinos
3050 2353 3215 2407 nimis
3264 2354 3370 2408 late
3430 2350 3717 2403 Turcicatn

2142 2459 2354 2514 gentem
2391 2463 2516 2501 esse
2569 2447 2811 2516 prodidit
2856 2462 2920 2500 ex
2968 2444 3179 2500 Joanne
3217 2444 3400 2498 Leone
3441 2443 3717 2498 Africano.

2141 2536 2209 2594 Et
2233 2537 2431 2606 adjecit
2462 2537 2565 2590 alia
2627 2538 2694 2590 de
2743 2536 3058 2590 Cordttenis
3123 2545 3178 2589 cl.
3215 2535 3543 2599 Carduchis,
3599 2553 3722 2603 qtuo

2147 2632 2233 2683 hic.
2267 2629 2490 2683 minime
2534 2628 2848 2693 repetenda.
2879 2625 2990 2681 Nec
3044 2626 3434 2680 Curdistauum
3467 2626 3718 2696 equidem

2147 2723 2462 2776 admiserint
2507 2736 2632 2775 esse
2660 2718 2916 2785 Mediam,
2946 2734 3068 2789 qua:
3110 2719 3297 2773 verius
3335 2735 3477 2771 nunc
3527 2720 3720 2772 Sit-van

2146 2815 2475 2884 appellatur.
2503 2811 2618 2866 Vox
2648 2812 2943 2867 Curdistau
2978 2812 3255 2880 significat
3312 2828 3536 2880 regnum
3587 2812 3723 2865 Cur~

2144 2907 2363 2962 dorum.
2394 2904 2456 2958 Et
2497 2905 2743 2959 habitant
2791 2905 3062 2973 hodieque
3099 2903 3262 2958 Curdi
3291 2946 3306 2970 ,
3345 2903 3485 2960 sicut
3521 2905 3605 2959 his
3657 2920 3725 2959 ex

2145 2998 2440 3053 annalibus
2466 2999 2630 3052 etiam
2684 2997 2985 3052 manifesto
3047 3008 3226 3066 paret,
3261 2999 3313 3051 iu
3363 2999 3585 3066 regione
3619 2999 3722 3051 Ba-

2147 3090 2383 3157 gadatis,
2429 3104 2552 3158 qua:
2588 3088 2883 3158 Babylonia
2937 3089 3137 3159 priscis
3189 3099 3292 3153 est,
3344 3099 3396 3144 ct
3429 3092 3479 3143 in
3526 3091 3723 3145 vicinia

2155 3179 2554 3246 Carahemidae,
2589 3196 2711 3250 qua:
2738 3182 3014 3252 quondam
3044 3191 3162 3237 erat
3221 3183 3413 3236 Amida
3473 3184 3724 3255 Mesopo-

2157 3276 2358 3338 tamiae,
2389 3292 2537 3330 nunc
2568 3275 2857 3331 Diarbekir
2885 3276 3197 3346 appellatae.
3224 3277 3436 3343 Quibus
3501 3279 3554 3332 in
3587 3279 3723 3334 locis

2155 3381 2281 3421 cum
2307 3366 2836 3423 olimChaldmorum
2862 3371 3021 3424 sedes
3054 3369 3282 3436 fuerint,
3319 3371 3578 3440 equidem
3630 3388 3724 3425 su-

2157 3460 2344 3524 perius
2371 3460 2423 3514 in
2450 3462 2729 3514 annalium
2782 3462 3164 3530 supplemento
3192 3465 3458 3524 conclusi.
3513 3464 3727 3517 Curdos

2156 3568 2280 3607 esse
2304 3551 2608 3616 Chaldmos,
2657 3555 2959 3622 praesertim
2994 3570 3116 3608 cum
3149 3571 3178 3608 a
3213 3556 3405 3610 vicinis
3441 3556 3624 3612 Persis
3671 3570 3728 3611 et

2159 3644 2355 3699 Turcis
2384 3659 2447 3699 ea
2480 3646 2628 3713 regio
2678 3643 2968 3700 Curdistan
3017 3647 3340 3715 appelletur,
3370 3664 3530 3714 quam
3581 3666 3726 3704 nunc

2159 3735 2599 3808 quoqueKeldau
2627 3735 3004 3808 vocant497
3041 3739 3274 3801 Arabes,
3340 3738 3390 3792 id
3423 3749 3507 3793 est
3563 3739 3728 3792 Chal-

2157 3833 2353 3887 dacam.
2389 3830 2551 3885 Liber
2569 3831 2842 3896 ἀκέφαλος
2865 3831 3112 3885 historia:
3161 3831 3383 3894 Grarczr,
3434 3832 3592 3900 cujus
3627 3832 3726 3882 ali-

2159 3924 2379 3992 quoties
2429 3924 2760 3978 mentionem
2823 3924 2964 3989 frci,
3015 3935 3261 3994 posteros
3319 3925 3523 3988 Seruis,
3560 3924 3728 3980 Nohae

2163 4016 2281 4080 lilii,
2327 4017 2579 4085 regiones
2629 4015 2724 4068 has
2784 4016 3008 4070 sortitos
3063 4017 3268 4070 refert:
3327 4016 3588 4082 Persium,
3625 4017 3729 4070 iia-

2160 4107 2468 4170 ctrianam,
2531 4103 2885 4176 Hyrcaniam,
2940 4106 3336 4176 Babyloniam,
3379 4106 3726 4176 Cordynant,

2163 4196 2401 4267 Syriam,
2434 4196 2905 4266 Mesopotamiam,
2941 4212 3064 4250 cum
3100 4197 3223 4251 aliis
3250 4216 3370 4268 qua:
3398 4209 3723 4268 sequuntur.

2163 4289 2298 4358 Quis
2331 4290 2418 4343 hic
2438 4289 3024 4358 Cordynam,positam
3080 4290 3225 4346 inter
3279 4290 3628 4360 Babyloniam
3669 4303 3729 4342 et

2165 4384 2376 4455 Syriam
2411 4384 2995 4452 Mesopotamiamquc,
3046 4397 3151 4436 nou
3199 4384 3583 4436 animadvertit
3645 4398 3725 4435 re-

2089 4511 2133 4562 D
2164 4476 2393 4530 centiori
2423 4476 2684 4530 vocabulo
2710 4475 3067 4538 nominatam,
3093 4489 3190 4544 pro
3224 4475 3521 4529 Chaldaeo?
3582 4475 3723 4528 ltlctu

2159 4572 2321 4635 situs,
2359 4571 2518 4624 iidem
2555 4569 2691 4623 fines
2732 4569 2893 4623 hodie
2920 4578 3051 4623 sunt
3097 4569 3437 4633 Curdistani,
3501 4571 3567 4623 de
3616 4587 3725 4638 quo

2158 4668 2390 4736 agimus.
2421 4662 2569 4717 Adde
2602 4661 2827 4716 Cedrini
2863 4662 3040 4715 locum
3092 4678 3122 4716 e
3154 4661 3354 4716 Basilio
3408 4661 3726 4734 Macedone,

2159 4772 2282 4812 cum
2319 4756 2414 4818 ait,
2452 4753 2710 4807 Basilinnt
2771 4770 2800 4805 e
2845 4751 3234 4820 Mesopotamia
3294 4754 3544 4807 victoriae
3590 4771 3700 4808 nun

2161 4851 2267 4902 tios
2290 4847 2571 4915 accepisse
2600 4861 2612 4895 :
2640 4861 2764 4898 cum
2786 4845 2991 4910 quibus
3038 4844 3200 4896 allata
3261 4860 3481 4914 quoque
3528 4847 3727 4900 fuerint

2161 4941 2211 4995 ei
2252 4942 2416 4992 multa
2438 4940 2633 5006 spolia,
2663 4937 2942 5004 multaque
3003 4952 3083 4987 uir
3223 4964 3230 4968 ι
3327 4935 3620 4989 Curiorum
3675 4951 3728 4992 ct

2163 5031 2587 5084 Saracenorum.
2621 5025 2686 5080 lli
2716 5028 2868 5080 Curti
2893 5026 3051 5095 plane
3074 5041 3143 5079 no
3222 5027 3312 5079 rlii
3372 5037 3522 5091 sunt,
3563 5045 3725 5096 quam

2163 5125 2414 5177 hodierni
2451 5122 2641 5185 Curdi,
2671 5131 2724 5176 et
2752 5121 3113 5176 Curdistanize
3151 5122 3390 5190 regionis
3415 5121 3626 5176 incolzc.

2222 5216 2349 5270 255.
2385 5215 2482 5269 Ser
2511 5215 2674 5268 Asker
2700 5215 3014 5267 sultanum:
3046 5211 3268 5276 δεῖ-ἀοῖ,
3313 5213 3486 5282 μέγας
3519 5213 3663 5277 δελύξ.

2233 5306 2348 5360 Hoc
2369 5305 2526 5359 ollicii
2553 5306 2666 5360 sive
2688 5306 2968 5372 dignitatis
2992 5305 3133 5373 apud
3151 5303 3364 5358 Turcos
3395 5317 3500 5354 non
3531 5303 3727 5362 civilis.

2166 5401 2263 5455 sed
2292 5400 2542 5452 militaris
2575 5407 2658 5452 est
2717 5411 2937 5460 nomen,
2984 5411 3092 5464 quo
3155 5396 3495 5464 significatur
3545 5409 3734 5461 supre-

2165 5508 2288 5548 ntus
2319 5492 2616 5558 imperator
2640 5489 2916 5542 exercitus
2969 5486 3191 5549 sultani,
3243 5487 3355 5538 sive
3411 5485 3730 5553 capitaneus;

2165 5584 2432 5655 generalis
2467 5584 2564 5652 (uti
2603 5597 2744 5635 nunc
2775 5581 3071 5646 loquimur)
3119 5593 3281 5644 supra
3345 5588 3568 5630 CIBICI'OS
3617 5591 3731 5627 om-

2168 5692 2265 5731 nes
2293 5677 2602 5742 capitaneos
2625 5673 2918 5726 exercitus.
2952 5669 3120 5721 Asker
3150 5669 3380 5719 Arabice
3413 5679 3726 5732 supremum

2168 5764 2462 5837 significat,
2488 5781 2584 5833 pro
2609 5778 2716 5832 quo
2739 5759 3041 5812 Turcoruut
3101 5757 3293 5823 vulgus
3353 5756 3550 5809 Leslter
3599 5755 3734 5806 solet

3311 5851 3387 5908 29
