4230 6280
422 248 425 253 ’
486 264 591 329 907

1676 267 2001 329 JOANNIS
2045 270 2515 333 LEUNCLM'II

3624 277 3729 342 908

478 379 683 449 dicere,
722 376 885 434 veluti
922 394 1042 433 cum
1076 379 1209 434 Catii
1255 379 1453 435 Lesker
1480 381 1637 435 eiicrt
1664 381 1905 450 judicent
1936 398 2053 438 ma-
2082 393 2123 446 θ,
2153 386 2285 462 957,
2311 390 2650 462 Bagerlutiaa
2675 390 2817 459 regio
2838 392 2888 443 in
2910 392 3135 459 formam
3178 394 3565 462 beglei-begatus
3584 398 3727 448 redi—

478 472 711 535 almum,
740 470 831 539 qui
854 468 1126 523 Arabibus
1156 478 1240 523 est
1297 470 1428 523 Cadi
1490 472 1682 525 Asker.
1759 472 2049 526 Sullanum

479 561 733 633 gignendi
766 572 924 616 castus
963 570 1047 616 est
1086 560 1231 630 Ipud
1285 560 1517 617 Tttrcos.
1580 565 1760 619 Persis
1821 565 2048 626 Serdar,

479 666 587 707 non
625 652 723 708 Sei-
750 651 920 708 Aslter
944 663 1188 717 meatur,
1216 656 1438 709 nomine
1487 654 1682 711 Turcis
1710 656 1873 709 etiam
1950 672 2049 710 usu

477 753 659 813 capto.
692 742 864 799 Gneci
889 744 1124 813 denique
1152 746 1327 813 μέγαν
1348 745 1525 800 δοῦκα
1554 748 1907 800 nominabant
1946 750 2049 802 hoc

477 836 619 904 apud
648 848 706 890 se
738 829 1051 905 fungentem
1100 837 1296 901 oﬂlcio,
1357 840 1501 905 quod
1557 853 1807 906 magnum
1855 844 2050 893 duceni

477 926 721 988 denotat,
766 942 828 981 ac
912 927 1185 996 primariae
1242 929 1567 981 vocabulum
1637 930 1917 997 dignitatis
1968 941 2053 984 est

480 1020 621 1074 inter
656 1022 759 1074 alia
799 1023 980 1089 magni
1012 1019 1194 1088 palatii
1230 1033 1479 1073 munera.

671 1151 797 1211 958.
837 1152 1022 1210 Ketzic
1080 1156 1257 1221 bona,
1305 1155 1507 1211 Caceba
1546 1158 1842 1213 (Iliorusan.

548 1240 784 1303 Annales
807 1243 1026 1302 Ketzien
1047 1248 1290 1312 bassam,
1312 1248 1564 1303 familiari
1590 1245 1787 1304 Turcis
1806 1253 2049 1316 nomine,

477 1343 718 1396 Chanem
744 1342 893 1395 illum
920 1336 1196 1409 appellant
1219 1337 1537 1394 Cliitainuin
1563 1359 1578 1405 ;
1605 1342 1721 1411 qui.
1750 1358 1848 1395 ceu
1872 1343 2051 1411 capite

478 1433 637 1491 tertio
667 1431 932 1497 diximus,
962 1430 1066 1486 Ulu
1116 1430 1271 1486 Clian
1308 1429 1656 1485 discriminis
1686 1448 1851 1486 causa
1887 1447 2050 1485 voca-

478 1538 585 1589 tur,
620 1524 673 1579 id
708 1532 813 1586 est,
864 1523 1117 1577 excelsus
1164 1532 1258 1575 aut
1310 1538 1561 1578 summus
1592 1522 1746 1579 Clian
1803 1525 1917 1579 sive
1952 1542 2051 1580 res

476 1608 823 1671 Tatarorum.
862 1611 1057 1671 Ketzie
1094 1617 1275 1677 bassa,
1306 1616 1350 1669 si
1381 1617 1605 1669 verbum
1635 1618 1804 1671 Verbo
1830 1619 2048 1683 reddas,

2232 458 2407 524 gitur,-
2434 458 2802 528 Bagudatiiiua
2831 458 3075 529 cliulipha
3104 481 3122 516 :
3153 458 3478 517 δοίεὶιηαιῐεδ
3507 484 3537 515 a
3570 467 3728 517 cliuli-

2238 530 2341 594 plia
2374 532 2535 582 i-oluil
2564 532 2921 600 inaugurari;
2957 534 3201 600 cliuliplia
3228 534 3519 589 Caireuais.
3560 538 3718 589 litau-

2233 601 2531 665 gurationia
2556 604 2885 656 cn'remouiai.

2234 713 2305 763 lle
2339 714 2472 766 urbe
2498 713 2721 782 Bagdat.
2750 722 2865 769 sive
2894 717 3119 785 Bagdet,
3155 720 3363 774 dictum
3402 723 3561 776 initio
3597 724 3734 777 Pan-

2162 804 2339 859 dertis
2375 808 2573 868 nostri,
2598 810 2771 876 capite
2814 808 2870 863 ι.
2904 808 3005 863 ilic
3042 816 3358 873 notandum,
3398 816 3587 868 eodem
3631 830 3727 867 no-

2163 896 2307 948 mine
2341 898 2615 964 regionem
2649 910 2699 951 et
2732 900 2919 952 urbem
2946 902 3161 955 censeri
3200 920 3213 955 :
3244 906 3385 956 sicut
3415 916 3471 957 et
3501 904 3729 973 Babylo-

2164 989 2267 1041 niae
2319 991 2558 1059 regionis
2616 993 2945 1047 mentionem
3008 996 3169 1064 paulo
3209 1010 3354 1060 ante,
3392 999 3573 1064 capite
3601 998 3730 1059 23'2,

2163 1082 2472 1136 habuimus.
2505 1084 2828 1139 Addenduin
2881 1090 3084 1152 obiter,
3125 1090 3393 1158 hodieque
3422 1090 3729 1156 Clialiphen

2161 1175 2277 1228 sive
2308 1173 2613 1243 Cbeliplien
2650 1182 2943 1245 quemdam
2985 1180 3255 1250 Bagadaie
3289 1184 3553 1250 reliquum
3586 1200 3729 1246 esse.

2161 1266 2254 1331 qui
2288 1276 2469 1320 tamen
2506 1270 2772 1324 duntaxat
2802 1274 3024 1327 nomine
3056 1283 3219 1328 tenus
3258 1277 3583 1346 dignitatern
3621 1277 3733 1345 pri-

2164 1358 2361 1411 stinam
2388 1370 2593 1415 tuetur.
2623 1362 2910 1427 Quondam
2930 1366 3076 1419 enim
3112 1380 3418 1437 praepotens
3438 1378 3557 1421 erat
3586 1370 3732 1436 prin—

2160 1464 2312 1515 ceps,
2344 1459 2394 1503 ut
2432 1468 2495 1505 ex
2529 1455 2777 1521 praetoris
2806 1469 3028 1524 quoque
3069 1459 3244 1511 nostri
3281 1467 3432 1526 paret
3478 1460 3729 1517 historia.

2162 1541 2292 1595 licet
2346 1546 2667 1603 recentiori.
2719 1546 2855 1602 Nam
2895 1563 2999 1604 suo
3036 1562 3281 1620 tempore
3339 1566 3735 1607 commemorat

2160 1635 2511 1704 Tancharos,
2547 1640 2861 1696 bellicosam
2892 1644 3165 1699 nationem
3202 1643 3535 1711 Tataricain.
3563 1650 3735 1703 omis-

478 1711 738 1764 l‘iltrinum
765 1716 927 1778 caput
956 1707 1256 1777 signiﬁcat.
1284 1705 1360 1763 lta
1387 1716 1503 1763 tum
1536 1710 1590 1763 iii
1625 1726 1822 1778 genere
1864 1708 2048 1765 Tatari

2160 1727 2237 1781 sis
2267 1730 2583 1785 lniniicitiis
2609 1741 2665 1785 et
2689 1732 2846 1786 bellis
2876 1732 3142 1789 adversus
3174 1736 3452 1789 sultanum
3488 1737 3733 1794 lcouieu-

472 1801 711 1857 Chitaiui
742 1800 1121 1862 nominantur,
1159 1815 1188 1853 a
1224 1801 1461 1869 capitum
1494 1804 1826 1870 tegumentis
1854 1821 1884 1857 e
1909 1804 2051 1857 i‘iltro‘

476 1893 684 1959 factis;
724 1897 839 1947 tum
882 1891 1242 1961 peculiariter
1271 1891 1516 1961 ipsorum
1556 1893 1731 1959 Chan,
1788 1895 1875 1949 vel
1906 1897 2053 1964 prin-

469 1997 602 2055 ceps
630 1985 902 2040 maximus
934 2001 948 2037 :
980 1984 1205 2054 perinde
1250 1995 1315 2038 ac
1336 1983 1533 2041 Persas
1569 1985 1624 2040 in
1662 2004 1863 2055 genere
1919 1988 2052 2041 dici-

473 2092 593 2132 mus
621 2070 1118 2139 Kesilbassilarios,
1146 2090 1176 2129 a
1206 2075 1392 2130 rubris
1420 2077 1662 2146 capitum
1693 2078 2051 2147 tegumentis,

469 2182 523 2223 et
554 2170 654 2240 ipsi
680 2167 1032 2240 peculiariter
1047 2178 1239 2223 eorum
1267 2170 1470 2225 scaclio
1495 2178 1693 2225 nomen
1721 2169 2051 2228 Kesilba‘ssae

469 2262 788 2316 tribuimus.
852 2260 1006 2330 Apud
1042 2258 1259 2313 Iovium
1306 2272 1361 2316 et
1400 2263 1537 2317 alios
1588 2275 1906 2333 corruptum
1950 2282 2049 2319 no—

471 2366 592 2406 men
630 2352 846 2409 Caceba
897 2353 1201 2423 reperitur,
1248 2364 1345 2423 pro
1400 2354 1616 2423 integro
1642 2350 1808 2410 Kezie
1864 2358 2050 2413 bassa.

469 2444 808 2514 Teguinenta
844 2449 976 2499 vero
1009 2446 1253 2515 Cupitum
1301 2446 1417 2501 ha'c
1453 2443 1707 2502 Talarica
1768 2450 1965 2505 viridis
1996 2456 2049 2505 in

474 2537 791 2592 universum
822 2536 1030 2591 coloris
1048 2549 1196 2603 sunt,
1236 2549 1345 2607 quo
1370 2537 1634 2608 singulari
1660 2540 1899 2609 quodam
1928 2543 2052 2611 jure

471 2630 586 2683 sive
626 2628 913 2699 privilegio
965 2641 1026 2684 se
1061 2630 1138 2683 uti
1189 2639 1446 2684 ιειεηιιιι
1484 2646 1676 2687 omnes
1740 2645 2050 2704 pwptcrea,

468 2718 615 2790 quod
643 2728 820 2776 ortatn
849 2727 880 2774 (ι
910 2722 1177 2790 propheta
1216 2730 1429 2792 gentem
1457 2723 1771 2777 universam
1807 2726 2015 2792 glorier:
2036 2758 2050 2768 -

469 2822 579 2866 tur.
616 2812 831 2883 Quippe
888 2825 998 2868 non
1031 2822 1262 2868 utuntur
1297 2811 1443 2884 apud
1474 2807 1686 2869 ται-ρος
1718 2818 1773 2871 et
1820 2828 2051 2874 cwtrros

472 2901 889 2961 Mahumetai‘ios
919 2905 1120 2961 vestitu
1175 2901 1359 2971 viridi,
1389 2906 1494 2961 nlsl
1532 2908 1623 2977 qul
1667 2923 1841 2976 genus
1892 2925 2048 2964 animi

467 2993 537 3051 ad
569 2996 939 3053 Mahuinetem
976 2996 1257 3063 referunt;
1296 3009 1360 3053 ac
1385 2999 1688 3067 prmscrtiin
1719 3001 1865 3063 aliis,
1894 3012 2049 3057 extra

468 3091 593 3153 hos,
627 3090 801 3145 viride
822 3091 991 3162 capiti
1018 3098 1398 3162 tegumentum
1442 3087 1728 3155 adhibere,

466 3185 661 3253 iugi-ns
691 3183 877 3239 fuerit.
910 3182 982 3237 De
1006 3182 1350 3244 Cliorntane,
1389 3184 1503 3238 sive
1535 3183 1872 3255 tiliorasane,
1898 3185 2046 3241 dicto

467 3277 648 3348 capite
672 3278 723 3340 5,
755 3279 857 3334 sub
890 3274 1075 3330 uncia.
1104 3274 1273 3330 Recte
1294 3274 1567 3332 Cedrinus
1596 3278 1878 3333 Persidem
1907 3282 2047 3336 inte—

468 3355 668 3427 ii’o'rcm
696 3371 1019 3424 nominavit.
1048 3368 1195 3424 Sane
1224 3365 1269 3422 si
1296 3366 1616 3423 Tuurisium
1645 3372 2046 3442 occupantibus

469 3465 686 3526 Turcis,
717 3464 771 3516 in
796 3463 1116 3521 Cliorosane
1142 3466 1345 3520 bellum
1369 3466 1590 3537 gerebat
1620 3486 1632 3521 :
1668 3480 1725 3521 ut
1761 3466 2044 3520 minimum

468 3559 537 3611 ab
571 3558 651 3611 eis
678 3556 749 3611 ‘20
780 3556 989 3611 dierum
1041 3559 1232 3613 aberat
1262 3558 1476 3613 itinere.

469 3670 595 3728 237i.
631 3672 901 3733 Sullani“,
940 3674 1203 3739 quondam
1232 3672 1627 3743 Tigranen-ila
1665 3691 1679 3727 .'
1716 3674 1874 3743 Origo
1918 3671 2047 3729 Sul-

647 3744 818 3795 tunini
851 3745 1078 3797 nomini!
1100 3741 1243 3811 apud
1278 3743 1493 3809 Persas,
1519 3762 1582 3797 cat
1610 3741 1857 3799 Cctlriuo.

542 3837 865 3912 Notavimus
894 3873 924 3912 e
946 3855 1102 3911 Jovio
1133 3874 1324 3927 supra.
1355 3861 1533 3929 capite
1557 3862 1687 3924 ’ΞΟ-ί,
1720 3860 1892 3915 videri
1923 3862 2048 3914 Sul-

472 3950 678 4004 tauiain
718 3950 905 4001 urbem
935 3948 1067 4000 olim
1093 3948 1262 4004 fuisse
1292 3949 1762 4020 Tigranocm'tam.
1804 3952 2043 4006 nobilem

470 4041 673 4095 Graecis
701 4049 755 4095 ct
807 4037 1070 4095 Romanis
1110 4043 1164 4095 in
1199 4042 1451 4099 historiis
1482 4062 1494 4097 :
1526 4055 1624 4098 aut
1673 4046 1853 4098 saltim
1888 4060 1918 4098 e
1955 4044 2049 4097 'l‘i-

470 4143 808 4203 gianocertm
860 4133 1042 4188 ruinis
1087 4144 1427 4190 exstructam
1473 4136 1646 4193 fuisse
1708 4138 2044 4191 Sultaniani.

471 4233 675 4285 Numen
710 4231 812 4283 hoc
845 4245 875 4283 a
908 4230 1144 4284 snltanis
1177 4239 1262 4284 est
1284 4241 1607 4289 consertum.
1655 4230 1802 4297 quod
1848 4229 2049 4283 Persia:

470 4322 745 4388 quendam
785 4320 951 4374 fuerit
984 4321 1155 4389 regia,
1184 4320 1510 4388 Sultanique
1538 4323 1699 4376 sedes
1728 4339 1791 4376 ac
1821 4321 2051 4375 domici—

470 4415 623 4467 Iiutn.
660 4412 726 4465 Et
756 4427 783 4463 a
817 4411 919 4465 500
950 4413 1070 4478 plus
1106 4414 1286 4467 minus
1329 4415 1514 4475 annis,
1540 4422 1827 4481 postquam
1863 4414 2048 4477 Turci,

466 4505 651 4560 Persis
693 4520 753 4556 ac
785 4503 1074 4557 Saracenis
1106 4505 1407 4572 oppressis,
1456 4506 1611 4573 potiti
1650 4504 1877 4558 Perside
1932 4507 2049 4557 fue—

467 4605 613 4660 runt,
636 4597 911 4666 principes
932 4596 1215 4664 religionis
1232 4596 1496 4665 appellari
1517 4598 1729 4664 cepisse
1753 4596 2045 4649 sultanos:

465 4707 529 4742 ex
563 4690 649 4744 his
674 4687 897 4744 Cedriui
934 4688 1117 4742 verbis
1164 4688 1375 4757 liquido
1427 4699 1661 4743 censiat.
1721 4686 1883 4740 anci
1930 4698 2051 4755 p0~t

468 4781 827 4835 Muchemetis
847 4780 1068 4848 (inquit)
1110 4790 1361 4843 mortem,
1390 4780 1623 4848 deiectis
1662 4779 1892 4847 imperio
1926 4779 2049 4831 l‘er-

472 4873 551 4927 sis
583 4888 646 4926 ac
698 4870 1013 4935 Saracenis,
1052 4871 1262 4925 domini
1322 4868 1567 4925 Persidis
1623 4870 1747 4923 facti
1795 4884 1943 4934 sunt,
1996 4880 2048 4923 et

467 4964 906 5033 Tangrolipicein
930 4961 1219 5017 Sullanum
1248 4962 1611 5033 appellarunt.
1637 4962 1736 5015 hoc
1758 4972 1861 5025 est,
1892 4962 2045 5030 prin-

466 5058 638 5125 ripeni
664 5058 982 5108 universum
1011 5054 1300 5123 imperium
1332 5054 1620 5108 habentem
1652 5064 1707 5106 et
1742 5068 1926 5122 regem
1965 5068 2050 5103 re-

467 5165 613 5214 guilt.
654 5146 697 5198 Α
722 5145 1068 5199 'i'eniirlanco
1100 5144 1339 5214 denique
1372 5143 1622 5199 Sultania
1660 5145 1833 5200 fuisse
1865 5145 2049 5197 diruta

472 5248 796 5306 vastataque
833 5236 1175 5303 perhibetur.

691 5372 818 5424 $56.
885 5368 1109 5423 Flurius
1162 5371 1391 5423 Persidis
1449 5370 1621 5423 Durus
1658 5373 1841 5427 Cczid.

538 5464 575 5511 Λ
615 5462 912 5513 novcnario
956 5476 1183 5513 numero
1209 5477 1411 5513 nomen
1442 5462 1542 5514 hoc
1579 5462 1777 5515 nimus
1815 5464 2051 5529 accepit.

467 5551 681 5620 Quippe
709 5551 912 5613 Dorus,
950 5567 1140 5605 novem
1176 5552 1471 5621 signiﬁcat.
1500 5551 1751 5607 Nominis
1784 5569 1847 5605 ea
1884 5555 2050 5611 ratio.

466 5642 613 5711 quod
629 5642 794 5696 hacin
812 5653 965 5709 parte
989 5643 1225 5709 regionis
1254 5646 1354 5695 iter
1387 5642 1717 5697 facientibus
1750 5644 1935 5697 nmies
1965 5645 2052 5696 hic

467 5735 643 5789 munis
663 5735 887 5788 oznniuo
910 5750 976 5789 sit
997 5736 1079 5789 vel
1096 5736 1482 5801 traiiseundus,
1503 5736 1584 5789 vel
1606 5736 2046 5802 "adjiciendus.

2155 1819 2629 1889 sein,Babylouio
2687 1837 2839 1877 arma
2896 1825 3176 1891 intulisse,
3213 1842 3376 1897 quem
3432 1831 3729 1899 clialiplian

2154 1910 2623 1968 Musulmanorum
2657 1916 2826 1988 ωε
2873 1926 3065 1985 gentes
3121 1921 3394 1989 appellare
3428 1936 3732 1977 consueve-

2156 2004 2286 2057 rint.
2322 2005 2609 2061 Notionem
2640 2010 2893 2063 vocabuli
2926 2025 3118 2078 supra,
3149 2012 3326 2081 capite
3355 2017 3538 2079 tertio,
3580 2015 3734 2069 dedi-

2154 2111 2300 2151 mus.
2333 2097 2535 2169 tlagnie
2559 2101 2737 2155 adhuc
2761 2113 2845 2156 est
2870 2104 3215 2161 auctoritatis
3245 2105 3730 2171 apud'Musulma—

2154 2205 2274 2249 nos,
2312 2206 2423 2259 quo
2457 2191 2831 2249 Maliunietani
2884 2212 2944 2251 se
2987 2197 3209 2251 nomine
3257 2200 3491 2253 salutari
3543 2215 3730 2257 avent.

2152 2278 2342 2335 .lovius
2373 2283 2538 2338 etiam
2591 2288 2813 2349 fatetur,
2858 2287 2913 2340 in
2943 2287 3146 2359 Bagdat
3178 2290 3461 2360 (Ihaliphm
3502 2293 3618 2344 sive
3646 2310 3735 2347 δηι-

2153 2388 2371 2427 croruni
2403 2377 2665 2445 principis
2696 2380 2879 2432 sedem
2914 2395 3059 2441 esse.
3091 2381 3184 2448 qui
3219 2397 3248 2433 a
3276 2383 3494 2437 cunctis
3532 2381 3726 2438 Malim

2157 2467 2393 2520 nietanis
2455 2468 2701 2536 regibus.
2757 2470 2958 2537 inquit,
3013 2474 3336 2526 excolitur:
3391 2484 3441 2527 et
3496 2483 3731 2530 veterem

2153 2553 2449 2625 adoptandi
2478 2562 2895 2631 praerogativam
2937 2563 3155 2627 retinet,
3193 2578 3258 2618 ex
3283 2574 3538 2636 certaque
3556 2582 3737 2622 coeui.

2155 2652 2359 2719 ptionis
2406 2657 2737 2707 carcinoma
2771 2656 3134 2710 centirmandi
3161 2658 3510 2728 Assyriorum
3566 2663 3732 2733 regis.

2153 2745 2236 2797 Ab
2274 2745 2376 2798 hoc
2411 2742 2785 2809 Soleiinanes,
2814 2746 3017 2801 veteris
3044 2750 3455 2818 superstitionis
3482 2751 3735 2807 institma

2152 2844 2399 2897 secutus,
2448 2828 2685 2905 insignia
2714 2847 2768 2890 et
2800 2848 3124 2893 ornamenta
3158 2844 3429 2911 suscepit.
3464 2843 3735 2900 Cameniu-

2152 2931 2298 2983 niam
2345 2929 2786 2997 inaugurationis
2823 2928 3013 2987 Juvius
3064 2949 3173 2986 non
3207 2938 3487 3004 espnsuit.
3546 2937 3736 3009 Itaque

2154 3032 2473 3091 repetemus
2512 3038 2629 3075 eam
2678 3040 2740 3078 ex
2792 3027 3209 3082 co.iuncntariis
3279 3026 3428 3083 Petri
3487 3030 3736 3101 Martiris

1769 3093 2044 3190 Piaculum
2077 3112 2120 3171 C
2152 3108 2597 3178 Badiolaiiensis,
2632 3118 2701 3171 ita
2728 3128 2930 3175 tamen.
2952 3128 3008 3171 ut
3029 3121 3457 3190 priuslectorein
3515 3140 3737 3179 monen-

2160 3221 2280 3280 nius
2313 3250 2327 3271 ,
2361 3224 2467 3261 non
2501 3208 2757 3261 Asiaticae
2814 3206 3081 3262 duntaxat
3118 3211 3405 3281 Babyloni,
3442 3216 3739 3287 siveBaga-

2156 3288 2288 3362 dati,
2322 3299 2642 3368 Cliaiiphaui
2692 3301 2818 3353 oliui
2873 3300 3177 3369 pr.i:iuiSse,
3224 3304 3319 3370 qui
3364 3305 3503 3361 dicis
3556 3310 3735 3365 adhuc

2156 3407 2323 3445 causa
2354 3393 2562 3445 scilicet
2592 3394 2857 3447 retinetur
2882 3413 2895 3448 :
2917 3384 3010 3448 sed
3045 3396 3206 3448 etiam
3255 3396 3513 3468 Babyloni
3567 3399 3735 3473 Egy.

2158 3485 2367 3553 ptiacaz,
2391 3502 2511 3553 qum
2534 3484 2805 3554 Memphis
2836 3496 2939 3549 est,
2974 3485 3261 3550 etCaii-us,
3295 3490 3371 3542 uti
3403 3506 3545 3561 swpe
3578 3505 3730 3547 nota-

2160 3578 2360 3631 \iinu's.
2393 3579 2605 3631 Etenim
2632 3578 2838 3631 suliani
2869 3576 3111 3650 Egyptii
3134 3580 3247 3633 sive
3269 3581 3585 3647 Caircnses,
3628 3602 3727 3637 ex-

2157 3687 2321 3725 cusso
2356 3670 2673 3740 Bagadatini
2695 3672 2961 3740 ehaliplia:
2980 3674 3135 3741 μευ,
3160 3690 3227 3726 ne
3249 3674 3730 3731 confirmationem

2158 3768 2239 3818 Vel
2261 3765 2739 3833 inaugurationein
2761 3766 2952 3819 Saltem
2977 3768 3044 3819 ab
3068 3782 3132 3820 eo
3152 3776 3418 3835 petentes,
3447 3770 3734 3839 imperium

2156 3859 2209 3911 et
2238 3861 2619 3911 auctoritatem
2654 3858 2825 3927 ipsius
2850 3875 3149 3927 agnoscere
3177 3860 3498 3915 viderentur
3533 3880 3549 3918 :
3576 3879 3733 3916 suum

2158 3950 2261 4002 sibi
2290 3949 2599 4018 chaliphain
2633 3950 2975 4019 delegerunt,
3009 3950 3169 4003 titulo
3201 3960 3359 4006 tenus
3392 3944 3446 4005 id
3497 3954 3736 4007 nominis

2159 4044 2561 4112 ἵει-01110111,ᾳυί
2622 4054 2776 4098 certo
2828 4043 3161 4098 venditionis
3201 4045 3543 4114 imaginaria
3603 4047 3733 4111 ritu,

2158 4152 2432 4188 summum
2497 4135 2736 4187 sulianis
2768 4136 3080 4201 imperium,
3114 4146 3337 4205 acoepta
3378 4152 3488 4191 non
3538 4154 3733 4207 magna

2160 4228 2390 4294 pecunia
2420 4228 2679 4281 traderet.
2716 4225 2835 4281 Jam
2884 4228 3049 4297 igitur
3078 4228 3247 4294 ipsius
3290 4229 3452 4282 verba
3485 4228 3735 4300 Martyris

2160 4322 2470 4375 audiamus.
2520 4317 2752 4383 Habent,
2810 4321 3007 4388 inquit,
3059 4331 3113 4373 et
3151 4319 3396 4391 Egyptii
3460 4337 3731 4376 summum

2164 4414 2477 4481 [inutili-cm
2536 4414 2613 4483 (id
2649 4424 2754 4472 est,
2791 4413 3131 4481 clialipliani)
3164 4414 3227 4465 ad
3270 4429 3431 4483 quem
3480 4430 3735 4483 regnum,

2154 4505 2424 4572 siquidem
2457 4505 2557 4557 viri
2589 4514 2800 4567 essent,
2825 4505 3139 4573 pertineret.
3182 4505 3230 4558 ls
3255 4507 3347 4576 jus
3372 4523 3533 4560 suum
3572 4508 3734 4559 trium

2155 4598 2387 4648 niilliutn
2422 4599 2544 4648 auri
2578 4597 2967 4649 drachmarum
3026 4598 3200 4664 pretia
3265 4599 3469 4665 regiam
3527 4597 3733 4651 tenenti

2158 4690 2361 4741 vendit.
2391 4685 2430 4739 E
2482 4688 2742 4741 tribunali
2788 4688 3052 4747 Soldano.
3087 4692 3252 4741 stanti
3312 4690 3563 4757 pedibus,
3618 4691 3739 4743 vita:

2156 4782 2419 4848 necisque
2468 4780 2698 4832 liberam
2746 4788 3071 4849 potestatein
3130 4788 3243 4832 dat.
3283 4778 3402 4846 ipse
3432 4781 3737 4847 descendii,

2155 4874 2403 4939 seipsuin
2444 4872 2670 4940 spoliat,
2731 4873 3021 4926 soidanuin
3080 4872 3490 4939 imperaturum
3542 4873 3738 4937 induit,

2156 4967 2269 5019 abit
2303 4967 2571 5034 privatus.
2628 4966 2923 5019 Permanet
2985 4977 3039 5017 tn
3098 4967 3329 5032 imperio
3376 4965 3738 5027 Maliuinetes.

2154 5058 2364 5111 Caitbci
2409 5058 2553 5110 ﬁlius
2602 5066 2657 5109 et
2688 5071 3008 5112 successor.
3062 5056 3193 5121 Quae
3221 5057 3414 5110 ultima
3449 5057 3615 5111 verba
3677 5060 3742 5109 de

2156 5150 2238 5200 sui
2277 5149 2542 5217 temporis
2578 5148 2797 5200 sultano
2825 5148 3076 5216 protulit,
3122 5158 3254 5199 tunc
3290 5148 3401 5201 isto
3436 5148 3542 5199 ritu
3584 5148 3739 5200 inau-

2158 5251 2370 5306 g'irato.
2406 5238 2630 5308 Regiam
2671 5239 2873 5292 tenenti
2900 5239 2989 5306 jus
3022 5255 3180 5291 suum
3212 5253 3241 5290 a
3290 5238 3547 5307 ciialipha
3584 5254 3697 5291 ven.
3727 5240 3741 5292 i

2157 5331 2308 5393 dicit,
2369 5329 2684 5383 Cairenscin
2746 5332 3090 5382 sultauorum
3142 5329 3346 5397 regiam
3404 5328 3738 5397 intelligens,

2156 5441 2321 5491 quam
2358 5424 2582 5476 annales
2612 5424 2661 5474 in
2698 5422 2899 5475 Selinic
2924 5422 3161 5475 saraiuin
3203 5424 3283 5476 vel
3320 5423 3579 5490 palatium
3615 5422 3740 5478 Sul-

2160 5512 2405 5561 taniiiuui
2446 5498 2746 5577 appellant.

2438 5624 2566 5678 258.
2590 5626 2785 5677 διιιιαη
2816 5624 3003 5694 lnrnp,
3044 5625 3201 5679 "este
3232 5626 3460 5681 lie/liste.

2230 5738 2386 5792 Hunc
2440 5738 2714 5794 sultanum
2778 5740 3051 5813 lacupcm.
3112 5742 3368 5809 scachum
3417 5740 3740 5803 Persarum,
