4230 6280
538 333 642 401 011

1725 350 2055 415 JOANNIS
2099 356 2560 419 LEUNCLM’II

3662 363 3775 427 '912

540 471 654 511 ἐπὶ
683 464 956 526 Ρέίετείυτ
994 457 1225 526 ingredi.
1252 456 1630 517 Coercitnrnm
1663 482 1719 520 se
1759 484 1910 533 suris,
1938 482 1995 524 ut
2035 472 2101 524 ab
2130 477 2176 534 Α
2205 473 2465 539 Tandem,
2505 478 2571 528 ad
2615 491 2676 528 ea
2712 491 2833 545 qua:
2861 477 3115 544 petebant
3150 477 3267 530 loca
3319 491 3442 532 cum
3490 483 3772 547 pervenis-

538 547 687 601 omni
715 550 1000 615 maleficio,
1021 553 1321 619 praesertim
1356 569 1481 623 erga
1525 557 1796 626 religionis
1831 576 2102 616 consensu

537 639 638 690 sibi
672 637 970 703 devinctos,
1005 642 1361 698 abstinerent.
1385 646 1594 716 Quippe
1620 665 1708 701 rex
1733 651 1956 713 Adonis.
1984 655 2104 707 nni-

537 744 691 783 versa
709 743 1008 797 cumgente
1025 748 1144 798 sua,
1167 735 1487 791 Mabumctis
1505 755 1661 793 sacra
1684 743 1917 798 colebat.
1933 744 2105 798 Intol-

536 822 694 876 lectis
725 821 873 877 hisce
907 827 1214 892 postulatis,
1257 829 1309 881 in
1339 841 1550 897 portum
1612 831 1884 888 Osmanici
1910 837 2105 890 admit-

535 924 746 970 tuntur.
781 916 978 970 Eodem
1002 927 1119 972 astu
1151 921 1471 990 vafritieque
1498 925 1827 995 beglerhegi,
1849 930 1913 982 ad
1938 930 2105 984 collo-

531 1009 659 1074 quia
707 1025 843 1075 rex,
899 1023 952 1062 et
1002 1012 1248 1066 convivia
1313 1017 1604 1082 pellicitur.
1682 1019 1928 1088 Cumque
1982 1031 2105 1089 post

534 1101 740 1168 aliquot
767 1102 882 1156 dies
915 1104 965 1155 in
995 1107 1172 1157 navim
1227 1109 1557 1175 prmtoriam,
1623 1111 1796 1165 tribus
1841 1113 2104 1167 duntaxat

533 1205 564 1241 e
613 1192 727 1246 suis
761 1193 1075 1259 comitatus,
1130 1198 1356 1262 veniret,
1406 1211 1754 1268 peramanter
1800 1203 2101 1269 salutatur,

534 1283 803 1353 excipitur
839 1285 1070 1352 blande,
1105 1303 1306 1344 mensa:
1347 1301 1400 1344 et
1434 1294 1608 1360 epulis
1652 1295 1967 1349 adhibetur.
1998 1298 2102 1350 Sed

532 1387 653 1442 post
683 1378 1016 1442 convivium,
1052 1381 1234 1434 nescio
1265 1397 1370 1448 qua
1407 1385 1695 1439 occasione
1727 1397 1961 1455 captata,
1985 1402 2106 1440 cor-

532 1468 733 1534 ripitur
768 1485 780 1522 :
823 1484 884 1522 ac
916 1478 1029 1522 tum
1069 1471 1288 1525 demum
1327 1474 1527 1529 sentire
1570 1477 1732 1530 miser
1771 1479 1958 1546 cmpit,
2003 1479 2106 1532 im-

531 1561 828 1628 proborum
897 1578 1122 1618 munera
1147 1580 1270 1620 cum
1325 1566 1505 1620 fucata
1567 1569 1851 1634 blanditie,
1901 1569 2106 1624 fraudis

532 1669 651 1708 esse
682 1654 861 1723 plena,
926 1671 1263 1728 prorsnsque
1318 1661 1616 1728 respuenda
1663 1662 2102 1730 circumspectis.

535 1747 644 1801 Nec
675 1766 848 1812 mora,
884 1753 1009 1804 dum
1036 1769 1126 1807 rex
1166 1755 1220 1807 in
1255 1757 1505 1822 praetoria
1551 1756 1850 1822 detinetur,
1909 1758 2105 1814 milites

2207 576 2353 634 sent,
2384 566 2542 621 bassa
2571 568 2861 624 Lusitanos
2889 569 3105 639 aggredi
3132 571 3315 639 cmpit,
3344 582 3399 626 et
3425 571 3613 625 urbem
3633 570 3771 625 Dion

2208 661 2325 715 sive
2381 660 2586 726 Devon,
2619 679 2645 714 a
2689 661 2969 716 Lusitanis
3025 661 3278 716 Zambrio
3339 663 3450 732 regi
3497 675 3768 732 ereptam,

2208 751 2494 806 obsidione
2531 753 2674 824 cingi
2720 753 2904 821 jussit.
2957 753 3145 822 Itaque
3197 754 3464 807 machinis
3512 752 3774 808 bellicis’e

2212 841 2445 897 navibus
2505 844 2557 897 in
2621 855 2823 898 terram
2873 845 3162 914 expositis,
3221 853 3532 912 oppugnata
3580 843 3772 898 civitas

2206 936 2568 1005 quadraginta
2609 938 2800 992 diebus
2840 939 3138 1000 continuis,
3199 946 3310 990 tam
3366 945 3509 988 to-rra
3539 977 3552 998 ,
3610 950 3771 1004 quant

2207 1029 2341 1082 tnari
2375 1047 2388 1082 τ
2427 1031 2522 1084 sed
2572 1032 2730 1084 irrito
2779 1032 2939 1099 plane
2982 1039 3202 1083 conatu.
3257 1027 3450 1081 Turris
3506 1027 3773 1080 duntaxat

2206 1122 2475 1190 qumdam,
2531 1123 2704 1177 instar
2770 1122 2979 1177 castelli
3015 1137 3109 1175 seu
3169 1119 3565 1190 propugnaculi
3601 1117 3769 1181 facta,

2205 1232 2326 1284 qua!
2387 1231 2496 1270 uno
2543 1231 2609 1270 ac
2677 1216 2907 1269 dimidio
2964 1215 3152 1268 aberat
3193 1215 3261 1268 ab
3314 1217 3445 1267 urbe
3494 1211 3689 1275 stadio,
3719 1223 3771 1263 et

2205 1310 2294 1363 cui
2344 1309 2577 1378 prasidii
2641 1324 2808 1363 causa
2871 1307 2940 1361 80
2980 1306 3227 1361 Lusitani
3275 1306 3474 1359 milites
3534 1301 3768 1371 impositi

2207 1403 2443 1465 fuerant,
2479 1401 2784 1457 'l‘urcorum
2819 1401 2872 1456 in
2927 1410 3245 1471 potestatem
3271 1401 3416 1453 venit
3455 1417 3469 1453 :
3499 1397 3773 1465 praesidia-

2205 1496 2304 1549 riis
2352 1509 2471 1550 sese
2522 1494 2871 1557 dedentibus,
2937 1504 2990 1548 ct
3025 1509 3144 1547 mox
3189 1492 3240 1545 in
3275 1506 3440 1546 naves
3477 1490 3772 1559 perductis.

2208 1586 2430 1640 Duobus
2459 1585 2660 1655 elapsis
2691 1587 2998 1648 mensibus,
3028 1588 3276 1641 auditum
3309 1588 3374 1641 dc
3405 1585 3582 1640 classe
3620 1580 3772 1637 Lusi-

2208 1681 2410 1744 tanica,
2443 1695 2561 1748 quae
2595 1682 2708 1735 suis
2732 1695 3054 1735 succursum
3093 1681 3326 1735 veniret.
3381 1679 3569 1747 Itaque
3605 1678 3772 1731 terri-

2207 1781 2296 1829 tus
2326 1774 2510 1833 bassa.
2547 1775 2828 1830 machinas
2851 1776 3076 1829 bellicas
3097 1773 3330 1828 navibus
3362 1773 3566 1842 imponi
3586 1771 3772 1839 jussit,

535 1846 843 1912 conplures
875 1847 941 1900 de
986 1848 1280 1910 industria,
1329 1851 1505 1904 victus
1560 1851 1912 1912 comparandi
1966 1869 2104 1920 prte-
2134 1836 2178 1895 Β

2134 1836 2178 1895 Β
2211 1883 2274 1920 ac
2305 1876 2469 1921 noctu
2501 1868 2718 1922 solvens
2771 1867 3036 1936 profugit.
3083 1865 3262 1931 Quam
3326 1866 3471 1920 enim
3529 1867 3775 1921 animose

536 1945 706 2001 textu,
745 1937 1015 1992 civitatem
1051 1939 1451 2007 ingrediuntur.
1509 1940 1695 1996 Solent
1740 1945 1884 1999 enim
1913 1943 2102 2008 Turci,

535 2030 679 2098 quod
714 2031 762 2082 vi
798 2045 904 2082 nou
939 2039 1185 2097 possunt,
1215 2042 1308 2086 aut
1365 2033 1580 2103 absque
1615 2038 1782 2090 multa
1819 2037 2105 2106 sanguinis

534 2120 820 2187 effusione,
880 2121 1043 2184 dolis,
1077 2130 1131 2174 et
1186 2123 1412 2192 perfidia
1463 2126 1746 2195 consequi.
1775 2124 1897 2179 Mox
1931 2126 2105 2180 Solei-

537 2218 681 2271 mani
716 2218 890 2271 basse
921 2231 1016 2285 per
1071 2228 1315 2270 secretos
1361 2217 1569 2272 iudices
1600 2218 1876 2279 nuntiant,
1915 2219 2106 2273 Arabi-

536 2308 636 2361 bus
659 2309 860 2371 resiSti,
893 2318 950 2362 et
993 2310 1181 2362 urbem
1211 2308 1425 2361 defendi
1458 2324 1643 2378 posse,
1691 2310 1819 2363 licet
1856 2310 2106 2363 advenis-

536 2408 656 2453 sent
685 2401 787 2454 illa:
817 2415 1036 2471 quoque
1066 2403 1256 2468 capite,
1309 2417 1445 2470 quas
1475 2403 1614 2454 fama
1663 2402 1773 2470 jam
1814 2403 2106 2456 adventare

536 2493 763 2547 ferebat.
791 2491 928 2548 Tum
990 2494 1147 2548 bassa
1186 2497 1570 2547 maturandum
1616 2495 1829 2554 statuit,
1885 2505 1938 2549 et
1969 2495 2104 2547 Ara—

536 2587 662 2639 bum
714 2585 1059 2655 anticipanda
1120 2587 1369 2640 consilia.
1417 2585 1593 2640 Portis
1651 2603 1746 2655 per
1804 2587 2100 2640 absentiam

537 2678 677 2748 regis
737 2677 1039 2746 occupatis,
1111 2679 1267 2732 miles
1319 2677 1678 2731 immittitur:
1720 2680 2105 2748 oppressisquc

535 2772 834 2826 Turcorum
881 2785 1108 2825 numero
1163 2773 1399 2835 civibus,
1448 2771 1597 2825 Aden
1656 2771 1710 2824 in
1777 2780 2101 2841 potestatem

538 2862 817 2931 redigitur.
851 2859 974 2915 Mox
1016 2872 1070 2914 et
1124 2864 1236 2930 ipse
1291 2878 1384 2916 rex
1435 2862 1756 2931 productus,
1803 2860 1869 2914 ad
1902 2862 2102 2914 malum

535 2957 800 3021 prtctorize
843 2957 996 3009 navis
1046 2955 1098 3008 in
1143 2954 1359 3007 sublimi
1386 2994 1400 3012 ,
1436 2954 1609 3007 tribus
1639 2955 1744 3007 illis
1772 2968 1895 3006 cum
1930 2952 2102 3005 comi—

535 3050 699 3114 tibus,
735 3051 1122 3118 suspenditur;
1189 3056 1242 3103 et
1277 3048 1343 3101 ad
1395 3059 1686 3112 terrorem,
1720 3047 1864 3100 futile
1897 3057 2103 3115 specta-

537 3142 678 3207 culo,
711 3140 921 3195 civibus
977 3141 1094 3195 suis
1143 3148 1485 3200 ,nstentatur.
1539 3140 1803 3210 Oppidani
1862 3150 1970 3193 tam
2019 3139 2103 3193 in-

2208 1974 2336 2014 suas
2391 1960 2444 2012 in
2492 1961 2726 2029 speciem
2779 1959 3072 2013 instituunt
3127 1966 3180 2011 et
3219 1958 3510 2013 ordiuntur
3559 1961 3776 2028 expetii-

2210 2051 2407 2116 tioncs,
2442 2053 2606 2107 Turci
2637 2053 2738 2106 levi
2767 2062 3042 2107 momento
3069 2052 3271 2114 territi,
3300 2051 3463 2106 rebus
3494 2066 3560 2105 ex
3605 2051 3774 2104 animi

2206 2154 2334 2200 voto
2396 2161 2501 2199 non
2555 2145 3000 2201 succedentibus.
3057 2145 3278 2199 honoris
3323 2143 3467 2197 omni
3527 2155 3774 2212 respectu

2208 2237 2530 2305 postposito,
2574 2251 2673 2290 ceu
2707 2234 2914 2290 timidae
2963 2233 3253 2302 diffugiunt
3284 2233 3480 2288 damaa.
3530 2233 3777 2303 Cumque

2201 2327 2310 2396 jam
2340 2330 2498 2383 bassa
2524 2344 2627 2382 non
2663 2329 2853 2398 procul
2881 2345 2906 2380 a
2935 2327 3176 2382 Zebctho
3194 2339 3337 2382 esset
3364 2328 3582 2397 oppido,
3609 2327 3776 2380 inter-

2209 2422 2295 2474 fici
2324 2420 2564 2488 captivos
2597 2420 2652 2474 in
2692 2419 2876 2475 littore
2926 2419 3114 2490 jussit.
3158 2419 3381 2472 Duravit
3439 2433 3642 2472 annum
3685 2418 3770 2471 in-

2209 2522 2416 2582 tegrum
2479 2513 2591 2568 lucc
2637 2513 2930 2582 expeditio,
2988 2513 3200 2582 fuitque
3230 2512 3531 2566 Zi-bcthum
3576 2511 3768 2574 etiam,

2206 2605 2417 2660 Arabim
2456 2604 2655 2660 Felicis
2695 2607 2976 2675 oppidum,
3005 2624 3030 2658 a
3066 2607 3258 2660 Turcis
3303 2605 3356 2657 in
3391 2604 3565 2658 reditu
3609 2618 3779 2670 expu-

2206 2709 2450 2768 gnatum.
2492 2699 2622 2752 Tant
2679 2700 2850 2751 Adetii
2879 2742 2895 2764 ,
2943 2713 3101 2766 quam
3157 2698 3419 2760 Zebetbo,
3468 2695 3773 2764 beglerbegi

2206 2805 2327 2842 cum
2358 2789 2770 2857 depbterdaris,
2803 2789 3001 2859 singuli
3034 2791 3262 2856 singulis
3293 2789 3532 2858 praefecti
3597 2788 3772 2848 fuere.

2203 2878 2271 2933 de
2307 2881 2503 2948 quibus
2549 2896 2654 2935 non
2708 2882 2879 2936 multo
2918 2891 3056 2952 post,
3090 2882 3142 2934 in
3179 2882 3655 2951 beglerbcgatuum
3684 2895 3774 2934 ca-

2204 2976 2407 3041 talogn.

2205 3080 2334 3135 242.
2360 3080 2564 3138 Bellum
2587 3092 2772 3137 contra
2798 3083 3142 3136 Cliimcrioms
3165 3100 3180 3137 :
3211 3081 3779 3146 Ccmuniaﬁhimam,

2673 3155 2710 3205 Α
2723 3156 2925 3215 velona,
2947 3151 3095 3206 Lutsi
3119 3155 3299 3207 bassa.

536 3233 697 3302 dign"
733 3233 840 3299 Γεϐί
914 3231 1135 3301 Simque
1201 3231 1445 3284 "mentes
1491 3229 1706 3283 ml'su'“
1731 3268 1745 3292 ν
1780 3229 1931 3283 Velm
1962 3230 2014 3282 i“
2055 3244 2111 3283 rc
2137 3216 2180 3280 ο
2287 3247 2631 3300 Cbimcriotm
2657 3255 2784 3300 sunt
2808 3247 3143 3309 Arnatttlari,
3183 3246 3263 3298 vel
3299 3243 3512 3308 Albani,
3549 3243 3630 3296 vel
3657 3241 3784 3310 Epi-

539 3324 717 3375 snbita
769 3320 1041 3391 trepidare
1075 3339 1088 3374 :
1121 3320 1298 3389 capite
1350 3320 1618 3381 desxitnti,
1655 3318 1905 3375 hostibus
1934 3321 2112 3390 impa-

543 3430 628 3469 res
657 3430 908 3480 numero,
948 3414 1166 3469 consilii
1202 3413 1434 3483 denique
1473 3415 1682 3481 inopes,
1717 3413 1850 3467 nihil
1888 3413 2110 3467 omnino

541 3507 744 3562 moliri.
785 3506 875 3562 Sic
928 3508 983 3561 in
1034 3508 1352 3562 servitutem
1407 3508 1638 3560 redacta:
1683 3506 1887 3560 civitati
1929 3506 2112 3574 praesi-

541 3601 690 3654 diqu
753 3598 970 3652 firmutn
1024 3598 1342 3667 imponitur,
1414 3598 1642 3667 provido
1677 3599 1886 3652 scilicet
1940 3599 2111 3653 llaSSiC

541 3693 822 3749 consilio:
863 3706 952 3755 ne,
999 3693 1043 3746 si
1098 3693 1221 3761 quis
1263 3692 1526 3746 adversus
1586 3693 1632 3746 ei
1691 3707 1853 3746 casus
1922 3692 2110 3744 Indico

546 3785 685 3839 bello
720 3784 1024 3846 accideret,
1083 3783 1316 3836 vicimnn
1367 3782 1580 3836 deesset
1628 3783 1953 3854 perfugium.
2005 3781 2114 3836 Nec

542 3881 686 3933 enim
719 3894 747 3932 a
788 3888 937 3948 tergo
984 3876 1146 3930 Turci
1199 3877 1511 3946 relinquere
1540 3876 1718 3931 Solent
1744 3880 1980 3946 aliquem
2026 3877 2110 3931 vel

546 3980 855 4040 suspectum
893 3970 973 4023 vel
1027 3969 1422 4033 adversarium,
1460 3960 1550 4036 qui
1589 3969 1840 4036 quemvis
1873 3970 1923 4020 in
1951 3983 2115 4021 even-

547 4080 660 4123 tum
691 4085 815 4123 esse
869 4067 969 4122 sibi
1025 4067 1201 4137 possit
1251 4064 1666 4134 impedimento.
1703 4063 1910 4131 Quippe
1945 4079 2116 4132 genus

549 4164 651 4215 hoc
705 4161 1064 4214 Bu'barorum
1123 4159 1280 4227 longe
1328 4156 1574 4210 omnium
1625 4155 1975 4208 vaferrimum
2007 4163 2114 4217 est,

547 4263 600 4307 et
640 4263 749 4307 tam
797 4253 1156 4319 pra'scntihus
1215 4265 1378 4318 qttam
1432 4248 1634 4302 futuris
1663 4248 2116 4315 circumspiciun-

547 4348 634 4403 dis
665 4361 729 4400 ac
753 4344 1084 4414 pensitaudis
1119 4342 1564 4395 solertissimtmi.
1619 4340 1882 4394 Praeterea
1911 4351 2115 4406 potitus

551 4441 733 4492 Adene
760 4437 938 4499 bassa,
969 4437 1012 4489 si
1045 4435 1266 4504 quidem
1316 4433 1526 4500 reliqua
1575 4447 1680 4484 non
1705 4431 2022 4485 succederet
2052 4445 2114 4484 ex

550 4531 716 4584 animi
772 4529 1038 4582 sententia
1101 4527 1408 4594 exlieditio,
1471 4522 1664 4578 fecisse
1728 4532 1904 4576 tamen
1941 4537 2117 4590 operae

549 4624 780 4690 pretium
808 4621 977 4674 videri
1003 4627 1237 4688 poterat,
1268 4632 1330 4670 ac
1357 4617 1495 4668 viam
1527 4615 1813 4683 aperuisse
1836 4615 2113 4668 tentandis

550 4722 693 4788 apud
754 4717 917 4770 ludos
949 4715 1245 4782 aliquando
1304 4711 1630 4780 majoribus.
1679 4707 2123 4777 Captamcivita-

553 4822 655 4861 :cm
693 4810 970 4874 ingressus
1005 4806 1362 4866 Solcimanes,
1418 4804 1546 4856 dato
1568 4802 1746 4866 signo,
1786 4798 2116 4868 proelantari

549 4899 734 4964 jussit.
769 4911 837 4950 ne
864 4897 1063 4950 civium
1089 4896 1249 4952 bona.
1289 4908 1421 4946 neve
1455 4906 1664 4945 merces
1697 4891 2069 4960 diriperentur
2102 4907 2116 4942 :

553 5000 604 5043 et
627 4990 913 5058 quemdam
943 5003 971 5039 e
1003 4989 1137 5045 suis,
1191 4985 1399 5037 vilioris
1435 4983 1709 5037 hominem
1765 4983 2121 5042 COlldiliOttiS,

558 5081 608 5132 in
646 5083 757 5147 ipsa
790 5081 941 5131 urbis
979 5086 1130 5145 porta
1181 5079 1452 5130 terrendis
1483 5076 1715 5138 caeteris,
1749 5075 1926 5141 capite
1968 5075 2123 5141 plecti

554 5173 730 5236 jussit.
769 5170 928 5240 500
963 5173 1277 5222 Aromatum
1321 5183 1556 5237 namque
1605 5183 1795 5237 magna
1826 5166 1933 5220 huc
1968 5166 2126 5233 copia

561 5262 751 5314 deferri
777 5277 842 5314 ex
866 5261 1015 5312 India
1047 5261 1204 5313 Solet.
1238 5261 1499 5314 Praeterea
1534 5260 1690 5312 sinus
1715 5259 1980 5312 Arabieus
2011 5260 2130 5310 sive

534 5352 812 5408 ‘Persicus
873 5354 956 5404 hic
1023 5353 1230 5421 incipit,
1259 5362 1312 5405 et
1357 5352 1754 5422 Abyssinorttm
1790 5352 2129 5416 Ethiopnm,

565 5462 796 5515 quorum
827 5462 915 5498 rex
959 5445 1294 5513 Praetejanus
1343 5446 1506 5514 vulgo
1548 5444 1883 5502 nominatur,
1919 5452 2130 5496 montes

564 5547 728 5606 atque
804 5538 1005 5591 limites
1075 5537 1270 5589 ibidem
1328 5537 1760 5603 conspiciuntur.
1836 5533 2128 5598 Osinaniei,

567 5634 750 5686 Adcne
781 5630 986 5692 relicta,
1018 5644 1142 5683 cum
1189 5642 1400 5680 annona
1441 5628 1660 5695 copiosa
1717 5640 1881 5680 naves
1906 5641 2132 5678 oneras-

568 5732 707 5788 sent,
748 5721 965 5778 Oceano
1024 5736 1084 5775 se
1129 5721 1541 5783 commiserunt,
1595 5734 1656 5771 ac
1691 5717 1877 5771 decem
1911 5731 2134 5769 novem-

569 5830 675 5886 que
706 5815 821 5869 dtcs
845 5830 906 5869 ac
935 5825 1121 5868 nectes
1159 5813 1351 5866 itinere
1391 5810 1662 5864 maritimo
1702 5824 2124 5878 consumpsere.

2218 3346 2372 3400 rotae,
2426 3349 2577 3393 trans
2641 3341 2816 3393 sinum
2863 3356 2925 3393 ex
2955 3343 3177 3392 adverso
3210 3338 3458 3409 Corcyra:
3492 3336 3581 3390 siti
3622 3352 3635 3388 :
3673 3350 3778 3404 qua

2219 3429 2273 3483 in
2302 3432 2520 3498 regione
2547 3435 2802 3486 continua
2834 3433 3094 3487 montium
3126 3431 3299 3486 series
3346 3435 3450 3493 est,
3480 3443 3638 3497 quam
3670 3443 3781 3478 uno

2216 3524 2482 3577 vocalmlo
2532 3528 2838 3594 nautmjam
2891 3528 3076 3579 dicunt
3120 3523 3452 3579 Chimeram.
3488 3520 3674 3574 Juvius
3725 3531 3781 3572 et

2219 3614 2308 3666 alii
2336 3615 2664 3668 ιὀιιιιιισιίηι
2701 3616 2813 3669 haec
2857 3616 3030 3669 fuisse
3059 3622 3317 3668 montana
3346 3612 3428 3665 vel
3454 3612 3556 3680 ὄρη
3580 3609 3780 3662 Cerau-

2221 3707 2330 3769 nia,
2354 3706 2585 3774 itemque
2606 3706 3034 3765 Acrocerannia.
3060 3719 3157 3771 pro
3178 3704 3378 3771 quibus
3402 3702 3580 3755 dicere
3599 3696 3782 3751 malim

2220 3796 2471 3865 equidem
2512 3799 2652 3851 Acra
2709 3797 3001 3852 Ceraunia.
3048 3794 3155 3849 Leo
3200 3806 3383 3848 tamen
3425 3793 3702 3861 Augustus
3729 3789 3783 3838 ill

2223 3890 2430 3942 novella
2454 3889 2522 3943 de
2552 3889 2811 3951 Thronis,
2847 3896 2904 3940 ut
2934 3889 3109 3941 obiter
3141 3886 3421 3955 attigimus
3476 3892 3655 3944 antea,
3686 3879 3788 3933 sub

2222 3978 2438 4032 Etoliae
2488 3979 2771 4047 metropoli
2820 3979 3121 4046 Naupacto,
3169 3986 3277 4030 tam
3308 3975 3590 4041 Buthroti,
3620 3984 3784 4040 quam

2221 4072 2487 4124 Chimarze
2539 4073 2776 4125 collnc:it
2819 4073 3208 4140 episcopatus:
3243 4085 3363 4138 quas
3406 4071 3522 4120 loca
3561 4067 3664 4119 sibi
3695 4064 3787 4114 in-

2221 4164 2394 4216 vicrm
2450 4164 2648 4229 vicina,
2708 4163 2961 4217 Butintro
2988 4174 3040 4217 et
3071 4162 3351 4224 Chimera,
3382 4177 3504 4214 cum
3539 4160 3648 4212 illic
3682 4160 3790 4211 ba!-

2223 4268 2498 4318 reremus,
2548 4271 2577 4308 a
2637 4256 2814 4309 nautis
2863 4257 3064 4310 nostris
3117 4253 3555 4323 appellabantur.
3589 4250 3786 4305 Iisdem

2223 4346 2487 4410 Avelona,
2521 4348 2678 4414 cujus
2705 4348 2792 4401 hic
2817 4349 3018 4400 mentio
3051 4345 3128 4408 fit,
3151 4345 3541 4398 euuutiabatur
3575 4343 3790 4409 adjecto

2227 4438 2458 4491 articulo
2507 4438 2715 4501 Italico,
2781 4438 3070 4500 Lavelona,
3108 4437 3190 4490 vel
3229 4437 3523 4505 disjuncte,
3577 4433 3791 4505 La‘Ve-

2227 4530 2376 4592 Iona,
2409 4545 2528 4582 cum
2565 4529 2784 4598 quidem
2837 4530 3071 4593 vulgaris
3125 4529 3324 4594 lingua:
3374 4525 3577 4580 Graeca:
3635 4526 3790 4594 periti

2225 4624 2513 4688 adderent,
2541 4638 2605 4676 eo
2639 4623 2857 4676 nomine
2890 4622 3094 4689 βελώνη
3139 4621 3438 4689 significari
3473 4636 3657 4672 acum.
3686 4617 3792 4671 Sed

2226 4714 2555 4782 ignorabant
2606 4713 2856 4766 homines
2914 4723 2966 4765 et
3009 4708 3350 4773 antiquitatis
3397 4719 3450 4760 et
3489 4708 3791 4760 litterarum

2229 4806 2416 4870 rudes,
2459 4806 2880 4874 appellationem
2936 4803 3298 4855 recentiorem
3348 4803 3486 4853 hanc
3534 4815 3598 4851 ex
3624 4798 3793 4853 VBlt‘li

2225 4897 2438 4951 Anlone
2471 4896 2688 4948 factam.
2745 4893 2860 4949 Sita
2916 4905 2998 4946 est
3028 4895 3078 4945 in
3131 4893 3355 4944 Albania
3388 4890 3470 4944 vel
3503 4889 3687 4956 Epiro,
3730 4905 3793 4940 ex

2230 4989 2460 5042 adverso
2519 4997 2777 5039 extremm
2828 4986 2972 5038 illius
3015 4999 3124 5037 orre
3177 4983 3340 5036 Italia:
3375 4997 3496 5051 qua:
3523 4982 3576 5032 in
3605 4981 3796 5048 Apulia

2230 5079 2666 5149 promontorium
2730 5077 2788 5129 S.
2839 5075 3021 5129 Maria:
3073 5091 3216 5128 nunc
3265 5074 3468 5135 habet,
3526 5071 3795 5141 Iapygiam

2230 5174 2502 5239 quondam
2529 5169 2731 5222 dictum
2769 5186 2781 5221 :
2810 5168 2900 5219 ubi
2936 5167 3128 5220 civitas
3177 5163 3392 5234 Hydrus
3425 5167 3621 5234 posita,
3654 5163 3797 5216 duu-

2234 5271 2382 5316 taxat
2426 5262 2748 5315 intermedio
2775 5260 2943 5312 maris
2983 5257 3281 5311 Hadriatici
3322 5256 3472 5318 sinu,
3498 5254 3567 5308 60
3605 5253 3798 5305 millia-

2235 5355 2386 5408 rilms
2409 5353 2614 5407 Graecis
2637 5354 2703 5405 ab
2735 5352 2946 5406 Aulone
2973 5349 3328 5418 disjungitur,
3373 5350 3448 5400 uti
3482 5346 3659 5413 capite
3699 5344 3802 5397 I52

2239 5445 2571 5499 notavimus.
2622 5444 2822 5498 Leonis
2883 5441 3132 5509 Augusti
3173 5440 3393 5492 Novella
3458 5436 3524 5491 de
3559 5434 3802 5490 Thronis

2236 5535 2527 5589 Auloniam
2582 5543 2829 5588 recenset
2903 5533 3044 5586 inter
3103 5532 3454 5600 episcopatus
3513 5527 3802 5596 metropoli

2241 5625 2627 5692 Dyrrhachium
2666 5625 2935 5688 subditos,
2975 5632 3028 5676 et
3054 5622 3303 5691 proximo
3357 5627 3482 5689 post
3514 5621 3803 5688 episcopa-

2241 5730 2356 5771 tum
2408 5718 2729 5771 Glavinitzm
2798 5718 2879 5769 vel
2948 5713 3362 5768 Acroceraunia!
3415 5717 3805 5765 commemorat

2241 5813 2382 5865 loco.
2405 5810 2677 5865 Caeterum
2719 5808 2810 5873 qui
2843 5807 3146 5861 Annalibus
3193 5806 3278 5860 hic
3306 5805 3605 5863 aDDcllaIUr
3642 5802 3795 5858 Lutsi
