4228 6298
515 332 623 404 913

1677 350 2074 414 PA'NDECTE
2109 357 2309 421 HIS'I‘.
2346 352 2648 424 'I‘U'HlllC.

3674 366 3777 432 9M

514 454 698 521 bassa,
725 467 1042 528 corruptum
1086 463 1225 530 apud
1260 462 1555 519 histericos
1593 477 1838 529 nostros,
1873 453 2087 524 Joviqu
2124 482 2162 530 Α
2201 473 2363 544 vulgo
2419 474 2727 544 Neptunus,
2790 492 2891 530 ceu
2949 479 3220 535 maximus
3272 480 3553 548 quispiam
3603 488 3775 539 maris

510 557 565 602 et
589 549 747 612 alios.
802 566 998 606 nomen
1045 555 1205 608 habet
1265 553 1552 611 Lultiheus
1596 571 1690 614 aut
1726 559 2087 630 Luphtibeus.

510 639 851 712 Spandugini
906 645 974 700 de
1045 648 1147 699 hoc
1202 648 1462 704 notabilis
1518 661 1603 704 est
1665 654 1860 715 locus.
1924 670 2085 724 quem

509 735 1130 805 interpretando‘lubct
1188 743 1449 796 inserere.
1511 743 1813 811 Sullanus,
1869 747 2086 817 inquit,

510 823 857 882 Soleimanes
921 827 1119 893 Lutsi,
1176 847 1441 901 perquam
1504 833 1696 888 humili
1767 837 2087 891 conditione

467 963 469 966 .
509 929 658 982 nato,
693 920 812 975 suis
850 936 915 975 ex
949 922 1237 978 sororibus
1269 940 1434 979 unam
1464 925 1616 980 dedit
1650 942 1902 991 uxorem,
1931 944 2085 983 eunt-

464 1081 469 1087 _
507 1027 614 1080 que
660 1014 895 1081 primum
945 1016 1165 1070 hassam
1217 1019 1452 1084 creavit,
1478 1036 1507 1073 a
1549 1035 1660 1090 quo
1691 1034 1871 1076 tamen
1905 1022 2083 1078 officio

507 1117 654 1155 nunc
682 1101 929 1170 dejectus
962 1116 1068 1158 est.
1118 1104 1335 1177 Quippe
1385 1122 1510 1162 cum
1550 1123 1691 1164 uxor
1719 1108 1904 1165 mariti
1945 1126 2082 1165 con-

501 1193 724 1247 cubitus
747 1207 871 1248 cum
897 1197 1160 1252 masculis
1195 1198 1480 1267 aegerrime
1513 1198 1718 1265 ferret,
1764 1215 1940 1270 eoque
1983 1217 2083 1257 no-

503 1287 651 1342 mine
710 1302 835 1342 cum
900 1289 1021 1360 ipso
1097 1291 1495 1358 expostulans,
1555 1290 2075 1347 diceret:fratrem

501 1392 687 1438 suum.
719 1379 1002 1435 sultauum
1037 1379 1428 1447 Soleimanem,
1461 1381 1541 1436 illi
1578 1397 1638 1436 se
1667 1381 1927 1451 junxisse
1959 1399 2077 1437 ma-

502 1468 784 1534 trimonio,
835 1487 1024 1526 secum
1073 1472 1152 1526 uti
1185 1472 1413 1528 cubaret
1443 1491 1458 1527 :
1491 1475 1900 1531 excandescens
1920 1474 2074 1530 Lutsi

501 1564 686 1630 hassa,
742 1566 958 1620 mulieri
1008 1567 1306 1638 colaphum
1358 1567 1608 1639 impegit.
1640 1567 1756 1623 lloc
1785 1569 1874 1622 ubi
1908 1570 2078 1624 resci-

499 1668 616 1710 tum
649 1673 678 1710 a
706 1657 1038 1725 Soleimane,
1076 1673 1320 1716 sororem
1357 1661 1406 1714 ei
1458 1661 1710 1729 protinus
1741 1661 1970 1730 ademit,
2011 1676 2074 1716 ac

499 1759 721 1819 recepto
748 1750 1043 1807 Sultanino
1067 1752 1266 1820 sigillo,
1298 1752 1568 1822 dignitate
1593 1753 1837 1822 supremi
1871 1753 2072 1808 veziris

496 1843 776 1898 hominem
835 1848 1006 1901 exuit.
1043 1844 1139 1900 Est
1175 1847 1320 1900 enim
1362 1847 1416 1900 in
1445 1860 1599 1902 more
1639 1847 1782 1916 apud
1810 1846 2068 1900 Osma-ni-

492 1936 614 2000 dits,
664 1943 722 1991 ut
778 1937 871 2007 qui
911 1939 1238 1994 auctoritate
1270 1948 1507 2010 quatuor
1569 1938 1714 1993 inter
1765 1939 1963 1994 bassas
1986 1947 2072 1992 est

495 2028 753 2092 maxima,
809 2029 1112 2084 vezirazem
1171 2030 1287 2086 sive
1342 2044 1641 2099 supremus
1714 2028 2072 2084 consiliarius

495 2122 832 2187 norninetur,
881 2129 935 2175 et
984 2122 1036 2174 in
1083 2135 1247 2176 manu
1289 2137 1388 2177 sua
1450 2121 1692 2192 sigillum
1726 2120 2067 2176 sultaninum

494 2213 712 2267 habeat.
756 2213 879 2268 Hice
909 2211 1296 2284 Spanduginus
1320 2229 1336 2280 ;
1361 2229 1483 2284 quae
1523 2228 1654 2270 sane
1678 2213 1724 2268 si
1758 2228 1885 2268 vera
1921 2220 2069 2276 sunt,

493 2314 703 2362 utesse
762 2306 1035 2372 videutttr,
1073 2308 1410 2363 conveniens
1465 2307 1626 2362 foedis
1659 2319 1724 2360 ac
1774 2304 2062 2360 dissolutis

493 2399 741 2454 moribus
777 2399 986 2455 homini
1031 2400 1220 2454 datum
1265 2415 1464 2454 nomen
1498 2400 1622 2453 fuit.
1659 2398 1874 2468 Quippe
1909 2397 2066 2453 Lutsi

493 2493 678 2562 lingua
711 2491 944 2548 Tureica
980 2492 1257 2563 significat
1286 2508 1411 2547 eum
1449 2492 1545 2562 qui
1585 2507 1692 2546 non
1738 2492 1843 2545 nisi
1883 2491 1950 2544 de
1975 2507 2069 2544 ve-

491 2601 621 2639 uere
684 2586 892 2656 cegitat
950 2605 964 2640 :
1023 2587 1241 2656 qualem
1303 2586 1529 2642 Grazeus
1599 2586 1798 2656 aliquis
1863 2586 2066 2640 dixerit

488 2679 752 2749 ἐρωτικὴν
784 2681 867 2735 vel
896 2681 1246 2752 ἑρωτομανῆ.

763 2819 888 2875 245.
929 2817 1213 2882 Besictasi,
1267 2819 1792 2874 ΔΙΠΛΟΚΙΟΝΙΟΝ.

560 2933 852 3000 Besictasi,
899 2935 1052 2989 locus
1081 2943 1166 2989 est
1195 2935 1260 2989 ad
1293 2935 1639 3004 Bosphorum
1672 2935 1973 2990 Thracium
2007 2936 2062 2990 in

491 3025 706 3098 Europa
763 3027 924 3092 situs,
967 3042 1075 3096 qua
1107 3028 1584 3098 Constantinopoli
1623 3044 1843 3083 sursum
1877 3030 2054 3084 tendi-

488 3129 599 3184 tur,
650 3119 881 3174 adverso
940 3118 1206 3189 Bosphori
1282 3119 1469 3186 fluxu,
1527 3136 1722 3175 versus
1781 3137 1844 3175 os
1909 3122 2059 3192 ponti

490 3212 711 3266 l‘luxini.
765 3212 895 3267 Plus
952 3213 1135 3267 minus
1187 3224 1424 3283 quatuor
1469 3215 1624 3269 abest
1656 3231 1685 3267 a
1721 3217 1912 3269 (inlata
1937 3217 2059 3270 mil-

487 3305 718 3360 liaribus
750 3305 976 3371 Graecis,
1000 3315 1096 3360 aut
1119 3322 1228 3361 uno
1250 3305 1604 3362 Germanico.
1631 3308 1838 3365 Nomen
1872 3310 2057 3380 lingua

485 3396 714 3452 Turciea
751 3399 987 3467 lapidem
1015 3399 1132 3454 sive
1177 3415 1373 3454 saxum
1407 3415 1701 3466 cunarum,
1739 3403 2055 3473 significat:

484 3508 516 3543 a
537 3489 920 3556 distractione,
960 3501 1115 3562 puto,
1142 3492 1582 3548 Christianorum
1626 3497 2058 3566 mancipiorum,

482 3599 547 3637 ac
608 3596 846 3642 matrum
897 3589 1223 3657 praesertim,
1261 3590 1460 3646 liberos
1512 3591 1676 3646 etiam
1745 3602 1966 3649 teneros
1999 3594 2054 3647 in

483 3679 645 3733 cunis
690 3679 1038 3738 habentium.
1096 3680 1357 3751 Sepultus
1406 3684 1494 3739 hic
1558 3696 1644 3741 est
1673 3685 2057 3751 Chairadines.

483 3773 577 3837 qui
607 3771 830 3826 messita
861 3786 1081 3840 quoque
1136 3788 1276 3827 nova
1334 3789 1436 3830 suo
1467 3783 1687 3843 sumptu
1733 3777 1932 3831 ibidem
1965 3794 2058 3832 ex-

482 3871 717 3928 structa,
751 3864 1043 3920 nobilitare
1067 3865 1246 3920 locum
1273 3875 1328 3920 et
1354 3867 1607 3922 excolere
1643 3867 1839 3923 voluit.
1862 3869 2056 3920 Διπλο-

484 3956 686 4009 κώνιον
733 3956 940 4011 ϐτιιιςὶε
1005 3958 1165 4012 hodie
1218 3961 1426 4024 vocari,
1494 3961 1694 4027 priscis
1745 3961 2053 4026 Jasonium,

483 4057 729 4102 notatum
757 4050 997 4120 reperies
1029 4065 1216 4120 supra,
1260 4053 1438 4120 capite
1467 4052 1595 4108 128.
1630 4052 1747 4109 lloc
1777 4066 2052 4122 tempore,

483 4141 550 4195 de
591 4157 701 4211 quo
737 4144 950 4197 scilicet
981 4143 1220 4197 Annales
1274 4144 1437 4198 modo
1485 4145 1808 4214 loquuntur,
1839 4144 2052 4215 adjecta

483 4233 703 4288 fuerunt
733 4233 1061 4305 sonistnc
1097 4237 1344 4307 capitum
1374 4236 1844 4302 Christianorum,
1868 4254 1897 4292 e
1919 4238 2055 4292 Cor-

479 4340 610 4392 cyra
642 4325 909 4379 duntaxat
965 4328 1020 4380 in
1049 4329 1372 4382 servitutem
1391 4327 1768 4398 abreptorum,
1802 4329 2053 4394 cujusvis

478 4431 647 4472 sexus
685 4427 739 4472 et
770 4419 974 4494 aetatis,
1008 4418 1076 4473 ad
1125 4420 1404 4474 sexdecim
1436 4420 1602 4473 millia
1644 4440 1657 4474 :
1692 4422 2048 4490 quemadmo-

478 4511 606 4565 dum
630 4510 818 4566 Jovius
861 4512 1138 4566 memoria:
1189 4511 1449 4580 prodidit.
1508 4511 1582 4566 De
1638 4513 1938 4568 sultaninis
1997 4525 2052 4568 et

478 4621 667 4660 eorum
709 4606 908 4674 pretio,
941 4608 1145 4661 dictum
1171 4607 1237 4661 18
1277 4605 1479 4673 capite.

739 4743 867 4797 ΞΗ.
905 4739 1330 4812 Carabogdaniw
1357 4741 1553 4810 ﬂuuius
1593 4741 1782 4796 Berut.

553 4857 624 4912 De
654 4855 1067 4930 Carahogdania
1101 4858 1327 4913 consule
1371 4867 1535 4927 caput
1578 4858 1667 4911 71.
1707 4858 1841 4926 Ejus
1869 4861 2048 4915 amnis

477 4958 584 5016 est,
616 4966 778 5020 quem
811 4952 976 5006 Berut
1005 4951 1248 5006 Annales
1287 4953 1342 5004 hi
1385 4951 1694 5006 nominant.
1733 4950 1936 5022 Ungari
1966 4961 2050 5006 ta-

476 5061 626 5108 men,
658 5054 715 5099 et
747 5043 993 5109 Valachi,
1035 5045 1153 5099 sive
1184 5044 1441 5112 Moldavi,
1475 5045 1670 5114 partim
1703 5045 2047 5098 contractius

477 5147 532 5193 et
555 5138 754 5193 durius
783 5137 933 5202 Prut,
964 5138 1164 5206 partim
1211 5137 1374 5206 paqu
1419 5136 1640 5191 mollius
1676 5137 1833 5202 Brut,
1866 5153 2044 5192 enun-

479 5233 641 5286 tiant.

544 5348 672 5405 245.
709 5348 946 5418 Neptuni
980 5348 1174 5415 Doriw,
1197 5349 1318 5402 victi
1349 5365 1379 5400 η
1412 5345 1759 5414 Clmiradine,
1798 5350 1947 5418 fuga.

569 5460 789 5516 Doriam
822 5459 1011 5524 Turcl.
1047 5476 1199 5515 more
1223 5461 1428 5525 Italico,
1451 5464 1846 5531 pronuntiant;
1880 5480 2042 5532 quem

475 5552 666 5610 Juvius
694 5553 836 5608 dixit
875 5553 1122 5617 Auriam,
1173 5555 1346 5622 magis
1392 5555 1780 5609 consuetudini
1832 5554 2044 5611 Latina:

481 5647 847 5717 respondente
881 5646 1170 5711 vocabulo,
1199 5649 1347 5701 velut
1371 5648 1491 5716 ipse
1517 5649 1732 5716 quidem
1761 5651 2045 5704 existima-

479 5743 576 5793 vit.
609 5740 737 5795 lset
787 5755 888 5793 usu
924 5754 1106 5794 rerum
1165 5739 1300 5793 mari
1352 5739 1734 5808 gerendarum,
1768 5749 1821 5795 et
1868 5741 2043 5796 felici-

481 5841 592 5886 tate
643 5832 930 5904 singulari,
987 5840 1194 5887 tantam
1253 5832 1482 5902 adeptus
1532 5833 1759 5896 gloriam
1805 5834 1929 5902 fuit,
1985 5846 2043 5891 ut

2193 565 2353 630 deus,
2388 570 2787 637 appellaretur.
2821 569 2974 626 Hunc
3000 580 3181 627 tamen
3212 589 3238 626 a
3275 573 3610 632 Chairadine
3635 590 3773 647 prae-

2191 655 2264 710 lio
2298 660 2497 725 navali,
2528 671 2581 715 et
2618 663 2831 719 artibus
2885 664 3257 733 imperatoriis
3290 675 3637 738 superatum,
3686 667 3772 721 fu-

2188 749 2366 818 gisse,
2421 766 2528 804 non
2565 753 2851 817 insolenti,
2897 757 2992 808 sed
3033 758 3281 811 modesta
3318 766 3630 812 memorant
3662 757 3772 810 Au-

2188 839 2340 895 nales
2380 843 2654 899 oratione.
2717 843 2838 909 Quo
2867 847 3426 903 comuendabiliores
3453 848 3613 903 nobis
3643 864 3768 905 esse

2184 930 2406 997 debent,
2434 935 2509 988 uti
2559 951 2664 990 non
2700 936 2765 991 ad
2796 938 3032 1004 gratiam
3093 954 3350 1005 suorum,
3385 955 3486 996 nec
3516 941 3581 994 aii
3621 942 3769 996 inse‘

2184 1023 2484 1078 elationem
2521 1037 2839 1084 nostrorum
2877 1047 2890 1093 ;
2931 1033 3024 1089 sed
3057 1032 3125 1086 ad
3158 1033 3472 1098 veritatem,
3497 1049 3618 1103 qua:
3650 1034 3768 1086 ani-

2185 1132 2271 1170 ma
2294 1128 2378 1173 est
2407 1121 2669 1187 historiae,
2709 1123 2927 1192 scripti.
2950 1122 3240 1178 Jovianum
3276 1124 3498 1193 quidem
3539 1125 3764 1193 epipho-

2183 1223 2363 1274 nema,
2394 1227 2505 1281 quo
2536 1212 2740 1268 clausit
2794 1215 2937 1268 hanc
2967 1215 3363 1278 narrationem,
3411 1230 3573 1285 quam
3604 1231 3762 1270 acres

2182 1305 2346 1362 habet
2378 1309 2642 1363 aculeos!
2702 1309 2896 1373 Auria,
2947 1311 3151 1380 inquit,
3192 1309 3329 1365 tanti
3388 1325 3543 1376 usus,
3593 1318 3761 1364 tanta:

2181 1404 2412 1472 peritim,
2459 1415 2623 1457 tantm
2692 1405 3120 1460 existimationis
3178 1407 3315 1460 mari
3365 1406 3497 1467 dux,
3535 1420 3616 1458 eo
3672 1403 3761 1459 die

2180 1497 2363 1550 nullus
2417 1499 2726 1568 imperator
2767 1501 3009 1555 exstitit.
3076 1499 3240 1567 Atqui
3277 1499 3518 1565 cogitare
3553 1497 3620 1552 de
3669 1497 3759 1552 illo

2177 1591 2349 1644 veteri
2394 1592 2561 1646 verbo
2617 1593 2858 1647 debebat
2919 1592 3136 1654 Jovins,
3192 1609 3300 1657 quo
3367 1591 3760 1647 Demosthenes

2175 1683 2345 1737 etiam
2390 1681 2627 1753 fugiens.
2653 1700 2958 1742 excusasse
2993 1701 3052 1741 se
3087 1686 3300 1740 fertur:

2356 1795 2526 1867 Ἀνὴρ
2554 1798 2610 1851 δὲ
2641 1800 2861 1867 φεύγων
2891 1802 2985 1852 καὶ
3019 1799 3184 1852 πάλιν
3212 1799 3544 1868 μαχήσεται.

2459 1892 2562 1955 Qui
2586 1909 2640 1946 se
2670 1893 2810 1962 fuga:
2836 1896 2949 1957 dat,
2974 1894 3255 1946 dimicabit
3281 1893 3473 1945 denuo.

2172 2007 2283 2064 Nec
2343 2009 2682 2079 ineleganter
2743 2009 2969 2064 Alcxius
3018 2008 3264 2078 Angelus
3317 2007 3643 2077 imper-amr.
3697 2013 3755 2058 nt

2172 2102 2317 2174 apud
2350 2101 2577 2157 Gracia:
2608 2110 2898 2172 praetorem
2937 2109 3191 2156 nostrum
3237 2099 3518 2156 memoria:
3565 2099 3756 2167 prodi-

2173 2204 2285 2252 tum
2314 2195 2536 2265 legitur,
2581 2209 2706 2249 cum
2735 2192 2967 2263 perditis
3003 2192 3169 2248 rebus
3202 2207 3308 2246 non
3333 2191 3497 2246 modo
3524 2190 3750 2255 frustra,

2171 2287 2263 2342 sed
2291 2287 2456 2341 etiam
2486 2300 2611 2340 cum
2641 2284 2889 2354 periculo
2916 2298 2976 2338 se
3017 2284 3224 2339 diutius
3283 2284 3562 2338 hmsurum
3610 2281 3753 2338 Con-

2169 2376 2531 2445 stantinopoli
2567 2375 3061 2441 animadverteret,
3095 2375 3355 2430 omnibus
3390 2375 3576 2430 valere
3625 2373 3751 2443 jus-

2168 2471 2265 2534 sis,
2299 2482 2351 2525 et
2379 2477 2595 2539 arrepta
2633 2480 2852 2538 sponte,
2879 2468 3106 2527 nolenti,
3135 2477 3317 2522 tamen
3357 2469 3561 2532 animo,
3599 2467 3748 2537 fuga,

2172 2563 2428 2617 Davidem
2455 2577 2676 2632 quoque
2705 2561 2849 2616 dixit
2888 2562 3162 2616 beneficio
3198 2561 3338 2632 fugre
3387 2559 3551 2614 saluti
3585 2569 3750 2627 atque

2170 2654 2537 2708 incolumitati
2609 2669 2725 2715 sua:
2768 2655 3152 2709 consuluisse.
3192 2653 3309 2708 Non
3365 2653 3550 2707 minus
3599 2660 3749 2707 certe.

2170 2746 2350 2817 magni
2377 2756 2431 2801 et
2465 2748 2735 2816 sapientis
2768 2760 2850 2802 est
2901 2748 3278 2818 imperatoris.
3334 2761 3607 2800 summam
3666 2761 3748 2800 re-

2169 2855 2288 2893 rum
2327 2842 2550 2895 incertae
2583 2841 2774 2895 Martis
2807 2842 2937 2896 alea:
2981 2856 3091 2897 non
3123 2849 3330 2895 temere
3358 2841 3745 2902 committere;

2166 2949 2327 3002 quam
2365 2951 2627 3005 prospere
2655 2935 2980 2992 cedentibus
3017 2935 3298 3002 omnibus,
3356 2934 3585 2989 victoria
3613 2948 3746 3002 pru-

2165 3027 2360 3084 denter
2395 3028 2496 3083 uti.

2318 3143 2448 3198 246.
2476 3142 2892 3198 Publicanorum
2913 3158 3097 3196 carcer
3118 3140 3604 3209 Constantinopoli.

2237 3257 2435 3312 Vendit
2487 3257 2671 3310 omnia
2725 3272 2832 3326 per'
2855 3256 3151 3322 imperium
3190 3271 3353 3311 suum
3391 3256 3593 3308 tclonia
3631 3271 3746 3307 ma-

2169 3355 2316 3409 ximo
2341 3355 2538 3425 pretio,
2563 3353 2647 3408 vel
2681 3369 2910 3422 paucos,
2948 3353 3029 3407 vel
3072 3353 3260 3422 plures
3301 3352 3354 3404 in
3400 3366 3576 3405 annos
3626 3352 3743 3405 sul-

2166 3457 2329 3503 tanus
2381 3446 2854 3510 Osmanidarum;
2919 3428 3153 3514 ideoque
3175 3445 3222 3499 si
3269 3444 3505 3514 majores
3570 3445 3740 3512 aliqui

2164 3544 2408 3611 pecuniae
2436 3555 2684 3595 summas
2720 3539 2769 3594 ei
2801 3538 3160 3608 vectigalium
3193 3537 3416 3593 nomine
3441 3537 3742 3609 pollicean-

2165 3641 2272 3696 tur,
2304 3648 2466 3702 quam
2502 3647 2694 3701 reapse
2721 3631 2987 3701 deinceps
3031 3630 3298 3685 exhibere
3350 3630 3569 3697 possint
3620 3648 3634 3682 :
3686 3629 3739 3682 in

2162 3724 2668 3794 carcerempveluti
2698 3724 2791 3794 qui
2842 3738 2950 3777 non
3013 3723 3280 3778 solvendo
3314 3723 3447 3786 sint,
3479 3733 3534 3778 et
3587 3723 3742 3778 frau-

2165 3817 2289 3872 dem
2323 3793 2540 3872 sultano
2593 3814 2778 3870 facere
2828 3813 3119 3879 voluerint,
3176 3814 3575 3883 conjiciuntur.
3641 3814 3741 3868 llic

2159 3924 2351 3964 carcer
2383 3908 2810 3978 publicanorum
2875 3907 3353 3976 Constantinopoli
3400 3908 3627 3962 dicitur.
3675 3908 3740 3960 Et

2159 4008 2286 4054 sunt
2334 4001 2386 4052 in
2426 4001 2688 4054 universo
2753 3996 3180 4052 Osmanidarum
3230 4012 3402 4067 regno
3458 3998 3734 4069 publicani

2158 4093 2274 4149 fere
2321 4090 2517 4158 Judaei,
2565 4108 2702 4161 gens
2731 4091 3126 4146 exactionibus
3175 4099 3228 4145 et
3273 4090 3458 4147 usuris
3505 4092 3734 4145 nimium

2158 4195 2425 4255 quantum
2485 4199 2653 4252 supra
2709 4184 2975 4237 mortales
3037 4194 3274 4239 exteros
3317 4185 3546 4239 dedita:
3611 4169 3734 4239 cum

2157 4279 2260 4348 ipsi
2298 4278 2463 4332 etiam
2505 4276 2669 4331 Turci
2692 4277 2773 4330 vel
2809 4276 3167 4342 Musulmani,
3200 4277 3365 4345 paulo
3414 4278 3734 4332 sittccrioris

2160 4373 2408 4425 homines
2443 4369 2822 4431 conscientiae,
2849 4371 3026 4424 nolint
3050 4370 3240 4425 audire
3267 4370 3543 4440 publicani
3578 4390 3589 4425 :
3621 4388 3729 4424 non

2081 4453 2126 4509 D
2157 4467 2337 4528 aliter,
2368 4480 2433 4517 ac
2468 4466 2513 4517 si
2549 4479 2673 4517 cum
2729 4463 2954 4517 infamia
3008 4464 3310 4534 conjunelo
3339 4477 3563 4533 propter
3592 4467 3731 4519 alio-

2161 4574 2284 4613 rum
2320 4558 2621 4626 nequitiam
2681 4558 2926 4620 nomine,
2966 4557 3142 4609 virum
3191 4557 3399 4611 bonum
3467 4557 3730 4626 appellari

2157 4650 2313 4704 nefas
2373 4651 2486 4716 sit,
2548 4651 2766 4705 etiamsi
2832 4659 3032 4720 praeter
3091 4649 3336 4706 officium
3408 4652 3542 4707 nihil
3616 4654 3731 4723 ipse

2153 4743 2338 4798 faciat.

2179 4857 2305 4911 24⁵1.
2357 4855 2555 4913 Gutum
2590 4859 2793 4936 Capisi,
2852 4859 3176 4936 Xyloponn,
3230 4860 3394 4918 Porta
3443 4865 3697 4936 lignaria,

2714 4931 3125 4986 Caravauserai.

2219 5017 2579 5076 Ostendimus
2629 5038 2822 5093 supra,
2860 5026 3038 5093 capite
3068 5026 3197 5088 200,
3268 5044 3390 5097 qua:
3440 5038 3595 5098 porta
3651 5033 3722 5086 sit

2153 5114 2267 5166 lucc
2315 5114 2570 5183 lignaria,
2615 5117 2875 5170 videlicet
2924 5117 2991 5171 ad
3055 5133 3218 5184 quam
3276 5121 3493 5190 navigia
3563 5123 3729 5192 lignis

2149 5215 2376 5260 onerata
2410 5208 2586 5261 solent
2631 5210 2907 5277 appellere
2946 5229 2959 5265 :
2999 5210 3312 5282 (lrmcisque
3335 5215 3538 5269 dictam
3568 5217 3725 5280 ξυλο-

2149 5299 2380 5366 πόρταν,
2421 5299 2489 5351 ah
2553 5299 2743 5354 iisdem
2803 5300 2965 5369 lignis
3026 5317 3145 5372 quze
3198 5303 3304 5359 huc
3344 5307 3722 5374 advehuntur,

2151 5407 2256 5442 non
2289 5391 2434 5459 quod
2469 5391 2585 5460 ipsa
2620 5391 2798 5460 lignea
2847 5393 2940 5456 sit,
2979 5396 3444 5463 quemadmodum
3481 5400 3720 5455 credidit

2150 5490 2382 5549 uterque
2407 5481 2869 5552 Ultalcorondylis
2936 5485 3228 5557 interpres.
3270 5489 3345 5544 De
3381 5505 3514 5544 vuce
3555 5491 3722 5546 Cara-

2148 5571 2426 5637 vanserai,
2452 5573 2657 5626 dictum
2688 5577 2868 5644 capite
2904 5576 2991 5643 14,
3028 5580 3328 5648 signiﬁcari
3360 5583 3572 5639 scilicet
3595 5585 3720 5646 hac.

2148 5663 2379 5717 aedificia
2428 5667 2715 5721 caravanis
2752 5678 3058 5725 exstructa.
3090 5673 3407 5731 Caravanas
3445 5691 3574 5728 vero
3602 5691 3737 5730 mor

2154 5769 2209 5807 re
2257 5753 2494 5808 Turcico
2533 5772 2595 5811 so
2649 5760 3103 5831 conjungentium
3160 5781 3282 5822 esse
3319 5768 3564 5835 agmina,
3593 5783 3735 5822 cunr

2147 5840 2264 5896 loca
2322 5842 2502 5898 minus
2561 5859 2589 5898 a
2615 5846 2921 5907 latrociniis
2954 5861 3067 5908 tuta
3101 5857 3442 5926 peragranda
3474 5869 3626 5915 sunt.
3664 5859 3718 5913 lu
