4230 6280
551 294 657 357 915

1748 297 1990 358 JOANN
2008 298 2078 355 IS
2103 296 2561 355 LEUNCLAVII

3673 295 3777 358 916

556 415 670 467 bmc
699 427 831 480 ergo
862 414 1308 476 caravansaraia,
1339 428 1456 482 qua:
1488 413 1828 482 amplissima
1868 415 2114 483 plerum-
2144 412 2193 470 Α
2221 410 2378 474 varii,
2419 410 2747 475 funambuli,
2780 411 3108 474 luctatores,
3142 410 3460 473 saltatores,
3516 409 3608 463 alii
3654 427 3785 482 pro-

556 520 660 573 que
686 514 832 568 sunt,
868 505 1139 558 divertere
1168 522 1293 558 cum
1337 506 1517 573 equis.
1548 506 1811 573 jumentis
1847 516 2121 573 saginata-

559 597 676 654 riis.
716 596 900 658 mulis,
939 608 991 651 et
1015 598 1259 657 camelis.
1303 599 1381 651 hae
1404 612 1687 651 caravauze
1710 598 1911 651 solent.
1952 596 2118 651 Vasta

556 700 685 743 sunt
738 689 993 755 aedilicia,
1027 690 1493 757 quemadmodum
1530 689 1875 757 Busbequius
1915 689 2120 743 descri—

559 781 692 847 psit,
748 783 1031 848 aliquanto
1085 783 1352 850 longiora,
1414 796 1577 850 quam
1629 782 1844 841 latiora.
1893 789 2121 843 caetero-

555 874 646 939 qui
683 876 1002 941 quadratam
1054 875 1119 926 ad
1160 873 1388 926 formam
1422 875 1759 938 accedentia;
1787 889 2022 943 quorum
2067 873 2122 926 in

559 966 735 1019 medio
770 973 917 1033 patet
947 980 1072 1020 area
1139 969 1411 1035 ponendis
1475 966 1706 1021 sarcinis
1762 954 1815 1019 et
1874 966 2120 1022 camelis.

560 1058 744 1123 mulis,
775 1058 1060 1127 carrisque
1085 1058 1445 1114 collocandis.
1480 1059 1629 1113 llanc
1651 1075 1834 1113 aream
1886 1058 2127 1126 plerum-

562 1168 664 1219 que
691 1153 1048 1206 circumcirca
1094 1167 1285 1206 murus
1314 1154 1489 1206 ambit
1530 1154 1786 1217 interius,
1851 1165 1964 1205 tres
2002 1151 2126 1220 plus

564 1239 740 1293 minus
771 1239 938 1305 pedes
969 1240 1154 1302 altus;
1184 1241 1487 1308 parietibus
1543 1243 1652 1298 illis
1708 1254 1968 1309 quatuor.
2002 1243 2127 1307 qui-

564 1329 664 1383 bus
698 1338 874 1382 totum
905 1328 1202 1385 aedificium
1255 1333 1556 1398 clauditur,
1623 1334 1939 1403 adjunctus.
2002 1334 2131 1400 Ejus

565 1420 703 1471 muri
734 1420 1055 1486 superficies
1087 1435 1238 1488 atque
1276 1429 1378 1484 est,
1408 1431 1664 1490 patetque
1698 1424 1752 1475 in
1785 1420 2127 1475 latitudinem

570 1511 732 1574 pedes
781 1521 1041 1576 quatuor.
1084 1512 1185 1567 Hic
1243 1513 1551 1567 Turcorum
1590 1513 1793 1566 cubilia
1852 1522 2003 1576 sunt,
2044 1512 2136 1566 hic

566 1602 874 1667 rmnacula,
904 1604 991 1657 hic
1027 1618 1143 1657 rem
1170 1606 1469 1672 espcdiunt
1517 1607 1861 1659 culinariam.
1901 1606 2031 1660 Nam
2070 1607 2133 1660 ad

572 1691 829 1756 parietes,
866 1693 1068 1761 quibus
1106 1704 1279 1748 totum
1329 1693 1621 1750 tcdiﬂcittm
1652 1696 1989 1761 continetur,
2026 1696 2132 1753 foci

2225 506 2515 572 petundum
2551 504 3004 559 innumerabiles.
3063 504 3186 558 Ideo
3233 504 3509 562 Laonicus
3557 504 3784 573 inquit:

2224 598 2583 651 llaecludicra
2632 598 2754 665 quis
2804 597 3053 665 quotidie
3087 609 3276 652 cernat
3324 598 3379 651 in
3439 596 3582 661 foro,
3640 598 3786 666 quod

2224 686 2499 742 Tactalem
2573 700 2790 747 vocant.

2227 780 2563 849 Tampczim.
2589 795 2701 852 quo
2728 780 3024 835 nonnullos
3052 794 3117 833 ex
3150 780 3237 833 his
3258 780 3335 835 ait
3368 780 3652 849 appellari.
3688 779 3793 837 Ne-

2867 686 3128 758 Seqnitur
3192 687 3392 744 ibidem
3464 687 3788 743 vocabulum

2229 876 2428 928 minem
2488 876 2592 928 hoc
2655 872 2971 931 declarasse
3026 874 3268 927 arbitror
3317 874 3605 936 hactenus,
3665 888 3788 937 cum

2230 967 2529 1023 barbarum
2554 966 2648 1025 sit.
2680 974 2735 1020 et
2767 966 3036 1034 ignotum,
3069 963 3212 1018 a-ldo
3242 965 3407 1019 etiam
3443 973 3790 1031 corruptum.

2230 1059 2443 1129 Quippe
2474 1073 2583 1112 non
2638 1057 2955 1126 Tampezim
3005 1054 3173 1110 Turci
3232 1055 3441 1120 dicunt,
3477 1058 3571 1111 sed
3611 1054 3793 1116 liam-

2230 1167 2351 1217 pas.
2380 1168 2503 1221 quae
2534 1150 2749 1205 duabus
2782 1151 3010 1221 syllabis
3059 1166 3163 1204 vox
3206 1150 3548 1205 enuntiatur.
3616 1148 3796 1214 Signi-

2234 1245 2358 1298 ficat
2388 1254 2567 1305 autem
2612 1243 2989 1312 σχοινοεάτσς,
3025 1252 3082 1294 ut
3105 1242 3279 1299 Graci
3312 1249 3530 1306 vocant,
3571 1243 3661 1317 qui
3698 1238 3798 1299 La-

2232 1338 2364 1390 tinis
2396 1336 2697 1391 funambuli
2739 1344 2891 1390 sunt.
2923 1336 3003 1388 Ad
3060 1349 3234 1388 unum
3270 1333 3437 1401 hujus
3467 1347 3608 1387 arcte
3651 1331 3797 1387 latus

2236 1430 2503 1497 incipiunt
2564 1429 2783 1482 illorum
2854 1429 3116 1488 tabernas.
3168 1425 3258 1496 qui
3303 1422 3556 1481 Persicas
3619 1422 3799 1491 operis

2234 1520 2575 1583 excellentis.
2601 1531 2657 1580 et
2696 1520 2959 1583 Tureicas
3008 1522 3196 1575 itidem
3262 1520 3461 1590 pictas,
3492 1519 3710 1577 Grtccas
3743 1529 3800 1572 et

2238 1612 2375 1663 alias
2406 1611 2608 1665 coloris
2642 1612 2783 1671 nivei
2849 1613 3238 1683 ltevigatasque
3273 1611 3493 1667 chartas
3537 1610 3801 1668 vendunt.

2238 1694 2475 1773 Ideoque
2504 1701 2710 1758 Graecis
2768 1701 2883 1758 haec
2916 1704 3324 1774 χαρτοπρατεῖα
3361 1702 3637 1758 dicuntur.
3708 1700 3803 1758 His

569 1780 882 1850 frequentes
925 1799 1048 1839 cum
1088 1786 1337 1841 fumariis
1364 1788 1446 1840 vel
1470 1786 1817 1843 infumibulis
1840 1798 1968 1844 sunt
1996 1789 2133 1842 inaa-
2170 1764 2209 1818 Β
2241 1808 2268 1841 a
2308 1804 2461 1866 tergo
2487 1794 2775 1867 proximus
2807 1803 2890 1848 est
2921 1764 3078 1849 vicus
3109 1764 3409 1857 fabrorum.
3450 1810 3511 1850 ex
3540 1809 3647 1847 tere
3679 1808 3804 1846 vasa

568 1873 794 1929 «lineali.
822 1876 1079 1946 llospites
1132 1878 1232 1947 ipsi
1262 1880 1409 1937 nulla
1457 1895 1518 1945 re
1565 1896 1593 1941 a
1640 1881 1888 1943 camelis.
1950 1881 2135 1947 mulis.

567 1968 722 2037 equis
751 1969 855 2022 alia
896 1971 1134 2036 sejuncti
1179 1983 1328 2035 sunt.
1368 1989 1534 2040 quam
1583 1973 1705 2043 ejus
1745 1974 1887 2028 muri
1929 1976 2136 2043 spatio.

567 2059 827 2124 Quinimo
888 2064 951 2117 ad
1024 2066 1163 2119 muri
1232 2069 1426 2136 pedem
1518 2067 1590 2122 ita
1652 2069 1855 2140 ligatos
1937 2068 2140 2128 habent

566 2169 756 2227 equos,
805 2163 864 2209 ut
929 2158 1109 2225 capite
1157 2172 1220 2213 ac
1270 2166 1383 2213 tota
1439 2162 1655 2221 cervice
1712 2176 1877 2229 supra
1923 2176 2139 2221 murum

568 2250 874 2308 emineant,
908 2249 1263 2320 dominisque
1290 2266 1349 2306 se
1382 2251 1799 2312 Calfacientibtts
1849 2262 1944 2309 aut
1975 2253 2138 2308 etiam

569 2338 917 2395 cenantibus
965 2347 1175 2402 astent.
1241 2340 1391 2395 velut
1427 2339 1711 2405 ministri;
1767 2350 1818 2395 et
1871 2337 2141 2398 interdum

571 2446 791 2499 partem.
843 2433 927 2486 vel
966 2434 1192 2508 malum.
1257 2435 1373 2493 sive
1418 2435 1549 2505 quid
1607 2433 1780 2499 aliud,
1843 2436 1909 2488 de
1972 2447 2138 2489 manu

574 2538 762 2577 eorum
795 2525 1036 2591 rapiant.
1067 2524 1124 2577 In
1156 2525 1347 2578 eodem
1402 2540 1560 2579 muro
1618 2526 1792 2584 lectos
1843 2529 1945 2582 sibi
1998 2538 2141 2584 ster-

574 2628 734 2673 nunt.
793 2618 1050 2694 Tupelem
1089 2621 1142 2677 in
1193 2621 1385 2689 primis
1438 2621 1734 2691 explicant.
1784 2637 1947 2689 quem
1980 2636 2041 2675 ea
2078 2620 2145 2674 de

574 2726 742 2765 causa
782 2711 1051 2781 ephippiis
1097 2722 1341 2781 aptatum
1386 2711 1499 2766 fere
1532 2712 1951 2767 circumferunt.
2007 2711 2145 2767 Huic

578 2801 836 2877 injiciunt
892 2792 1052 2871 vu'lgo
1111 2803 1409 2865 penulam.
1477 2804 1704 2857 ditiores
1774 2802 2147 2870 Valentinani,

575 2906 739 2960 quam
767 2901 1002 2955 vocant;
1033 2908 1161 2963 qua
1195 2893 1450 2951 mollibus
1472 2910 1499 2943 e
1533 2894 1656 2963 pilis
1677 2904 1929 2948 contexta
1957 2894 2145 2947 candi-

580 2985 782 3052 daque,
832 2984 1210 3039 linteaminum
1272 2985 1392 3040 loco
1444 2984 1575 3038 mihi
1627 2984 1846 3055 quidem
1903 2987 2144 3056 ipsorum

2242 1882 2450 1955 quaevis
2498 1885 2927 1948 elaborantium,
2988 1885 3083 1954 qui
3161 1886 3267 1941 hoc
3319 1884 3609 1938 Annalium
3684 1884 3806 1939 luco

2242 1986 2602 2033 memoratur.
2628 1975 2678 2032 Is
2718 1978 2871 2033 vicus
2898 1976 2950 2033 in
2993 1977 3242 2033 historiis
3270 1976 3581 2031 Grmcorum
3619 1989 3808 2035 recen-

2243 2072 2480 2126 tioribus
2503 2069 2728 2127 Cedrini
2764 2079 2819 2125 et
2842 2070 3079 2124 aliorum
3112 2069 3528 2133 celeberrimus,
3557 2067 3807 2123 nomina-

2244 2175 2330 2217 tur
2360 2161 2806 2226 Χαλκοποατεῖα,
2877 2164 3137 2216 nimirum
3174 2177 3201 2214 a
3238 2161 3596 2217 distractione
3653 2176 3812 2216 vasu-

2245 2273 2365 2317 rnm
2396 2272 2460 2311 ex
2489 2271 2595 2310 tere
2627 2256 2920 2310 factorum.
2965 2252 3147 2310 Lo'cus
3184 2255 3421 2325 insignis
3453 2262 3538 2312 est
3586 2255 3807 2311 Cedrini

2242 2352 2312 2405 de
2351 2349 2757 2418 Clialcopratiis
2791 2350 2844 2404 in
2886 2346 3200 2403 Theodosio
3234 2350 3465 2417 majore,
3496 2358 3654 2425 puto.
3690 2346 3809 2407 Υἱοί

2245 2458 2467 2516 quoque
2522 2442 2777 2504 vitriarii,
2836 2440 3247 2510 Cbalcopratiis
3302 2441 3560 2510 proximi,
3608 2439 3666 2494 iit
3723 2441 3813 2495 hic

2248 2554 2280 2589 n
2305 2537 2493 2589 cutio:
2532 2548 2642 2605 quo
2688 2534 2930 2588 tabernae
2965 2532 3355 2596 vitriariorum,
3398 2541 3457 2584 ut
3493 2531 3621 2586 olim
3654 2539 3813 2584 erant

2248 2631 2301 2682 in
2359 2627 2492 2680 urbe
2556 2624 3036 2686 Constantiniana,
3074 2622 3274 2678 veteris
3334 2622 3398 2676 ad
3456 2622 3812 2676 imitationem

2250 2721 2453 2781 ltomre,
2489 2718 2568 2772 sic
2596 2718 2758 2771 etiam
2787 2717 2946 2770 hodie
2980 2716 3419 2799 conspiciuntur.
3454 2714 3709 2768 Diversus
3740 2727 3818 2765 ιτι.

2251 2828 2371 2865 mcn
2428 2811 2515 2864 hic
2548 2811 2701 2864 vicus
2735 2818 2817 2864 cst
2854 2808 2923 2864 ab
2970 2808 3062 2862 illa
3107 2807 3477 2860 vitriarinrum
3531 2815 3708 2876 porta,
3749 2804 3817 2858 de

2252 2922 2357 2973 qua
2400 2906 2606 2959 dictum
2655 2903 2936 2970 superius.
2999 2900 3177 2973 capite
3223 2899 3352 2954 9.00.
3384 2900 3454 2971 [ιε
3504 2909 3660 2970 porta
3713 2900 3816 2969 fqri

2255 2995 2495 3063 piscarii.
2524 3009 2644 3062 qna:
2676 2994 3013 3049 Bnlut-bazar
3045 2991 3217 3060 capisi
3252 2990 3448 3045 Turcis
3502 3002 3606 3053 εει,
3654 3006 3823 3058 expo-

579 3075 832 3143 exmnplo
907 3074 1029 3129 fuit.
1096 3074 1343 3129 Cervical
1387 3075 1546 3146 502
1624 3077 1828 3145 praebet
1878 3078 2150 3147 equestris
2178 3099 2222 3156 ε
2257 3086 2421 3139 situm
2450 3086 2640 3139 eodem
2680 3086 2858 3153 capite
2880 3084 3016 3151 200;
3040 3086 3185 3138 sicut
3208 3094 3260 3138 et
3287 3084 3351 3137 de
3382 3094 3532 3152 porta
3572 3081 3819 3144 Hebrma.

580 3169 735 3222 sella.
762 3166 928 3221 Veste
962 3169 1144 3230 talari,
1185 3168 1425 3238 pellibus
1453 3167 1697 3231 suffulta,
1738 3185 1843 3238 qua
1895 3171 2147 3223 vestiun-

570 3244 671 3315 tur
720 3261 981 3323 interdiu.
1033 3269 1292 3329 teguntur
1355 3269 1542 3315 noctu.
1593 3260 1684 3315 Sic
1730 3260 2002 3315 'somnttm
2060 3277 2151 3316 ca—

583 3354 759 3420 piunt,
794 3353 959 3410 nullis
991 3352 1338 3415 lacessitum,
1381 3362 1537 3417 extra
1572 3353 1877 3409 naturalem
1927 3352 2156 3419 jumen—

583 3460 760 3502 tot'tlm
802 3444 1180 3499 mandentium
1217 3429 1532 3515 strepiittm,
1568 3444 1977 3500 blandimentis.
2002 3444 2156 3517 Ipso-

583 3556 702 3591 rurn
784 3539 1133 3603 saraiorum,
1193 3552 1292 3607 pro
1354 3537 1642 3591 caravanis
1723 3546 2159 3605 exstructorum,

582 3641 723 3689 tecta
753 3633 1072 3701 plerumque
1106 3630 1360 3699 plumbea
1395 3639 1546 3697 sunt.

583 3746 692 3801 248
744 3747 880 3800 Area
912 3746 986 3798 rel
1011 3747 1183 3814 forum
1217 3745 1435 3799 Tac-lita!
1465 3744 1618 3809 Cala,
1645 3744 1966 3812 Tampezim.
1997 3747 2165 3802 Chal...

656 3817 956 3885 corondylis
985 3816 1130 3869 locus
1177 3818 1483 3885 emendatus
1515 3828 1563 3869 et
1613 3820 1904 3884 expositus.
1935 3816 2159 3873 Cltalco-

654 3884 863 3955 pratia,
886 3886 1288 3954 Chartapratia,
1326 3884 1482 3942 Vicus
1517 3887 1821 3955 vitriarius.

654 4004 873 4065 Arcam,
902 4016 1024 4071 qua:
1082 4000 1309 4057 Taclital
1355 4000 1484 4056 Cala
1508 4001 1843 4068 nominatur,
1887 4001 2158 4059 Laonicus

589 4096 642 4149 in
669 4105 864 4151 octavo
888 4092 1062 4152 forum
1097 4092 1416 4162 appellavit,
1455 4102 1511 4147 et
1540 4092 1821 4147 Tactalem
1854 4096 2037 4147 vocari
2062 4095 2161 4149 ad-

590 4187 745 4247 didit.
794 4187 948 4256 Apud
1014 4187 1317 4241 actnarinm
1364 4184 1790 4240 lialatestanutn
1869 4184 2158 4243 chtalaea

590 4278 871 4337 scribitur.
922 4277 1028 4331 Pro
1054 4278 1182 4330 ilius
1231 4275 1484 4339 Tactale,
1513 4276 1682 4344 hujus
1726 4275 2036 4342 Tectalaca,
2072 4294 2154 4335 re-

593 4387 733 4440 pane
783 4369 1010 4433 Taclital
1053 4371 1165 4424 cala
1197 4387 1211 4433 ;
1248 4386 1369 4440 quae
1392 4385 1559 4425 voces
1604 4368 1852 4425 Turcica:
1912 4382 2064 4436 sunt,
2109 4382 2164 4425 et

2253 3178 2447 3233 Turcis
2489 3178 2791 3232 Sehilutlar
2837 3178 3040 3247 capisi.
3094 3176 3225 3240 Sita;
3280 3192 3411 3230 vero
3443 3188 3598 3231 extra
3635 3190 3822 3230 muros

2250 3271 2400 3326 urbis
2424 3285 2452 3323 a
2477 3268 2595 3323 foro
2628 3268 2864 3339 piscatio
2895 3270 3064 3331 aedes,
3095 3268 3148 3323 in
3186 3269 3364 3324 littore
3396 3272 3592 3333 maris,
3623 3268 3823 3327 intelli-

2257 3372 2460 3431 guntur
2494 3362 2600 3417 illa:
2629 3376 2750 3429 qua:
2810 3361 2985 3419 muris
3051 3360 3277 3419 urbanis
3334 3360 3705 3416 excluduntur
3756 3360 3823 3414 ab

2254 3454 2415 3517 urbe.
2462 3457 2762 3510 secundum
2830 3454 2983 3511 littus
3032 3451 3274 3507 Ceratiui
3313 3454 3465 3507 sinus
3512 3463 3825 3514 exstructtc.

2258 3564 2454 3603 versus
2517 3548 2971 3617 septentrionem,
3012 3545 3065 3599 id
3094 3553 3200 3610 est,
3248 3560 3277 3600 e
3323 3546 3547 3614 regione
3576 3542 3825 3598 Galataui

2258 3641 2485 3695 littoris.

2462 3730 2585 3786 εις).
2627 3732 2772 3786 Nova
2796 3730 3096 3787 Cairadinis
3123 3728 3374 3797 auspiciis
3403 3737 3628 3797 recepta.

2329 3804 2488 3876 Nova
2527 3820 2725 3875 Turcis
2783 3830 2889 3888 est,
2922 3836 3085 3891 quam
3116 3818 3414 3876 Castellum
3466 3834 3668 3876 novum
3726 3834 3827 3872 no-

2264 3914 2360 3969 stri
2386 3923 2604 3976 vocant,
2638 3914 2690 3967 in
2719 3912 3005 3966 Dalmatia:
3033 3913 3197 3965 situm
3225 3912 3446 3965 ﬁnibus.
3473 3912 3529 3965 id
3562 3910 3829 3978 auspiciis

2262 4003 2449 4058 Karuli
2478 4003 2520 4057 V
2554 4004 2786 4073 Augusti
2842 4012 3119 4073 receptum
3152 4002 3349 4056 fuerat.
3379 4002 3528 4068 Quos
3558 4003 3678 4069 ejus
3710 4016 3833 4070 pro-

2263 4097 2457 4153 vinciae
2506 4095 2793 4166 sangiacos
2847 4096 2913 4149 ad
2974 4096 3316 4149 obsidionem
3378 4094 3520 4149 hanc.
3571 4103 3831 4161 evocatos

2265 4190 2439 4246 fuisse
2493 4190 2717 4242 tradunt
2754 4189 3016 4250 Annales,
3074 4188 3141 4243 de
3205 4189 3490 4258 provincia
3546 4186 3833 4242 Bozinensi

2267 4285 2522 4354 accipito,
2549 4283 2724 4353 deque
2766 4279 3043 4352 praefectis
3073 4281 3199 4336 huic
3235 4298 3514 4349 :quorum
3568 4281 3831 4351 princeps

2266 4378 2317 4432 id
2359 4378 2622 4447 temporis
2687 4386 2805 4429 erat
2855 4374 3081 4429 Ultimas
3133 4374 3225 4430 ille
3271 4372 3435 4428 Persa
3490 4374 3556 4427 de
3604 4389 3712 4439 quo
3756 4374 3837 4427 di-

596 4479 777 4524 aream
833 4464 1096 4517 tabernas
1178 4462 1389 4531 ligneas
1468 4462 1757 4516 habentem
1824 4462 2158 4527 signiﬁcant.
2196 4447 2238 4499 Ῑ)
2268 4476 2415 4522 ctum
2450 4467 2630 4541 capite
2665 4464 2791 4519 251.
2821 4461 3148 4517 Translatus
3171 4463 3315 4515 enim
3344 4461 3521 4516 fuerat
3544 4478 3573 4514 a
3608 4455 3839 4516 Persicis

592 4557 804 4625 Quippe
828 4553 957 4609 C‘ala
990 4554 1223 4608 denotat
1266 4554 1607 4614 tabernulam
1644 4555 1725 4609 vel
1783 4553 2160 4619 tentoriolum,

594 4645 898 4704 etTaclital
940 4661 1155 4701 asseres
1188 4653 1321 4703 sunt
1352 4664 1364 4699 :
1406 4657 1463 4699 ut
1491 4646 1871 4715 intelligantur
1920 4662 1986 4702 ex
2021 4660 2165 4702 asse-

596 4744 750 4796 ribus
776 4743 940 4797 facta:
980 4740 1308 4794 tabernulam
1353 4737 1477 4793 "me
1514 4754 1638 4792 arca
1673 4738 1789 4792 fere
1818 4739 1971 4794 urbis
1995 4747 2079 4796 est
2110 4740 2164 4796 in

598 4835 927 4898 meditullio,
959 4849 1066 4888 non
1095 4832 1285 4904 procul
1329 4834 1396 4884 ab
1438 4830 1778 4895 Eskisaraio,
1810 4832 1895 4887 vel
1932 4847 1961 4883 a
1984 4830 2167 4884 saraio

596 4927 761 4981 veteri
794 4927 1238 4980 muliercularum
1300 4924 1529 4987 sultani,
1577 4925 1644 4979 de
1684 4938 1795 4991 quo
1822 4923 2002 4993 capite
2042 4921 2165 4976 159.

597 5019 693 5073 Est
722 5018 908 5072 eadem
941 5018 994 5071 in
1036 5030 1166 5071 area
1212 5016 1413 5070 sultani
1450 5014 1707 5082 Bajazitis
1756 5014 1984 5069 secundi
2027 5030 2169 5069 mes-

600 5112 726 5172 sita.
765 5110 920 5180 cujus
961 5124 1125 5180 supra
1177 5107 1359 5163 fecere
1413 5108 1749 5162 mentioan
1807 5107 2059 5172 annales,
2114 5106 2167 5159 in

599 5206 719 5271 ejus
748 5202 954 5256 sultani
991 5201 1200 5256 funeris
1248 5200 1647 5269 deseriptione.
1686 5200 1799 5252 Hoc
1833 5210 2013 5252 autem
2051 5199 2171 5253 loco

603 5296 810 5349 ludicra
861 5294 1107 5365 quotidie
1163 5294 1345 5348 omnis
1381 5292 1599 5363 generis
1632 5292 1984 5357 exhibentur,
2020 5306 2171 5359 qna:-

603 5403 818 5458 cunque
873 5386 1081 5440 homini
1133 5386 1320 5439 venire
1379 5384 1433 5437 in
1499 5393 1737 5438 mentem
1790 5394 2046 5453 possunt.
2108 5385 2174 5441 Et

606 5482 933 5536 adhibentur
969 5478 1145 5546 pueri,
1190 5477 1337 5546 equi,
1376 5473 1538 5535 asini.
1565 5488 1755 5536 canes,
1811 5474 1970 5536 feles,
2004 5476 2173 5537 Cervi,

607 5573 819 5627 leones.
866 5571 1004 5642 ursi,
1044 5571 1309 5639 ieopardi,
1344 5568 1560 5637 Vulpes,
1602 5575 1656 5621 ct
1710 5566 1858 5620 nulla
1902 5581 2008 5618 non
2046 5567 2174 5628 alia,

612 5662 894 5733 peregrina
949 5664 1296 5731 praesertim,
1364 5661 1645 5712 animalia.
1713 5659 1854 5711 Sunt
1904 5656 2025 5710 istic
2082 5658 2175 5725 qui

609 5756 1042 5815 clt‘tt‘otnant'tccu
1123 5758 1450 5823 prelitcntur
1483 5770 1501 5814 ;,
1560 5759 1690 5805 sunt
1744 5749 2172 5818 urmsligiatu‘cs

2269 4560 2335 4613 ad
2362 4561 2459 4611 bos
2489 4557 2816 4619 liues,more
2844 4554 3176 4617 Turcorum,
3221 4567 3329 4606 non
3363 4551 3595 4605 nimium
3651 4561 3806 4604 trans

2272 4652 2415 4721 fugis
2474 4648 2754 4703 ﬁdentium
2818 4664 2833 4701 :
2905 4663 2968 4700 ac
3032 4646 3293 4713 deinceps
3355 4660 3579 4714 quoque
3623 4644 3684 4697 ﬁt
3721 4644 3839 4712 ejus

2270 4743 2477 4795 mentio
2508 4742 2559 4793 in
2590 4741 2878 4795 obsidione
2897 4738 3172 4808 Agriensi,
3194 4754 3338 4793 anno
3358 4737 3839 4793 Cliristian01552

2272 4849 2301 4886 a
2351 4833 2549 4887 Turcis
2590 4832 2792 4887 frustra
2854 4838 3082 4892 tentata.
3112 4832 3354 4887 Preerat
3401 4829 3838 4900 Bozinensipro-

2272 4926 2466 4979 vincite
2490 4940 2591 4979 ceu
2626 4925 3067 4998 beglerbeqatus,
3101 4932 3157 4982 et
3202 4924 3271 4979 ad
3320 4923 3547 4981 Castelli
3589 4924 3712 4979 novi
3746 4925 3841 4979 ob-

2274 5018 2542 5078 sidionem
2579 5033 2764 5083 secum
2821 5018 3113 5088 sangiacos
3149 5032 3285 5073 suos
3333 5022 3543 5085 septem
3593 5015 3840 5068 adduxit.

2274 5108 2511 5161 Virtutis
2563 5108 2775 5163 eximia:
2826 5109 3149 5173 praesidiarii
3208 5109 3431 5174 milites,
3485 5122 3623 5180 quos
3659 5109 3841 5161 hostes

2278 5201 2382 5270 ipsi
2409 5208 2822 5262 commendant.
2883 5200 3110 5270 liis-pani
3165 5202 3417 5262 fuerunt,
3457 5210 3511 5255 et
3559 5200 3838 5259 Germani,

2277 5310 2504 5347 numero
2544 5298 2609 5346 ad
2635 5302 2872 5361 quatuor
2910 5294 3102 5348 millia.

2274 5407 2382 5460 950
2448 5406 2795 5466 So’eimanes,
2826 5406 3199 5477 subrpra'textu
3231 5406 3539 5477 defendendi
3568 5403 3774 5477 pupilli:
3811 5419 3842 5452 (ι

2372 5478 2518 5531 Bono
2548 5477 2833 5529 Erdeliano
2865 5471 3058 5539 relicti,
3083 5471 3303 5531 matrem
3348 5493 3465 5529 cum
3504 5471 3707 5546 pupillo
3731 5471 3846 5525 Un-

2368 5551 2521 5616 garia
2553 5549 2766 5616 spnlht.

2353 5660 2424 5710 ile
2462 5660 2669 5713 Joanne
2720 5661 3050 5732 Zapolieusi,
3101 5658 3248 5712 Bano
3282 5656 3598 5718 Erdeliano,
3633 5654 3841 5709 dictum

2284 5754 2456 5820 rapit»
2488 5754 2611 5806 223.
2652 5753 2743 5807 llic
2798 5753 3037 5807 moriens
3088 5750 3347 5821 pupillum
3403 5746 3623 5818 reliquit
3672 5747 3843 5799 bare-
