4230 6280
506 412 613 496 ςιπ

1667 415 1811 476 ΡΑΝ
1829 414 2070 473 DECTE
2106 406 2307 478 ηιδηῖ
2348 415 2660 477 TURCIC.

3667 408 3773 475 918

506 537 652 597 dem,
707 533 998 599 tute-imque
1055 527 1389 583 Soleimanis
1452 529 1888 592 commendavit,
1920 527 2085 583 Jttau-
2120 536 2159 588 Α
2192 544 2335 584 mus.
2366 527 2601 582 Fallitur
2648 524 2866 589 Juvins,
2924 539 3048 579 cum
3113 523 3209 587 ait,
3269 522 3557 578 Albaniam
3608 522 3773 579 hodie

510 642 632 680 nent
672 624 1113 695 Sigismundum,
1147 635 1308 689 quem
1370 619 1679 675 sustulerat
1718 637 1786 675 cx
1849 619 2079 675 lsabella

508 715 740 779 Polona,
776 713 937 783 cujus
969 713 1058 767 hic
1097 710 1304 767 mentio
1356 711 1435 775 ﬁt,
1482 712 1706 767 nomine
1734 718 1919 771 tamen
1972 726 2082 765 non

506 822 797 879 expresso,
824 806 987 862 velut
1028 804 1227 861 Turcis
1285 804 1499 874 ignoto.
1541 804 1824 863 Habuerat
1853 801 2086 863 Joannis

507 916 755 957 sororem
808 900 1132 967 Barbaram,
1185 898 1243 954 ni
1296 898 1475 965 fallor,
1517 898 1699 968 primo
1731 898 2086 955 matrimonio

508 994 797 1065 coniugem
848 992 1241 1064 Sigismuadus
1273 991 1475 1061 major,
1503 992 1749 1047 Polonia:
1802 1007 1896 1046 rex
1936 1006 2087 1061 :qua

507 1099 755 1154 mortua,
812 1084 1020 1143 Bonam
1084 1086 1286 1148 duxit,
1340 1084 1575 1140 Joannis
1635 1082 1880 1139 Galeacii
1931 1082 2090 1145 ducis

513 1181 965 1243 \iediolsnensis.
996 1196 1062 1237 es
1110 1178 1337 1237 lsabt-lla
1374 1179 1650 1244 Aragonia
1700 1176 2087 1248 Neapolitana,

514 1273 702 1329 tiliam.
769 1271 921 1333 Bona
971 1279 1132 1341 partu
1185 1272 1366 1339 primo
1396 1268 1683 1325 lsabt-llam
1721 1269 1863 1328 hanc
1892 1268 2089 1335 edidit,

510 1364 739 1423 Joannis
768 1362 1113 1434 Zapoliensis
1137 1361 1455 1432 coniugem,
1487 1358 1718 1417 Joannis
1747 1359 2090 1431 Sigismundi

513 1465 765 1513 matrem.
804 1457 1081 1512 (Italorum
1107 1453 1255 1513 nulla
1281 1454 1338 1510 lit
1384 1455 1473 1509 hic
1503 1454 1559 1508 in
1601 1453 1852 1515 Turcicis
1880 1457 2094 1511 mentio

514 1545 853 1608 Ferdinandi
906 1548 1164 1613 (Σίνιδι-ῖς,
1202 1546 1458 1617 Ungaria
1486 1546 1877 1616 Boltemiaeque
1903 1547 2050 1619 regis
2077 1567 2093 1614 ;

513 1645 606 1717 qui
640 1652 826 1703 tamen
860 1643 963 1700 bot-
994 1642 1224 1705 bellum,
1252 1640 1490 1697 Perenio
1526 1647 1581 1696 et
1612 1637 1966 1711 Rogendorlo
1996 1642 2100 1700 du-

513 1738 691 1804 cibus,
715 1736 959 1808 gerebat.
992 1737 1051 1792 Id
1072 1733 1332 1805 equidem
1361 1733 1479 1792 ﬁeri
1519 1741 1809 1804 propterea
1843 1734 2091 1793 credide-

518 1836 642 1895 tim,
668 1831 814 1900 quod
840 1828 1252 1885 Ferdinandum
1277 1825 1647 1887 Solcimancs.
1672 1826 1883 1881 hostem
1910 1842 2095 1892 suum,

515 1940 616 1995 pro
641 1925 803 1997 σου
852 1923 1105 1993 lingat-ite
1141 1935 1269 1986 rege
1315 1935 1423 1974 non
1456 1922 1803 1988 agnosceret.
1841 1915 2107 1972 Notanda‘
2133 1906 2173 1957 Β

518 2035 646 2074 vero
677 2017 924 2073 lsabellat
959 2016 1162 2078 oratio,
1212 2028 1373 2081 quam
1428 2011 1595 2067 Tttrt-i
1637 2011 1838 2080 regina:
1873 2010 2096 2066 nomine

518 2126 626 2166 non
646 2109 987 2181 dignantur,
1019 2107 1159 2171 Icum
1209 2104 1417 2159 Budam
1454 2105 1727 2159 afﬁrmant
1774 2118 1883 2158 non
1938 2117 2093 2157 suam

516 2216 661 2266 esse,
688 2202 780 2259 sed
806 2200 1012 2258 sultaui
1041 2198 1354 2256 Osmanidze
1377 2198 1683 2253 civitatem.
1714 2195 1890 2250 Nimis
1915 2195 1968 2248 itt
1996 2194 2095 2249 huc

517 2309 702 2350 veram
733 2308 793 2350 se
847 2304 1031 2348 vatem
1094 2301 1320 2359 experta
1372 2289 1537 2358 paulo
1568 2295 1691 2358 post
1739 2286 1845 2342 fuit
1890 2284 2094 2351 bellua,

518 2406 642 2445 cum
685 2388 1050 2452 Seieimanes,
1084 2387 1204 2454 ipsa
1235 2399 1360 2446 cum
1396 2384 1509 2438 lilio
1541 2398 1639 2449 per
1665 2396 1935 2437 summam
1974 2395 2101 2449 per«

520 2484 703 2538 lidiam
741 2484 941 2553 ejecta,
986 2480 1151 2535 Bitdc
1200 2480 1408 2549 pariter
1429 2485 1486 2532 et
1540 2474 1792 2544 Ungaria:
1849 2472 2095 2541 reliquae,

518 2579 671 2632 velut
707 2578 759 2630 in
792 2574 1138 2645 provinciam
1186 2572 1440 2635 redactae.
1496 2568 1883 2639 heglm-begum
1917 2566 2097 2634 poeti-

519 2679 691 2727 ceret.
728 2668 908 2723 honos
941 2667 1032 2721 ille
1063 2666 1272 2721 scilicet
1307 2673 1457 2717 tutor
1490 2679 1508 2718 :
1556 2668 1757 2728 matre,
1791 2668 1901 2712 tatu
1954 2655 2099 2711 Tur-

518 2762 602 2816 cis
637 2760 884 2820 addicta.
910 2773 1038 2814 cum
1086 2757 1202 2811 ﬁlio
1233 2754 1464 2826 pupillo,
1513 2754 1570 2809 in
1610 2750 2097 2821 Transsylvaniam

521 2853 605 2908 vel
635 2852 913 2908 Erdclium
969 2849 1228 2919 relegata.
1281 2844 1608 2915 Huiusmodi
1662 2843 1924 2898 nimirum
1975 2856 2101 2896 esse

522 2946 747 3015 prmmia
778 2944 1065 3000 societatis
1085 2950 1143 2997 et
1192 2940 1459 2995 amicitiae
1511 2938 1761 2993 barbara
1790 2935 1989 2997 solent,
2042 2944 2103 2989 ut

525 3046 764 3108 tyranno
795 3048 900 3090 suo
952 3033 1259 3087 moriturus
1298 3030 1477 3084 aiebat
1507 3029 1727 3092 Aratus,
1779 3025 2008 3082 τοιαῦτα
2032 3027 2103 3079 τὰ

524 3130 778 3200 ἐπίχειρα
801 3128 901 3198 τῆς
926 3124 1268 3197 τυραννικῆς
1291 3124 1496 3192 φιλίας.

628 3243 757 3297 9.51.
801 3240 1082 3308 Valpoum,
1130 3238 1481 3308 Strigonium.
1525 3234 1739 3290 Granus
1778 3235 1996 3306 ﬂuvius.

593 3357 832 3428 Walpou
860 3354 1055 3409 Turcis
1088 3359 1171 3408 est
1217 3367 1311 3404 arx
1335 3389 1352 3412 .
1410 3349 1646 3420 [iugaris
1670 3349 1816 3402 dicta
1862 3347 2062 3418 Walpo
2085 3387 2103 3412 ,

527 3450 853 3522 Valponium
879 3446 1064 3502 Jovio.
1105 3442 1265 3499 Ultra
1312 3442 1536 3503 ﬂuvium
1589 3441 1822 3495 Dravam
1867 3440 1971 3494 sita
1996 3445 2101 3495 est.

526 3543 655 3598 Post
706 3541 932 3596 tertium
989 3536 1300 3594 obsidionis
1364 3549 1614 3589 mensem
1666 3547 1696 3586 a
1752 3530 2106 3602 praesidiariis

527 3632 709 3688 dedita
761 3632 888 3704 fuit,
936 3627 1197 3698 praefecto
1251 3628 1318 3679 ab
1372 3625 1565 3680 iisdem
1621 3634 1806 3693 capto,
1848 3631 1903 3693 et
1962 3621 2102 3683 hosti

528 3724 770 3794 prodito.
811 3721 1157 3792 Strigonium
1194 3731 1342 3773 nunc
1384 3717 1626 3772 Granum
1683 3716 1841 3786 vulgo
1889 3714 2102 3773 dicunt,

529 3823 597 3873 ab
632 3834 795 3880 amne
820 3815 1035 3881 Grano,
1064 3814 1182 3883 qui,
1216 3811 1460 3871 deﬂuens
1495 3825 1524 3863 a
1554 3808 1865 3876 Qarpathiis
1904 3807 2105 3861 monti—

530 3912 656 3973 bus.
686 3908 779 3963 ubi
830 3886 1107 3965 montanzc
1145 3917 1292 3962 nunc
1343 3900 1597 3958 civitates
1641 3899 1884 3954 celebres
1956 3908 2104 3965 sunt,

529 4003 595 4055 ad
660 4000 877 4055 radices
940 3996 1085 4051 arcis
1151 3993 1547 4064 Strigoniensis
1608 3992 1726 4045 sive
1781 3989 2106 4053 Crenensis,

531 4095 784 4166 Danubio
824 4093 1109 4148 miscetur.
1164 4088 1320 4145 Unde
1371 4087 1579 4149 civitati
1623 4101 1843 4156 quoque
1898 4084 2108 4153 Strign-

532 4190 682 4243 nium
715 4201 917 4242 nomen
966 4183 1202 4238 inditum
1230 4190 1473 4253 putatur,
1512 4180 1662 4234 velut
1703 4177 2107 4249 lstrigranium,

534 4284 603 4337 ab
633 4282 752 4337 latri
799 4289 854 4337 et
886 4277 1055 4336 Grani
1097 4274 1523 4331 conﬂuentibus.
1569 4272 1706 4327 Alba
1756 4272 1953 4343 regalis
2001 4285 2107 4322 non

531 4386 645 4431 tam
679 4391 708 4429 ι
741 4387 928 4452 regum
967 4367 1223 4439 Ungaria:
1251 4365 1553 4438 sepulturis
1575 4364 1657 4418 sic
1680 4365 1949 4435 appellata
1985 4365 2108 4429 luit,

534 4484 770 4540 quarum
832 4464 1211 4520 meminerunt
1268 4459 1533 4531 Annales,
1594 4473 1759 4530 quam
1825 4472 1857 4513 a
1922 4472 2108 4531 regum

534 4559 975 4642 inattguratione,
1010 4572 1132 4636 quze
1160 4555 1268 4616 hoc
1300 4553 1416 4609 ﬁeri
1449 4553 1574 4619 loco
1626 4549 1825 4621 priscis
1849 4548 2110 4617 tempori-

2130 3260 2176 3317 ϐ

2192 616 2381 671 vocari
2417 614 2670 679 Serban,
2704 612 2940 669 vicinam
2999 610 3232 676 Metlizc,
3283 619 3617 683 propterque
3665 608 3771 665 Ca-

2193 710 2375 781 spium
2400 723 2554 764 mare
2581 710 2766 763 sitam.
2791 706 3005 777 Quippe
3031 703 3183 774 regio
3219 702 3657 773 Georgianorum
3688 710 3774 759 est

2192 802 2450 861 Albania.
2485 801 2580 871 qni
2612 814 2897 869 nunquam
2928 797 3019 853 vel
3053 796 3158 867 ipsi
3186 794 3299 866 regi
3329 795 3653 858 Persarum,
3686 792 3771 847 vel

2196 894 2352 962 regio
2381 893 2535 947 fratri
2589 899 2894 962 paruerunt
2936 889 3244 944 hactenus:
3285 886 3383 941 sed
3444 884 3774 946 ChriStiani,

2195 995 2250 1042 et
2275 986 2460 1048 liberi,
2500 999 2634 1041 suos
2675 983 2956 1054 principes
2991 978 3230 1048 habent;
3283 974 3468 1035 Persis
3505 974 3779 1037 duntaxat

2195 1077 2572 1139 conlmderati,
2616 1075 2760 1133 sicut
2787 1073 3100 1145 expositum
3138 1070 3314 1141 capite
3356 1068 3661 1130 centesimo
3686 1084 3781 1125 oc-

2198 1170 2464 1243 togesimo
2521 1182 2692 1227 nono.
2752 1166 3049 1228 Sirvanum
3088 1177 3237 1228 vero,
3298 1164 3418 1222 sive
3468 1160 3669 1222 Media.
3696 1176 3779 1223 rc-

2199 1266 2290 1334 gni
2318 1264 2525 1323 Persici
2557 1263 2865 1319 membrum
2916 1272 3039 1317 est:
3077 1259 3224 1326 quod
3284 1258 3506 1318 tametsi
3566 1254 3779 1315 Masta-

2200 1360 2337 1424 pltas
2371 1358 2533 1413 bassa
2573 1357 2723 1411 vezir
2771 1353 3005 1425 imperio
3044 1351 3280 1421 subjecit
3328 1349 3779 1415 (ismanitlarum,

2200 1465 2349 1508 anno
2377 1450 2699 1506 Christiano
2737 1448 3032 1504 millesimo
3086 1445 3530 1518 quingentesimo
3556 1452 3778 1514 septua-

2201 1543 2412 1614 gesimo
2442 1525 2657 1606 octavo,
2678 1550 2734 1596 et
2757 1541 3178 1610 beglcrltegattts
3205 1540 3259 1593 itt
3290 1539 3524 1593 formam
3549 1535 3777 1605 redegit:

2204 1651 2327 1690 mox
2360 1644 2545 1693 tamen
2569 1634 2753 1693 Persis
2804 1644 3111 1704 receptum,
3148 1633 3221 1690 ab
3260 1632 3453 1691 iisdem
3506 1629 3780 1700 hodieque

2202 1730 2497 1785 retinetur.

2424 1865 2551 1922 255.
2577 1865 2750 1931 Uvan,
2787 1863 3045 1925 Uvastan.
3078 1859 3309 1916 [bonum
3327 1858 3567 1915 Cedrt’m’.

2269 1985 2417 2043 Urbs
2447 1985 2565 2041 haec
2604 1998 2731 2041 cum
2775 1997 2902 2037 arce
2931 1981 3014 2035 sic
3043 1979 3110 2042 ad
3142 1975 3348 2034 Persici
3395 1977 3545 2056 regni
3575 1975 3781 2037 limites

2198 2077 2459 2149 pertinet,
2498 2076 2753 2130 utetiam
2806 2073 2998 2149 majori
3056 2070 3293 2131 ﬁnitima
3355 2068 3428 2123 sit
3486 2065 3779 2123 Armeniae.

2202 2172 2467 2228 Cedrinus
2495 2170 2549 2225 in
2573 2169 2767 2225 eodem
2785 2165 3150 2231 Monomacho
3172 2163 3420 2238 Augusto
3445 2171 3608 2216 vocat
3638 2159 3783 2214 ἰϐὰν

2200 2263 2359 2318 πόλιν
2390 2262 2485 2317 τοῦ
2521 2258 2915 2333 Βαασπρακάν.
2959 2257 3017 2313 Id
3078 2255 3273 2319 Latine
3323 2255 3556 2313 reddens
3611 2255 3784 2306 inter-

2202 2372 2349 2425 pres,
2386 2354 2609 2411 lbauum
2636 2362 2692 2410 et
2735 2352 3083 2424 Baaspracan
3105 2349 3349 2419 scripsit.
3371 2345 3483 2418 Ego
3518 2344 3810 2416 simplici-°

2202 2457 2287 2503 ter
2333 2446 2729 2518 exprimerem,
2786 2452 2859 2497 uti
2914 2450 3067 2507 tanto
3135 2440 3336 2495 melius
3405 2437 3780 2513 intelligerer:
3868 2457 3871 2461 ⁴

2201 2539 2373 2605 lwan,
2399 2547 2491 2592 aut
2526 2537 2678 2606 lvan,
2716 2536 2855 2589 urbs
2895 2532 3137 2603 regionis
3165 2530 3539 2601 Vaaspraran.
3572 2528 3783 2597 thuia

2202 2630 2382 2701 capite
2412 2627 2751 2700 prmcedenti
2783 2624 3160 2698 Vaaspracan,
3184 2639 3255 2682 ex
3276 2623 3527 2705 ejusdem
3562 2622 3783 2677 Ccdrini

2202 2722 2551 2791 auctoritate,
2598 2719 2831 2774 Mediam
2898 2734 3022 2779 esse
3083 2717 3424 2782 docuimus,
3485 2715 3788 2787 intelligere

2197 2816 2307 2887 jam
2340 2815 2487 2878 licet.
2523 2814 2762 2871 Wanum
2804 2813 2871 2873 ad
2901 2812 3147 2866 eamdem
3202 2811 3428 2876 Mediam
3465 2798 3654 2869 referri
3686 2811 3783 2874 de-
3880 2832 3881 2835 η

2203 2908 2367 2981 bere,
2406 2907 2491 2971 vel
2521 2922 2585 2969 ea
2605 2908 2653 2967 si
2685 2922 2796 2961 non
2845 2906 3218 2971 contineatur,
3253 2905 3449 2967 saltem
3496 2904 3785 2964 ﬁnitimam

2204 3000 2399 3064 videri.
2437 3000 2763 3062 Wastanum
2797 2998 3079 3066 signiﬁcat
3131 2997 3417 3069 rcgionetn
3463 2996 3613 3058 circa
3652 2992 3783 3054 Wa-

2204 3108 2337 3146 num
2368 3094 2551 3150 sitam.
2600 3106 2698 3153 seu
2748 3090 2911 3145 Waui
2965 3089 3358 3155 territorium:
3402 3088 3679 3159 siquidem
3709 3088 3785 3143 ls-

2205 3194 2326 3254 tan,
2354 3184 2471 3246 sive
2514 3183 2670 3250 Stan,
2719 3182 2919 3241 Turcis
2968 3197 3197 3261 regnum
3237 3181 3324 3242 vel
3376 3181 3662 3254 rgionem
3710 3183 3786 3238 ιε.

2208 3275 2454 3347 gniﬁcat.

2205 3408 2336 3471 254.
2391 3407 2600 3465 Neritia
2636 3407 3095 3478 bsglsrbegattntut
3134 3407 3298 3462 totius
3339 3404 3759 3478 Osmam’dorsm

2536 3476 2763 3548 imperii,
2804 3494 2936 3546 quos
2967 3476 3123 3535 hodie
3165 3476 3467 3548 possident.

2278 3601 2417 3667 Quia
2456 3600 2692 3655 Persicis
2720 3598 2777 3652 in
2826 3595 3028 3651 ﬁnibus
3079 3606 3365 3651 extrenttts
3415 3597 3506 3652 hic
3545 3613 3576 3653 a
3610 3598 3789 3654 Sulci-

2209 3708 2370 3748 msne
2414 3689 2577 3745 Wani
2621 3689 3037 3758 beglerbegatns
3086 3688 3137 3742 id
3177 3687 3447 3759 temporis
3500 3687 3788 3744 institutus

2211 3787 2338 3853 fuit,
2366 3784 2499 3840 libet
2544 3785 2646 3838 hoc
2680 3784 2801 3837 loco
2850 3782 3146 3851 quamdam
3179 3782 3335 3849 quasi
3393 3782 3646 3837 notitiam
3698 3799 3788 3837 rc-

2209 3884 2300 3950 gni
2339 3878 2620 3935 Osmanici
2667 3876 2965 3930 lectoribus
3008 3874 3297 3939 exhibere,
3348 3873 3639 3945 descriptis
3696 3888 3787 3928 or-

2212 3976 2337 4027 dine
2375 3970 2676 4041 provinciis
2721 3969 2840 4038 ejus
2871 3969 2986 4023 sive
3020 3967 3516 4037 lteglerbegatibus,
3566 3980 3709 4038 quos
3732 3968 3785 4021 in

2210 4065 2363 4126 Asia,
2393 4060 2585 4117 Africa
2645 4071 2701 4116 et
2747 4060 2964 4129 Europa
2992 4075 3141 4118 nunc
3184 4058 3426 4125 Iurates
3448 4059 3538 4115 hic
3566 4062 3783 4118 tertius.

2213 4156 2359 4213 unici
2399 4154 2759 4211 Mucbentetis
2786 4153 3100 4209 Osmanida
3154 4162 3350 4223 pater,
3410 4153 3698 4225 possidet:
3728 4168 3787 4210 ut

2214 4252 2287 4303 ita
2324 4249 2563 4318 denique
2597 4249 2908 4303 Pandecten
2946 4246 3195 4305 historiae
3245 4248 3496 4302 Turciete
3534 4256 3785 4304 nostrum

2210 4342 2573 4407 claudamus,
2616 4342 2789 4397 visuri
2836 4340 3098 4412 deinceps
3171 4340 3336 4397 latius
3380 4358 3450 4397 ne
3510 4342 3785 4413 permissu

2219 4434 2473 4490 Numinis
2501 4436 2635 4490 ﬁnes
2682 4450 2812 4490 suos
2846 4436 3199 4506 prepagaturi
3242 4436 3375 4495 sint.
3417 4451 3485 4489 an
3539 4436 3791 4493 vastissi-

2213 4543 2358 4582 mam
2391 4528 2537 4582 illam
2559 4527 2754 4587 molem
2782 4528 3022 4598 imperii,
3053 4530 3267 4583 cunctis
3308 4527 3575 4584 hactenus
3601 4528 3791 4584 formi-

531 4658 635 4712 hus
667 4614 917 4710 vsolebat.
965 4614 1099 4705 lslic
1145 4645 1317 4702 etiam
1370 4660 1463 4700 rex
1507 4640 1928 4706 Ferdinandns,
1980 4654 2104 4693 cum

2213 4620 2444 4675 dabilcm
2490 4619 2727 4690 populis,
2768 4618 3068 4674 secundum
3130 4618 3491 4689 ipsorummet
3532 4618 3781 4681 oracula,

531 4751 687 4804 Anna
720 4745 980 4816 conjuge,
1020 4739 1288 4796 \‘ladislai
1341 4737 1487 4806 regis
1536 4736 1673 4808 ﬁlia,
1727 4733 1991 4789 Ludovici
2023 4748 2109 4799 so-

532 4858 679 4908 rore,
702 4838 922 4895 decimo
948 4842 1148 4907 quarto
1169 4831 1261 4887 die
1284 4828 1604 4894 Februarii,
1636 4843 1784 4883 anno
1817 4828 2109 4883 millesimo

531 4932 991 5006 quingentesimo
1024 4927 1297 4983 vicesimo
1336 4925 1593 4996 septimo,
1634 4922 1882 4979 adhibita
1930 4923 2107 4983 sancti

532 5024 797 5099 Stephani
831 5039 958 5077 vera
986 5033 1215 5083 corona,
1263 5017 1368 5073 luit
1403 5017 1793 5085 inauguratus.

631 5141 760 5200 9.32.
798 5139 1115 5197 Scitiruran,
1145 5131 1363 5198 Simon,
1386 5130 1610 5197 Serban,
1649 5147 1797 5189 error
1834 5130 1996 5193 Joeii.
2062 5100 2065 5101 ν

601 5259 666 5313 Si
689 5259 861 5313 lector
892 5252 963 5306 ab
989 5251 1118 5305 aliis
1142 5248 1211 5302 tie
1241 5248 1349 5300 hoc
1392 5248 1543 5304 bello
1577 5245 1860 5309 memoria:
1890 5246 2103 5313 prodita

531 5351 693 5420 leget,
726 5359 1001 5416 nusquam
1028 5345 1103 5399 ita
1136 5340 1477 5408 descriptum
1520 5337 1789 5392 inveniet.
1831 5335 1900 5392 Ut
1930 5337 2106 5392 Tech-

532 5456 676 5501 mas.
705 5437 1067 5509 Spandugino
1096 5431 1319 5493 Tantas,
1355 5430 1664 5485 Sansorino
1688 5428 1883 5484 Tolcas
1916 5430 2112 5497 etiam;

532 5534 613 5589 sic
669 5528 836 5584 Ercas
896 5528 1071 5581 eidem
1127 5521 1491 5594 Spandugino
1546 5520 1874 5575 nominatur
1912 5520 2105 5587 Algas,

533 5621 765 5679 miriﬁce
794 5616 1003 5673 vitiatis
1049 5611 1535 5685 appellationibus.
1573 5608 1744 5679 Regio
1779 5607 2104 5666 Schiruvam

532 5725 629 5772 ant
663 5714 886 5774 Sinon,
915 5708 1062 5765 haud
1092 5705 1255 5762 dubie
1291 5720 1438 5761 nunc
1463 5711 1550 5760 est
1586 5704 1699 5762 illa.
1736 5719 1903 5774 quam
1938 5704 2105 5774 prisci

532 5809 721 5863 dixere
750 5803 1004 5868 Mediam,
1054 5799 1393 5871 posteriores
1422 5797 1588 5851 etiam
1627 5795 1978 5865 Vaaspracan
2001 5834 2016 5859 ,
2048 5804 2105 5849 ut

534 5899 676 5971 apud
706 5896 998 5961 Cedrinnm
1050 5894 1107 5951 in
1137 5890 1503 5952 Constantino
1561 5889 1923 5946 Mouemaclto
1975 5887 2104 5959 legi-

2212 4712 2435 4773 tandem
2462 4711 2760 4782 aliquando
2792 4709 2934 4766 Deus
2963 4708 3221 4781 Optimus
3252 4709 3521 4766 Ilaximus
3553 4726 3668 4765 sua:
3694 4713 3787 4766 dc-

2211 4802 2484 4859 clarandre
2519 4804 2829 4872 maiestatis
2866 4819 2929 4858 ac
2959 4804 3148 4872 gloriae
3174 4818 3343 4857 causa
3364 4804 3438 4858 sit
3464 4818 3783 4871 eversurus,

2212 4896 2298 4951 vel
2320 4896 2376 4951 in
2403 4897 2674 4962 ordinem,
2703 4897 2913 4966 subque
2946 4896 3141 4967 jugum
3195 4896 3295 4950 ﬂlii
3349 4896 3433 4951 sui
3496 4897 3579 4953 sic
3628 4898 3784 4951 reda-

2209 5001 2439 5054 cturus,
2486 4998 2546 5043 ut
2569 4989 2704 5058 Gogi
2744 4987 3067 5059 Bagogique
3111 4987 3215 5043 sub
3235 4988 3375 5044 ctelo
3421 4989 3629 5044 nullum
3670 5006 3785 5043 am-

2214 5082 2355 5150 plius
2386 5096 2585 5136 nomen
2624 5089 2822 5137 exstet.
2866 5082 2925 5135 Id
2955 5081 3103 5135 enim
3159 5081 3453 5152 postremis
3502 5095 3562 5136 se
3604 5080 3783 5135 factu-

2210 5188 2333 5227 rum
2371 5172 2583 5236 diebus,
2636 5190 2733 5243 per
2777 5189 2909 5229 suos
2963 5174 3285 5228 indubitane
3322 5172 3446 5226 ﬁdei
3498 5183 3649 5228 vates
3682 5190 3787 5230 no-

2212 5268 2299 5320 bis
2371 5266 2737 5323 denuntiavit.
2814 5267 3109 5322 Ordiamur
3190 5275 3373 5321 autem
3445 5265 3516 5322 ab
3572 5268 3783 5324 oriente

2211 5360 2349 5414 sole.

2765 5495 2901 5553 dsit:
2938 5493 3368 5569 Beglevbegatus.

2280 5610 2323 5666 l.
2358 5609 2575 5666 Anatoli
2614 5609 2923 5680 bcglcrbeg.
2962 5608 3095 5678 Ejus
3123 5608 3282 5664 sedes
3313 5615 3401 5663 est
3450 5608 3505 5662 in
3550 5606 3774 5665 civitate

2208 5702 2440 5773 Cutaige
2469 5700 2720 5772 Phrygia:
2765 5701 3032 5769 majoris,
3095 5715 3260 5769 quam
3314 5700 3440 5755 olim
3490 5698 3775 5769 Cotyaium

2207 5790 2381 5846 Gusci
2443 5792 2839 5865 nominabant,
2888 5792 3033 5848 sicut
3087 5789 3400 5857 expositum
3450 5789 3631 5860 capite
3681 5787 3788 5847 60..

2210 5887 2509 5958 Sangiacos
2545 5886 2709 5944 habet
2730 5884 2833 5939 sub
2866 5899 2921 5938 sc
2953 5880 3284 5939 duodecim.
