4228 6298
490 425 598 489 9l9

1685 426 2013 488 JDANNIS
2057 424 2524 485 LEUNCLAVII

3626 405 3737 469 920

563 543 626 596 Η.
670 542 939 596 (Zaraman
972 541 1286 611 beglerbeg.
1324 539 1659 595 Domicilimn
1699 540 1860 612 504
1908 539 2071 592 habet
2104 544 2144 596 Α
2173 537 2484 607 ειεώιιειιιη
2516 531 2801 590 constituit
2835 535 3124 588 Osmanem
3161 530 3378 584 bassam
3424 527 3733 582 famosum:

491 636 558 688 ad
587 634 888 689 Caisariam
920 636 1148 698 Cilicia,
1172 635 1240 688 de
1261 650 1367 702 qua
1414 649 1513 687 suo
1550 634 1755 689 dictum
1786 635 1923 686 loco.
1971 631 2065 684 Se-

497 735 645 789 ptem
691 727 794 779 sub
823 727 925 782 hoc
955 728 1301 793 sangiacatus
1351 738 1497 780 sunt.

562 816 649 870 III.
695 816 855 871 Siras
880 818 1193 886 beglerbeg.
1223 817 1286 869 ad
1319 815 1647 879 Sebastiani,
1687 815 1755 869 de
1793 828 1901 884 qua
1934 828 2067 868 con-

493 910 609 961 sule
649 919 815 975 caput
847 912 1107 979 quintum
1148 910 1434 963 Pandectis
1470 909 1654 977 hujus.

560 1000 648 1054 IV.
691 1000 937 1054 Tecatun
978 1003 1287 1072 beglerbi-g.
1333 999 1553 1054 Residet
1586 1000 1653 1053 ad
1685 999 1875 1053 urbem
1903 999 2066 1050 Aura-

490 1095 655 1147 siam.
688 1091 802 1146 Sub
835 1110 902 1146 eo
944 1101 1075 1147 sunt
1102 1094 1347 1162 quinque
1379 1094 1750 1162 sangiacatus.

564 1185 625 1238 V.
670 1185 927 1255 Dulgailir
958 1187 1266 1253 beglerbcg.
1310 1185 1388 1238 De
1436 1187 1538 1238 hac
1605 1185 1883 1254 provincia
1938 1197 2068 1236 con-

493 1276 610 1327 sule
635 1285 796 1343 caput
840 1275 937 1328 I63
978 1275 1265 1330 Pandectis
1308 1278 1493 1346 hujus.
1546 1276 1795 1341 Quatuor
1845 1276 1948 1328 sub
2007 1291 2066 1330 se

494 1370 845 1433 snngiaeatus
883 1367 1070 1420 habet.

565 1457 652 1512 VI.
695 1458 860 1526 I-Iali-p
887 1459 1205 1527 beglerbeg,
1234 1460 1299 1513 ad
1330 1460 1588 1531 Ilalepum
1614 1462 1728 1516 sive
1750 1461 2065 1518 Berrhmam

495 1548 686 1616 Syt'ia‘,
725 1549 789 1602 de
818 1567 921 1616 qua
953 1551 1128 1617 capite
1155 1553 1213 1606 6.

577 1641 686 1696 VII.
727 1642 925 1694 Scham
953 1644 1262 1711 beglerbeg,
1293 1644 1357 1696 ad
1397 1643 1717 1700 Damascum
1746 1646 1936 1717 Syr-hc.

565 1731 703 1785 VIII.
747 1731 1044 1799 Tarapolos
1079 1735 1157 1788 vel
1189 1734 1452 1805 Trapolos
1482 1737 1792 1807 bcglerbeg,
1849 1738 1914 1791 ad
1944 1738 2067 1796 Tri-

492 1825 659 1891 polim
704 1823 894 1894 Syriae.

566 1914 657 1968 IX.
706 1917 881 1969 Maras
909 1917 1216 1988 beglerbeg,
1254 1920 1318 1971 ad
1354 1918 1678 1983 Marassum,
1705 1930 1930 1991 propter
1957 1923 2064 1976 Eu-

496 2009 742 2072 pln'atcm
782 2010 973 2073 situm,
1004 2011 1145 2063 inter
1180 2009 1440 2078 Halepum
1479 2021 1534 2066 et
1586 2013 2061 2081 Mesopotamiam.

564 2096 626 2150 X.
674 2097 961 2153 Diarbekir
994 2102 1306 2170 beglerbeg,
1337 2104 1388 2155 in
1423 2102 1836 2173 Mesopotamia.
1872 2107 1937 2158 ad
1971 2122 2064 2159 ur-

492 2190 610 2242 bem
644 2192 928 2256 Amidam,
966 2209 1130 2262 quam
1164 2193 1330 2248 Turci
1378 2213 1525 2250 nunc
1577 2195 1906 2252 Carahemid
1966 2215 2064 2253 no-

493 2285 724 2335 minant.
763 2283 1016 2354 Sangiaci
1057 2296 1249 2354 parcnt
1291 2288 1416 2341 huic
1447 2287 1758 2342 duodecim.

564 2373 650 2427 XI.
694 2375 1228 2448 Bagilatbeglerbcg,
1275 2381 1341 2431 ad
1373 2380 1654 2450 Bagdatim
1705 2380 1817 2435 sive
1869 2397 2063 2436 novam

491 2465 845 2533 Babylonem,
880 2467 946 2521 de
989 2484 1097 2536 qua
1138 2470 1312 2538 capite
1336 2472 1389 2523 4.
1983 2523 1985 2527 ,

568 2557 684 2612 XII.
729 2558 950 2614 Balsara
1007 2561 1316 2634 beglerbeg,
1375 2567 1442 2617 ad
1503 2566 1680 2620 sinuin
1737 2567 2061 2635 Persicum,

500 2667 605 2703 non
636 2655 825 2718 procul
860 2667 889 2704 a
925 2654 1129 2724 Bagdat
1161 2657 1275 2710 sive
1305 2657 1602 2728 Babylone.

567 2742 709 2797 XIII.
771 2744 914 2797 Laxa
983 2748 1294 2818 bi-glerbeg.
1355 2752 2061 2821 Antiquitas:Caramania

499 2836 672 2888 tendit
709 2837 772 2887 ad
809 2837 1012 2892 limites
1041 2839 1270 2902 Ormuz,
1318 2850 1368 2895 et
1395 2841 1577 2897 I’ersis
1619 2855 1702 2899 est
1735 2845 1990 2901 ﬁnitima.

564 2925 702 2980 XIV.
747 2926 972 2990 Gcmen,
1006 2930 1153 2983 Aden
1183 2932 1489 3001 heglerheg,
1535 2934 1586 2987 in
1626 2935 1823 2989 Arabia
1859 2937 2062 3004 Felici,

493 3022 559 3072 εδει
586 3021 740 3074 littus
778 3020 1154 3088 Ilubripmaris.
1181 3019 1316 3077 Vide
1347 3036 1511 3092 caput
1535 3025 1660 3078 2H.
1698 3026 1916 3082 Diversa
1948 3031 2064 3084 loca

495 3123 649 3172 sunt,
692 3126 798 3163 uno
831 3122 1007 3166 tamen
1044 3113 1425 3184 beglerbegatu
1471 3119 1887 3186 comprehensa.

2170 629 2264 683 sed
2298 647 2326 682 a
2360 629 2542 684 Persis
2573 643 2682 681 non
2722 626 2888 680 multo
2940 635 3061 693 post
3119 624 3326 692 ejectus
3372 619 3498 674 fuit.
3552 621 3740 674 Nihilo

2170 731 2354 776 tamen
2388 723 2571 774 minus
2607 719 2694 772 hic
2724 717 3147 786 beglerbegatus
3195 711 3617 769 Osinanidarum
3658 712 3742 764 in-

2172 814 2412 883 scriptus
2451 822 2534 867 est
2572 812 2733 875 libro,
2763 810 2886 879 qui,
2927 808 3032 862 nisi
3094 807 3430 864 restituatur,
3461 819 3741 872 nunquam

2169 921 2230 961 se
2259 921 2443 974 pacem
2478 905 2722 957 facturos
2745 916 2870 956 eum
2899 898 3083 955 Persis
3135 899 3485 968 prolltentur.

2244 997 2433 1052 XXIII.
2479 996 2786 1066 Temircapi
2823 993 3133 1064 bcglerbeg.
3163 990 3342 1046 Locus
3365 1000 3451 1045 est
3496 988 3562 1042 ad
3590 1000 3741 1040 mare

2169 1090 2453 1156 Caspium,
2513 1087 2671 1141 Porta
2735 1085 2906 1139 l‘errea
2937 1084 3140 1148 dictus,
3203 1092 3259 1137 ct
3297 1080 3428 1150 Capi
3491 1079 3742 1136 derbent.

2172 1191 2327 1251 porta
2357 1181 2594 1234 faucium
2627 1183 2710 1234 vel
2737 1179 3139 1246 angustiarum.
3163 1176 3321 1245 Cepit
3355 1175 3500 1228 hunc
3535 1171 3741 1226 Osman

2172 1277 2334 1329 bassa
2367 1276 2559 1330 eodem
2603 1288 2746 1328 anno
2780 1271 3072 1326 millesimo
3120 1268 3567 1340 quingentesimo
3618 1279 3745 1332 sep-

2173 1370 2477 1439 tuagesimo
2536 1376 2750 1428 octavo,
2809 1371 2864 1419 et
2908 1363 2960 1416 in
3010 1362 3243 1416 Iormam
3301 1359 3745 1429 beglerbegatus,

2172 1468 2365 1510 necato
2395 1457 2706 1511 Schembali
2737 1454 2947 1518 Cliane,
2979 1467 3174 1508 socero
3207 1464 3332 1514 suo,
3370 1449 3601 1519 redegit.

2243 1549 2433 1603 XXIV.
2475 1549 2612 1603 Cars
2664 1546 2974 1615 beglerbeg.
3031 1543 3306 1600 Cedrinus
3356 1541 3528 1597 Carsc
3563 1541 3743 1595 nomi-

2172 1654 2288 1708 nat,
2329 1650 2381 1695 et
2419 1644 2472 1695 in
2508 1639 2884 1695 I’ersarmcnia
2931 1637 3186 1702 collocat,
3222 1651 3344 1704 quzc
3380 1648 3527 1687 nunc
3551 1633 3747 1685 Arme-

2173 1732 2263 1785 nia
2317 1731 2492 1800 major
2542 1741 2645 1784 est.
2701 1729 2877 1783 Distat
2927 1727 3065 1782 Cors
3093 1725 3161 1780 ab
3212 1725 3476 1781 Arzerum
3507 1730 3744 1790 quatuor

2176 1825 2386 1879 dierum
2445 1824 2657 1876 itinere.
2721 1818 3143 1890 Beglerbegatus
3205 1816 3349 1885 cepit
3395 1828 3539 1869 anno
3585 1812 3748 1866 Chri-

2100 1881 2140 1936 Β
2171 1915 2351 1968 stiano
2375 1913 2666 1967 millesimo
2693 1909 3141 1980 quingentesimo
3156 1905 3559 1977 septuagesimo
3576 1918 3741 1968 nono,

2170 2014 2393 2061 auctore
2424 2004 2706 2072 Mustaplia
2747 2002 2928 2057 bassa.

2241 2094 2410 2149 XXV.
2453 2093 2726 2148 Tschildir
2761 2102 2856 2146 aut
2886 2089 3094 2144 Tzildir
3134 2086 3446 2158 beglerbcg,
3497 2083 3564 2139 ad
3605 2082 3747 2137 lines

2171 2187 2624 2252 Georgianorum,
2665 2185 2731 2238 ab
2760 2183 2952 2238 eodem
2985 2182 3273 2250 Mustapba
3314 2179 3475 2234 bassa
3521 2175 3745 2230 institu-

2173 2290 2278 2340 tus,
2314 2293 2458 2331 anno
2505 2276 2797 2330 millesimo
2837 2272 3285 2344 quingentesimo
3335 2269 3743 2341 septuagesimo

2174 2384 2338 2424 nono.
2371 2368 2594 2423 Porsius
2627 2366 2976 2437 Tscbablung
3001 2379 3283 2435 perperam
3322 2361 3564 2431 scripsit.

2241 2461 2433 2517 XXVI.
2474 2460 2641 2514 Fassa
2702 2459 3014 2530 beglerbeg,
3071 2457 3124 2512 in
3160 2455 3476 2525 Mengrelia.
3508 2451 3739 2505 Munitio

2172 2564 2382 2609 structa
2435 2571 2530 2623 per
2587 2554 2858 2609 Liluzalim
2910 2552 3123 2622 capitan
3173 2551 3391 2606 bassam
3445 2548 3550 2603 fuit
3593 2561 3739 2601 anno

2172 2647 2465 2702 millesimo
2513 2647 2956 2716 quingentesimo
3011 2643 3422 2713 septuagesimo
3453 2656 3637 2704 nono,
3682 2646 3738 2693 et

2173 2742 2369 2794 ibidem
2410 2741 2700 2795 institutus
2765 2737 3199 2808 beglerbegatus.
3249 2735 3353 2790 Sed
3406 2733 3571 2804 paulo
3615 2741 3741 2801 post

2172 2834 2475 2886 discessum
2539 2830 2658 2899 ejus
2703 2839 2916 2897 captam
2953 2827 3193 2882 vicissim
3225 2822 3516 2893 Georgiani
3558 2821 3741 2876 dirue-

2173 2931 2328 2977 runt.
2377 2923 2629 2976 Civitatis
2672 2922 2957 2975 Phasianze
2997 2920 3326 2974 mentionem
3363 2914 3494 2970 facit
3541 2912 3742 2968 Leonis

2172 3016 2402 3085 Allgllsii
2433 3015 2642 3068 novella
2679 3014 2742 3066 de
2772 3013 3030 3075 Thronis,
3066 3020 3119 3066 et
3160 3010 3475 3080 episcopum
3507 3005 3625 3074 ejus
3659 3020 3743 3058 re-

2175 3106 2278 3161 felt
2305 3107 2405 3159 sub
2438 3106 2777 3172 metropolim
2807 3101 3188 3173 Trapezuntis.
3231 3099 3355 3154 Ilaec
3385 3098 3576 3153 eadem
3605 3109 3729 3152 cum

563 3202 680 3256 XV.
706 3205 1216 3298 ‘ChebeterIustio
1241 3208 1408 3264 Zebet
1445 3212 1760 3282 beglerbcg,
1789 3224 1847 3268 ut
1873 3215 2062 3269 eodem
2090 3237 2133 3298 ρ
2173 3202 2233 3253 IN

1463 3212 1760 3282 ,ρὸιιτι-ιλεε,
1789 3224 1847 3268 ui
1873 3215 2062 3269 eodem
2090 3237 2133 3298 C
2173 3200 2436 3253 hodierna
2471 3197 2683 3298 scilicet
2707 3196 2926 3298 Phassa
2948 3195 3133 3298 fuerit.

492 3298 668 3363 capite
689 3296 918 3354 dictum.
953 3299 1136 3354 Locus
1166 3307 1303 3357 situs
1335 3303 1388 3356 in
1413 3306 1597 3359 littore
1626 3306 1780 3360 sinus
1815 3309 2060 3373 Arabici,

493 3396 757 3446 ﬁnitimus
781 3404 864 3448 est
911 3395 1143 3465 imperio
1209 3399 1352 3468 regis
1397 3399 1714 3469 Ethiopum
1761 3403 2064 3471 Prattejani.

563 3481 701 3535 XVI.
747 3482 928 3536 Missir
983 3485 1292 3556 beglerbeg.
1349 3489 1512 3542 Cairo
1572 3501 1788 3556 prmest,
1850 3501 1905 3545 ct
1965 3497 2065 3548 toti

490 3575 749 3645 Egypto.
798 3575 1052 3644 Sangiaci
1086 3580 1186 3631 sub
1219 3593 1284 3632 eo
1341 3581 1635 3634 sexdecim.

567 3668 732 3722 XVII-
772 3669 936 3736 Cypri
975 3669 1285 3740 bcglerbeg.
1333 3671 1566 3727 Nicosia:
1593 3675 1674 3728 vel
1725 3673 2068 3746 Falnagustze

493 3763 663 3830 tit‘gil.

563 3857 751 3912 XVIII.
800 3857 1168 3912 Seheherezul
1204 3858 1512 3930 beglerbeg,
1544 3859 1597 3915 in
1621 3860 1863 3932 Assyria,
1888 3861 2068 3919 Persis

492 3951 785 4004 ﬁnitimus.

567 4039 708 4094 XIX.
750 4041 890 4096 Wan
941 4044 1248 4114 bcglerheg,
1305 4045 1526 4114 respicit
1573 4045 1863 4100 Persarum
1907 4049 2066 4112 ﬁnes,

489 4148 680 4186 versus
707 4132 997 4191 Sirvanum
1025 4138 1138 4190 sive
1170 4136 1424 4200 Mediam,
1468 4147 1521 4190 et
1545 4141 1860 4192 Armeniam
1894 4141 2068 4209 majo-

498 4241 633 4286 n-m,
665 4240 761 4279 ceu
789 4227 992 4280 dictum
1031 4229 1206 4296 capite
1242 4231 1595 4308 praecedenti.

572 4318 687 4371 XX.
730 4321 996 4372 Arzerum
1032 4323 1114 4374 vel
1141 4322 1345 4374 Erzum
1377 4323 1688 4391 beglerbeg,
1720 4327 1772 4379 in
1810 4325 2066 4380 Armenia

492 4410 709 4476 majori,
752 4411 821 4463 ad
865 4413 1067 4463 limites
1105 4410 1320 4464 Sirvani
1365 4413 1481 4465 sive
1528 4414 1738 4475 Medize,
1794 4424 1848 4467 ct
1897 4415 2067 4469 Geor-

491 4507 805 4566 gianornm.
841 4503 1013 4556 Distat
1047 4519 1074 4556 a
1103 4502 1416 4558 Tarbosane
1442 4504 1555 4558 sive
1586 4505 1942 4574 Trapezunte,
1969 4522 2062 4561 sex

493 4595 706 4646 dierum
744 4595 958 4646 itinere.

562 4682 700 4737 XXI.
744 4683 954 4752 Tiphlis
1022 4685 1334 4754 beglerbeg,
1402 4687 1671 4741 linitimus
1736 4688 2063 4760 Georgianis

492 4780 604 4832 sive
631 4775 948 4845 Curgginis,
986 4789 1212 4830 utnunc
1243 4778 1568 4847 appellatur.
1621 4781 1913 4838 Institutus
1961 4783 2062 4838 fuit

491 4889 519 4920 a
553 4869 835 4938 Mustapha
870 4868 1028 4923 bassa
1067 4869 1288 4922 serdare
1339 4884 1481 4923 anno
1519 4870 1838 4927 Christiano
1890 4877 2064 4928 mille-

493 4963 632 5014 simo
661 4961 1102 5028 quingentesimo
1156 4963 1562 5031 septuagesimo
1605 4973 1825 5031 octavo,
1878 4982 2064 5021 mense

494 5053 820 5120 Septembri.
845 5051 1023 5105 Locus
1047 5051 1210 5104 etiam
1252 5052 1450 5120 priscis
1472 5065 1655 5119 notus,
1695 5058 1834 5124 apud
1869 5056 2059 5111 Codri-

492 5161 618 5198 num
659 5141 930 5208 reperitur
961 5143 1012 5194 in
1039 5141 1410 5196 Constantino
1458 5144 1838 5211 Monomacho,
1883 5148 2061 5201 verbis

495 5232 808 5301 huiusmodi
841 5248 854 5283 ;
893 5231 1054 5284 Asam
1087 5230 1158 5298 (is
1216 5243 1333 5285 erat
1370 5248 1399 5288 e
1450 5234 1848 5306 Tangrolipicis
1895 5238 2064 5293 fratre

495 5323 673 5393 initus)
713 5340 741 5376 a
774 5324 989 5376 sultano
1040 5321 1422 5393 Tangrolipice
1474 5328 1673 5383 missus
1705 5340 1894 5382 contra
1956 5332 2060 5385 Ro-

496 5428 706 5478 manos,
743 5428 867 5465 cum
903 5410 1228 5466 Taurezium
1252 5454 1266 5479 ,
1298 5423 1353 5467 et
1407 5416 1666 5486 oppidum
1721 5422 2059 5475 nominatum

493 5501 735 5572 'I‘cplilis,
764 5503 1128 5572 praeterisset:
1164 5501 1618 5574 Vaaspracaniam
1651 5511 1926 5581 ingressus
1957 5526 2060 5580 cst,

497 5598 546 5647 id
574 5607 657 5648 εει
694 5594 944 5651 Mediam.

566 5686 726 5740 XXII.
786 5691 977 5745 Sirvan
1044 5695 1353 5765 beglerhcg.
1425 5695 1538 5750 Hoc
1593 5700 1811 5750 nomine
1889 5696 2058 5750 Media

496 5795 639 5833 nunc
679 5785 1001 5850 appellatur,
1035 5802 1062 5838 a
1098 5788 1382 5856 tnetrOpoli
1413 5787 1635 5850 Sirvan,
1665 5805 1828 5856 quam
1867 5791 2056 5842 eodem

494 5890 637 5933 anno
667 5874 979 5947 Mustaphas
1010 5880 1151 5935 idem
1209 5882 1372 5948 cepit,
1405 5893 1456 5935 et
1513 5881 1750 5947 primum
1789 5881 1912 5936 istic
1965 5882 2058 5936 bc-

2248 3295 2462 3349 XXVII.
2509 3292 2748 3347 Soclium
2809 3290 3102 3361 beglerbeg
3133 3329 3150 3356 ,
3191 3289 3246 3344 in
3304 3288 3740 3357 Georgianornm

2170 3387 2410 3442 ﬁnibus.
2466 3398 2496 3436 a
2553 3383 2758 3439 Sinane
2837 3383 2998 3438 bassa
3060 3382 3402 3436 vezirazeme
3453 3379 3744 3434 institutus

2171 3495 2314 3532 anno
2365 3477 2676 3532 Christiano
2727 3476 3018 3531 millesimo
3091 3473 3532 3546 quingentesimo
3585 3480 3742 3526 octo-

2169 3575 2393 3645 gesimo.

2242 3662 2483 3717 XXVIII.
2521 3661 2676 3716 Batin
2711 3661 3021 3732 beglerbeg,
3056 3657 3258 3716 ibidem
3295 3674 3325 3714 a
3361 3657 3562 3714 Sinade
3608 3667 3739 3713 tunc

2170 3757 2482 3810 institutus.

2241 3847 2434 3902 XXIX.
2479 3846 2663 3903 Revan
2697 3848 3008 3917 beglerbeg.
3048 3845 3209 3900 [Iunc
3253 3845 3431 3900 locum
3478 3843 3744 3899 Fcrliates

2168 3942 2331 3996 bassa
2362 3941 2507 4010 cepit
2545 3949 2600 3994 et
2632 3941 2870 3994 munivit
2897 3954 3044 3992 anno
3079 3939 3395 3994 Christiano
3445 3937 3742 3992 millesimo

2168 4034 2607 4106 quingentesimo
2645 4034 2983 4103 octogesimo
3031 4032 3296 4098 secundo,
3324 4040 3570 4100 ereptum
3597 4031 3740 4084 Toc-

2172 4128 2313 4180 maci
2352 4127 2594 4188 sultano,
2650 4125 2998 4180 Persicorum
3031 4126 3267 4194 partium
3322 4125 3576 4194 primipi.
3639 4123 3740 4178 Be-

2168 4219 2459 4288 glerbegus
2490 4219 2615 4274 istic
2660 4219 2868 4287 primus
2917 4218 3018 4272 fuit
3050 4218 3346 4288 Cigaloglis
3400 4218 3581 4282 hassa,
3633 4215 3739 4272 Ce-

2170 4326 2325 4363 uuas.

2241 4399 2410 4456 XXX.
2461 4401 2722 4456 Somakic
2773 4402 3083 4472 beglerbeg.
3127 4401 3203 4456 De
3264 4402 3558 4467 Somakia,
3615 4419 3740 4473 qua:

2168 4494 2596 4566 Cbalcocondyli
2629 4493 2918 4549 Samaehia
2955 4496 3291 4559 nominatur,
3323 4497 3529 4551 dictum
3550 4510 3737 4564 supra,

2091 4587 2136 4642 D
2166 4590 2345 4659 capite
2381 4589 2500 4644 I88.
2529 4590 2950 4661 Beglerbegatus
2977 4589 3137 4661 505
3173 4601 3366 4646 auctor
3401 4591 3503 4647 fuit
3531 4591 3736 4646 Osman

2167 4685 2353 4748 bassa,
2386 4700 2530 4740 anno
2573 4685 2887 4738 Christiano
2948 4685 3240 4740 millesimo
3296 4685 3737 4756 quingentesimo

2167 4776 2506 4844 octogesimo
2533 4776 2716 4830 tertio.

2238 4868 2575 4922 Posteriores
2611 4877 2792 4922 autern
2834 4867 3249 4939 beglerbegatus
3299 4869 3376 4934 hi,
3437 4868 3583 4924 bello
3642 4869 3738 4925 de—

2165 4960 2377 5013 cennali
2430 4959 2672 5024 Persico,
2733 4961 2880 5029 quod
2940 4959 3122 5015 adhuc
3178 4960 3408 5031 geritur,
3469 4961 3738 5026 instituti;

2167 5053 2625 5121 quemadmodum
2664 5056 2787 5106 novi
2813 5063 2965 5121 sunt,
2994 5055 3068 5108 ita
3097 5057 3277 5123 potius
3317 5056 3542 5110 nomine
3576 5066 3737 5109 tenus

2165 5150 2245 5201 sic
2276 5147 2585 5216 appellandi
2614 5148 2860 5212 veniunt,
2913 5163 3014 5202 nec
3041 5164 3164 5202 cum
3216 5150 3458 5218 antiquis
3515 5163 3740 5218 compa-

2167 5240 2347 5295 randi.
2376 5239 2554 5306 Nunc,
2595 5240 2840 5295 ordinem
2887 5252 3094 5296 natura:
3158 5244 3458 5312 sequendo,
3515 5244 3739 5311 provin-

2164 5333 2264 5386 ciis
2296 5332 2439 5386 Asiae
2482 5333 2776 5387 recensitis
2829 5333 3112 5387 meridiem
3161 5348 3354 5389 versus
3409 5334 3477 5389 ab
3527 5335 3740 5391 oriente

2163 5423 2597 5490 progrediamur.

2537 5515 2663 5569 256.
2707 5514 2903 5583 Africa
2946 5515 3368 5586 Beglerbegatm.

2235 5602 2273 5655 I.
2305 5603 2495 5658 Cesair
2533 5607 2840 5674 bcglerbeg.
2873 5605 3066 5658 Sedem
3130 5606 3293 5660 habet
3348 5608 3402 5660 in
3461 5607 3730 5677 Algcsair,

2164 5711 2282 5760 quae
2312 5698 2514 5751 nostris
2543 5706 2627 5751 est
2654 5696 2951 5767 Algerimn,
2984 5697 3149 5752 sicuti
3211 5699 3390 5769 capite
3418 5698 3523 5753 227
3578 5713 3736 5754 nuta-

2163 5798 2297 5842 tum.

2233 5881 2297 5938 Il.
2325 5879 2514 5934 Tunisi
2542 5881 2958 5954 bcgterbcgatus
2988 5882 3196 5940 residet
3225 5883 3448 5943 ibidem.
