4228 6298
524 364 629 426 925

1198 366 1597 428 LEONARDI
1642 365 2009 427 CllIENSIS
2054 365 2148 422 DE
2172 361 2792 424 'EXl‘UGNAfl'IONE
2835 359 3115 423 CPOLlS.

3636 317 3645 323 ’
3690 353 3798 417 ses

515 476 690 532 oculis
708 475 1004 531 discrimen
1033 476 1290 536 ultimum
1325 479 1696 548 ctjacturam.
1725 476 1835 532 Nec
1882 477 2096 539 dubito,
2135 480 2175 536 Α
2206 489 2373 542 quam
2412 476 2463 528 in
2499 475 2614 529 dies
2639 475 3123 543 exspectabamus,
3161 473 3301 526 inter
3330 486 3482 540 spem
3517 481 3567 526 et
3595 472 3795 541 despe-

520 572 676 624 l‘ater
717 580 946 631 sancte,
994 573 1349 638 praecessisse
1407 589 1496 628 me
1552 574 1796 638 multos,
1855 573 1949 639 qui
2025 572 2101 624 rei

520 675 688 734 gestm
718 663 915 718 seriem
955 663 1085 717 Ture
1144 662 1438 735 Sanctitali
1485 667 1831 723 retulerunt.
1880 663 2107 722 Confert

520 755 666 810 enim
702 755 1003 810 multorum
1040 756 1092 810 in
1117 771 1284 810 unum
1314 756 1532 812 relatio.
1556 756 1664 812 Sed
1695 757 1955 828 quoniam
1983 771 2109 823 quae

523 851 642 906 visu
691 849 866 919 magis
896 864 1062 919 quam
1102 865 1225 920 qua:
1259 849 1476 916 auditu,
1510 851 1699 907 verius
1724 859 2106 919 exponuntur,

521 939 668 1010 quod
697 940 816 998 scio
839 941 1036 1008 loquar
1060 951 1144 995 :et
1163 941 1308 1012 quod
1331 941 1438 999 vidi
1464 984 1478 1006 .
1502 941 1718 998 fidelius
1736 939 2106 1001 contestabor.

591 1029 729 1088 Cum
794 1031 965 1102 igitur
1026 1030 1534 1091 reverendissimus
1606 1033 1771 1087 Pater
1833 1031 2112 1088 D.cardi-

523 1120 667 1175 nalis
705 1121 1028 1181 Sabinensis
1061 1136 1161 1194 pro
1194 1123 1416 1196 natione
1443 1122 1757 1189 Graecorum
1797 1121 2030 1196 legatus,
2054 1122 2108 1174 in

526 1214 649 1282 ejus
690 1213 1011 1278 famulatum
1045 1231 1131 1271 me
1171 1230 1237 1271 ex
1285 1214 1425 1275 Chio
1458 1223 1730 1280 vocasset,
1762 1229 1864 1286 ego
1896 1228 2110 1269 summa

525 1325 652 1373 eum
693 1311 860 1376 animi
897 1311 1005 1367 mei
1043 1310 1350 1380 diligentia,
1384 1322 1448 1368 ut
1479 1311 1641 1366 (idem
1666 1317 1874 1364 sancta:
1907 1309 2114 1364 Roma-

528 1420 612 1459 nae
649 1403 918 1462 Ecclesiae
956 1404 1177 1468 fortiter
1211 1410 1642 1472 constanterque
1668 1443 1682 1464 .
1728 1403 1804 1463 uti
1864 1402 2112 1455 debitum

528 1498 721 1569 exigit,
763 1496 1113 1553 defensarem
1138 1536 1154 1561 ,
1189 1496 1481 1566 captabam
1514 1494 1745 1566 perinde
1771 1504 1828 1549 et
1857 1507 2043 1549 mores
2061 1504 2127 1550 et.

531 1600 784 1658 naturam
815 1590 1134 1648 Grzecorum
1159 1632 1174 1656 ,
1209 1591 1665 1663 argumentisque
1695 1603 1759 1644 ac
1789 1596 2113 1642 sanctorum

532 1685 912 1757 theologorum
936 1685 1100 1746 dictis
1121 1684 1358 1749 conabar
1376 1683 1704 1754 intelligere,
1725 1681 2000 1750 quodnam
2026 1695 2116 1735 eo-

529 1793 653 1832 rum
681 1787 829 1833 esset
878 1775 1164 1842 studium;
1199 1776 1348 1852 quod
1395 1775 1764 1848 propositum,
1794 1789 1917 1843 quas
1948 1774 2115 1828 ratio-

533 1889 652 1935 nes.
683 1873 809 1942 quis
856 1872 983 1929 linis
1014 1887 1113 1930 eos
1144 1888 1175 1928 a
1205 1886 1337 1929 vera
1371 1870 1738 1942 intelligentia
1765 1909 1783 1935 ,
1815 1868 2113 1938 debitaque

532 1965 846 2022 obedientia
885 1966 968 2020 vel
1015 1972 1332 2031 revocaret,
1361 1964 1449 2020 vel
1495 1965 1829 2020 retraheret.
1859 1959 2114 2017 Intellexi

535 2060 716 2128 plane.
762 2067 962 2128 praeter
1034 2058 1427 2131 Argyrapllum
1490 2058 1696 2112 artium
1772 2054 2113 2125 magistrum,

534 2151 899 2223 Theophilum
930 2151 1320 2224 Palatologum,
1343 2151 1926 2220 Ilieromonachosque
1953 2164 2119 2220 quos-

537 2245 664 2300 dam
694 2261 921 2313 paucos,
950 2255 1007 2300 et
1035 2245 1174 2300 alios
1203 2246 1375 2301 laicos
1402 2261 1418 2310 ;
1451 2245 1598 2315 quod
1636 2243 1868 2307 ambitio
1894 2242 2118 2299 Graecos

537 2340 692 2409 quasi
710 2355 899 2396 omnes
920 2342 1281 2411 captivasset:
1309 2346 1370 2395 ut
1392 2355 1552 2396 nemo
1580 2348 1730 2394 esset
1761 2339 1879 2408 qui,
1907 2339 2026 2394 zelo
2054 2336 2119 2391 η.-

540 2435 625 2489 dei
677 2433 759 2487 vel
788 2433 982 2489 salutis
1029 2447 1145 2488 suae
1199 2443 1402 2498 motus,
1446 2432 1660 2501 primus
1694 2431 1972 2485 videretur
2003 2428 2119 2484 fieri

541 2531 683 2586 velle
734 2547 849 2587 suae
909 2530 1189 2601 opinio’nis
1246 2538 1302 2584 et
1357 2529 1676 2599 pertinacia!
1748 2534 2119 2594 contemptor.

540 2625 697 2690 Quod
728 2639 863 2679 sane
912 2624 956 2678 si
1016 2639 1125 2678 non
1185 2631 1294 2677 tam
1343 2638 1408 2677 ea
1463 2622 1586 2676 zelo
1631 2619 1780 2681 fidei,
1827 2629 1880 2672 et
1933 2631 2122 2671 amore

543 2715 872 2772 Christianae
922 2714 1238 2785 religionis,
1277 2729 1442 2785 quam
1490 2729 1555 2767 ex
1604 2712 1854 2770 affectata
1882 2709 2120 2779 quadam

546 2809 733 2879 glorias
787 2808 1039 2863 humana:
1077 2808 1380 2878 cupiditate
1427 2805 1714 2864 fecissent,
1767 2817 2124 2872 summopere

549 2902 651 2956 hoc
708 2900 930 2956 nomine
1007 2896 1429 2955 commendandi
1504 2905 1714 2958 essent,
1767 2895 2124 2962 ipsorumque

547 2993 728 3049 fervor
781 2994 1042 3048 omnibus
1076 2992 1169 3062 qui
1205 2991 1432 3047 Christo
1487 3003 1686 3044 nomen
1729 2987 2022 3044 dederunt.
2071 2993 2127 3038 et

547 3085 901 3141 admirationi
941 3094 997 3139 et
1028 3083 1322 3140 imitationi
1365 3083 1562 3135 merito
1595 3095 1719 3135 esse
1745 3079 1990 3136 deberet.
2021 3073 2125 3130 Ve-

2210 567 2477 620 rationem
2526 566 2860 621 constitutos
2894 580 3020 620 esse
3043 605 3057 620 .
3097 564 3232 634 Spes
3263 563 3328 618 de
3360 572 3455 616 tuo
3479 572 3792 631 exspectato

2210 659 2464 714 subsidio
2496 659 2663 713 dabat
2702 657 2956 721 fiduciam
2979 658 3199 722 :‘timor
3230 657 3298 712 de
3333 657 3648 711 Gra‘corum
3683 671 3804 725 per-

2212 752 2412 806 tinacia
2443 751 2884 821 desperationem
2923 750 3276 820 suggerebat.
3319 748 3480 804 Heu!
3522 764 3643 818 quze
3675 764 3803 816 spes

2211 845 2268 900 in
2301 847 2503 916 p0pulo
2533 847 2676 900 duro
2729 845 2881 915 gravi
2907 845 3221 917 iniquitate,
3247 843 3341 913 qui
3377 851 3456 898 tot
3490 842 3651 896 annis
3680 839 3805 894 sine

2213 940 2325 1000 vita
2385 940 2663 1009 spirituali
2729 939 3018 995 abscissus
3082 953 3113 992 a
3172 937 3354 1005 capite
3403 932 3803 1004 permanebat!

2215 1032 2505 1103 Quomodo
2554 1049 2660 1086 non
2715 1033 3016 1102 desperati,
3073 1031 3352 1102 quomodo
3400 1045 3508 1083 non
3543 1025 3800 1097 ahjectia

2215 1128 2346 1186 Deo.
2368 1126 2462 1194 qui
2479 1126 2652 1179 tantis
2672 1122 3245 1184 dissimilitudiuibus,
3267 1121 3437 1175 tantis
3462 1116 3807 1176 fictionibus,

2221 1217 2504 1285 tantisque
2543 1217 2834 1283 scissuris,
2879 1217 2948 1271 ab
2979 1213 3231 1270 Ecclesia
3263 1213 3501 1284 elongati
3532 1208 3803 1264 Romana.

2216 1313 2270 1368 in
2302 1311 2487 1366 cordis
2519 1310 2731 1363 duritia
2769 1315 3222 1379 permanserunt.
3248 1305 3462 1362 Etenim
3490 1305 3603 1373 jam
3631 1301 3808 1370 capti-

2218 1405 2362 1467 vati,
2412 1405 2568 1466 urbe,
2621 1403 2862 1470 templis,
2891 1415 3050 1465 auro,
3078 1401 3402 1466 laribusque
3435 1394 3716 1465 propulsi,
3750 1397 3805 1446 in

2219 1499 2447 1554 Latinos
2493 1506 2820 1566 retorquent
2874 1494 3169 1552 oﬂ‘ensam.
3197 1498 3584 1547 asseverantes
3612 1507 3626 1542 :
3655 1488 3805 1553 Quo-

2217 1595 2365 1651 niam
2393 1595 2648 1650 unioncm
2674 1589 3005 1660 (inquiunt),
3036 1588 3293 1652 fecimus,
3325 1598 3652 1652 summaque
3673 1597 3808 1650 pono

2221 1689 2352 1744 titici
2385 1687 2634 1740 Romano
2672 1681 3265 1740 commemorationem
3307 1677 3584 1739 dedimus,
3614 1674 3816 1730 merito

2225 1783 2571 1852 indignatum
2605 1778 2774 1833 Deum
2808 1792 2959 1834 esse.

2289 1876 2335 1932 0
2369 1873 2674 1945 pertinaces
2703 1872 2990 1927 homines!
3015 1869 3229 1938 inquio.
3257 1867 3311 1923 Si
3334 1865 3537 1920 malum
3573 1865 3677 1920 hoc
3697 1875 3814 1926 est,

2218 1966 2390 2037 prisci
2420 1963 2498 2018 illi
2530 1962 2789 2027 Basilius,
2816 1960 3182 2021 Athanasius,
3216 1955 3475 2027 Cyrillus,
3508 1953 3806 2020 caelerique

2225 2059 2440 2120 Patres,
2465 2070 2608 2126 quos
2643 2054 2927 2126 praecipuo
2975 2049 3284 2108 sanctitatis
3331 2049 3538 2103 honore
3587 2045 3812 2115 prazfer-

2219 2150 2312 2212 tis,
2348 2150 2475 2203 mali
2501 2147 2766 2203 censendi
2799 2155 2950 2211 sunt,
2983 2145 3130 2213 quod
3167 2149 3413 2198 sanctam
3451 2154 3614 2193 unam
3657 2153 3805 2194 eam—

2223 2243 2457 2312 demque
2522 2243 2682 2296 lidem
2758 2255 2886 2294 cum
2939 2237 3179 2291 Bouiana
3234 2234 3496 2299 Ecclesia,
3563 2229 3807 2284 omnium

2220 2334 2666 2391 Christianorum
2753 2331 3046 2399 magistra,
3140 2331 3455 2382 coluerunt.
3519 2323 3638 2378 Non
3699 2322 3813 2375 ham

2223 2441 2390 2481 causa
2421 2433 2527 2491 est,
2570 2425 2716 2494 quod
2753 2423 3041 2484 unionem;
3071 2421 3164 2475 sed
3196 2417 3344 2488 quod
3385 2418 3648 2472 unionem
3703 2430 3811 2481 non

2224 2534 2432 2586 veram,
2468 2522 2562 2575 sed
2608 2498 2792 2572 fictam
2852 2514 3088 2570 fecistis.
3129 2512 3242 2567 llae
3276 2513 3344 2567 de
3385 2509 3694 2566 re'merito
3731 2507 3816 2560 in-

2226 2619 2513 2688 dignatum
2551 2610 2719 2669 Deum
2750 2625 2765 2663 :
2818 2605 2924 2661 hac
2947 2605 3017 2660 de
3050 2604 3276 2670 reiusta
3333 2598 3823 2656 animadversione

2227 2712 2278 2763 in
2328 2705 2570 2761 hostium
2630 2713 2831 2755 manus
2902 2712 3003 2753 vos
3083 2711 3206 2752 esse
3266 2697 3552 2750 deductos.
3622 2691 3816 2744 Annon

2227 2800 2579 2870 sponsionem
2641 2795 2712 2848 de
2767 2792 2996 2852 unione,
3072 2796 3265 2844 sancto
3309 2786 3626 2855 iuramento
3675 2781 3822 2849 apud

2227 2891 2606 2949 Florentinam
2631 2885 2904 2956 synodum
2936 2881 3306 2949 conscriptam
3340 2873 3629 2932 violastis?
3683 2872 3818 2927 obe-

2228 2987 2487 3044 dientiam
2529 2978 2888 3036 declinastis?
2939 2977 3265 3033 sententiam
3327 2970 3528 3026 decreti
3582 2966 3823 3023 occulta-

2227 3080 2363 3136 stis?
2393 3079 2586 3130 Annon
2620 3072 2819 3127 summi
2851 3069 2945 3125 Dei
2977 3068 3153 3123 nuntii
3184 3067 3240 3137 (ο
3289 3063 3464 3121 Graeci
3501 3064 3546 3131 l)
3578 3070 3820 3115 vestram

548 3177 988 3240 rumenimvero,
1050 3186 1262 3231 tantum
1300 3174 1479 3234 abest,
1531 3185 1588 3228 ut
1617 3171 1834 3226 laudem
1865 3179 1918 3223 et
1949 3168 2122 3223 admi-
2157 3196 2200 3254 ο
2237 3171 2601 3244 perditionem
2652 3166 2859 3238 iugiter
2920 3161 3332 3232 praedixerunt?
3363 3159 3457 3226 qui
3522 3170 3708 3218 aures,
3761 3161 3823 3204 ut.

549 3269 821 3324 rationem
883 3267 1084 3328 exinde
1135 3273 1472 3329 mereantur,
1547 3273 1603 3317 ut
1649 3263 1836 3333 potius
1888 3259 2020 3317 lides
2075 3269 2131 3314 ct

547 3360 864 3418 constantia
929 3360 1178 3431 ipsorum
1242 3357 1500 3414 omnibus
1543 3356 1649 3412 hoc
1682 3356 1906 3411 nomine
1935 3351 2132 3407 debeat

545 3469 671 3512 esse
721 3464 999 3523 suspecta,
1047 3467 1169 3510 cum
1214 3467 1326 3507 non
1378 3460 1610 3522 propter
1665 3448 1783 3513 Dei,
1831 3445 1931 3503 sed
1977 3460 2130 3501 suam

550 3547 800 3618 ipsorum
829 3546 1061 3618 gloriam
1091 3558 1254 3615 quam
1282 3543 1559 3614 precipue
1586 3539 1908 3611 captabant,
1939 3536 2132 3606 hujus-

550 3642 696 3698 modi
740 3643 918 3697 zelum
965 3655 1076 3710 prze
1121 3653 1181 3699 se
1222 3637 1476 3702 tulerint,
1507 3635 1765 3705 quamvis
1789 3632 2016 3688 omnino
2048 3644 2132 3685 re-

549 3739 798 3792 luctante
833 3735 1082 3804 ipsorum
1111 3740 1306 3786 natura
1330 3740 1389 3786 et
1449 3728 1751 3784 voluntate.
1783 3725 1974 3793 Usque
1995 3723 2134 3777 adeo

553 3841 611 3883 ιιι
639 3844 706 3883 ex
733 3842 840 3882 una
868 3835 1044 3896 parte,
1079 3825 1145 3879 ad
1190 3821 1474 3878 fatendum
1503 3819 1796 3876 articulum
1819 3814 2136 3886 processio-

556 3925 642 3977 nis
685 3937 712 3975 a
744 3919 885 3975 Filio
915 3918 1091 3974 sancti
1118 3917 1358 3988 Spiritus
1381 3924 1601 3984 urgeret
1621 3927 1717 3968 eos
1740 3909 2082 3967 conscientia
2116 3923 2132 3975 ;

555 4029 621 4070 ex
643 4013 837 4071 altera.
861 4027 932 4065 ne
957 4010 1239 4065 meliorem
1262 4007 1466 4072 Latini,
1486 4020 1652 4075 quam
1670 4002 1870 4068 ϐπερὶ,
1901 4001 1969 4054 de
1989 3999 2137 4053 veri-

560 4117 671 4163 tate
693 4104 815 4160 fidei
840 4101 1253 4173 intelligentiam
1273 4099 1473 4153 habere
1489 4097 1866 4158 crederentur,
1885 4090 2138 4146 elationis

558 4211 746 4255 tumor
758 4213 855 4255 eos
873 4197 1189 4252 abduceret.
1214 4192 1418 4249 Verum
1440 4190 1706 4261 quoniam
1730 4203 1830 4244 nec
1853 4185 2016 4250 ratio,
2035 4199 2138 4239 nec

565 4291 887 4357 auctoritas,
923 4301 1023 4343 nec
1055 4288 1223 4339 variae
1255 4281 1554 4345 Scholarii,
1586 4279 1808 4344 lsidori,
1844 4275 2140 4346 Neophyti-

559 4405 666 4462 que
716 4388 1006 4459 opiniones
1065 4382 1328 4437 adversus
1381 4376 1646 4432 Romanae
1695 4372 1953 4428 Ecclesia:
1977 4370 2136 4424 fidem

563 4461 712 4540 stare
755 4486 1032 4553 poterant,
1087 4484 1271 4532 actum
1319 4481 1406 4527 est
1451 4467 1727 4524 industria
1775 4475 1829 4520 et
1871 4461 2142 4533 probitate

520 4679 522 4712 ῖ
564 4646 736 4724 tiente
770 4666 1102 4736 imperatore
1131 4665 1442 4728 senatuque
1472 4654 1543 4724 (si
1580 4668 1685 4706 non
1726 4652 1851 4705 ﬁcta
1888 4647 2013 4714 fuit)
2048 4646 2141 4702 lir-

565 4769 829 4824 maretur,
872 4756 1350 4819 celebrareturque
1371 4747 1614 4804 secundo
1639 4745 1773 4801 ldus
1798 4739 2141 4807 Decembris,

565 4850 899 4925 Spiridionis
936 4845 1184 4920 episcopi
1207 4842 1389 4900 sancti
1406 4841 1517 4897 die.

632 4946 819 5012 itaque
843 4956 906 4998 ea
940 4948 1194 5012 peracta,
1223 4951 1345 4994 mox
1375 4940 1672 5002 tempestas
1696 4929 1894 4987 Teucri
1921 4930 2141 4994 oborta,

566 5039 755 5096 urbem
779 5030 1290 5102 C0ustantinopolis
1309 5068 1327 5095 ,
1352 5028 1624 5090 Galatatn,
1654 5031 1964 5094 caulemque
1987 5022 2164 5093 adja-l

565 5135 743 5191 centia
789 5127 989 5201 oppida
1030 5122 1356 5181 absorbuit:
1394 5131 1454 5177 ut
1495 5121 1720 5175 verbum
1759 5117 1911 5172 Isaias
1956 5132 2145 5172 verum

568 5229 641 5283 sit
670 5224 948 5281 dicentis:
981 5219 1283 5289 Tempestas
1332 5215 1584 5270 conuulsa
1627 5215 1823 5285 absque
1863 5210 1978 5266 ulla
2024 5226 2149 5265 con-

568 5319 853 5376 solatione.
888 5315 1007 5383 Qua
1063 5317 1391 5382 tempestate
1432 5322 1757 5368 concussus.
1792 5321 1896 5376 ego
1926 5318 2150 5375 quoque

570 5423 767 5484 captus
804 5425 926 5465 sum
953 5426 968 5473 ;
1012 5417 1066 5463 et
1090 5421 1188 5476 pro
1212 5403 1501 5460 demeritis
1525 5401 1664 5457 meis
1693 5399 1914 5455 vinctus
1942 5413 2150 5454 caesus-

569 5522 679 5579 que
695 5522 723 5559 a
740 5501 1006 5558 Teucris:
1036 5515 1144 5556 non
1168 5498 1244 5554 fui
1268 5498 1466 5568 dignus
1483 5510 1606 5549 cum
1625 5492 1848 5549 Christo
1865 5490 2153 5545 Saluatore

575 5599 794 5669 conﬁgi.
843 5594 1189 5651 Reminiscor
1232 5606 1387 5661 ergo,
1439 5587 1756 5645 beatissime
1815 5584 1998 5645 Pater,
2027 5597 2150 5638 cum

573 5696 812 5764 primum
838 5692 902 5745 de
923 5689 1130 5745 unione
1169 5687 1308 5743 facta
1340 5685 1682 5747 Graecorum,
1715 5681 1893 5735 eidem
1932 5677 2154 5732 Sancti-

577 5787 671 5840 tati
694 5785 897 5838 Vestra!
917 5783 1178 5854 epistolas
1197 5777 1461 5835 seriosius
1487 5774 1872 5833 destinassem,
1890 5768 2035 5823 inter
2048 5765 2153 5821 alia

578 5880 814 5936 dixisse:
858 5876 968 5933 Nos
1025 5883 1242 5947 propter
1287 5872 1528 5928 futuram
1563 5865 1757 5923 Teucri
1788 5862 2155 5927 obsidionem,

2235 3266 2404 3337 aSpis,
2435 3263 2602 3331 impie
2645 3258 2971 3322 obturastis,
2995 3265 3051 3311 et
3078 3262 3326 3310 sanctam
3384 3249 3685 3305 Ecclesiam
3724 3261 3821 3299 ca-

2235 3361 2494 3415 tholicam
2531 3363 2763 3408 matrem
2820 3351 3065 3406 fidelium
3129 3347 3457 3403 obaudistis.
3515 3343 3667 3397 Flete
3722 3340 3825 3394 mi-~

2236 3452 2411 3507 serias
2435 3456 2645 3500 vestras
2672 3462 2687 3510 ;
2746 3442 2959 3512 arguite
2996 3439 3404 3508 vosmetipsos;
3463 3445 3518 3490 et
3548 3450 3657 3489 non
3688 3430 3830 3486 alios.

2237 3541 2639 3601 condemnetis,
2670 3543 2767 3590 aut
2792 3532 3109 3603 inculpctis.
3142 3529 3258 3586 Mos
3290 3529 3696 3586 obstinatorum
3733 3523 3824 3578 hic

2238 3644 2343 3700 est,
2373 3644 2598 3688 sanctos
2646 3611 2933 3698 aspernari
2984 3624 3080 3679 Dei
3115 3623 3381 3678 nuntios:
3421 3620 3500 3674 uti
3562 3615 3826 3674 Scdccias

2239 3725 2534 3795 exterique
2558 3720 2730 3777 Judaei
2761 3719 2816 3772 in
2859 3718 3190 3790 Babylooem
3257 3712 3491 3768 traducti
3525 3709 3820 3766 Jercmiam

2238 3819 2599 3889 direptionem
2628 3816 3122 3886 captivitatemque
3142 3809 3530 3880 prrndiccntem
3574 3812 3819 3861 centeni-

2241 3919 2488 3982 pserunt.
2528 3909 2689 3965 Certe
2745 3909 3015 3963 hactenus
3072 3904 3317 3961 stetisset
3380 3901 3556 3964 Ilion,
3610 3901 3655 3954 si
3685 3898 3819 3954 Cas-

2240 4006 2498 4061 sandram
2522 4002 2778 4058 Priamus
2836 4007 2996 4071 pater
3055 3997 3391 4063 audivisset;
3439 3995 3485 4049 si
3529 3993 3841 4062 prophetas.‘

2242 4096 2547 4160 llebraci,si
2576 4095 2840 4166 Sibyllam
2878 4093 3133 4156 Romani,
3191 4091 3236 4146 si
3293 4105 3389 4146 vos
3427 4102 3647 4158 quoque
3695 4100 3826 4155 apo-

2243 4189 2470 4247 stolicos
2525 4189 2749 4243 nuntios
2819 4187 3026 4240 dudum
3085 4181 3403 4238 audissetis.
3454 4180 3664 4235 Idcirco
3716 4194 3837 4234 none

2244 4285 2444 4340 mirum
2467 4283 2512 4338 si
2556 4282 2608 4335 in
2643 4295 2860 4349 poenam
2921 4277 3052 4332 tanti
3113 4276 3362 4331 criminis
3393 4275 3665 4342 insperata
3701 4288 3835 4330 mox

2244 4383 2547 4445 tempestas
2574 4373 2844 4433 invaluit;
2877 4385 3040 4440 quam
3070 4369 3276 4440 Spiritu
3308 4375 3503 4443 sancto
3525 4366 3667 4419 docti
3693 4381 3841 4433 quos

2243 4484 2349 4539 que
2380 4484 2408 4520 a
2443 4468 2634 4522 multis
2663 4466 2820 4520 annis
2852 4463 3091 4517 futuram
3125 4473 3248 4515 esse
3277 4458 3658 4530 praedixerant.
3685 4449 3842 4513 Sane

472 4567 482 4584 ”
520 4597 526 4640 :~
565 4551 772 4647 praefati
822 4573 1035 4628 Domini
1074 4567 1391 4630 cardiualis,
1443 4571 1501 4617 ut
1528 4570 1716 4616 sancta
1758 4558 1911 4624 unio,
1946 4569 2125 4614 assen.

2250 4572 2309 4618 ut
2331 4559 2633 4616 beatissimi
2687 4556 2864 4612 Patris
2919 4554 3127 4611 Nicolai
3163 4555 3347 4625 primi,
3412 4551 3614 4608 summi
3648 4552 3836 4622 ponti-.

2247 4653 2853 4720 ﬂcis,exsecrationcm
2908 4650 2963 4703 iu
3006 4663 3206 4717 pravos
3249 4647 3472 4702 Grzecos
3523 4661 3621 4715 per
3670 4643 3824 4704 illud.

2251 4747 2498 4819 Urgentis
2529 4747 2582 4800 in
2622 4745 2828 4799 senium
2855 4741 3040 4797 saeculi
3098 4739 3426 4808 corruptela,
3490 4748 3623 4802 etc.,
3685 4751 3830 4806 prata

2249 4840 2668 4898 termittamus:
2722 4836 2908 4893 tabula
2973 4834 3088 4900 illa,
3152 4847 3315 4902 quam
3378 4831 3545 4887 Leoni
3579 4829 3836 4900 Sapienti

2246 4933 2557 4997 ascribunt,
2591 4932 2734 5001 apud
2785 4928 3193 4985 monasterium
3228 4927 3414 4988 Sancti
3481 4924 3700 4994 Georgii
3757 4924 3839 4978 de

2249 5025 2516 5095 Mangana
2604 5030 2943 5085 constructa,
2996 5025 3216 5075 vetusto
3267 5024 3518 5086 tempore
3572 5016 3626 5070 in
3684 5014 3832 5071 Cona

2250 5112 2607 5184 stantinopoli
2631 5112 2908 5166 occultata
2954 5108 3284 5180 mysterioso
3325 5108 3437 5176 jam
3487 5106 3648 5178 signo
3685 5105 3832 5160 dete-

2250 5221 2358 5277 cta,
2392 5209 2659 5277 iactunam
2693 5205 3054 5260 demonstrat.
3112 5199 3261 5268 Hm,
3294 5200 3456 5257 Pater
3486 5199 3828 5261 beatissime,

2252 5301 2467 5358 cellulis
2491 5299 2752 5356 distincta
2783 5296 3094 5367 quadratis,
3139 5280 3532 5364 imperatorum
3583 5293 3830 5348 ordinem

2254 5391 2774 5458 successioncmque
2842 5385 3106 5456 ponebat,
3166 5382 3464 5439 ﬁniendum
3538 5392 3720 5436 tamen
3779 5383 3832 5432 in

2255 5487 2362 5541 hoc
2393 5484 2588 5538 ultimo
2620 5479 3011 5537 Constantino.
3049 5477 3126 5532 Ita
3151 5491 3368 5548 quoque
3393 5475 3836 5546 patriarcharum

2257 5577 2364 5632 alia
2392 5576 2446 5629 in
2475 5576 2695 5642 longum
2731 5577 2908 5625 tracta
2935 5566 3125 5622 tabula
3143 5567 3390 5622 ordinem
3422 5561 3830 5634 praescribebat.

2255 5665 2393 5720 Nam
2430 5661 2521 5718 ille
2543 5661 2740 5730 spiritu
2772 5659 3100 5729 prophetico
3125 5658 3434 5714 illustratus
3465 5663 3545 5711 tot
3598 5653 3830 5710 cellulas

2267 5755 2682 5830 ﬁgurandorum
2763 5754 3160 5821 imperatorum
3251 5751 3450 5805 tabulae
3527 5745 3836 5815 inscripsit,

2262 5859 2395 5923 quot
2427 5865 2454 5902 a
2476 5848 2652 5919 primo
2683 5845 3047 5902 Constantino
3078 5843 3298 5917 Magno,
3322 5840 3834 5912 Constantinopolis
