4230 6280
420 313 528 382 997

1626 301 2018 411 LEONARDI
2054 320 2417 383 cnravsrs

3563 318 3667 384 928

424 428 730 492 conditore,
760 444 933 498 usque
970 433 1035 483 ad
1088 431 1334 486 ultimam
1383 432 1756 501 captivitatem
1825 434 1990 489 futuri
2023 440 2066 495 Α
2097 437 2226 490 lude
2282 441 2408 508 quia
2445 440 2620 508 major
2674 441 2978 504 confiacta,
3041 437 3185 510 regis
3239 434 3484 492 animum
3535 433 3667 491 affli-

421 530 602 574 erant.
644 520 855 578 Indies
911 525 1095 592 itaque
1141 525 1350 580 cellqu
1387 527 1488 580 ilhc
1545 529 1781 595 repletas,
1828 542 1992 581 unam

425 614 586 667 modo
611 622 667 668 et
689 615 959 682 ultimam,
991 618 1045 672 in
1075 635 1177 686 qua
1204 618 1316 680 hic,
1355 621 1457 674 sub
1498 636 1608 687 quo
1633 621 1763 675 urbs
1807 621 1992 688 periit,

429 707 784 762 collocandus
839 720 996 771 erat,
1052 711 1097 765 si
1146 721 1444 766 coronatus
1500 713 1710 778 fuisset,
1767 728 1996 766 vacuam

426 801 792 862 prtetcndunt.
851 800 1137 857 Morsenus
1169 804 1414 872 perinde,
1439 804 1522 858 vir
1556 815 1806 868 sanctus,
1834 804 1999 873 sagit-

428 890 619 939 tariam
654 900 869 959 gentem
908 901 1098 946 contra
1132 893 1656 963 Constantinopolim
1688 905 1998 959 venturam,

427 982 588 1046 cujus
620 990 835 1049 portum
871 984 1126 1060 inclytum
1170 996 1411 1054 caperet,
1441 987 2000 1056 exterminaudosque

431 1072 654 1128 Grmcos
719 1075 933 1130 steculis
989 1077 1176 1133 multis
1230 1087 1356 1132 ante
1399 1080 1670 1148 prasdixit.
1724 1080 2000 1146 Erythrea:

430 1166 594 1218 etiam
623 1174 826 1222 nostra:
855 1169 920 1222 de
940 1167 1254 1224 Grazcorum
1301 1171 1515 1239 jactura
1559 1173 1880 1226 vaticinium
1913 1173 1998 1227 le-

431 1258 684 1316 gentibus
717 1267 882 1328 patet.
918 1259 1164 1315 Joachitn
1193 1273 1372 1317 autem
1424 1265 1593 1319 abbas
1642 1282 1762 1319 meo
1792 1264 1999 1334 judicio

432 1353 1215 1422 ConstantinopolisjaCturam
1249 1359 1301 1409 iu
1364 1357 1638 1424 Papalista
1692 1356 1997 1419 denuntiat,

432 1459 554 1495 eum
591 1444 722 1498 dicit
760 1464 773 1499 :
823 1444 908 1499 Vw
953 1447 1066 1507 tibi,
1100 1448 1387 1514 septicollis
1429 1450 1673 1502 maniiux
1707 1449 1988 1510 truncatis,

431 1538 586 1602 quasi
634 1535 840 1588 auxilio
874 1536 1150 1593 destituta.
1205 1537 1546 1606 Septicollim
1598 1551 1780 1592 autem
1826 1537 2000 1592 Graeci

429 1628 765 1680 ὲπταόοὖνον
815 1642 1034 1684 vocant.
1107 1630 1305 1700 thuid
1361 1631 1523 1702 igitur
1575 1633 1798 1685 Latinos
1842 1631 1998 1685 dam-

434 1723 601 1775 nant?
629 1724 738 1776 Cur
767 1726 818 1777 itt
855 1727 1302 1779 nosinvchuntur
1344 1742 1468 1778 cum
1518 1739 1643 1780 vera
1685 1723 2000 1788 scribimus,

433 1827 622 1870 contra
646 1833 787 1886 quos
816 1826 895 1871 tot
924 1827 1105 1887 aperta
1141 1819 1393 1873 vaticinia
1440 1817 1850 1885 proteSIantur?
1884 1814 2002 1870 Non

434 1923 564 1972 ergo
598 1910 726 1963 unio
759 1909 922 1973 facta,
952 1911 1047 1964 sed
1086 1911 1216 1964 unio
1272 1909 1418 1973 ficta,
1449 1908 1516 1962 ad
1585 1906 1748 1960 fatale
1816 1905 2006 1961 urbem

436 2003 684 2057 trahebat
736 2003 1046 2069 excidium;
1131 2019 1239 2074 quo
1300 2002 1537 2058 divinam
1576 2002 1710 2055 iram
1769 2009 2010 2053 matura-

437 2101 545 2146 tam
580 2093 632 2147 in
665 2095 832 2150 hosce
885 2094 1005 2151 dies
1035 2096 1246 2150 venisse
1293 2093 1668 2164 cognovimus.
1725 2091 2009 2146 Excitatus

439 2183 621 2254 itaque
653 2185 704 2239 in
768 2186 1006 2240 furorem
1061 2185 1224 2252 Deus,
1270 2186 1416 2239 misit
1461 2184 1769 2238 Mahometh
1827 2199 2005 2251 regem

439 2277 876 2341 potentissimum
921 2278 1295 2333 Teucrorum:
1329 2276 1730 2331 addiescmtcm
1789 2274 2007 2342 quidem

438 2369 724 2432 audacem,
753 2370 1126 2434 ambitiosum,
1151 2369 1538 2430 temulentum,
1565 2365 2006 2421 Christianorum

441 2461 726 2528 capitalem
754 2464 961 2518 hostem
993 2479 1008 2517 :
1035 2463 1125 2532 qtti
1159 2462 1328 2517 Nonis
1360 2462 1560 2530 Aprilis
1587 2470 1712 2520 ante
1735 2458 2013 2516 Constan-

442 2551 696 2620 tinopol's
733 2561 1104 2621 prospectum,
1147 2567 1272 2608 cum
1309 2551 1571 2606 tercentis
1596 2560 1650 2606 et
1697 2553 1840 2605 ultra
1891 2550 2008 2603 mil-

444 2643 585 2696 libus
606 2652 968 2713 pugnatorum
997 2645 1049 2698 in
1073 2659 1206 2713 gyro
1227 2655 1382 2698 terra?
1398 2653 1576 2699 castra
1598 2644 2012 2713 papilionesque

440 2735 684 2788 confixit.
711 2735 905 2792 Milites
921 2738 1122 2805 majore
1145 2734 1682 2805 nunzerolequestres,
1701 2747 2009 2806 quanquam

445 2844 634 2883 onmes
660 2829 868 2895 pedites
906 2829 1076 2898 magis
1111 2829 1512 2898 expugnabaut.
1559 2828 1705 2883 Inter
1725 2842 1864 2897 quos
1922 2842 2012 2896 pc-

444 2923 587 2976 dites
610 2922 674 2975 ad
709 2922 849 2990 regis
875 2921 1182 2976 custodiam
1220 2921 1461 2990 deputati
1498 2919 1749 2985 audaces,
1792 2919 1883 2988 qui
1944 2917 2012 2972 ab

445 3012 731 3069 elementis
772 3013 1063 3068 Christiani
1116 3024 1209 3067 aut
1259 3012 1700 3067 Christianorum
1764 3009 1881 3072 filii,
1930 3023 2014 3062 rc-

2098 530 2301 590 ctahat,
2369 546 2435 583 ne
2509 532 2732 585 tristitia
2792 533 2844 585 in
2907 541 3055 586 tanto
3125 530 3422 586 certamine
3487 531 3666 586 allice-

2100 630 2272 686 rctur,
2337 623 2504 692 jussit
2568 641 2689 679 mox
2753 625 2917 678 aliam
2972 626 3130 691 longe
3196 623 3420 692 majoris
3481 624 3668 678 forum

2099 716 2370 770 conﬂari:
2431 735 2619 786 quam,
2665 729 2722 772 nt
2777 720 2952 782 aiunt,
3001 717 3274 772 industria
3351 715 3670 772 Calihasrite

2101 807 2408 860 consularis
2474 807 2704 862 Baronis
2761 809 2921 863 amici
2985 808 3203 867 artifex.
3274 819 3549 876 nunquam
3601 807 3668 860 ad

2101 896 2399 965 perit-etum
2458 901 2737 962 conduxit,
2773 901 2895 954 aliis
2947 899 3313 953 mediocribus
3367 897 3670 953 innumeris

2103 989 2363 1043 collidere
2429 992 2616 1044 urbem
2674 992 2944 1046 machinis
2972 990 3340 1059 undequaque
3395 990 3674 1046 conaban-

2103 1085 2212 1131 tur.
2280 1080 2515 1148 Sciopis,
2594 1083 2922 1152 Spingardis.
2993 1083 3389 1147 zarbathanis,
3452 1081 3672 1146 fundis,

2103 1173 2317 1240 sagittis
2366 1175 2482 1227 dies
2549 1185 2847 1243 noctesque
2909 1190 3095 1229 muros
3166 1175 3526 1242 hominesque
3571 1189 3673 1227 no-

2105 1274 2249 1318 stros
2322 1266 2592 1319 vexabant
2647 1271 3083 1334 mactabantque.
3138 1265 3479 1320 Existimavit
3531 1266 3672 1319 enim

2107 1355 2280 1409 hostis
2325 1357 2667 1412 Christianos
2702 1373 2826 1412 esse
2856 1373 3078 1425 paucos.
3107 1371 3245 1426 quos
3273 1359 3491 1412 assidua
3545 1373 3673 1426 pro-

2109 1454 2278 1500 lratos
2311 1448 2671 1517 fatigatosque
2727 1467 2898 1518 pugna
2947 1452 3132 1504 urbem
3179 1452 3315 1504 tueri
3358 1466 3460 1503 nou
3499 1465 3673 1518 posse.

2105 1536 2663 1606 Ignominioseigitur
2693 1539 2892 1594 factum
2938 1548 3051 1602 est,
3094 1551 3152 1592 ut
3189 1541 3363 1609 primo
3413 1541 3502 1594 illo
3549 1557 3678 1596 cou-

2109 1644 2326 1696 gressu.
2361 1628 2558 1683 Teucri
2587 1629 2930 1684 obstaculum
2970 1647 3076 1686 non
3120 1630 3444 1684 invenerint.
3501 1632 3567 1683 At
3625 1631 3678 1684 in

2110 1721 2228 1776 dies
2259 1723 2528 1775 doctiores
2550 1724 2722 1777 nostri
2755 1723 2912 1788 facti,
2951 1739 3209 1792 paravere
3264 1732 3450 1777 contra
3501 1723 3679 1778 hostes

2119 1814 2573 1877 machinamenta,
2601 1832 2716 1882 qua:
2743 1824 2921 1869 tamen
2953 1829 3114 1868 avare
3147 1815 3438 1868 dabantur.
3496 1811 3678 1869 Pulvis

2116 1913 2233 1958 erat
2257 1906 2380 1960 uitri
2409 1906 2676 1968 modicus,
2694 1906 2946 1972 exiguus,
2969 1907 3071 1961 tela
3101 1907 3346 1960 modica:
3374 1905 3679 1960 bombarde

2117 1999 2160 2052 si
2195 1998 2443 2064 aderant,
2479 1998 2927 2054 incommoditate
2963 1999 3066 2053 Ioei
3117 1999 3352 2068 primum
3386 1999 3571 2054 hostes
3594 1999 3680 2054 of-

2118 2087 2361 2153 fendere,
2385 2090 2727 2145 maceriebus
2754 2089 3029 2158 alveisque
3049 2097 3244 2153 tectos,
3266 2105 3372 2144 non
3406 2099 3676 2158 poterant.

2118 2180 2254 2234 Nam
2288 2179 2334 2234 si
2367 2197 2488 2250 quae
2515 2196 2736 2252 magna:
2763 2189 2942 2245 erant,
2977 2196 3044 2236 ne
3073 2196 3265 2234 nun-us
3296 2187 3682 2234 concuterelttr

2120 2287 2325 2342 noster,
2368 2277 2759 2345 quiescebant:
2793 2275 3066 2331 interdum
3093 2274 3147 2329 in
3181 2289 3388 2329 cuneos
3442 2275 3681 2328 hostium

2117 2375 2356 2436 emissa,
2380 2381 2434 2426 et
2449 2371 2715 2432 homines.
2741 2377 2796 2424 et
2821 2370 3054 2424 tentoria
3077 2369 3540 2423 extermiuahant.
3568 2366 3680 2421 Non

2117 2465 2265 2520 enim
2298 2465 2354 2519 in
2376 2479 2573 2518 vanum
2603 2463 2968 2532 iaciebantur,
2997 2477 3137 2525 quas
3171 2463 3339 2517 illisas
3373 2461 3559 2516 hostes
3589 2461 3685 2514 de.-

2119 2559 2325 2613 clinare
2351 2571 2459 2610 non
2512 2565 2781 2626 poterant.
2808 2556 2995 2623 Itaque
3039 2554 3306 2608 cadebant
3351 2551 3549 2606 Teucri
3589 2552 3681 2607 icti

2120 2650 2287 2705 aeneis
2305 2649 2425 2704 telis
2443 2648 2839 2717 lapidibusque.
2856 2645 3295 2700 Vulnerabantur
3312 2647 3539 2701 etnostri
3560 2663 3572 2701 :
3591 2645 3684 2714 qui

2127 2741 2458 2811 quandoque
2479 2740 2678 2793 vallum
2706 2738 3072 2806 egredientes,
3094 2739 3159 2790 ad
3188 2752 3384 2792 manus
3401 2738 3686 2792 decertan-

2121 2843 2205 2889 tes
2233 2843 2287 2888 et
2331 2832 2652 2888 occidebant
2693 2842 2747 2886 et
2776 2830 3187 2887 occidebantur.
3219 2831 3456 2885 Victoria
3489 2846 3552 2885 ex
3586 2831 3686 2884 hcc.

2119 2926 2329 2994 aequius
2369 2925 2652 2995 tyronibus
2697 2924 2918 2986 nostris,
2962 2923 3105 2993 quod
3136 2923 3554 2992 egrediebantur
3582 2922 3688 2975 im.

2121 3017 2324 3087 pavidi,
2350 3032 2510 3086 quam
2536 3015 2762 3070 Teucris
2783 3015 3032 3069 dabatur.
3057 3011 3254 3068 Verum
3274 3015 3525 3083 quoniam
3549 3013 3690 3068 malo

450 3117 686 3162 trorsum
719 3106 994 3173 conversi,
1037 3106 1168 3161 dicti
1221 3106 1493 3170 Genizari,
1525 3115 1583 3159 tit
1644 3105 1784 3174 apud
1839 3102 2012 3158 Mace-
2041 3133 2086 3191 ρ

2041 3133 2086 3191 ρ
2123 3111 2233 3166 fato
2262 3110 2500 3165 Joannes
2549 3108 2768 3179 Longus
2799 3107 3112 3170 Janucnsis,
3159 3108 3225 3162 de
3253 3107 3685 3162 .Iustinianoruut

446 3197 645 3251 donem
703 3197 1093 3268 Myrmidones,
1164 3197 1322 3267 quasi
1357 3196 1668 3268 quindecim
1706 3196 1898 3250 millia.
1933 3195 2014 3249 Ad

449 3289 668 3344 tertium
702 3300 881 3345 autem
925 3292 1096 3356 diem,
1147 3301 1362 3360 captato
1397 3290 1548 3345 urbis
1573 3291 1702 3353 situ,
1738 3288 2019 3342 machinas

452 3386 766 3440 innumeras
785 3386 1186 3455 craticulasque
1209 3403 1273 3440 ex
1308 3384 1559 3456 virgultis
1608 3381 2020 3449 viminibusth

453 3487 736 3532 contextas
765 3478 1205 3532 circummuralis
1239 3478 1437 3530 vallum
1489 3475 1687 3543 quibus
1719 3482 2021 3543 pugnantes

457 3580 795 3638 tegerentur,
826 3563 1048 3625 fossatis
1093 3569 1352 3624 admovit.
1413 3567 1633 3622 Initium
1680 3562 2022 3620 confusionis

456 3661 556 3714 hoc
578 3673 823 3716 nostrum
858 3660 978 3725 fuit,
1007 3661 1178 3731 utqui
1224 3663 1345 3716 telis
1407 3660 1897 3728 machinarumque
1942 3655 2021 3711 la-

455 3754 674 3821 pidibus
726 3755 880 3825 juxta
916 3755 1104 3810 datum
1156 3755 1401 3808 ordinem
1465 3752 1682 3807 eminus
1727 3746 2023 3819 repellendi

455 3859 634 3915 erant,
670 3850 933 3920 neglectis
980 3849 1231 3920 singulis,
1267 3850 1518 3904 cominus
1559 3847 1870 3916 proximare
1907 3862 2027 3916 pcr-

460 3945 745 3999 miserunt.
773 3943 1003 3998 Tantum
1034 3959 1224 3998 eorum
1252 3944 1503 3998 ordinem
1545 3940 1880 3998 instruendis
1907 3955 2025 3994 ma-

456 4034 657 4098 chinis,
706 4043 911 4089 tantam
973 4033 1479 4104 promptitudinem,
1527 4043 1727 4088 tantam
1783 4033 2025 4087 acierum

459 4127 858 4198 providentiam
887 4129 1109 4200 quidam
1145 4137 1236 4184 aut
1271 4128 1477 4197 Scipio,
1503 4136 1597 4183 aut
1639 4125 1897 4187 Annibal,
1935 4133 2030 4180 aut

462 4222 707 4277 moderni
739 4222 865 4276 belli
889 4223 1054 4276 duces
1083 4221 1336 4277 admirati
1368 4221 1623 4278 fuissent.
1655 4219 1759 4274 Sed
1781 4221 1904 4288 quis
1931 4221 2030 4274 ob-

460 4332 636 4380 secro,
673 4316 1103 4371 etrcumvallavit
1127 4312 1490 4383 urbemiqui,
1526 4315 1629 4370 nisi
1655 4314 1840 4383 perfidi
1873 4313 2030 4368 Chri-

459 4407 622 4463 stiani
645 4408 952 4462 instruxere
974 4405 1100 4460 Teut
1121 4406 1242 4461 ros!
1271 4405 1444 4459 Testis
1474 4420 1616 4467 sum,
1656 4405 1795 4474 quod
1824 4403 2027 4466 Graeci,

2121 3202 2372 3272 prosapia
2400 3202 2635 3266 ,duabus
2676 3217 2798 3254 cum
2833 3201 3059 3256 navibus
3099 3201 3215 3255 suis
3238 3201 3474 3270 magnis,
3511 3209 3567 3255 et
3603 3215 3690 3252 ar-

2123 3295 2285 3348 matis
2309 3294 2529 3348 circiter
2551 3293 2965 3363 quadringentis
2991 3308 3137 3347 mare
3157 3291 3521 3354 decursitans,
3553 3289 3691 3345 forte

2119 3386 2370 3449 veniens,
2403 3386 2674 3454 stipendio
2707 3386 2978 3455 ascriptus
3022 3384 3383 3452 imperatoris,
3435 3384 3688 3438 ducatum

2123 3477 2328 3531 militia:
2357 3477 2621 3542 obtinuit;
2645 3487 2866 3533 strenue
2883 3476 3169 3532 defensare
3192 3476 3382 3531 urbem
3409 3476 3578 3538 visus.
3603 3491 3690 3529 re-

2123 3569 2388 3639 parationi
2407 3569 2784 3626 demolitorunt
2799 3585 3074 3626 murorum
3096 3570 3404 3640 vigilantius
3421 3568 3701 3622 incumbe-

2123 3662 2213 3717 bat
2248 3679 2261 3716 :
2302 3663 2494 3718 Teucri
2527 3663 2768 3718 animum
2825 3663 3076 3733 viresque
3105 3662 3360 3718 deludere
3388 3661 3693 3715 videbatur.

2125 3755 2260 3809 Nam
2315 3766 2523 3825 quanto
2575 3755 2750 3812 hostis
2807 3756 2951 3812 mole
2982 3757 3218 3826 ingentis
3264 3755 3459 3824 lapidis
3507 3769 3692 3808 muros

2125 3846 2623 3912 Conterehat,tanto
2648 3846 2734 3901 hic
2750 3847 3049 3901 animosius
3066 3845 3376 3908 sarmentis,
3400 3846 3586 3907 humo,
3604 3858 3697 3894 va-

2129 3936 2316 4003 sisque
2344 3936 2570 3992 vinariis
2593 3937 3058 4006 intercompositis
3091 3936 3401 4005 reparabat.
3461 3933 3578 4000 Qua
3627 3934 3694 3989 de

2091 4045 2188 4083 'rc
2214 4025 2461 4084 Teucrus
2510 4029 2756 4092 delusus,
2788 4029 3050 4098 cogitavit
3091 4044 3195 4081 non
3256 4026 3581 4082 cessandum
3625 4025 3695 4080 ab

2131 4121 2335 4176 ictibus
2365 4120 2777 4184 machinarum;
2825 4119 2920 4176 sed
2971 4119 3181 4173 fortiori
3219 4133 3375 4185 cura,
3423 4118 3697 4172 subterra-

2134 4213 2249 4268 neis
2282 4214 2430 4268 cavis
2461 4213 2632 4268 furari
2668 4213 2876 4268 urbem.
2921 4211 3250 4266 Miuerarum
3274 4211 3537 4274 fossores,
3560 4223 3695 4278 quos

2132 4324 2196 4362 ex
2257 4322 2402 4361 novo
2467 4306 2625 4362 brolo
2700 4305 3039 4360 conduxerat
3100 4304 3388 4373 magistros
3442 4300 3697 4358 accersiri

2133 4398 2316 4468 jussit.
2348 4397 2538 4467 Lignis
2560 4399 3049 4466 instrutnentisque
3069 4394 3310 4451 adveCtis
3331 4395 3514 4450 solerti
3541 4407 3696 4456 cura,

462 4503 605 4572 quod
636 4500 835 4566 Latini,
869 4500 1013 4570 quod
1045 4497 1322 4561 Germani,
1367 4499 1682 4563 Paunoncs,
1713 4497 1924 4559 Bootes,
1963 4511 2028 4550 ex
2066 4467 2108 4522 θ
2139 4495 2214 4549 uti
2251 4494 2595 4564 imperatum,
2629 4501 2808 4546 actum
2856 4500 2961 4554 est,
2989 4500 3046 4541 ut
3101 4505 3224 4542 mox
3278 4503 3373 4557 per
3416 4487 3700 4541 cuniculos

462 4599 705 4651 omnium
723 4594 1156 4649 Christianorum
1183 4591 1493 4662 regionibus
1516 4590 1740 4645 Teucris
1761 4586 2032 4644 commisti

462 4702 626 4757 opera
649 4701 834 4740 eorum
856 4685 1119 4754 fidemque
1138 4683 1447 4737 didicerunt
1466 4686 1584 4751 :qni
1601 4683 1889 4735 immanius
1912 4680 2032 4735 tidei

460 4781 789 4838 Christianae
816 4779 970 4835 obliti
1014 4777 1207 4832 urbem
1246 4777 1652 4844 expugnabant.
1690 4771 1734 4828 Ο
1759 4775 1908 4844 impii
1939 4773 2032 4843 qui

463 4875 741 4930 Christum
770 4873 1083 4944 abnegastis
1109 4872 1120 4925 l
1157 4886 1190 4923 ο
1211 4869 1471 4924 satellites
1504 4868 1851 4931 Antichristi,
1880 4868 2037 4922 dam-

465 4964 576 5017 nati
601 4962 991 5032 gt'itt‘nttaiibtls
1017 4959 1277 5016 ﬂammis!
1308 4970 1522 5030 tempus
1547 4960 1647 5014 hoc
1667 4967 1903 5013 vestrum
1926 4965 2032 5015 est.

467 5057 709 5126 Satagite
735 5071 934 5126 augere
957 5054 1109 5110 vobis
1130 5068 1342 5124 poenas,
1374 5067 1513 5122 quas
1542 5053 1702 5107 Iuatis
1730 5063 1959 5107 aeternas

538 5150 863 5205 Ilurribilcm
887 5147 1112 5220 perinde
1129 5145 1504 5207 bombardam,
1528 5159 1837 5214 quanquam
1859 5157 2037 5214 major

465 5245 594 5307 alia,
618 5259 739 5313 quae
779 5241 1060 5298 confracta
1093 5238 1214 5302 fuit,
1251 5253 1412 5307 quam
1447 5236 1535 5292 vix
1566 5236 1726 5291 bourn
1763 5236 2036 5305 quinqua-

467 5338 617 5405 ginta
642 5345 859 5390 centum
885 5335 1013 5404 juga
1042 5332 1330 5390 vehebant.
1360 5330 1425 5383 ad
1451 5337 1658 5399 partem
1690 5327 1834 5383 illam
1857 5343 2038 5381 muro.

466 5446 586 5485 rum
629 5428 984 5498 simplicium,
1016 5442 1138 5496 qua:
1171 5440 1272 5480 nec
1303 5422 1545 5485 fossatis,
1586 5436 1682 5476 nec
1712 5418 2036 5474 antemurali

469 5524 773 5588 tutabatur,
806 5519 1143 5591 Calegariam
1190 5518 1416 5578 dictam,
1449 5516 1695 5585 figentes,
1729 5510 1909 5582 lapide
1943 5509 2035 5578 qui

467 5618 662 5684 talmis
681 5613 932 5672 undecim
959 5628 1024 5669 ex
1045 5615 1183 5668 meis
1214 5609 1452 5664 ambibat
1477 5608 1530 5662 in
1559 5620 1708 5678 gyro,
1740 5622 1804 5661 ex
1831 5619 1896 5660 ea
1921 5619 2041 5658 mu-

469 5727 588 5764 rum
617 5708 1000 5765 conterebant.
1022 5707 1152 5760 Erat
1175 5716 1352 5758 tamen
1378 5717 1568 5755 murus
1591 5699 1832 5764 perlatus
1856 5696 2040 5751 fortis-

469 5817 596 5871 que,
649 5801 738 5871 qui
792 5809 971 5856 tamen
1016 5797 1285 5866 machina:
1333 5803 1438 5848 tam
1485 5790 1732 5851 horribili
1787 5787 2034 5846 cedebat.

2141 4594 2420 4642 tentarent
2451 4586 2799 4639 fundamenta
2827 4582 3100 4638 suffodere
3130 4590 3532 4650 penetrareque
3583 4594 3700 4633 om-

2138 4679 2393 4732 nifariqu
2431 4678 2583 4733 urbis
2615 4691 2852 4729 nmrum.
2896 4676 2962 4727 At
2987 4689 3109 4726 cum
3161 4688 3189 4724 a
3247 4669 3614 4726 fundamentis
3649 4669 3702 4739 (ο

2136 4787 2250 4825 rem
2282 4769 2583 4824 mirabilem
2611 4770 2650 4836 Ξ)
2686 4767 2919 4838 primum
2941 4765 3052 4834 jam
3081 4764 3278 4819 vallum
3300 4763 3704 4818 etantemurale

2137 4862 2390 4917 mirando
2477 4876 2599 4916 cum
2685 4857 2906 4914 silentio
2981 4857 3410 4920 subcavasscnt;
3477 4853 3704 4909 Joannis

2137 4954 2356 5010 Grande
2391 4951 2663 5017 Alemani,
2696 4950 2967 5022 ingeniosi
2999 4951 3207 5015 militis,
3246 4965 3424 5004 rerum
3489 4947 3698 5002 bellica-

2141 5063 2260 5100 rum
2295 5043 2627 5107 doctissimi,
2667 5057 2830 5111 quem
2858 5039 3099 5096 Joannes
3123 5041 3463 5096 Justinianus
3505 5039 3706 5094 militia:

2141 5139 2247 5191 dux
2281 5133 3048 5201 centurionemconduxerat,
3103 5134 3368 5189 industria
3393 5142 3447 5188 et
3503 5133 3712 5202 sagaci-

2141 5241 2251 5286 tate
2283 5245 2422 5296 opus
2450 5229 2723 5283 detectum
2780 5237 2861 5283 est
2895 5245 2910 5281 :
2941 5227 3459 5297 exploratorumque
3510 5226 3561 5280 id
3615 5225 3707 5278 fir-

2141 5332 2347 5378 matqu
2368 5322 2652 5384 relatione,
2685 5320 2895 5376 animos
2927 5321 3170 5374 omnium
3193 5319 3502 5373 commovit.
3535 5317 3709 5374 ϐιαιεοί

2141 5433 2265 5472 cum
2300 5416 2499 5470 dudum
2531 5413 2872 5478 Barsicham,
2917 5413 3118 5476 Ammi,
3180 5412 3515 5480 Amoratque
3552 5411 3708 5482 geni-

2143 5519 2315 5565 torem
2353 5507 2536 5576 hujus,
2573 5506 2815 5577 pristinis
2849 5506 3005 5560 hellis
3045 5505 3249 5559 fruStra
3309 5505 3591 5560 laborasse
3652 5503 3707 5559 in

2146 5602 2387 5656 cavanda
2412 5602 2543 5655 urbe
2569 5601 2975 5676 cognovissent,
3033 5598 3369 5668 impossibile
3420 5612 3515 5665 per
3564 5597 3712 5653 hunc

2146 5694 2261 5749 ﬁeri
2296 5709 2455 5764 posse
2476 5691 3105 5759 affirmabant.Quorum
3141 5690 3325 5757 Opinio
3348 5706 3412 5746 ex
3445 5690 3571 5746 facti
3593 5692 3711 5746 evi-

2146 5783 2330 5842 dentia
2354 5786 2584 5842 confusa
2624 5793 2731 5842 est.
2779 5784 2965 5856 Itaque
2993 5781 3293 5856 prnctralia
3352 5780 3464 5839 hare
3509 5781 3710 5837 nostris
