4230 6280
479 360 590 435 929

1583 378 1680 438 DE
1724 379 2323 444 EXPUGNATIONE
2358 382 2644 445 CI‘OLIS.

3639 369 3747 435 030

478 486 981 546 recoufossionibus
1027 491 1262 559 detecta,
1320 493 1510 548 urbem
1551 512 1657 551 non
1712 499 1900 553 lassere
1943 517 1959 555 :
1993 501 2061 555 ti-
2088 506 2136 564 Α
2166 505 2355 573 irrigat
2385 511 2587 558 ten-am
2638 519 2655 559 ε
2688 502 2857 557 nam
2892 512 3107 563 summa
3133 490 3378 567 pontiﬁci
3409 506 3743 548 οοιιηιιι-ιιιυ.

476 596 682 636 morem
715 592 896 637 tamen
934 584 1209 651 ingentem
1268 600 1298 640 a
1361 586 1734 642 fundamentis
1797 591 2051 644 confossa

475 674 666 739 turris,
690 674 885 744 ligneis
922 678 1078 747 stylis
1107 677 1452 736 bituminatis
1484 681 1693 744 innixa,
1753 684 1913 737 nobis
1973 685 2056 736 in-

474 766 631 820 ussit.
666 765 772 821 Sed
805 776 862 821 ut
891 784 978 823 res
1024 770 1082 823 in
1120 770 1296 827 lucem
1334 772 1503 837 venit,
1538 775 1778 843 repulsis
1812 775 1935 843 igne
2001 784 2055 829 ct

476 858 741 925 sulphure
791 860 1043 918 hostibus
1072 878 1102 916 e
1131 865 1357 921 latebris
1394 876 1796 935 reconstructa,
1839 884 1961 923 mox
1992 870 2058 923 ti.

477 966 683 1008 morem
721 957 989 1012 excussit.
1021 955 1342 1029 Composuit
1374 960 1601 1030 perinde
1632 962 1841 1033 ligneas
1876 971 2057 1019 turres

470 1048 626 1117 juxta
665 1052 889 1115 vallum,
923 1051 1088 1107 humo
1114 1054 1322 1124 plenas.
1363 1056 1599 1126 pellibus
1632 1058 1793 1113 boum
1823 1057 2059 1114 circum-

477 1149 676 1203 tectas.
733 1158 800 1198 ex
837 1143 1038 1214 quibus
1096 1145 1323 1203 lassatis
1380 1148 1520 1203 clam
1574 1157 1773 1204 terram
1811 1151 2061 1223 quisqui~

476 1234 688 1302 liasque
712 1245 770 1291 ut
804 1237 981 1293 facilis
1013 1239 1095 1295 eis
1130 1241 1281 1297 fleret
1318 1242 1621 1310 ingressus,
1656 1243 2055 1301 immittebant.

474 1328 667 1385 Crates
702 1330 897 1387 deinde
935 1331 1259 1389 innumeras
1286 1350 1350 1389 ex
1374 1335 1629 1405 virgultis
1650 1337 2060 1408 viminibusth

402 1422 407 1429 ’
475 1432 787 1488 contextus,
817 1435 997 1481 cattus
1029 1428 1299 1497 oblongos
1341 1430 1634 1501 scalasque
1674 1440 1908 1496 rotatas,
1933 1448 2060 1487 cur-

477 1532 573 1570 rus
634 1520 953 1576 castellatos
1009 1522 1249 1590 taliaque
1291 1522 1750 1586 machinamenta,
1808 1541 1931 1595 qua:
1971 1526 2058 1579 vix

477 1608 705 1664 Romani
732 1610 997 1667 adversus
1034 1611 1233 1668 Poenos
1259 1614 1729 1670 construxissent.
1756 1613 2061 1670 Bombarda

475 1712 739 1766 praeterea
774 1704 862 1758 illa
900 1705 1111 1773 ingens,
1140 1721 1207 1762 eo
1235 1707 1383 1776 quod
1422 1705 1773 1778 Caligaream
1836 1717 2063 1763 strenue

2158 596 2388 653 rationis
2410 597 2608 661 bonos,
2634 596 2728 651 sed
2750 596 3029 650 decretum
3059 593 3390 649 Florentinte
3419 587 3610 660 synodi
3641 601 3747 640 non

2160 690 2387 761 legatur.
2411 690 2521 745 Cur
2544 691 2666 758 hoc,
2710 688 3036 759 hypocrita?
3065 686 3133 742 Ut
3164 687 3412 741 deleatur
3435 678 3659 753 (inquit)
3682 696 3746 733 ex

2160 784 2403 849 decreto,
2428 785 2575 854 quod
2598 785 2837 853 Spiritus
2862 793 3090 838 sanctus
3115 796 3178 837 ex
3204 779 3363 843 Filio,
3396 777 3751 848 quemadmo-

2159 876 2286 930 dum
2312 892 2378 931 ex
2410 874 2568 931 Patre
2596 875 2860 945 procedit.
2898 874 3008 929 Cur
3031 873 3183 934 item,
3205 869 3527 944 hypocrita?
3556 882 3622 922 ne
3656 882 3748 921 cr-

2163 983 2316 1024 rasse
2344 967 2636 1023 vidcantur
2659 967 2857 1032 Graeci,
2888 967 2933 1020 si
2961 964 3149 1020 dicant
3186 963 3325 1019 duos
3358 960 3537 1017 sancti
3570 956 3747 1027 Spiri-

2162 1071 2250 1117 tus
2270 1060 2651 1133 productores.
2673 1059 2779 1115 Sed
2798 1075 2893 1115 cur
2911 1060 3132 1119 iterum,
3152 1058 3404 1121 obsecro,
3423 1053 3702 1126 hypocrita
3720 1051 3748 1105 ἲ

2162 1149 2243 1205 Ne
2279 1150 2443 1205 detur
2474 1149 2527 1204 ei
2559 1149 2652 1220 qui
2680 1157 2852 1202 tatam
2881 1147 2985 1203 sibi
3041 1161 3107 1200 ex
3138 1144 3316 1199 ollicio
3350 1150 3570 1212 captare
3594 1140 3749 1207 cupit

2162 1242 2431 1313 gloriam;
2469 1240 2785 1298 intendebat
2811 1255 2877 1295 ex
2933 1254 3038 1293 una
3099 1246 3248 1303 parte
3298 1233 3639 1295 Scholarius,
3682 1246 3748 1285 cx

2162 1335 2330 1389 altera
2359 1333 2639 1399 Chirluea,
2682 1333 3015 1402 quandoque
3064 1328 3130 1383 ad
3184 1325 3531 1397 praesentiam
3576 1333 3750 1381 semet

2165 1427 2522 1498 apostolicam
2572 1424 2840 1489 conferre,
2907 1433 2962 1479 ut
3023 1423 3077 1476 hi
3108 1429 3294 1476 essent
3335 1419 3427 1487 qui
3483 1418 3583 1473 soli
3634 1431 3747 1472 rem

2166 1518 2502 1574 intellexisse
2537 1516 2880 1578 viderentur,
2912 1515 3119 1585 quique
3174 1512 3333 1583 primi
3392 1509 3745 1564 laudarentur

2166 1620 2332 1667 tanta:
2363 1608 2588 1665 unionis
2649 1617 2926 1664 auctores.
2978 1608 3259 1661 Adversus
3312 1605 3458 1660 enim
3509 1601 3748 1672 legatum

2168 1701 2320 1758 multi
2368 1702 2573 1757 invidia
2625 1701 2877 1756 clanculo
2937 1698 3361 1769 torquebantur.
3414 1694 3555 1763 Ergo
3594 1692 3752 1746 dixit

479 1805 788 1864 reparatam
835 1798 1105 1854 adversus
1165 1816 1273 1856 non
1308 1800 1618 1868 proliceret,
1656 1800 1822 1853 alium
1880 1799 2059 1853 locum
2096 1862 2132 1868 _
2166 1793 2471 1858 Paterisne,
2511 1807 2544 1845 o
2581 1791 2913 1861 imperatori
2979 1799 3030 1842 ut
3070 1791 3184 1843 haec
3239 1786 3468 1842 ambitio
3530 1784 3745 1839 scindat

478 1888 805 1945 Rartatineae
839 1893 1028 1950 turris.
1094 1892 1250 1959 juxta
1311 1862 1501 1947 Sam-ti
1562 1862 1790 1947 lloinani
1851 1898 2062 1961 portam
2094 1862 2141 1922 Β
2170 1883 2492 1946 Ecclesia").
2520 1890 2578 1937 ul
2602 1882 2767 1951 huius
2788 1881 2865 1935 1·οἱ
2889 1879 3060 1947 gratia
3083 1878 3263 1931 ἀίνίητι
3317 1876 3394 1930 ira
3428 1874 3602 1945 magis
3639 1887 3752 1927 “'3‘

479 1981 604 2037 inde
656 1981 907 2047 dimota,
971 1983 1150 2050 lapide
1215 1983 1267 2037 in
1328 1999 1392 2038 ea
1451 1984 1818 2039 aestimatione
1900 1984 2054 2038 mille

481 2072 849 2128 ducentarum
873 2074 1134 2127 librarqu
1156 2074 1392 2128 interdiu
1413 2075 1642 2140 collidit,
1662 2073 1915 2129 collisum
1936 2090 2070 2129 eon-

479 2162 1015 2218 cntitzconcussnm
1073 2170 1417 2218 exterminat.
1478 2163 1654 2218 Ruina
1706 2164 1879 2219 turris
1907 2172 2070 2219 antc-

480 2255 708 2312 muralis
738 2257 1005 2313 fossatum
1034 2258 1205 2326 replet
1246 2266 1536 2325 aequatque
1562 2271 1578 2309 :
1600 2256 1671 2309 ita
1695 2265 1757 2309 ut
1787 2257 1872 2309 via
1897 2256 2071 2311 hosti-

479 2348 609 2415 bus,
641 2365 749 2419 qua
776 2349 1077 2405 decurrere
1098 2358 1347 2419 possent.
1378 2357 1546 2403 strata
1576 2357 1928 2404 cerneretur:
1961 2349 2069 2403 nisi

478 2440 607 2508 quia
621 2442 837 2496 concita
857 2440 1179 2503 introrsum,
1201 2442 1278 2495 uti
1300 2442 1352 2495 in
1372 2438 1673 2509 Caligarexe
1693 2439 2067 2504 demolitione,

481 2533 754 2604 reparatio
776 2532 915 2588 facta
938 2532 1155 2596 fuisset,
1182 2532 1328 2587 haud
1351 2532 1519 2586 dubio
1541 2531 1745 2602 impetu
1771 2530 1963 2584 urbem
1989 2529 2071 2583 in-

482 2632 741 2681 trassent.
778 2623 968 2696 Itaque
1000 2625 1250 2679 Teucrus
1277 2624 1613 2689 dcmolitum,
1640 2638 1799 2691 quam
1832 2621 2067 2691 primum

482 2724 849 2771 restauratum
885 2723 945 2771 ut
966 2717 1250 2786 conspexit
1279 2732 1533 2771 murum:
1576 2714 1693 2770 Non
1730 2714 2066 2777 Cra-eorum,

483 2809 683 2877 inquit,
716 2809 811 2863 sed
846 2808 1185 2863 Francorum
1221 2809 1324 2863 hoc
1355 2807 1632 2877 ingenium
1678 2815 1783 2870 est,
1817 2818 1876 2861 ut
1919 2816 2066 2860 tanta

485 2899 799 2954 resistentia
839 2899 952 2964 fiat,
986 2908 1139 2953 tanta
1173 2913 1353 2968 pugna
1382 2915 1397 2955 :
1424 2912 1563 2968 quos
1600 2912 1703 2952 nec
1767 2897 2069 2950 innumeras

484 2993 716 3062 sagitue,
789 3005 887 3046 nec
929 2992 1313 3045 machinarum
1374 2991 1788 3059 ligneorumque
1852 2997 2067 3042 rastro-

485 3101 607 3139 rutn
636 3084 857 3149 horror,
890 3099 989 3137 nec
1020 3082 1341 3137 intermissa
1372 3082 1625 3137 obsessio
1663 3080 1922 3149 dcterret.

2174 1979 2373 2051 gisquc
2411 1976 2608 2033 merito
2636 1974 3008 2031 accendatur?
3041 1971 3151 2025 Cur
3190 1985 3297 2024 non
3320 1985 3351 2024 e
3383 1968 3558 2023 tuedio
3587 1966 3756 2036 perti-

2173 2088 2340 2129 naces
2370 2072 2446 2127 illi
2478 2069 2778 2126 tolluntur?
2802 2068 3169 2137 Acquiescere
3234 2066 3530 2133 imperator
3578 2060 3751 2120 νῖειις,

2172 2162 2658 2234 metrOpolitasque
2690 2159 3062 2224 Scholarium,
3084 2157 3382 2221 lsidorum,
3409 2153 3751 2224 Neophytum

2171 2251 2598 2322 complicesque,
2652 2249 2865 2319 judices
2942 2248 3255 2313 constituit,
3309 2248 3470 2301 verbo
3509 2247 3751 2314 quidem,

2174 2358 2284 2397 non
2352 2342 2518 2395 facto.
2582 2339 2718 2397 Nam
2771 2341 2816 2396 si
2879 2340 3394 2411 pusillanimitatem
3457 2338 3755 2406 imperator

2172 2440 2533 2505 excussisset,
2597 2437 2742 2493 hanc
2816 2436 2939 2490 lidei
3014 2433 3327 2488 illusionem
3396 2431 3751 2484 vindicasset.

2173 2532 2274 2599 Qui
2308 2534 2451 2587 enim
2500 2532 2855 2592 hominibus.’
2898 2529 3009 2583 Deo
3042 2535 3250 2597 spreto,
3287 2524 3614 2593 complacet,
3649 2523 3757 2576 uti—

2176 2642 2283 2696 que
2318 2624 2706 2681 confundetur.
2756 2619 3061 2678 Coercendi
3091 2620 3309 2690 quidem
3352 2616 3428 2669 illi
3453 2626 3630 2676 erant,
3661 2615 3753 2685 qui

2171 2719 2216 2772 si
2247 2715 2501 2779 fuissent,
2555 2716 2803 2771 morbum
2834 2710 3152 2782 pestiferum
3206 2723 3313 2763 non
3342 2716 3754 2776 propagasseqt.

2174 2808 2282 2864 Sed
2317 2810 2531 2879 ignoro,
2568 2815 2825 2861 utrumne
2860 2804 3174 2872 imperatur,
3214 2810 3309 2853 aut
3357 2798 3568 2863 iudices
3604 2796 3759 2851 dan-.-

2174 2900 2335 2954 nandi
2393 2898 2592 2967 quibus
2633 2894 2992 2952 correctionis
3041 2892 3214 2962 virga,
3246 2904 3559 2959 quanquam
3594 2888 3757 2943 minae

2171 2989 2638 3054 intercessissent,
2703 2986 2913 3040 aberat.

2228 3084 2558 3140 Continuata
2613 3080 2781 3149 igitur
2832 3074 3140 3133 obsidionis
3192 3081 3535 3143 tempestate,
3569 3071 3758 3127 clausa

554 3178 802 3249 Agebant
826 3180 1030 3233 interea
1058 3178 1285 3241 Galatas,
1314 3180 1427 3233 sive
1451 3176 2066 3244 Perenses,quanquam
2098 3208 2141 3264 ο
2173 3177 2329 3237 urbe.
2368 3176 2728 3231 ducentarum
2757 3179 2811 3226 et
2845 3169 3236 3239 quinquaginta
3274 3169 3545 3221 iustarum
3570 3181 3633 3219 ex
3670 3166 3760 3216 di-

485 3274 829 3343 prudcntius,
844 3290 910 3329 ne
943 3274 997 3327 in
1016 3271 1348 3341 Propontide
1367 3279 1607 3325 castrum
1626 3268 1915 3323 struxisset
1935 3264 2073 3318 Tett-

485 3384 638 3434 crus,
672 3366 961 3423 sollicitam
1011 3364 1328 3435 providendi
1360 3376 1551 3417 curam
1586 3375 1729 3414 nunc
1768 3371 2070 3417 armorum,

486 3478 634 3518 nunc
682 3460 940 3524 militum,
962 3458 1216 3515 clanculo
1239 3466 1442 3517 tamen.
1466 3470 1535 3509 ue
1562 3452 1724 3517 hosti,
1748 3452 1839 3521 qui
1883 3462 2070 3517 pacem

488 3571 615 3611 eum
642 3555 723 3609 cis
752 3552 1070 3615 simulabat,
1097 3552 1433 3605 iunotnissct
1461 3564 1478 3603 :
1509 3561 1631 3615 quae
1662 3561 1751 3599 res
1783 3542 2072 3604 tenuisset,

491 3662 559 3701 ne
608 3645 871 3700 auxilium
921 3643 1148 3714 posthac
1180 3639 1383 3696 Graecis
1418 3637 1674 3692 conferre
1735 3632 2071 3703 potuissent.

491 3740 585 3794 Sic
613 3738 868 3792 simulata
906 3736 996 3788 illa
1026 3750 1125 3803 pax
1181 3733 1302 3786 urbi
1338 3730 1405 3784 ad
1445 3738 1663 3797 tempus
1702 3726 1926 3797 profuit.
1955 3725 2070 3790 Ego

485 3828 694 3900 judicio
718 3841 859 3891 meo,
889 3826 943 3879 ni
971 3824 1149 3889 fallor,
1176 3825 1412 3901 arbitror
1433 3830 1673 3888 apertam
1697 3804 1949 3888 gucrram
1980 3815 2079 3870 Pe—

497 3920 751 3975 rcnsiitns
790 3933 817 3970 a
853 3917 1028 3986 primo
1054 3916 1440 3977 salubriorem,
1471 3928 1631 3981 tinam
1662 3912 1836 3964 fictam
1865 3925 2076 3978 pacem.

492 4012 725 4079 Quidam
757 4010 1001 4062 Teucrus
1032 4022 1206 4075 neque
1239 4014 1503 4067 castrum,
1528 4003 1675 4072 quod
1710 4002 2078 4056 demolitionis

494 4118 684 4158 eorum
703 4115 865 4156 causa
893 4098 1014 4162 fuit,
1048 4097 1410 4160 condidisset,
1433 4109 1606 4163 neque
1639 4108 1894 4160 guerram
1932 4102 2083 4162 post-

500 4196 602 4249 hac
654 4202 764 4248 tam
822 4192 1127 4246 terrlbilem
1176 4189 1474 4242 intulisset.
1525 4185 1570 4241 Ο
1600 4183 1915 4240 chuenses
1967 4184 2076 4251 jam

495 4284 898 4358 quodammodo
929 4280 1191 4346 eicurati;
1224 4279 1319 4336 sed
1340 4282 1495 4344 sileo,
1529 4294 1598 4333 ne
1621 4280 1685 4331 de
1712 4276 1847 4331 meis
1867 4278 2077 4345 loquar,

497 4394 637 4449 quos
666 4376 876 4431 externi
909 4388 1032 4427 cum
1060 4373 1290 4426 veritate
1321 4368 1645 4439 diiudicant.
1676 4365 1778 4422 Ubi
1813 4375 1941 4421 sunt
1971 4367 2079 4432 pri-

498 4474 575 4526 sci
609 4467 797 4538 inclyti
820 4453 1161 4531 Geuuenscs,
1197 4464 1290 4533 qui
1324 4462 1590 4527 Calatam,
1612 4461 1841 4514 accincti
1877 4457 2076 4527 gladio,

2181 3271 2354 3325 versis
2378 3271 2542 3332 Asiae,
2570 3264 2838 3328 Thraciae,
2864 3260 3133 3330 Pontique
3156 3259 3433 3313 littoribus
3459 3266 3649 3314 contra
3666 3273 3763 3309 ur-

2176 3365 2298 3421 bem
2325 3362 2588 3431 disposita
2615 3358 2809 3417 classis
2835 3356 2980 3410 Venit
3005 3371 3019 3409 :
3042 3354 3182 3408 inter
3199 3366 3335 3422 quas
3365 3353 3616 3405 triremes
3641 3366 3763 3416 sex,

2176 3469 2230 3514 et
2258 3457 2443 3510 decem
2478 3454 2748 3510 biremes:
2788 3450 3134 3521 septuaginta
3188 3446 3414 3516 reliquae
3457 3446 3613 3501 fusta'
3636 3446 3764 3501 unis

2178 3548 2586 3612 banchoremis;
2606 3547 2809 3616 cymba:
2834 3545 2998 3599 etiam
3018 3540 3363 3611 barculmque
3379 3540 3676 3610 sagittariis
3694 3539 3761 3592 ad

2179 3640 2601 3697 ostentationem
2624 3637 2800 3708 plenas
2820 3636 3159 3690 vehebantur
3187 3652 3201 3688 :
3236 3650 3357 3705 qua:
3384 3634 3627 3689 cinctum
3667 3647 3762 3686 ea-

2178 3745 2303 3789 tena
2340 3742 2557 3802 portum
2582 3741 2633 3786 et
2665 3728 2920 3784 manibus
2942 3728 3197 3783 rostratis
3219 3727 3355 3781 bene
3381 3726 3632 3790 armatis,
3653 3724 3763 3781 Ge-

2180 3826 2471 3880 nueusium
2496 3830 2727 3893 septem,
2749 3820 3093 3876 Cretensium
3129 3820 3313 3874 tribus
3339 3818 3651 3887 colligatum
3678 3818 3764 3871 in-

2181 3926 2326 3974 trare
2350 3932 2460 3973 non
2479 3916 2744 3983 valentes,
2762 3914 2945 3970 minus
2967 3913 3034 3968 ad
3061 3911 3236 3968 stadia
3259 3921 3482 3967 centum
3518 3908 3763 3979 Propon-

2181 4012 2310 4067 tidis
2341 4011 2461 4079 ripa
2491 4009 2761 4065 anchoras
2794 4009 2989 4079 figunt.
3040 4006 3107 4061 Et
3139 4020 3262 4059 cum
3297 4002 3609 4074 proximare
3652 4018 3761 4055 non

2182 4105 2467 4168 auderent,
2496 4117 2644 4155 mare
2666 4116 2697 4155 e
2727 4101 2887 4168 longe
2915 4098 3210 4160 sulcantes,
3234 4091 3527 4163 lignamina
3556 4089 3767 4161 aliaque

2183 4196 2623 4251 machinamenta
2640 4194 2839 4248 castris
2852 4198 3159 4262 opportuna
3182 4186 3529 4243 deferebant.
3554 4184 3617 4237 At
3640 4200 3763 4238 cum

2183 4291 2428 4346 Teucrus
2453 4288 2631 4343 tribus
2650 4288 2761 4357 jam
2789 4286 2843 4339 in
2873 4286 3006 4340 locis
3031 4296 3332 4338 concussos
3355 4279 3627 4349 lapidibus
3645 4294 3769 4332 mu-

2184 4399 2277 4438 ros
2302 4382 2576 4437 machinis
2600 4379 2897 4447 dissiparet
2925 4396 2938 4432 :
2970 4383 3273 4429 memoratu
3303 4371 3588 4443 cujusdam
3618 4370 3765 4424 infidi

2185 4475 2484 4531 Christiani
2519 4488 2584 4525 ex
2620 4471 2761 4526 colle
2784 4468 3020 4523 biremes
3048 4465 3425 4520 intromittere
3456 4470 3635 4518 curat.
3675 4461 3773 4516 Est

499 4563 575 4618 uti
594 4562 687 4634 qui
726 4560 1056 4629 reparabant
1083 4556 1538 4625 Hierosolymam.
1572 4552 1974 4607 condiderunt?
2005 4553 2080 4604 illi
2120 4550 2160 4601 ι)
2191 4568 2338 4623 enim
2366 4574 2556 4637 pmms
2579 4564 2689 4629 me,
2723 4559 3039 4617 beatissime
3068 4557 3251 4620 pater.
3277 4557 3331 4611 in
3355 4555 3577 4624 rongmn
3600 4569 3773 4623 θυεη,

494 4653 807 4712 cumelluso
830 4666 1027 4706 cruore
1052 4660 1105 4702 et
1134 4665 1277 4707 aere:
1307 4663 1407 4703 vos
1432 4664 1499 4700 ne
1528 4663 1603 4700 ms
1625 4658 1869 4700 vestrum
1901 4644 2085 4714 cupidi

495 4760 549 4804 et
576 4747 897 4817 sanguinem
919 4741 1290 4807 cl'fundcretis,
1310 4756 1433 4794 eum
1452 4740 1702 4793 vecordia
1724 4739 1867 4791 illam
1892 4739 2091 4791 mundo

496 4844 751 4900 decoram
768 4835 1311 4895 Tencrotradidistis.
1329 4834 1372 4890 si
1394 4840 1443 4887 ta
1454 4849 1572 4886 men
1587 4835 1798 4886 tradere
1816 4831 2090 4902 potuistis.

572 4935 681 4994 Sed
743 4935 824 5006 (ut
884 4932 1170 4988 historiam
1222 4926 1642 4999 prosequamur)
1700 4925 1903 4979 interea
1964 4925 2091 4979 fati-

501 5032 610 5101 gati
686 5028 860 5085 nostri
924 5025 994 5079 de
1058 5023 1314 5094 praesidio
1348 5019 1681 5075 diliidcbant.
1731 5017 1866 5072 Nam
1910 5032 2090 5087 neque

499 5144 562 5179 ex
593 5124 809 5196 Genua,
841 5135 1020 5188 neque
1044 5133 1110 5171 ex
1144 5115 1411 5181 Venetiis,
1451 5114 1656 5183 quibus
1708 5114 1866 5184 (pace
1893 5128 2085 5167 eorum

506 5216 716 5287 licam)
747 5214 886 5268 mitti
920 5211 1132 5277 debui‘,
1196 5208 1467 5263 auxilium
1498 5206 1837 5261 mittebatur.
1907 5204 2091 5274 Neque

502 5307 723 5362 aliunde
746 5321 872 5376 spes
907 5313 1047 5364 erat,
1092 5301 1195 5356 nisi
1228 5316 1293 5354 ex
1320 5300 1429 5353 Deo
1457 5300 1615 5369 cujus
1648 5301 1738 5369 qui
1769 5298 2090 5369 prudentius

499 5400 806 5455 tarditatem
836 5396 1185 5459 metiebatur,
1216 5409 1279 5448 cx
1310 5392 1570 5465 mysterio
1603 5394 1717 5446 lieri
1741 5392 2087 5455 autumabat,

503 5492 647 5564 quod
683 5489 1001 5553 inﬁdelitas,
1030 5486 1295 5557 irreligio,
1337 5499 1641 5554 magnaque
1665 5484 1891 5539 crimina
1921 5483 2087 5540 Deum

503 5586 695 5656 potius
747 5582 1060 5638 irritabant.
1123 5577 1281 5645 Vide,
1338 5577 1657 5634 beatissime
1707 5577 1889 5641 Pater,
1923 5592 2085 5645 quam

506 5677 752 5747 dignum,
815 5686 979 5742 quam
1039 5680 1248 5726 rectum
1301 5670 1613 5742 judicium!
1720 5668 2086 5723 Celebraruut

508 5766 767 5820 unionem
795 5761 971 5819 Graeci
997 5776 1149 5830 voce,
1183 5762 1279 5818 sed
1310 5776 1473 5832 opere
1498 5761 1789 5829 negabant.
1851 5762 2085 5814 Aiebant

520 5856 739 5928 quidem
775 5862 1079 5927 maguates,
1114 5870 1345 5925 quorum
1376 5867 1537 5909 cruor
1561 5853 1741 5908 hostili
1767 5852 1945 5924 gl'idio
1976 5853 2085 5922 jam

2194 4671 2448 4731 stumque
2467 4668 2778 4729 protractus
2804 4676 2818 4713 :
2850 4656 3011 4723 cujus
3037 4652 3359 4708 orientalem
3385 4650 3593 4719 plagam
3616 4648 3772 4702 colil-

2193 4764 2333 4827 gatas
2358 4769 2521 4807 naves
2542 4760 2595 4807 et
2621 4760 2811 4804 catena
2835 4747 3185 4803 muniebant:
3221 4744 3347 4797 inde
3371 4741 3621 4796 hostibus
3652 4741 3769 4795 adi-

2195 4861 2282 4904 tus
2314 4847 2669 4916 impossibilis
2731 4851 2870 4898 erat.
2904 4841 3087 4907 Quare
3112 4847 3178 4895 ,ιιι
3224 4844 3609 4904 coangusraret
3660 4835 3773 4887 cir-

2192 4939 2653 5007 cumvalleretque
2703 4936 2876 5003 magis
2906 4933 3119 4993 urbem,
3139 4929 3306 4999 jussit
3332 4928 3473 4981 invia
3504 4941 3722 4991 arquare
3753 4946 3767 4981 :

2193 5046 2370 5100 exque
2395 5029 2536 5083 colle
2571 5026 2873 5097 snppnsitis
2906 5022 3091 5078 lenitis
3119 5019 3271 5074 vasis
3295 5017 3617 5072 lacertorum
3651 5034 3772 5079 sex,

2193 5124 2260 5177 ad
2292 5122 2466 5177 stadia
2498 5119 2843 5189 septuaginta
2875 5116 3020 5170 trahi
3053 5114 3310 5181 biremes,
3356 5131 3480 5185 qua:
3538 5128 3773 5166 ascensu

2194 5214 2414 5283 gravius
2448 5211 2697 5276 sublata,
2740 5208 2970 5277 posthac
3008 5223 3074 5263 ex
3100 5206 3254 5277 apice
3286 5207 3341 5261 in
3376 5206 3671 5269 declivu-n,
3702 5204 3769 5255 ad

2192 5308 2367 5376 ripam
2394 5304 2549 5359 sinus
2571 5301 2845 5357 levissime
2879 5300 3181 5355 introrsum
3211 5297 3571 5353 vehebantur.
3594 5294 3769 5361 Quam

2194 5398 2491 5453 novitatem
2561 5405 2712 5465 puto,
2787 5390 3116 5447 Venetorum
3194 5405 3364 5455 more,
3436 5405 3500 5445 ex
3579 5386 3775 5440 Cardae

2192 5489 2336 5552 lacu,
2396 5490 2442 5543 is
2484 5487 2577 5556 qui
2626 5484 2915 5541 artificium
2979 5481 3209 5539 Teucris
3289 5479 3562 5551 patefecit,
3634 5477 3774 5531 didi-

2190 5591 2363 5639 cerat.
2400 5581 2475 5635 lta
2509 5597 2608 5636 nos
2638 5579 2813 5649 magis
2868 5576 3069 5643 territi,
3127 5574 3499 5644 cogitabamus
3530 5586 3624 5624 eas
3675 5578 3773 5623 aut

2195 5676 2319 5743 igne
2348 5684 2444 5726 aut
2475 5672 2653 5743 lapide
2673 5668 3067 5726 exterminare.
3099 5666 3205 5721 Sed
3256 5680 3435 5734 neque
3481 5663 3584 5718 hoc
3639 5677 3769 5732 pro-

2193 5764 2333 5817 fuit:
2379 5778 2545 5817 navcs
2579 5761 2683 5815 illa:
2734 5760 2957 5826 majoris
3007 5756 3315 5809 nocumenti
3372 5752 3531 5808 nobis
3589 5759 3774 5817 erant,

2196 5853 2466 5909 machinis
2510 5853 2870 5923 undequaque
2906 5855 3113 5903 tutatae.
3142 5846 3235 5902 Sic
3259 5846 3371 5915 jam
3404 5842 3619 5914 perdito
3646 5855 3779 5915 pur~
