  <div class='ocr_page' id='page_1' title='image "/cluster/home/n/w/nwhite01/storage/ocr_20150623/159/mdp.39015015350443/473.png"; bbox 0 0 4230 6280; ppageno 0'>
   <div class='ocr_carea' id='block_1_1' title="bbox 421 325 518 386">
    <p class='ocr_par' dir='ltr' id='par_1_1' title="bbox 421 325 518 386">
     <span class='ocr_line' id='line_1_1' title="bbox 421 325 518 386; baseline 0.062 -5"><span class='ocrx_word' id='word_1_1' title='bbox 421 325 487 386; x_wconf 73' lang='grc'><strong>93</strong></span> <span class='ocrx_word' id='word_1_2' title='bbox 501 325 518 386; x_wconf 88' lang='lat' dir='ltr'><strong>l</strong></span> 
     </span>
    </p>
   </div>
   <div class='ocr_carea' id='block_1_2' title="bbox 1647 337 2441 400">
    <p class='ocr_par' dir='ltr' id='par_1_2' title="bbox 1647 337 2441 400">
     <span class='ocr_line' id='line_1_2' title="bbox 1647 337 2441 400; baseline 0.004 -6"><span class='ocrx_word' id='word_1_3' title='bbox 1647 338 2035 397; x_wconf 69' lang='lat' dir='ltr'><strong>l.E(i.\&#39;Mllil</strong></span> <span class='ocrx_word' id='word_1_4' title='bbox 2082 337 2441 400; x_wconf 71' lang='lat' dir='ltr'><strong>CHIBNSIS</strong></span> 
     </span>
    </p>
   </div>
   <div class='ocr_carea' id='block_1_3' title="bbox 3581 335 3687 397">
    <p class='ocr_par' dir='ltr' id='par_1_3' title="bbox 3581 335 3687 397">
     <span class='ocr_line' id='line_1_3' title="bbox 3581 335 3687 397; baseline -0.009 -2"><span class='ocrx_word' id='word_1_5' title='bbox 3581 335 3687 397; x_wconf 64' lang='lat' dir='ltr'><strong>9T2</strong></span> 
     </span>
    </p>
   </div>
   <div class='ocr_carea' id='block_1_4' title="bbox 418 446 3682 519">
    <p class='ocr_par' dir='ltr' id='par_1_4' title="bbox 418 446 3682 519">
     <span class='ocr_line' id='line_1_4' title="bbox 418 446 3682 519; baseline 0.002 -26"><span class='ocrx_word' id='word_1_6' title='bbox 418 449 499 505; x_wconf 88' lang='lat' dir='ltr'><strong>tu,</strong></span> <span class='ocrx_word' id='word_1_7' title='bbox 536 457 754 497; x_wconf 80' lang='lat' dir='ltr'><strong>necesse</strong></span> <span class='ocrx_word' id='word_1_8' title='bbox 821 446 918 499; x_wconf 89' lang='lat' dir='ltr'><strong>fuit</strong></span> <span class='ocrx_word' id='word_1_9' title='bbox 949 460 1011 498; x_wconf 79' lang='lat' dir='ltr'><strong>ex</strong></span> <span class='ocrx_word' id='word_1_10' title='bbox 1048 448 1242 515; x_wconf 87' lang='lat' dir='ltr'><strong>postis,</strong></span> <span class='ocrx_word' id='word_1_11' title='bbox 1276 457 1331 501; x_wconf 84' lang='grc' dir='ltr'>ιιι</span> <span class='ocrx_word' id='word_1_12' title='bbox 1364 451 1667 504; x_wconf 84' lang='lat' dir='ltr'><strong>maritimos</strong></span> <span class='ocrx_word' id='word_1_13' title='bbox 1699 453 2008 507; x_wconf 55' lang='lat' dir='ltr'><strong>custodire-</strong></span> <span class='ocrx_word' id='word_1_14' title='bbox 2042 458 2085 512; x_wconf 75' lang='grc' dir='ltr'><strong>Α</strong></span> <span class='ocrx_word' id='word_1_15' title='bbox 2121 451 2329 513; x_wconf 76' lang='lat' dir='ltr'><strong>liardis,</strong></span> <span class='ocrx_word' id='word_1_16' title='bbox 2355 450 2550 519; x_wconf 75' lang='lat' dir='ltr'><strong>satagit</strong></span> <span class='ocrx_word' id='word_1_17' title='bbox 2578 446 2728 499; x_wconf 90' lang='lat' dir='ltr'><strong>omni</strong></span> <span class='ocrx_word' id='word_1_18' title='bbox 2763 446 3001 501; x_wconf 74' lang='lat' dir='ltr'><strong>:tt&#39;uitate</strong></span> <span class='ocrx_word' id='word_1_19' title='bbox 3035 447 3263 502; x_wconf 84' lang='lat' dir='ltr'><strong>artificis</strong></span> <span class='ocrx_word' id='word_1_20' title='bbox 3298 462 3465 501; x_wconf 79' lang='lat' dir='ltr'><strong>naves</strong></span> <span class='ocrx_word' id='word_1_21' title='bbox 3495 448 3682 500; x_wconf 62' lang='lat' dir='ltr'><strong>init-in-</strong></span> 
     </span>
    </p>
   </div>
   <div class='ocr_carea' id='block_1_5' title="bbox 420 530 2001 610">
    <p class='ocr_par' dir='ltr' id='par_1_5' title="bbox 420 530 2001 610">
     <span class='ocr_line' id='line_1_5' title="bbox 420 530 2001 610; baseline 0.009 -25"><span class='ocrx_word' id='word_1_22' title='bbox 420 549 545 588; x_wconf 88' lang='lat' dir='ltr'><strong>mus</strong></span> <span class='ocrx_word' id='word_1_23' title='bbox 572 550 779 601; x_wconf 92' lang='lat' dir='ltr'><strong>muros,</strong></span> <span class='ocrx_word' id='word_1_24' title='bbox 808 537 1126 593; x_wconf 98' lang='lat' dir='ltr'><strong>deminuere</strong></span> <span class='ocrx_word' id='word_1_25' title='bbox 1165 530 1385 596; x_wconf 88' lang='lat' dir='ltr'><strong>milites.</strong></span> <span class='ocrx_word' id='word_1_26' title='bbox 1429 543 1664 599; x_wconf 84' lang='lat' dir='ltr'><strong>Proinde</strong></span> <span class='ocrx_word' id='word_1_27' title='bbox 1713 545 1814 599; x_wconf 89' lang='lat' dir='ltr'><strong>hoc</strong></span> <span class='ocrx_word' id='word_1_28' title='bbox 1846 547 2001 610; x_wconf 81' lang='lat' dir='ltr'><strong>inge-</strong></span> 
     </span>
    </p>
   </div>
   <div class='ocr_carea' id='block_1_6' title="bbox 422 627 2000 706">
    <p class='ocr_par' dir='ltr' id='par_1_6' title="bbox 422 627 2000 706">
     <span class='ocr_line' id='line_1_6' title="bbox 422 627 2000 706; baseline 0.008 -26"><span class='ocrx_word' id='word_1_29' title='bbox 422 627 514 680; x_wconf 89' lang='lat' dir='ltr'><strong>nio</strong></span> <span class='ocrx_word' id='word_1_30' title='bbox 546 642 652 682; x_wconf 88' lang='lat' dir='ltr'><strong>non</strong></span> <span class='ocrx_word' id='word_1_31' title='bbox 694 640 990 687; x_wconf 89' lang='lat' dir='ltr'><strong>contentus</strong></span> <span class='ocrx_word' id='word_1_32' title='bbox 1018 631 1285 696; x_wconf 84' lang='lat' dir='ltr'><strong>Teucrus,</strong></span> <span class='ocrx_word' id='word_1_33' title='bbox 1317 635 1460 689; x_wconf 83' lang='lat' dir='ltr'><strong>aliud</strong></span> <span class='ocrx_word' id='word_1_34' title='bbox 1496 652 1739 704; x_wconf 91' lang='lat' dir='ltr'><strong>quoque,</strong></span> <span class='ocrx_word' id='word_1_35' title='bbox 1766 654 1876 706; x_wconf 88' lang='lat' dir='ltr'><strong>quo</strong></span> <span class='ocrx_word' id='word_1_36' title='bbox 1900 653 2000 692; x_wconf 89' lang='lat' dir='ltr'><strong>nos</strong></span> 
     </span>
    </p>
   </div>
   <div class='ocr_carea' id='block_1_7' title="bbox 420 723 1999 798">
    <p class='ocr_par' dir='ltr' id='par_1_7' title="bbox 420 723 1999 798">
     <span class='ocr_line' id='line_1_7' title="bbox 420 723 1999 798; baseline 0.005 -25"><span class='ocrx_word' id='word_1_37' title='bbox 420 728 651 774; x_wconf 85' lang='lat' dir='ltr'><strong>terreret</strong></span> <span class='ocrx_word' id='word_1_38' title='bbox 686 723 883 791; x_wconf 82' lang='lat' dir='ltr'><strong>magis,</strong></span> <span class='ocrx_word' id='word_1_39' title='bbox 914 727 1245 787; x_wconf 78' lang='lat' dir='ltr'><strong>construxit,</strong></span> <span class='ocrx_word' id='word_1_40' title='bbox 1278 736 1491 794; x_wconf 81' lang='lat' dir='ltr'><strong>pontem</strong></span> <span class='ocrx_word' id='word_1_41' title='bbox 1521 727 1773 783; x_wconf 89' lang='lat' dir='ltr'><strong>videlicet</strong></span> <span class='ocrx_word' id='word_1_42' title='bbox 1812 730 1999 798; x_wconf 86' lang='lat' dir='ltr'><strong>longi-</strong></span> 
     </span>
    </p>
   </div>
   <div class='ocr_carea' id='block_1_8' title="bbox 423 813 2000 889">
    <p class='ocr_par' dir='ltr' id='par_1_8' title="bbox 423 813 2000 889">
     <span class='ocr_line' id='line_1_8' title="bbox 423 813 2000 889; baseline 0.008 -26"><span class='ocrx_word' id='word_1_43' title='bbox 423 813 636 866; x_wconf 88' lang='lat' dir='ltr'><strong>tudinis</strong></span> <span class='ocrx_word' id='word_1_44' title='bbox 680 814 980 867; x_wconf 87' lang='lat' dir='ltr'><strong>stadiorum</strong></span> <span class='ocrx_word' id='word_1_45' title='bbox 1030 816 1252 870; x_wconf 87' lang='lat' dir='ltr'><strong>circiter</strong></span> <span class='ocrx_word' id='word_1_46' title='bbox 1304 818 1548 886; x_wconf 78' lang='lat' dir='ltr'><strong>triginta,</strong></span> <span class='ocrx_word' id='word_1_47' title='bbox 1609 836 1673 873; x_wconf 88' lang='lat' dir='ltr'><strong>ex</strong></span> <span class='ocrx_word' id='word_1_48' title='bbox 1712 822 1827 889; x_wconf 87' lang='lat' dir='ltr'><strong>ripa</strong></span> <span class='ocrx_word' id='word_1_49' title='bbox 1877 822 2000 876; x_wconf 84' lang='lat' dir='ltr'><strong>urbi</strong></span> 
     </span>
    </p>
   </div>
   <div class='ocr_carea' id='block_1_9' title="bbox 420 906 1999 977">
    <p class='ocr_par' dir='ltr' id='par_1_9' title="bbox 420 906 1999 977">
     <span class='ocr_line' id='line_1_9' title="bbox 420 906 1999 977; baseline 0.008 -21"><span class='ocrx_word' id='word_1_50' title='bbox 420 906 692 973; x_wconf 73' lang='lat' dir='ltr'><strong>Opposita,</strong></span> <span class='ocrx_word' id='word_1_51' title='bbox 727 907 893 961; x_wconf 91' lang='lat' dir='ltr'><strong>maris</strong></span> <span class='ocrx_word' id='word_1_52' title='bbox 927 908 1017 976; x_wconf 89' lang='lat' dir='ltr'><strong>qni</strong></span> <span class='ocrx_word' id='word_1_53' title='bbox 1048 908 1229 961; x_wconf 91' lang='lat' dir='ltr'><strong>sinum</strong></span> <span class='ocrx_word' id='word_1_54' title='bbox 1271 911 1567 977; x_wconf 78' lang='lat' dir='ltr'><strong>scinderet,</strong></span> <span class='ocrx_word' id='word_1_55' title='bbox 1597 914 1742 968; x_wconf 81' lang='lat' dir='ltr'><strong>vasis</strong></span> <span class='ocrx_word' id='word_1_56' title='bbox 1776 915 1999 969; x_wconf 76' lang='lat' dir='ltr'><strong>vinariis</strong></span> 
     </span>
    </p>
   </div>
   <div class='ocr_carea' id='block_1_10' title="bbox 419 996 1999 1075">
    <p class='ocr_par' dir='ltr' id='par_1_10' title="bbox 419 996 1999 1075">
     <span class='ocr_line' id='line_1_10' title="bbox 419 996 1999 1075; baseline 0.008 -28"><span class='ocrx_word' id='word_1_57' title='bbox 419 996 712 1065; x_wconf 81' lang='lat' dir='ltr'><strong>colligatis,</strong></span> <span class='ocrx_word' id='word_1_58' title='bbox 741 998 843 1051; x_wconf 88' lang='lat' dir='ltr'><strong>sub</strong></span> <span class='ocrx_word' id='word_1_59' title='bbox 865 1000 1217 1063; x_wconf 82' lang='lat' dir='ltr'><strong>constructis,</strong></span> <span class='ocrx_word' id='word_1_60' title='bbox 1264 1001 1605 1072; x_wconf 81' lang='lat' dir='ltr'><strong>conﬁxisque</strong></span> <span class='ocrx_word' id='word_1_61' title='bbox 1670 1005 1855 1075; x_wconf 80' lang='lat' dir='ltr'><strong>lignis,</strong></span> <span class='ocrx_word' id='word_1_62' title='bbox 1890 1021 1999 1075; x_wconf 81' lang='lat' dir='ltr'><strong>quo</strong></span> 
     </span>
    </p>
   </div>
   <div class='ocr_carea' id='block_1_11' title="bbox 418 1088 1998 1164">
    <p class='ocr_par' dir='ltr' id='par_1_11' title="bbox 418 1088 1998 1164">
     <span class='ocr_line' id='line_1_11' title="bbox 418 1088 1998 1164; baseline 0.008 -22"><span class='ocrx_word' id='word_1_63' title='bbox 418 1088 691 1143; x_wconf 84' lang='lat' dir='ltr'><strong>exercitus</strong></span> <span class='ocrx_word' id='word_1_64' title='bbox 716 1090 1053 1153; x_wconf 90' lang='lat' dir='ltr'><strong>decurreret,</strong></span> <span class='ocrx_word' id='word_1_65' title='bbox 1079 1093 1143 1145; x_wconf 90' lang='lat' dir='ltr'><strong>ad</strong></span> <span class='ocrx_word' id='word_1_66' title='bbox 1173 1105 1387 1149; x_wconf 88' lang='lat' dir='ltr'><strong>murum</strong></span> <span class='ocrx_word' id='word_1_67' title='bbox 1422 1108 1610 1164; x_wconf 83' lang='lat' dir='ltr'><strong>prope,</strong></span> <span class='ocrx_word' id='word_1_68' title='bbox 1643 1096 1797 1164; x_wconf 80' lang='lat' dir='ltr'><strong>juxta</strong></span> <span class='ocrx_word' id='word_1_69' title='bbox 1846 1099 1998 1155; x_wconf 81' lang='lat' dir='ltr'><strong>urbis</strong></span> 
     </span>
    </p>
   </div>
   <div class='ocr_carea' id='block_1_12' title="bbox 418 1180 1998 1258">
    <p class='ocr_par' dir='ltr' id='par_1_12' title="bbox 418 1180 1998 1258">
     <span class='ocr_line' id='line_1_12' title="bbox 418 1180 1998 1258; baseline 0.009 -27"><span class='ocrx_word' id='word_1_70' title='bbox 418 1180 649 1233; x_wconf 90' lang='lat' dir='ltr'><strong>fanum:</strong></span> <span class='ocrx_word' id='word_1_71' title='bbox 685 1182 927 1236; x_wconf 82' lang='lat' dir='ltr'><strong>imitatus</strong></span> <span class='ocrx_word' id='word_1_72' title='bbox 982 1182 1183 1239; x_wconf 76' lang='lat' dir='ltr'><strong>Xerxis</strong></span> <span class='ocrx_word' id='word_1_73' title='bbox 1244 1188 1566 1254; x_wconf 72' lang='lat' dir='ltr'><strong>potentiam,</strong></span> <span class='ocrx_word' id='word_1_74' title='bbox 1626 1189 1722 1258; x_wconf 88' lang='lat' dir='ltr'><strong>qui</strong></span> <span class='ocrx_word' id='word_1_75' title='bbox 1755 1206 1822 1245; x_wconf 90' lang='lat' dir='ltr'><strong>ex</strong></span> <span class='ocrx_word' id='word_1_76' title='bbox 1867 1192 1998 1245; x_wconf 84' lang='lat' dir='ltr'><strong>Asia</strong></span> 
     </span>
    </p>
   </div>
   <div class='ocr_carea' id='block_1_13' title="bbox 418 1273 1996 1344">
    <p class='ocr_par' dir='ltr' id='par_1_13' title="bbox 418 1273 1996 1344">
     <span class='ocr_line' id='line_1_13' title="bbox 418 1273 1996 1344; baseline 0.008 -18"><span class='ocrx_word' id='word_1_77' title='bbox 418 1274 470 1326; x_wconf 92' lang='lat' dir='ltr'><strong>in</strong></span> <span class='ocrx_word' id='word_1_78' title='bbox 525 1273 811 1329; x_wconf 79' lang='lat' dir='ltr'><strong>Thraciam</strong></span> <span class='ocrx_word' id='word_1_79' title='bbox 862 1273 1148 1344; x_wconf 82' lang='lat' dir='ltr'><strong>Bosphoro</strong></span> <span class='ocrx_word' id='word_1_80' title='bbox 1207 1280 1513 1334; x_wconf 87' lang='lat' dir='ltr'><strong>exercitum</strong></span> <span class='ocrx_word' id='word_1_81' title='bbox 1563 1282 1827 1338; x_wconf 79' lang='lat' dir='ltr'><strong>traduxit.</strong></span> <span class='ocrx_word' id='word_1_82' title='bbox 1878 1284 1996 1338; x_wconf 83' lang='lat' dir='ltr'><strong>Non</strong></span> 
     </span>
    </p>
   </div>
   <div class='ocr_carea' id='block_1_14' title="bbox 418 1364 1994 1442">
    <p class='ocr_par' dir='ltr' id='par_1_14' title="bbox 418 1364 1994 1442">
     <span class='ocr_line' id='line_1_14' title="bbox 418 1364 1994 1442; baseline 0.012 -29"><span class='ocrx_word' id='word_1_83' title='bbox 418 1364 660 1418; x_wconf 75' lang='lat' dir='ltr'><strong>restabat</strong></span> <span class='ocrx_word' id='word_1_84' title='bbox 694 1379 826 1435; x_wconf 88' lang='lat' dir='ltr'><strong>ergo</strong></span> <span class='ocrx_word' id='word_1_85' title='bbox 866 1366 967 1421; x_wconf 90' lang='lat' dir='ltr'><strong>nisi</strong></span> <span class='ocrx_word' id='word_1_86' title='bbox 1002 1367 1219 1421; x_wconf 84' lang='lat' dir='ltr'><strong>navium</strong></span> <span class='ocrx_word' id='word_1_87' title='bbox 1279 1382 1594 1442; x_wconf 69' lang='lat' dir='ltr'><strong>catenazque</strong></span> <span class='ocrx_word' id='word_1_88' title='bbox 1650 1372 1994 1432; x_wconf 83' lang='lat' dir='ltr'><strong>diametralis</strong></span> 
     </span>
    </p>
   </div>
   <div class='ocr_carea' id='block_1_15' title="bbox 414 1456 1991 1534">
    <p class='ocr_par' dir='ltr' id='par_1_15' title="bbox 414 1456 1991 1534">
     <span class='ocr_line' id='line_1_15' title="bbox 414 1456 1991 1534; baseline 0.01 -28"><span class='ocrx_word' id='word_1_89' title='bbox 414 1456 595 1518; x_wconf 90' lang='lat' dir='ltr'><strong>tuitio,</strong></span> <span class='ocrx_word' id='word_1_90' title='bbox 616 1471 736 1523; x_wconf 67' lang='lat' dir='ltr'><strong>quae</strong></span> <span class='ocrx_word' id='word_1_91' title='bbox 759 1458 1048 1512; x_wconf 77' lang='lat' dir='ltr'><strong>transitum</strong></span> <span class='ocrx_word' id='word_1_92' title='bbox 1071 1459 1445 1530; x_wconf 78' lang='lat' dir='ltr'><strong>iugressumve</strong></span> <span class='ocrx_word' id='word_1_93' title='bbox 1461 1465 1621 1518; x_wconf 81' lang='lat' dir='ltr'><strong>classi</strong></span> <span class='ocrx_word' id='word_1_94' title='bbox 1647 1466 1991 1534; x_wconf 85' lang='lat' dir='ltr'><strong>prohibebat.</strong></span> 
     </span>
    </p>
   </div>
   <div class='ocr_carea' id='block_1_16' title="bbox 487 1546 1993 1615">
    <p class='ocr_par' dir='ltr' id='par_1_16' title="bbox 487 1546 1993 1615">
     <span class='ocr_line' id='line_1_16' title="bbox 487 1546 1993 1615; baseline 0.01 -17"><span class='ocrx_word' id='word_1_95' title='bbox 487 1546 695 1601; x_wconf 81' lang='lat' dir='ltr'><strong>Interea</strong></span> <span class='ocrx_word' id='word_1_96' title='bbox 729 1563 793 1602; x_wconf 90' lang='lat' dir='ltr'><strong>ex</strong></span> <span class='ocrx_word' id='word_1_97' title='bbox 826 1548 963 1605; x_wconf 90' lang='lat' dir='ltr'><strong>Chio</strong></span> <span class='ocrx_word' id='word_1_98' title='bbox 1008 1552 1060 1605; x_wconf 92' lang='lat' dir='ltr'><strong>in</strong></span> <span class='ocrx_word' id='word_1_99' title='bbox 1112 1563 1359 1607; x_wconf 90' lang='lat' dir='ltr'><strong>nostrum</strong></span> <span class='ocrx_word' id='word_1_100' title='bbox 1394 1556 1704 1612; x_wconf 86' lang='lat' dir='ltr'><strong>subsidium</strong></span> <span class='ocrx_word' id='word_1_101' title='bbox 1745 1567 1856 1613; x_wconf 89' lang='lat' dir='ltr'><strong>tres</strong></span> <span class='ocrx_word' id='word_1_102' title='bbox 1887 1557 1993 1615; x_wconf 83' lang='lat' dir='ltr'><strong>Ge-</strong></span> 
     </span>
    </p>
   </div>
   <div class='ocr_carea' id='block_1_17' title="bbox 414 1633 1994 1713">
    <p class='ocr_par' dir='ltr' id='par_1_17' title="bbox 414 1633 1994 1713">
     <span class='ocr_line' id='line_1_17' title="bbox 414 1633 1994 1713; baseline 0.008 -24"><span class='ocrx_word' id='word_1_103' title='bbox 414 1654 653 1693; x_wconf 88' lang='lat' dir='ltr'><strong>nuenses</strong></span> <span class='ocrx_word' id='word_1_104' title='bbox 685 1633 874 1705; x_wconf 75' lang='lat' dir='ltr'><strong>armis,</strong></span> <span class='ocrx_word' id='word_1_105' title='bbox 900 1642 1163 1698; x_wconf 80' lang='lat' dir='ltr'><strong>militibus</strong></span> <span class='ocrx_word' id='word_1_106' title='bbox 1188 1642 1570 1713; x_wconf 88' lang='lat' dir='ltr'><strong>frumentoque</strong></span> <span class='ocrx_word' id='word_1_107' title='bbox 1592 1649 1877 1705; x_wconf 60' lang='lat' dir='ltr'><strong>conducta</strong></span> <span class='ocrx_word' id='word_1_108' title='bbox 1900 1666 1994 1704; x_wconf 84' lang='lat' dir='ltr'><strong>na-</strong></span> 
     </span>
    </p>
   </div>
   <div class='ocr_carea' id='block_1_18' title="bbox 416 1731 1991 1805">
    <p class='ocr_par' dir='ltr' id='par_1_18' title="bbox 416 1731 1991 1805">
     <span class='ocr_line' id='line_1_18' title="bbox 416 1731 1991 1805; baseline 0.011 -26"><span class='ocrx_word' id='word_1_109' title='bbox 416 1743 551 1782; x_wconf 80' lang='lat' dir='ltr'><strong>ves:</strong></span> <span class='ocrx_word' id='word_1_110' title='bbox 590 1743 751 1781; x_wconf 90' lang='lat' dir='ltr'><strong>unam</strong></span> <span class='ocrx_word' id='word_1_111' title='bbox 807 1731 1177 1801; x_wconf 86' lang='lat' dir='ltr'><strong>imperatoris,</strong></span> <span class='ocrx_word' id='word_1_112' title='bbox 1213 1750 1334 1805; x_wconf 84' lang='lat' dir='ltr'><strong>quae</strong></span> <span class='ocrx_word' id='word_1_113' title='bbox 1366 1752 1429 1791; x_wconf 93' lang='lat' dir='ltr'><strong>ex</strong></span> <span class='ocrx_word' id='word_1_114' title='bbox 1486 1738 1671 1793; x_wconf 87' lang='lat' dir='ltr'><strong>Sicilia</strong></span> <span class='ocrx_word' id='word_1_115' title='bbox 1718 1739 1991 1796; x_wconf 90' lang='lat' dir='ltr'><strong>frumento</strong></span> 
     </span>
    </p>
   </div>
   <div class='ocr_carea' id='block_1_19' title="bbox 2109 537 3678 608">
    <p class='ocr_par' dir='ltr' id='par_1_19' title="bbox 2109 537 3678 608">
     <span class='ocr_line' id='line_1_19' title="bbox 2109 537 3678 608; baseline 0.001 -16"><span class='ocrx_word' id='word_1_116' title='bbox 2109 556 2273 608; x_wconf 85' lang='lat' dir='ltr'><strong>gere:</strong></span> <span class='ocrx_word' id='word_1_117' title='bbox 2304 541 2549 594; x_wconf 84' lang='lat' dir='ltr'><strong>referens</strong></span> <span class='ocrx_word' id='word_1_118' title='bbox 2567 537 2922 602; x_wconf 84' lang='lat' dir='ltr'><strong>Perensibus,</strong></span> <span class='ocrx_word' id='word_1_119' title='bbox 2957 540 3233 608; x_wconf 85' lang='lat' dir='ltr'><strong>quoniam,</strong></span> <span class='ocrx_word' id='word_1_120' title='bbox 3276 539 3355 595; x_wconf 86' lang='lat' dir='ltr'><strong>uti</strong></span> <span class='ocrx_word' id='word_1_121' title='bbox 3409 541 3678 603; x_wconf 77' lang='lat' dir='ltr'><strong>dixerant,</strong></span> 
     </span>
    </p>
   </div>
   <div class='ocr_carea' id='block_1_20' title="bbox 2104 633 3679 705">
    <p class='ocr_par' dir='ltr' id='par_1_20' title="bbox 2104 633 3679 705">
     <span class='ocr_line' id='line_1_20' title="bbox 2104 633 3679 705; baseline -0.003 -17"><span class='ocrx_word' id='word_1_122' title='bbox 2104 637 2403 705; x_wconf 85' lang='lat' dir='ltr'><strong>piratarum</strong></span> <span class='ocrx_word' id='word_1_123' title='bbox 2430 648 2608 697; x_wconf 82' lang='lat' dir='ltr'><strong>erant,</strong></span> <span class='ocrx_word' id='word_1_124' title='bbox 2637 650 2774 703; x_wconf 89' lang='lat' dir='ltr'><strong>quos</strong></span> <span class='ocrx_word' id='word_1_125' title='bbox 2807 634 3109 703; x_wconf 80' lang='lat' dir='ltr'><strong>imperator</strong></span> <span class='ocrx_word' id='word_1_126' title='bbox 3142 633 3505 695; x_wconf 82' lang='lat' dir='ltr'><strong>conduxerat,</strong></span> <span class='ocrx_word' id='word_1_127' title='bbox 3546 643 3679 686; x_wconf 84' lang='lat' dir='ltr'><strong>con-</strong></span> 
     </span>
    </p>
   </div>
   <div class='ocr_carea' id='block_1_21' title="bbox 2103 727 3681 798">
    <p class='ocr_par' dir='ltr' id='par_1_21' title="bbox 2103 727 3681 798">
     <span class='ocr_line' id='line_1_21' title="bbox 2103 727 3681 798; baseline 0 -16"><span class='ocrx_word' id='word_1_128' title='bbox 2103 740 2186 782; x_wconf 89' lang='lat' dir='ltr'><strong>tra</strong></span> <span class='ocrx_word' id='word_1_129' title='bbox 2212 745 2304 783; x_wconf 86' lang='lat' dir='ltr'><strong>cas</strong></span> <span class='ocrx_word' id='word_1_130' title='bbox 2331 744 2492 798; x_wconf 73' lang='lat' dir='ltr'><strong>agere</strong></span> <span class='ocrx_word' id='word_1_131' title='bbox 2516 729 2670 789; x_wconf 80' lang='lat' dir='ltr'><strong>velle,</strong></span> <span class='ocrx_word' id='word_1_132' title='bbox 2691 742 2812 796; x_wconf 74' lang='lat' dir='ltr'><strong>quae</strong></span> <span class='ocrx_word' id='word_1_133' title='bbox 2840 727 3187 780; x_wconf 86' lang='lat' dir='ltr'><strong>inimicorum</strong></span> <span class='ocrx_word' id='word_1_134' title='bbox 3213 740 3436 781; x_wconf 88' lang='lat' dir='ltr'><strong>suorum</strong></span> <span class='ocrx_word' id='word_1_135' title='bbox 3475 734 3681 782; x_wconf 74' lang='lat' dir='ltr'><strong>essent.</strong></span> 
     </span>
    </p>
   </div>
   <div class='ocr_carea' id='block_1_22' title="bbox 2103 818 3681 890">
    <p class='ocr_par' dir='ltr' id='par_1_22' title="bbox 2103 818 3681 890">
     <span class='ocr_line' id='line_1_22' title="bbox 2103 818 3681 890; baseline -0.001 -15"><span class='ocrx_word' id='word_1_136' title='bbox 2103 822 2291 890; x_wconf 83' lang='lat' dir='ltr'><strong>Itaque</strong></span> <span class='ocrx_word' id='word_1_137' title='bbox 2326 822 2543 886; x_wconf 83' lang='lat' dir='ltr'><strong>artifex,</strong></span> <span class='ocrx_word' id='word_1_138' title='bbox 2567 821 2657 875; x_wconf 80' lang='lat' dir='ltr'><strong>cui</strong></span> <span class='ocrx_word' id='word_1_139' title='bbox 2688 818 2925 889; x_wconf 75' lang='lat' dir='ltr'><strong>provisio</strong></span> <span class='ocrx_word' id='word_1_140' title='bbox 2985 823 3178 888; x_wconf 78' lang='lat' dir='ltr'><strong>negata</strong></span> <span class='ocrx_word' id='word_1_141' title='bbox 3210 819 3330 881; x_wconf 86' lang='lat' dir='ltr'><strong>fuit,</strong></span> <span class='ocrx_word' id='word_1_142' title='bbox 3364 830 3431 874; x_wconf 80' lang='lat' dir='ltr'><strong>ex</strong></span> <span class='ocrx_word' id='word_1_143' title='bbox 3478 820 3681 874; x_wconf 68' lang='lat' dir='ltr'><strong>uestris</strong></span> 
     </span>
    </p>
   </div>
   <div class='ocr_carea' id='block_1_23' title="bbox 2102 911 3681 982">
    <p class='ocr_par' dir='ltr' id='par_1_23' title="bbox 2102 911 3681 982">
     <span class='ocr_line' id='line_1_23' title="bbox 2102 911 3681 982; baseline -0.001 -14"><span class='ocrx_word' id='word_1_144' title='bbox 2102 916 2167 968; x_wconf 82' lang='lat' dir='ltr'><strong>ad</strong></span> <span class='ocrx_word' id='word_1_145' title='bbox 2200 912 2443 969; x_wconf 84' lang='lat' dir='ltr'><strong>Teucros</strong></span> <span class='ocrx_word' id='word_1_146' title='bbox 2482 912 2761 974; x_wconf 73' lang='lat' dir='ltr'><strong>redactus,</strong></span> <span class='ocrx_word' id='word_1_147' title='bbox 2793 924 3003 982; x_wconf 86' lang='lat' dir='ltr'><strong>quanto</strong></span> <span class='ocrx_word' id='word_1_148' title='bbox 3035 912 3255 981; x_wconf 86' lang='lat' dir='ltr'><strong>ingenio</strong></span> <span class='ocrx_word' id='word_1_149' title='bbox 3282 911 3478 981; x_wconf 84' lang='lat' dir='ltr'><strong>potuit,</strong></span> <span class='ocrx_word' id='word_1_150' title='bbox 3516 920 3681 967; x_wconf 86' lang='lat' dir='ltr'><strong>naves</strong></span> 
     </span>
    </p>
   </div>
   <div class='ocr_carea' id='block_1_24' title="bbox 2100 1002 3678 1075">
    <p class='ocr_par' dir='ltr' id='par_1_24' title="bbox 2100 1002 3678 1075">
     <span class='ocr_line' id='line_1_24' title="bbox 2100 1002 3678 1075; baseline -0.001 -16"><span class='ocrx_word' id='word_1_151' title='bbox 2100 1005 2351 1075; x_wconf 85' lang='lat' dir='ltr'><strong>frangere</strong></span> <span class='ocrx_word' id='word_1_152' title='bbox 2381 1005 2633 1059; x_wconf 80' lang='lat' dir='ltr'><strong>studuit:</strong></span> <span class='ocrx_word' id='word_1_153' title='bbox 2677 1005 2974 1075; x_wconf 81' lang='lat' dir='ltr'><strong>nesciaque</strong></span> <span class='ocrx_word' id='word_1_154' title='bbox 3036 1020 3147 1074; x_wconf 89' lang='lat' dir='ltr'><strong>quo</strong></span> <span class='ocrx_word' id='word_1_155' title='bbox 3219 1004 3331 1058; x_wconf 85' lang='lat' dir='ltr'><strong>fato</strong></span> <span class='ocrx_word' id='word_1_156' title='bbox 3401 1002 3678 1057; x_wconf 76' lang='lat' dir='ltr'><strong>resultans</strong></span> 
     </span>
    </p>
   </div>
   <div class='ocr_carea' id='block_1_25' title="bbox 2099 1095 3680 1166">
    <p class='ocr_par' dir='ltr' id='par_1_25' title="bbox 2099 1095 3680 1166">
     <span class='ocr_line' id='line_1_25' title="bbox 2099 1095 3680 1166; baseline -0.003 -13"><span class='ocrx_word' id='word_1_157' title='bbox 2099 1097 2415 1153; x_wconf 74' lang='lat' dir='ltr'><strong>bombardae</strong></span> <span class='ocrx_word' id='word_1_158' title='bbox 2446 1113 2475 1150; x_wconf 91' lang='lat' dir='ltr'><strong>a</strong></span> <span class='ocrx_word' id='word_1_159' title='bbox 2511 1098 2653 1151; x_wconf 87' lang='lat' dir='ltr'><strong>colle</strong></span> <span class='ocrx_word' id='word_1_160' title='bbox 2686 1097 2847 1166; x_wconf 87' lang='lat' dir='ltr'><strong>lapis.</strong></span> <span class='ocrx_word' id='word_1_161' title='bbox 2907 1097 3245 1152; x_wconf 80' lang='lat' dir='ltr'><strong>centurionis</strong></span> <span class='ocrx_word' id='word_1_162' title='bbox 3283 1108 3497 1159; x_wconf 71' lang='lat' dir='ltr'><strong>narem,</strong></span> <span class='ocrx_word' id='word_1_163' title='bbox 3539 1095 3680 1149; x_wconf 90' lang='lat' dir='ltr'><strong>forte</strong></span> 
     </span>
    </p>
   </div>
   <div class='ocr_carea' id='block_1_26' title="bbox 2098 1186 3679 1260">
    <p class='ocr_par' dir='ltr' id='par_1_26' title="bbox 2098 1186 3679 1260">
     <span class='ocr_line' id='line_1_26' title="bbox 2098 1186 3679 1260; baseline -0.003 -17"><span class='ocrx_word' id='word_1_164' title='bbox 2098 1194 2169 1244; x_wconf 86' lang='lat' dir='ltr'><strong>ob</strong></span> <span class='ocrx_word' id='word_1_165' title='bbox 2200 1190 2430 1254; x_wconf 88' lang='lat' dir='ltr'><strong>crimen,</strong></span> <span class='ocrx_word' id='word_1_166' title='bbox 2458 1205 2566 1244; x_wconf 93' lang='lat' dir='ltr'><strong>uno</strong></span> <span class='ocrx_word' id='word_1_167' title='bbox 2598 1189 2706 1243; x_wconf 86' lang='lat' dir='ltr'><strong>ictu</strong></span> <span class='ocrx_word' id='word_1_168' title='bbox 2735 1189 2992 1244; x_wconf 83' lang='lat' dir='ltr'><strong>confodit</strong></span> <span class='ocrx_word' id='word_1_169' title='bbox 3023 1206 3037 1245; x_wconf 89' lang='lat'><strong>:</strong></span> <span class='ocrx_word' id='word_1_170' title='bbox 3071 1204 3195 1260; x_wconf 60' lang='lat' dir='ltr'><strong>qua:</strong></span> <span class='ocrx_word' id='word_1_171' title='bbox 3232 1186 3505 1258; x_wconf 81' lang='lat' dir='ltr'><strong>extemplo</strong></span> <span class='ocrx_word' id='word_1_172' title='bbox 3534 1202 3679 1242; x_wconf 87' lang='lat' dir='ltr'><strong>mer-</strong></span> 
     </span>
    </p>
   </div>
   <div class='ocr_carea' id='block_1_27' title="bbox 2097 1281 3678 1351">
    <p class='ocr_par' dir='ltr' id='par_1_27' title="bbox 2097 1281 3678 1351">
     <span class='ocr_line' id='line_1_27' title="bbox 2097 1281 3678 1351; baseline -0.002 -14"><span class='ocrx_word' id='word_1_173' title='bbox 2097 1284 2251 1337; x_wconf 87' lang='lat' dir='ltr'><strong>cibus</strong></span> <span class='ocrx_word' id='word_1_174' title='bbox 2280 1291 2496 1349; x_wconf 90' lang='lat' dir='ltr'><strong>onusta,</strong></span> <span class='ocrx_word' id='word_1_175' title='bbox 2533 1282 2759 1337; x_wconf 88' lang='lat' dir='ltr'><strong>fundum</strong></span> <span class='ocrx_word' id='word_1_176' title='bbox 2785 1296 2958 1337; x_wconf 83' lang='lat' dir='ltr'><strong>mersa</strong></span> <span class='ocrx_word' id='word_1_177' title='bbox 3019 1282 3197 1351; x_wconf 88' lang='lat' dir='ltr'><strong>petiit,</strong></span> <span class='ocrx_word' id='word_1_178' title='bbox 3225 1281 3519 1335; x_wconf 76' lang='lat' dir='ltr'><strong>maximum</strong></span> <span class='ocrx_word' id='word_1_179' title='bbox 3564 1281 3678 1334; x_wconf 85' lang='lat' dir='ltr'><strong>dis-</strong></span> 
     </span>
    </p>
   </div>
   <div class='ocr_carea' id='block_1_28' title="bbox 2097 1372 3676 1444">
    <p class='ocr_par' dir='ltr' id='par_1_28' title="bbox 2097 1372 3676 1444">
     <span class='ocr_line' id='line_1_28' title="bbox 2097 1372 3676 1444; baseline -0.004 -13"><span class='ocrx_word' id='word_1_180' title='bbox 2097 1374 2305 1431; x_wconf 84' lang='lat' dir='ltr'><strong>crimen</strong></span> <span class='ocrx_word' id='word_1_181' title='bbox 2361 1376 2579 1444; x_wconf 88' lang='lat' dir='ltr'><strong>quidem</strong></span> <span class='ocrx_word' id='word_1_182' title='bbox 2640 1372 2904 1429; x_wconf 73' lang='lat' dir='ltr'><strong>inferens.</strong></span> <span class='ocrx_word' id='word_1_183' title='bbox 2960 1372 3083 1439; x_wconf 86' lang='lat' dir='ltr'><strong>Quo</strong></span> <span class='ocrx_word' id='word_1_184' title='bbox 3123 1388 3253 1429; x_wconf 90' lang='lat' dir='ltr'><strong>casu</strong></span> <span class='ocrx_word' id='word_1_185' title='bbox 3323 1372 3546 1440; x_wconf 74' lang='lat' dir='ltr'><strong>reliqua:</strong></span> <span class='ocrx_word' id='word_1_186' title='bbox 3609 1387 3676 1425; x_wconf 88' lang='lat' dir='ltr'><strong>ne</strong></span> 
     </span>
    </p>
   </div>
   <div class='ocr_carea' id='block_1_29' title="bbox 2096 1462 3675 1534">
    <p class='ocr_par' dir='ltr' id='par_1_29' title="bbox 2096 1462 3675 1534">
     <span class='ocr_line' id='line_1_29' title="bbox 2096 1462 3675 1534; baseline -0.003 -13"><span class='ocrx_word' id='word_1_187' title='bbox 2096 1466 2514 1534; x_wconf 87' lang='lat' dir='ltr'><strong>confringantur</strong></span> <span class='ocrx_word' id='word_1_188' title='bbox 2537 1481 2693 1520; x_wconf 91' lang='lat' dir='ltr'><strong>muro</strong></span> <span class='ocrx_word' id='word_1_189' title='bbox 2713 1464 2917 1520; x_wconf 67' lang='lat' dir='ltr'><strong>Galate:</strong></span> <span class='ocrx_word' id='word_1_190' title='bbox 2942 1474 3199 1534; x_wconf 66' lang='lat' dir='ltr'><strong>protecta:</strong></span> <span class='ocrx_word' id='word_1_191' title='bbox 3221 1463 3449 1518; x_wconf 77' lang='lat' dir='ltr'><strong>luerent.</strong></span> <span class='ocrx_word' id='word_1_192' title='bbox 3476 1462 3643 1516; x_wconf 77' lang='lat' dir='ltr'><strong>Mirati</strong></span> <span class='ocrx_word' id='word_1_193' title='bbox 3660 1490 3675 1501; x_wconf 87' lang='lat'><strong>-</strong></span> 
     </span>
    </p>
   </div>
   <div class='ocr_carea' id='block_1_30' title="bbox 2090 1556 3672 1633">
    <p class='ocr_par' dir='ltr' id='par_1_30' title="bbox 2090 1556 3672 1633">
     <span class='ocr_line' id='line_1_30' title="bbox 2090 1556 3672 1633; baseline -0.005 -20"><span class='ocrx_word' id='word_1_194' title='bbox 2090 1559 2453 1633; x_wconf 9' lang='lat' dir='ltr'><strong>rdumquidem</strong></span> <span class='ocrx_word' id='word_1_195' title='bbox 2484 1557 2875 1625; x_wconf 73' lang='lat' dir='ltr'><strong>Deijudieium,</strong></span> <span class='ocrx_word' id='word_1_196' title='bbox 2908 1567 2968 1611; x_wconf 91' lang='lat' dir='ltr'><strong>ut</strong></span> <span class='ocrx_word' id='word_1_197' title='bbox 3001 1556 3257 1611; x_wconf 87' lang='lat' dir='ltr'><strong>immissis</strong></span> <span class='ocrx_word' id='word_1_198' title='bbox 3278 1556 3672 1625; x_wconf 78' lang='lat' dir='ltr'><strong>quinquaginta</strong></span> 
     </span>
    </p>
   </div>
   <div class='ocr_carea' id='block_1_31' title="bbox 2095 1646 3676 1720">
    <p class='ocr_par' dir='ltr' id='par_1_31' title="bbox 2095 1646 3676 1720">
     <span class='ocr_line' id='line_1_31' title="bbox 2095 1646 3676 1720; baseline -0.004 -15"><span class='ocrx_word' id='word_1_199' title='bbox 2095 1663 2150 1705; x_wconf 89' lang='lat' dir='ltr'><strong>ct</strong></span> <span class='ocrx_word' id='word_1_200' title='bbox 2174 1657 2393 1705; x_wconf 88' lang='lat' dir='ltr'><strong>centum</strong></span> <span class='ocrx_word' id='word_1_201' title='bbox 2431 1665 2597 1720; x_wconf 89' lang='lat' dir='ltr'><strong>prope</strong></span> <span class='ocrx_word' id='word_1_202' title='bbox 2630 1648 2923 1718; x_wconf 88' lang='lat' dir='ltr'><strong>lapidibus,</strong></span> <span class='ocrx_word' id='word_1_203' title='bbox 2955 1648 3152 1718; x_wconf 85' lang='lat' dir='ltr'><strong>quibus</strong></span> <span class='ocrx_word' id='word_1_204' title='bbox 3180 1646 3467 1716; x_wconf 71' lang='lat' dir='ltr'><strong>perforatae</strong></span> <span class='ocrx_word' id='word_1_205' title='bbox 3496 1648 3676 1699; x_wconf 79' lang='lat' dir='ltr'><strong>multa:</strong></span> 
     </span>
    </p>
   </div>
   <div class='ocr_carea' id='block_1_32' title="bbox 2095 1739 3669 1811">
    <p class='ocr_par' dir='ltr' id='par_1_32' title="bbox 2095 1739 3669 1811">
     <span class='ocr_line' id='line_1_32' title="bbox 2095 1739 3669 1811; baseline -0.003 -16"><span class='ocrx_word' id='word_1_206' title='bbox 2095 1741 2298 1795; x_wconf 73' lang='lat' dir='ltr'><strong>Galatze</strong></span> <span class='ocrx_word' id='word_1_207' title='bbox 2327 1743 2546 1805; x_wconf 85' lang='lat' dir='ltr'><strong>domus,</strong></span> <span class='ocrx_word' id='word_1_208' title='bbox 2570 1742 2714 1794; x_wconf 90' lang='lat' dir='ltr'><strong>inter</strong></span> <span class='ocrx_word' id='word_1_209' title='bbox 2748 1740 2973 1811; x_wconf 73' lang='lat' dir='ltr'><strong>triginta</strong></span> <span class='ocrx_word' id='word_1_210' title='bbox 3000 1740 3260 1794; x_wconf 85' lang='lat' dir='ltr'><strong>mulieres</strong></span> <span class='ocrx_word' id='word_1_211' title='bbox 3286 1739 3669 1807; x_wconf 59' lang='lat' dir='ltr'><strong>conglolaatas,</strong></span> 
     </span>
    </p>
   </div>
   <div class='ocr_carea' id='block_1_33' title="bbox 414 1804 3278 1901">
    <p class='ocr_par' dir='ltr' id='par_1_33' title="bbox 414 1804 3278 1901">
     <span class='ocr_line' id='line_1_33' title="bbox 414 1804 3278 1901; baseline 0.005 -31"><span class='ocrx_word' id='word_1_212' title='bbox 414 1831 608 1875; x_wconf 81' lang='lat' dir='ltr'><strong>onusta</strong></span> <span class='ocrx_word' id='word_1_213' title='bbox 638 1823 957 1893; x_wconf 75' lang='lat' dir='ltr'><strong>advenerat,</strong></span> <span class='ocrx_word' id='word_1_214' title='bbox 978 1828 1231 1882; x_wconf 86' lang='lat' dir='ltr'><strong>comitem</strong></span> <span class='ocrx_word' id='word_1_215' title='bbox 1260 1830 1530 1887; x_wconf 84' lang='lat' dir='ltr'><strong>ducebant</strong></span> <span class='ocrx_word' id='word_1_216' title='bbox 1558 1850 1572 1886; x_wconf 90' lang='lat'>:</span> <span class='ocrx_word' id='word_1_217' title='bbox 1608 1848 1746 1901; x_wconf 87' lang='lat' dir='ltr'><strong>quas</strong></span> <span class='ocrx_word' id='word_1_218' title='bbox 1770 1841 1829 1887; x_wconf 93' lang='lat' dir='ltr'><strong>ut</strong></span> <span class='ocrx_word' id='word_1_219' title='bbox 1864 1847 1989 1889; x_wconf 86' lang='lat' dir='ltr'><strong>mox</strong></span> <span class='ocrx_word' id='word_1_220' title='bbox 2026 1804 2066 1863; x_wconf 68' lang='grc'>⁸</span> <span class='ocrx_word' id='word_1_221' title='bbox 2096 1849 2203 1888; x_wconf 89' lang='lat' dir='ltr'><strong>una</strong></span> <span class='ocrx_word' id='word_1_222' title='bbox 2227 1834 2343 1889; x_wconf 88' lang='lat' dir='ltr'><strong>sola</strong></span> <span class='ocrx_word' id='word_1_223' title='bbox 2372 1836 2589 1900; x_wconf 78' lang='lat' dir='ltr'><strong>optima:</strong></span> <span class='ocrx_word' id='word_1_224' title='bbox 2622 1832 2776 1887; x_wconf 69' lang='lat' dir='ltr'><strong>lamin</strong></span> <span class='ocrx_word' id='word_1_225' title='bbox 2800 1833 3120 1899; x_wconf 83' lang='lat' dir='ltr'><strong>interempta</strong></span> <span class='ocrx_word' id='word_1_226' title='bbox 3157 1832 3278 1884; x_wconf 85' lang='lat' dir='ltr'><strong>fuit.</strong></span> 
     </span>
    </p>
   </div>
   <div class='ocr_carea' id='block_1_34' title="bbox 414 1913 1995 1996">
    <p class='ocr_par' dir='ltr' id='par_1_34' title="bbox 414 1913 1995 1996">
     <span class='ocr_line' id='line_1_34' title="bbox 414 1913 1995 1996; baseline 0.011 -30"><span class='ocrx_word' id='word_1_227' title='bbox 414 1913 624 1970; x_wconf 83' lang='lat' dir='ltr'><strong>vicinas</strong></span> <span class='ocrx_word' id='word_1_228' title='bbox 652 1916 771 1970; x_wconf 86' lang='lat' dir='ltr'><strong>urbi</strong></span> <span class='ocrx_word' id='word_1_229' title='bbox 807 1917 1019 1985; x_wconf 86' lang='lat' dir='ltr'><strong>classis,</strong></span> <span class='ocrx_word' id='word_1_230' title='bbox 1041 1936 1164 1989; x_wconf 72' lang='lat' dir='ltr'><strong>quae</strong></span> <span class='ocrx_word' id='word_1_231' title='bbox 1182 1923 1505 1986; x_wconf 83' lang='lat' dir='ltr'><strong>excubabat,</strong></span> <span class='ocrx_word' id='word_1_232' title='bbox 1530 1926 1805 1996; x_wconf 83' lang='lat' dir='ltr'><strong>applicare</strong></span> <span class='ocrx_word' id='word_1_233' title='bbox 1824 1928 1995 1983; x_wconf 84' lang='lat' dir='ltr'><strong>vidis-</strong></span> 
     </span>
    </p>
   </div>
   <div class='ocr_carea' id='block_1_35' title="bbox 416 2010 1997 2091">
    <p class='ocr_par' dir='ltr' id='par_1_35' title="bbox 416 2010 1997 2091">
     <span class='ocr_line' id='line_1_35' title="bbox 416 2010 1997 2091; baseline 0.009 -32"><span class='ocrx_word' id='word_1_234' title='bbox 416 2017 498 2060; x_wconf 89' lang='lat' dir='ltr'><strong>set</strong></span> <span class='ocrx_word' id='word_1_235' title='bbox 536 2026 548 2061; x_wconf 92' lang='lat'>:</span> <span class='ocrx_word' id='word_1_236' title='bbox 585 2010 795 2064; x_wconf 90' lang='lat' dir='ltr'><strong>concite</strong></span> <span class='ocrx_word' id='word_1_237' title='bbox 828 2014 1197 2081; x_wconf 89' lang='lat' dir='ltr'><strong>strepentibus</strong></span> <span class='ocrx_word' id='word_1_238' title='bbox 1251 2018 1543 2085; x_wconf 78' lang='lat' dir='ltr'><strong>tympanis,</strong></span> <span class='ocrx_word' id='word_1_239' title='bbox 1606 2019 1860 2091; x_wconf 84' lang='lat' dir='ltr'><strong>tultisque</strong></span> <span class='ocrx_word' id='word_1_240' title='bbox 1908 2037 1997 2077; x_wconf 68' lang='grc' dir='ltr'><strong>εοι</strong></span> 
     </span>
    </p>
   </div>
   <div class='ocr_carea' id='block_1_36' title="bbox 418 2101 1997 2184">
    <p class='ocr_par' dir='ltr' id='par_1_36' title="bbox 418 2101 1997 2184">
     <span class='ocr_line' id='line_1_36' title="bbox 418 2101 1997 2184; baseline 0.011 -33"><span class='ocrx_word' id='word_1_241' title='bbox 418 2101 697 2164; x_wconf 77' lang='lat' dir='ltr'><strong>nantibus,</strong></span> <span class='ocrx_word' id='word_1_242' title='bbox 732 2104 1064 2159; x_wconf 86' lang='lat' dir='ltr'><strong>intuentibus</strong></span> <span class='ocrx_word' id='word_1_243' title='bbox 1098 2109 1251 2161; x_wconf 88' lang='lat' dir='ltr'><strong>nobis</strong></span> <span class='ocrx_word' id='word_1_244' title='bbox 1282 2108 1525 2173; x_wconf 79' lang='lat' dir='ltr'><strong>obva-lit,</strong></span> <span class='ocrx_word' id='word_1_245' title='bbox 1578 2111 1792 2180; x_wconf 81' lang='lat' dir='ltr'><strong>fingens</strong></span> <span class='ocrx_word' id='word_1_246' title='bbox 1826 2112 1997 2184; x_wconf 88' lang='lat' dir='ltr'><strong>impe-</strong></span> 
     </span>
    </p>
   </div>
   <div class='ocr_carea' id='block_1_37' title="bbox 418 2194 1996 2267">
    <p class='ocr_par' dir='ltr' id='par_1_37' title="bbox 418 2194 1996 2267">
     <span class='ocr_line' id='line_1_37' title="bbox 418 2194 1996 2267; baseline 0.012 -23"><span class='ocrx_word' id='word_1_247' title='bbox 418 2194 612 2247; x_wconf 86' lang='lat' dir='ltr'><strong>ratoris</strong></span> <span class='ocrx_word' id='word_1_248' title='bbox 641 2210 831 2248; x_wconf 79' lang='lat' dir='ltr'><strong>navem</strong></span> <span class='ocrx_word' id='word_1_249' title='bbox 864 2210 1178 2267; x_wconf 89' lang='lat' dir='ltr'><strong>expugnare</strong></span> <span class='ocrx_word' id='word_1_250' title='bbox 1228 2200 1387 2257; x_wconf 84' lang='lat' dir='ltr'><strong>velle.</strong></span> <span class='ocrx_word' id='word_1_251' title='bbox 1435 2200 1775 2259; x_wconf 89' lang='lat' dir='ltr'><strong>Teucrorum</strong></span> <span class='ocrx_word' id='word_1_252' title='bbox 1803 2216 1896 2262; x_wconf 87' lang='lat' dir='ltr'><strong>rex</strong></span> <span class='ocrx_word' id='word_1_253' title='bbox 1928 2224 1996 2263; x_wconf 89' lang='lat' dir='ltr'><strong>ex</strong></span> 
     </span>
    </p>
   </div>
   <div class='ocr_carea' id='block_1_38' title="bbox 416 2287 1997 2369">
    <p class='ocr_par' dir='ltr' id='par_1_38' title="bbox 416 2287 1997 2369">
     <span class='ocr_line' id='line_1_38' title="bbox 416 2287 1997 2369; baseline 0.011 -30"><span class='ocrx_word' id='word_1_254' title='bbox 416 2287 555 2340; x_wconf 86' lang='lat' dir='ltr'><strong>colle</strong></span> <span class='ocrx_word' id='word_1_255' title='bbox 576 2287 823 2352; x_wconf 81' lang='lat' dir='ltr'><strong>Perensi,</strong></span> <span class='ocrx_word' id='word_1_256' title='bbox 878 2288 1114 2346; x_wconf 71' lang='lat' dir='ltr'><strong>fortunae</strong></span> <span class='ocrx_word' id='word_1_257' title='bbox 1163 2304 1492 2363; x_wconf 78' lang='lat' dir='ltr'><strong>exspectans</strong></span> <span class='ocrx_word' id='word_1_258' title='bbox 1545 2310 1827 2362; x_wconf 88' lang='lat' dir='ltr'><strong>eventum,</strong></span> <span class='ocrx_word' id='word_1_259' title='bbox 1872 2316 1997 2369; x_wconf 83' lang='lat' dir='ltr'><strong>pro-</strong></span> 
     </span>
    </p>
   </div>
   <div class='ocr_carea' id='block_1_39' title="bbox 416 2379 1998 2461">
    <p class='ocr_par' dir='ltr' id='par_1_39' title="bbox 416 2379 1998 2461">
     <span class='ocr_line' id='line_1_39' title="bbox 416 2379 1998 2461; baseline 0.009 -28"><span class='ocrx_word' id='word_1_260' title='bbox 416 2381 599 2449; x_wconf 88' lang='lat' dir='ltr'><strong>spicit.</strong></span> <span class='ocrx_word' id='word_1_261' title='bbox 632 2379 794 2436; x_wconf 86' lang='lat' dir='ltr'><strong>Fiunt</strong></span> <span class='ocrx_word' id='word_1_262' title='bbox 821 2392 950 2437; x_wconf 91' lang='lat' dir='ltr'><strong>tunc</strong></span> <span class='ocrx_word' id='word_1_263' title='bbox 977 2384 1117 2440; x_wconf 89' lang='lat' dir='ltr'><strong>celsi</strong></span> <span class='ocrx_word' id='word_1_264' title='bbox 1145 2386 1445 2454; x_wconf 86' lang='lat' dir='ltr'><strong>clamores;</strong></span> <span class='ocrx_word' id='word_1_265' title='bbox 1483 2390 1736 2446; x_wconf 85' lang='lat' dir='ltr'><strong>triremes</strong></span> <span class='ocrx_word' id='word_1_266' title='bbox 1763 2392 1998 2461; x_wconf 79' lang='lat' dir='ltr'><strong>majores</strong></span> 
     </span>
    </p>
   </div>
   <div class='ocr_carea' id='block_1_40' title="bbox 418 2473 1998 2551">
    <p class='ocr_par' dir='ltr' id='par_1_40' title="bbox 418 2473 1998 2551">
     <span class='ocr_line' id='line_1_40' title="bbox 418 2473 1998 2551; baseline 0.008 -26"><span class='ocrx_word' id='word_1_267' title='bbox 418 2473 650 2527; x_wconf 85' lang='lat' dir='ltr'><strong>navibus</strong></span> <span class='ocrx_word' id='word_1_268' title='bbox 673 2473 898 2541; x_wconf 73' lang='lat' dir='ltr'><strong>luerent;</strong></span> <span class='ocrx_word' id='word_1_269' title='bbox 927 2478 1510 2548; x_wconf 86' lang='lat' dir='ltr'><strong>tentantimperialem,</strong></span> <span class='ocrx_word' id='word_1_270' title='bbox 1558 2490 1613 2536; x_wconf 92' lang='lat' dir='ltr'><strong>et</strong></span> <span class='ocrx_word' id='word_1_271' title='bbox 1652 2491 1998 2551; x_wconf 79' lang='lat' dir='ltr'><strong>protectama</strong></span> 
     </span>
    </p>
   </div>
   <div class='ocr_carea' id='block_1_41' title="bbox 421 2568 1997 2640">
    <p class='ocr_par' dir='ltr' id='par_1_41' title="bbox 421 2568 1997 2640">
     <span class='ocr_line' id='line_1_41' title="bbox 421 2568 1997 2640; baseline 0.006 -19"><span class='ocrx_word' id='word_1_272' title='bbox 421 2568 623 2621; x_wconf 85' lang='lat' dir='ltr'><strong>nostris</strong></span> <span class='ocrx_word' id='word_1_273' title='bbox 647 2568 911 2625; x_wconf 84' lang='lat' dir='ltr'><strong>audacius</strong></span> <span class='ocrx_word' id='word_1_274' title='bbox 935 2570 1196 2628; x_wconf 86' lang='lat' dir='ltr'><strong>invadunt</strong></span> <span class='ocrx_word' id='word_1_275' title='bbox 1223 2589 1239 2639; x_wconf 90' lang='lat'><strong>;</strong></span> <span class='ocrx_word' id='word_1_276' title='bbox 1260 2583 1535 2629; x_wconf 89' lang='lat' dir='ltr'><strong>certamen</strong></span> <span class='ocrx_word' id='word_1_277' title='bbox 1558 2576 1749 2630; x_wconf 91' lang='lat' dir='ltr'><strong>ineunt</strong></span> <span class='ocrx_word' id='word_1_278' title='bbox 1775 2594 1789 2640; x_wconf 89' lang='lat'><strong>;</strong></span> <span class='ocrx_word' id='word_1_279' title='bbox 1815 2576 1997 2632; x_wconf 84' lang='lat' dir='ltr'><strong>locum</strong></span> 
     </span>
    </p>
   </div>
   <div class='ocr_carea' id='block_1_42' title="bbox 421 2662 1999 2741">
    <p class='ocr_par' dir='ltr' id='par_1_42' title="bbox 421 2662 1999 2741">
     <span class='ocr_line' id='line_1_42' title="bbox 421 2662 1999 2741; baseline 0.007 -30"><span class='ocrx_word' id='word_1_280' title='bbox 421 2662 693 2718; x_wconf 85' lang='lat' dir='ltr'><strong>machinis</strong></span> <span class='ocrx_word' id='word_1_281' title='bbox 711 2662 970 2718; x_wconf 84' lang='lat' dir='ltr'><strong>adhibent</strong></span> <span class='ocrx_word' id='word_1_282' title='bbox 992 2682 1006 2729; x_wconf 90' lang='lat'><strong>;</strong></span> <span class='ocrx_word' id='word_1_283' title='bbox 1025 2666 1501 2736; x_wconf 79' lang='lat' dir='ltr'><strong>sagittasjaciunt.</strong></span> <span class='ocrx_word' id='word_1_284' title='bbox 1523 2667 1615 2724; x_wconf 90' lang='lat' dir='ltr'><strong>Sic</strong></span> <span class='ocrx_word' id='word_1_285' title='bbox 1642 2681 1799 2723; x_wconf 80' lang='lat' dir='ltr'><strong>atrox</strong></span> <span class='ocrx_word' id='word_1_286' title='bbox 1821 2685 1999 2741; x_wconf 83' lang='lat' dir='ltr'><strong>pugna</strong></span> 
     </span>
    </p>
   </div>
   <div class='ocr_carea' id='block_1_43' title="bbox 417 2756 2001 2831">
    <p class='ocr_par' dir='ltr' id='par_1_43' title="bbox 417 2756 2001 2831">
     <span class='ocr_line' id='line_1_43' title="bbox 417 2756 2001 2831; baseline 0.006 -25"><span class='ocrx_word' id='word_1_287' title='bbox 417 2756 803 2810; x_wconf 82' lang='lat' dir='ltr'><strong>committitur.</strong></span> <span class='ocrx_word' id='word_1_288' title='bbox 822 2756 1000 2813; x_wconf 77' lang='lat' dir='ltr'><strong>Naves</strong></span> <span class='ocrx_word' id='word_1_289' title='bbox 1018 2756 1270 2811; x_wconf 82' lang='lat' dir='ltr'><strong>Mauritio</strong></span> <span class='ocrx_word' id='word_1_290' title='bbox 1287 2758 1577 2815; x_wconf 82' lang='lat' dir='ltr'><strong>Genuense</strong></span> <span class='ocrx_word' id='word_1_291' title='bbox 1600 2760 1809 2817; x_wconf 82' lang='lat' dir='ltr'><strong>Catane</strong></span> <span class='ocrx_word' id='word_1_292' title='bbox 1823 2760 2001 2831; x_wconf 79' lang='lat' dir='ltr'><strong>impe-</strong></span> 
     </span>
    </p>
   </div>
   <div class='ocr_carea' id='block_1_44' title="bbox 417 2848 2002 2921">
    <p class='ocr_par' dir='ltr' id='par_1_44' title="bbox 417 2848 2002 2921">
     <span class='ocr_line' id='line_1_44' title="bbox 417 2848 2002 2921; baseline 0.006 -21"><span class='ocrx_word' id='word_1_293' title='bbox 417 2856 573 2902; x_wconf 86' lang='lat' dir='ltr'><strong>rante</strong></span> <span class='ocrx_word' id='word_1_294' title='bbox 588 2863 653 2901; x_wconf 90' lang='lat' dir='ltr'><strong>ex</strong></span> <span class='ocrx_word' id='word_1_295' title='bbox 673 2848 898 2903; x_wconf 83' lang='lat' dir='ltr'><strong>adverso</strong></span> <span class='ocrx_word' id='word_1_296' title='bbox 916 2861 1240 2921; x_wconf 72' lang='lat' dir='ltr'><strong>repugnant.</strong></span> <span class='ocrx_word' id='word_1_297' title='bbox 1262 2850 1340 2907; x_wconf 85' lang='lat' dir='ltr'><strong>lbi</strong></span> <span class='ocrx_word' id='word_1_298' title='bbox 1360 2850 1669 2907; x_wconf 85' lang='lat' dir='ltr'><strong>Dominicns</strong></span> <span class='ocrx_word' id='word_1_299' title='bbox 1681 2852 1748 2908; x_wconf 86' lang='lat' dir='ltr'><strong>de</strong></span> <span class='ocrx_word' id='word_1_300' title='bbox 1768 2852 2002 2909; x_wconf 82' lang='lat' dir='ltr'><strong>Novaria</strong></span> 
     </span>
    </p>
   </div>
   <div class='ocr_carea' id='block_1_45' title="bbox 415 2940 2005 3009">
    <p class='ocr_par' dir='ltr' id='par_1_45' title="bbox 415 2940 2005 3009">
     <span class='ocr_line' id='line_1_45' title="bbox 415 2940 2005 3009; baseline 0.006 -17"><span class='ocrx_word' id='word_1_301' title='bbox 415 2951 469 2992; x_wconf 88' lang='lat' dir='ltr'><strong>et</strong></span> <span class='ocrx_word' id='word_1_302' title='bbox 502 2940 739 3009; x_wconf 86' lang='lat' dir='ltr'><strong>Baptista</strong></span> <span class='ocrx_word' id='word_1_303' title='bbox 778 2943 844 2995; x_wconf 88' lang='lat' dir='ltr'><strong>de</strong></span> <span class='ocrx_word' id='word_1_304' title='bbox 864 2941 1188 3007; x_wconf 82' lang='lat' dir='ltr'><strong>Felliczano,</strong></span> <span class='ocrx_word' id='word_1_305' title='bbox 1211 2941 1477 2996; x_wconf 84' lang='lat' dir='ltr'><strong>Balanerii</strong></span> <span class='ocrx_word' id='word_1_306' title='bbox 1514 2949 1727 3009; x_wconf 80' lang='lat' dir='ltr'><strong>patroni</strong></span> <span class='ocrx_word' id='word_1_307' title='bbox 1749 2942 2005 3001; x_wconf 84' lang='lat' dir='ltr'><strong>Genuen-</strong></span> 
     </span>
    </p>
   </div>
   <div class='ocr_carea' id='block_1_46' title="bbox 418 3032 2005 3101">
    <p class='ocr_par' dir='ltr' id='par_1_46' title="bbox 418 3032 2005 3101">
     <span class='ocr_line' id='line_1_46' title="bbox 418 3032 2005 3101; baseline 0.004 -18"><span class='ocrx_word' id='word_1_308' title='bbox 418 3046 511 3086; x_wconf 85' lang='lat' dir='ltr'><strong>ses</strong></span> <span class='ocrx_word' id='word_1_309' title='bbox 533 3032 708 3085; x_wconf 80' lang='lat' dir='ltr'><strong>ardua</strong></span> <span class='ocrx_word' id='word_1_310' title='bbox 732 3046 973 3100; x_wconf 78' lang='lat' dir='ltr'><strong>pugnam</strong></span> <span class='ocrx_word' id='word_1_311' title='bbox 997 3042 1435 3101; x_wconf 87' lang='lat' dir='ltr'><strong>prosequuntur.</strong></span> <span class='ocrx_word' id='word_1_312' title='bbox 1464 3032 1795 3088; x_wconf 80' lang='lat' dir='ltr'><strong>Balistarum</strong></span> <span class='ocrx_word' id='word_1_313' title='bbox 1826 3035 2005 3089; x_wconf 88' lang='lat' dir='ltr'><strong>horri-</strong></span> 
     </span>
    </p>
   </div>
   <div class='ocr_carea' id='block_1_47' title="bbox 427 3123 2002 3193">
    <p class='ocr_par' dir='ltr' id='par_1_47' title="bbox 427 3123 2002 3193">
     <span class='ocr_line' id='line_1_47' title="bbox 427 3123 2002 3193; baseline 0.006 -20"><span class='ocrx_word' id='word_1_314' title='bbox 427 3124 617 3176; x_wconf 90' lang='lat' dir='ltr'><strong>hiliutu</strong></span> <span class='ocrx_word' id='word_1_315' title='bbox 645 3124 877 3177; x_wconf 81' lang='lat' dir='ltr'><strong>missilia</strong></span> <span class='ocrx_word' id='word_1_316' title='bbox 898 3123 1221 3191; x_wconf 74' lang='lat' dir='ltr'><strong>iaciuntur;</strong></span> <span class='ocrx_word' id='word_1_317' title='bbox 1253 3139 1431 3193; x_wconf 86' lang='lat' dir='ltr'><strong>exque</strong></span> <span class='ocrx_word' id='word_1_318' title='bbox 1456 3125 1677 3181; x_wconf 86' lang='lat' dir='ltr'><strong>coronis</strong></span> <span class='ocrx_word' id='word_1_319' title='bbox 1710 3128 2002 3183; x_wconf 84' lang='lat' dir='ltr'><strong>navalibus</strong></span> 
     </span>
    </p>
   </div>
   <div class='ocr_carea' id='block_1_48' title="bbox 421 3214 2002 3289">
    <p class='ocr_par' dir='ltr' id='par_1_48' title="bbox 421 3214 2002 3289">
     <span class='ocr_line' id='line_1_48' title="bbox 421 3214 2002 3289; baseline 0.004 -20"><span class='ocrx_word' id='word_1_320' title='bbox 421 3218 565 3270; x_wconf 85' lang='lat' dir='ltr'><strong>intra</strong></span> <span class='ocrx_word' id='word_1_321' title='bbox 592 3214 931 3271; x_wconf 86' lang='lat' dir='ltr'><strong>Teucrorum</strong></span> <span class='ocrx_word' id='word_1_322' title='bbox 958 3219 1298 3272; x_wconf 70' lang='lat' dir='ltr'><strong>commixtam</strong></span> <span class='ocrx_word' id='word_1_323' title='bbox 1324 3218 1553 3272; x_wconf 88' lang='lat' dir='ltr'><strong>classem</strong></span> <span class='ocrx_word' id='word_1_324' title='bbox 1581 3218 1775 3273; x_wconf 87' lang='lat' dir='ltr'><strong>infiniti</strong></span> <span class='ocrx_word' id='word_1_325' title='bbox 1797 3221 2002 3289; x_wconf 87' lang='lat' dir='ltr'><strong>lapides</strong></span> 
     </span>
    </p>
   </div>
   <div class='ocr_carea' id='block_1_49' title="bbox 419 3305 2000 3381">
    <p class='ocr_par' dir='ltr' id='par_1_49' title="bbox 419 3305 2000 3381">
     <span class='ocr_line' id='line_1_49' title="bbox 419 3305 2000 3381; baseline 0.002 -17"><span class='ocrx_word' id='word_1_326' title='bbox 419 3311 802 3365; x_wconf 86' lang='lat' dir='ltr'><strong>demittuntur.</strong></span> <span class='ocrx_word' id='word_1_327' title='bbox 842 3305 1053 3363; x_wconf 81' lang='lat' dir='ltr'><strong>Tttetur</strong></span> <span class='ocrx_word' id='word_1_328' title='bbox 1085 3326 1144 3364; x_wconf 89' lang='lat' dir='ltr'><strong>se</strong></span> <span class='ocrx_word' id='word_1_329' title='bbox 1179 3313 1398 3379; x_wconf 75' lang='lat' dir='ltr'><strong>egregie</strong></span> <span class='ocrx_word' id='word_1_330' title='bbox 1425 3311 1773 3381; x_wconf 86' lang='lat' dir='ltr'><strong>imperatoris</strong></span> <span class='ocrx_word' id='word_1_331' title='bbox 1802 3314 1955 3367; x_wconf 90' lang='lat' dir='ltr'><strong>navis</strong></span> <span class='ocrx_word' id='word_1_332' title='bbox 1984 3332 2000 3379; x_wconf 88' lang='lat'><strong>;</strong></span> 
     </span>
    </p>
   </div>
   <div class='ocr_carea' id='block_1_50' title="bbox 417 3399 2005 3475">
    <p class='ocr_par' dir='ltr' id='par_1_50' title="bbox 417 3399 2005 3475">
     <span class='ocr_line' id='line_1_50' title="bbox 417 3399 2005 3475; baseline 0.001 -16"><span class='ocrx_word' id='word_1_333' title='bbox 417 3404 692 3459; x_wconf 90' lang='lat' dir='ltr'><strong>succurrit</strong></span> <span class='ocrx_word' id='word_1_334' title='bbox 720 3399 1043 3457; x_wconf 80' lang='lat' dir='ltr'><strong>Flectanella</strong></span> <span class='ocrx_word' id='word_1_335' title='bbox 1072 3410 1375 3473; x_wconf 86' lang='lat' dir='ltr'><strong>patronus;</strong></span> <span class='ocrx_word' id='word_1_336' title='bbox 1424 3405 1735 3460; x_wconf 76' lang='lat' dir='ltr'><strong>bombarda:</strong></span> <span class='ocrx_word' id='word_1_337' title='bbox 1770 3415 2005 3475; x_wconf 88' lang='lat' dir='ltr'><strong>perstre-</strong></span> 
     </span>
    </p>
   </div>
   <div class='ocr_carea' id='block_1_51' title="bbox 417 3494 2003 3567">
    <p class='ocr_par' dir='ltr' id='par_1_51' title="bbox 417 3494 2003 3567">
     <span class='ocr_line' id='line_1_51' title="bbox 417 3494 2003 3567; baseline 0.004 -21"><span class='ocrx_word' id='word_1_338' title='bbox 417 3506 591 3562; x_wconf 85' lang='lat' dir='ltr'><strong>punt;</strong></span> <span class='ocrx_word' id='word_1_339' title='bbox 640 3494 698 3548; x_wconf 87' lang='lat' dir='ltr'><strong>tit</strong></span> <span class='ocrx_word' id='word_1_340' title='bbox 733 3494 973 3549; x_wconf 89' lang='lat' dir='ltr'><strong>ululatus</strong></span> <span class='ocrx_word' id='word_1_341' title='bbox 1004 3496 1054 3548; x_wconf 90' lang='lat' dir='ltr'><strong>in</strong></span> <span class='ocrx_word' id='word_1_342' title='bbox 1091 3495 1292 3549; x_wconf 80' lang='lat' dir='ltr'><strong>ccelum</strong></span> <span class='ocrx_word' id='word_1_343' title='bbox 1320 3512 1334 3560; x_wconf 88' lang='lat'><strong>;</strong></span> <span class='ocrx_word' id='word_1_344' title='bbox 1368 3497 1791 3565; x_wconf 83' lang='lat' dir='ltr'><strong>confringuntur</strong></span> <span class='ocrx_word' id='word_1_345' title='bbox 1823 3498 2003 3567; x_wconf 81' lang='lat' dir='ltr'><strong>galea-</strong></span> 
     </span>
    </p>
   </div>
   <div class='ocr_carea' id='block_1_52' title="bbox 416 3588 1999 3652">
    <p class='ocr_par' dir='ltr' id='par_1_52' title="bbox 416 3588 1999 3652">
     <span class='ocr_line' id='line_1_52' title="bbox 416 3588 1999 3652; baseline 0 -9"><span class='ocrx_word' id='word_1_346' title='bbox 416 3606 537 3643; x_wconf 86' lang='lat' dir='ltr'><strong>rum</strong></span> <span class='ocrx_word' id='word_1_347' title='bbox 569 3589 700 3643; x_wconf 89' lang='lat' dir='ltr'><strong>remi</strong></span> <span class='ocrx_word' id='word_1_348' title='bbox 738 3606 753 3652; x_wconf 86' lang='lat'><strong>;</strong></span> <span class='ocrx_word' id='word_1_349' title='bbox 785 3589 979 3643; x_wconf 85' lang='lat' dir='ltr'><strong>Teucri</strong></span> <span class='ocrx_word' id='word_1_350' title='bbox 1006 3588 1123 3642; x_wconf 87' lang='lat' dir='ltr'><strong>sine</strong></span> <span class='ocrx_word' id='word_1_351' title='bbox 1172 3588 1497 3643; x_wconf 87' lang='lat' dir='ltr'><strong>remissione</strong></span> <span class='ocrx_word' id='word_1_352' title='bbox 1518 3590 1858 3645; x_wconf 89' lang='lat' dir='ltr'><strong>sauciantur.</strong></span> <span class='ocrx_word' id='word_1_353' title='bbox 1888 3588 1999 3645; x_wconf 78' lang='lat' dir='ltr'><strong>Rex</strong></span> 
     </span>
    </p>
   </div>
   <div class='ocr_carea' id='block_1_53' title="bbox 417 3680 2002 3751">
    <p class='ocr_par' dir='ltr' id='par_1_53' title="bbox 417 3680 2002 3751">
     <span class='ocr_line' id='line_1_53' title="bbox 417 3680 2002 3751; baseline 0.001 -19"><span class='ocrx_word' id='word_1_354' title='bbox 417 3683 508 3750; x_wconf 90' lang='lat' dir='ltr'><strong>qni</strong></span> <span class='ocrx_word' id='word_1_355' title='bbox 531 3698 595 3735; x_wconf 75' lang='lat' dir='ltr'><strong>ex</strong></span> <span class='ocrx_word' id='word_1_356' title='bbox 613 3681 750 3735; x_wconf 91' lang='lat' dir='ltr'><strong>colle</strong></span> <span class='ocrx_word' id='word_1_357' title='bbox 772 3680 1172 3750; x_wconf 86' lang='lat' dir='ltr'><strong>circumspicit,</strong></span> <span class='ocrx_word' id='word_1_358' title='bbox 1197 3683 1343 3751; x_wconf 87' lang='lat' dir='ltr'><strong>quod</strong></span> <span class='ocrx_word' id='word_1_359' title='bbox 1369 3682 1563 3736; x_wconf 88' lang='lat' dir='ltr'><strong>classis</strong></span> <span class='ocrx_word' id='word_1_360' title='bbox 1590 3680 1724 3750; x_wconf 89' lang='lat' dir='ltr'><strong>perit</strong></span> <span class='ocrx_word' id='word_1_361' title='bbox 1747 3682 2002 3750; x_wconf 81' lang='lat' dir='ltr'><strong>blasphe-</strong></span> 
     </span>
    </p>
   </div>
   <div class='ocr_carea' id='block_1_54' title="bbox 418 3772 1997 3842">
    <p class='ocr_par' dir='ltr' id='par_1_54' title="bbox 418 3772 1997 3842">
     <span class='ocr_line' id='line_1_54' title="bbox 418 3772 1997 3842; baseline 0 -17"><span class='ocrx_word' id='word_1_362' title='bbox 418 3782 530 3828; x_wconf 85' lang='lat' dir='ltr'><strong>mat</strong></span> <span class='ocrx_word' id='word_1_363' title='bbox 567 3790 581 3835; x_wconf 88' lang='lat'><strong>;</strong></span> <span class='ocrx_word' id='word_1_364' title='bbox 618 3780 773 3842; x_wconf 81' lang='lat' dir='ltr'><strong>urget</strong></span> <span class='ocrx_word' id='word_1_365' title='bbox 817 3787 1018 3839; x_wconf 90' lang='lat' dir='ltr'><strong>equum</strong></span> <span class='ocrx_word' id='word_1_366' title='bbox 1051 3772 1102 3824; x_wconf 92' lang='lat' dir='ltr'><strong>iu</strong></span> <span class='ocrx_word' id='word_1_367' title='bbox 1130 3772 1307 3826; x_wconf 88' lang='lat' dir='ltr'><strong>salum</strong></span> <span class='ocrx_word' id='word_1_368' title='bbox 1334 3790 1347 3838; x_wconf 89' lang='lat'><strong>;</strong></span> <span class='ocrx_word' id='word_1_369' title='bbox 1377 3773 1701 3827; x_wconf 84' lang='lat' dir='ltr'><strong>vestimenta</strong></span> <span class='ocrx_word' id='word_1_370' title='bbox 1754 3790 1877 3827; x_wconf 91' lang='lat' dir='ltr'><strong>cum</strong></span> <span class='ocrx_word' id='word_1_371' title='bbox 1910 3773 1997 3825; x_wconf 94' lang='lat' dir='ltr'><strong>fu-</strong></span> 
     </span>
    </p>
   </div>
   <div class='ocr_carea' id='block_1_55' title="bbox 419 3864 1999 3933">
    <p class='ocr_par' dir='ltr' id='par_1_55' title="bbox 419 3864 1999 3933">
     <span class='ocr_line' id='line_1_55' title="bbox 419 3864 1999 3933; baseline 0.001 -16"><span class='ocrx_word' id='word_1_372' title='bbox 419 3882 540 3919; x_wconf 90' lang='lat' dir='ltr'><strong>rore</strong></span> <span class='ocrx_word' id='word_1_373' title='bbox 570 3866 880 3920; x_wconf 83' lang='lat' dir='ltr'><strong>conscindit</strong></span> <span class='ocrx_word' id='word_1_374' title='bbox 906 3881 919 3929; x_wconf 91' lang='lat'><strong>;</strong></span> <span class='ocrx_word' id='word_1_375' title='bbox 956 3864 1321 3933; x_wconf 89' lang='lat' dir='ltr'><strong>ingemiscuut</strong></span> <span class='ocrx_word' id='word_1_376' title='bbox 1348 3866 1562 3933; x_wconf 83' lang='lat' dir='ltr'><strong>pagani,</strong></span> <span class='ocrx_word' id='word_1_377' title='bbox 1594 3875 1649 3920; x_wconf 93' lang='lat' dir='ltr'><strong>et</strong></span> <span class='ocrx_word' id='word_1_378' title='bbox 1671 3874 1819 3920; x_wconf 85' lang='lat' dir='ltr'><strong>totus</strong></span> <span class='ocrx_word' id='word_1_379' title='bbox 1842 3882 1999 3920; x_wconf 77' lang='lat' dir='ltr'><strong>exer-</strong></span> 
     </span>
    </p>
   </div>
   <div class='ocr_carea' id='block_1_56' title="bbox 417 3956 1997 4023">
    <p class='ocr_par' dir='ltr' id='par_1_56' title="bbox 417 3956 1997 4023">
     <span class='ocr_line' id='line_1_56' title="bbox 417 3956 1997 4023; baseline -0.001 -14"><span class='ocrx_word' id='word_1_380' title='bbox 417 3961 560 4011; x_wconf 88' lang='lat' dir='ltr'><strong>citus</strong></span> <span class='ocrx_word' id='word_1_381' title='bbox 591 3957 902 4011; x_wconf 84' lang='lat' dir='ltr'><strong>alllictatur.</strong></span> <span class='ocrx_word' id='word_1_382' title='bbox 964 3956 1104 4022; x_wconf 86' lang='lat' dir='ltr'><strong>Quid</strong></span> <span class='ocrx_word' id='word_1_383' title='bbox 1143 3957 1329 4011; x_wconf 71' lang='lat' dir='ltr'><strong>ultra?</strong></span> <span class='ocrx_word' id='word_1_384' title='bbox 1393 3956 1600 4013; x_wconf 88' lang='lat' dir='ltr'><strong>Bellum</strong></span> <span class='ocrx_word' id='word_1_385' title='bbox 1657 3970 1997 4023; x_wconf 80' lang='lat' dir='ltr'><strong>recensetur,</strong></span> 
     </span>
    </p>
   </div>
   <div class='ocr_carea' id='block_1_57' title="bbox 418 4049 2000 4119">
    <p class='ocr_par' dir='ltr' id='par_1_57' title="bbox 418 4049 2000 4119">
     <span class='ocr_line' id='line_1_57' title="bbox 418 4049 2000 4119; baseline 0 -15"><span class='ocrx_word' id='word_1_386' title='bbox 418 4050 708 4105; x_wconf 89' lang='lat' dir='ltr'><strong>invalescit</strong></span> <span class='ocrx_word' id='word_1_387' title='bbox 740 4063 921 4119; x_wconf 87' lang='lat' dir='ltr'><strong>pugna</strong></span> <span class='ocrx_word' id='word_1_388' title='bbox 950 4064 966 4115; x_wconf 92' lang='lat'><strong>;</strong></span> <span class='ocrx_word' id='word_1_389' title='bbox 996 4062 1052 4102; x_wconf 92' lang='lat' dir='ltr'><strong>et</strong></span> <span class='ocrx_word' id='word_1_390' title='bbox 1081 4050 1245 4103; x_wconf 86' lang='lat' dir='ltr'><strong>tantis</strong></span> <span class='ocrx_word' id='word_1_391' title='bbox 1294 4049 1522 4104; x_wconf 87' lang='lat' dir='ltr'><strong>classem</strong></span> <span class='ocrx_word' id='word_1_392' title='bbox 1556 4050 1677 4105; x_wconf 89' lang='lat' dir='ltr'><strong>telis</strong></span> <span class='ocrx_word' id='word_1_393' title='bbox 1702 4050 2000 4119; x_wconf 84' lang='lat' dir='ltr'><strong>lapidibus-</strong></span> 
     </span>
    </p>
   </div>
   <div class='ocr_carea' id='block_1_58' title="bbox 417 4140 1997 4212">
    <p class='ocr_par' dir='ltr' id='par_1_58' title="bbox 417 4140 1997 4212">
     <span class='ocr_line' id='line_1_58' title="bbox 417 4140 1997 4212; baseline 0.001 -17"><span class='ocrx_word' id='word_1_394' title='bbox 417 4160 523 4212; x_wconf 88' lang='lat' dir='ltr'><strong>que</strong></span> <span class='ocrx_word' id='word_1_395' title='bbox 556 4143 816 4203; x_wconf 86' lang='lat' dir='ltr'><strong>obruunt,</strong></span> <span class='ocrx_word' id='word_1_396' title='bbox 870 4150 948 4195; x_wconf 91' lang='lat' dir='ltr'><strong>tot</strong></span> <span class='ocrx_word' id='word_1_397' title='bbox 1010 4140 1249 4196; x_wconf 83' lang='lat' dir='ltr'><strong>Teucros</strong></span> <span class='ocrx_word' id='word_1_398' title='bbox 1306 4143 1585 4205; x_wconf 83' lang='lat' dir='ltr'><strong>occidunt,</strong></span> <span class='ocrx_word' id='word_1_399' title='bbox 1619 4154 1677 4195; x_wconf 90' lang='lat' dir='ltr'><strong>ttt</strong></span> <span class='ocrx_word' id='word_1_400' title='bbox 1729 4144 1997 4197; x_wconf 87' lang='lat' dir='ltr'><strong>declinato</strong></span> 
     </span>
    </p>
   </div>
   <div class='ocr_carea' id='block_1_59' title="bbox 417 4235 1990 4305">
    <p class='ocr_par' dir='ltr' id='par_1_59' title="bbox 417 4235 1990 4305">
     <span class='ocr_line' id='line_1_59' title="bbox 417 4235 1990 4305; baseline -0.001 -16"><span class='ocrx_word' id='word_1_401' title='bbox 417 4246 591 4289; x_wconf 85' lang='lat' dir='ltr'><strong>marte</strong></span> <span class='ocrx_word' id='word_1_402' title='bbox 622 4236 687 4288; x_wconf 86' lang='lat' dir='ltr'><strong>ad</strong></span> <span class='ocrx_word' id='word_1_403' title='bbox 713 4235 866 4288; x_wconf 89' lang='lat' dir='ltr'><strong>littus</strong></span> <span class='ocrx_word' id='word_1_404' title='bbox 888 4250 1132 4290; x_wconf 90' lang='lat' dir='ltr'><strong>remeare</strong></span> <span class='ocrx_word' id='word_1_405' title='bbox 1167 4251 1273 4291; x_wconf 89' lang='lat' dir='ltr'><strong>non</strong></span> <span class='ocrx_word' id='word_1_406' title='bbox 1308 4237 1537 4305; x_wconf 78' lang='lat' dir='ltr'><strong>possint.</strong></span> <span class='ocrx_word' id='word_1_407' title='bbox 1570 4236 1990 4303; x_wconf 81' lang='lat' dir='ltr'><strong>Exploratorttm</strong></span> 
     </span>
    </p>
   </div>
   <div class='ocr_carea' id='block_1_60' title="bbox 412 4324 1994 4394">
    <p class='ocr_par' dir='ltr' id='par_1_60' title="bbox 412 4324 1994 4394">
     <span class='ocr_line' id='line_1_60' title="bbox 412 4324 1994 4394; baseline 0 -16"><span class='ocrx_word' id='word_1_408' title='bbox 412 4338 469 4378; x_wconf 84' lang='lat' dir='ltr'><strong>et</strong></span> <span class='ocrx_word' id='word_1_409' title='bbox 495 4327 847 4393; x_wconf 69' lang='lat' dir='ltr'><strong>pt‘ol&#39;ugorttm</strong></span> <span class='ocrx_word' id='word_1_410' title='bbox 880 4328 1054 4378; x_wconf 80' lang='lat' dir='ltr'><strong>relatu</strong></span> <span class='ocrx_word' id='word_1_411' title='bbox 1097 4326 1407 4387; x_wconf 72' lang='lat' dir='ltr'><strong>didicimus,</strong></span> <span class='ocrx_word' id='word_1_412' title='bbox 1440 4324 1585 4394; x_wconf 88' lang='lat' dir='ltr'><strong>quod</strong></span> <span class='ocrx_word' id='word_1_413' title='bbox 1620 4327 1807 4381; x_wconf 81' lang='lat' dir='ltr'><strong>decent</strong></span> <span class='ocrx_word' id='word_1_414' title='bbox 1865 4341 1994 4394; x_wconf 84' lang='lat' dir='ltr'><strong>pro-</strong></span> 
     </span>
    </p>
   </div>
   <div class='ocr_carea' id='block_1_61' title="bbox 417 4416 1994 4485">
    <p class='ocr_par' dir='ltr' id='par_1_61' title="bbox 417 4416 1994 4485">
     <span class='ocr_line' id='line_1_61' title="bbox 417 4416 1994 4485; baseline 0 -18"><span class='ocrx_word' id='word_1_415' title='bbox 417 4436 479 4484; x_wconf 82' lang='lat' dir='ltr'><strong>pe</strong></span> <span class='ocrx_word' id='word_1_416' title='bbox 510 4417 677 4470; x_wconf 72' lang='lat' dir='ltr'><strong>milita</strong></span> <span class='ocrx_word' id='word_1_417' title='bbox 706 4417 1022 4469; x_wconf 85' lang='lat' dir='ltr'><strong>ceciderunt</strong></span> <span class='ocrx_word' id='word_1_418' title='bbox 1051 4431 1065 4480; x_wconf 92' lang='lat'><strong>;</strong></span> <span class='ocrx_word' id='word_1_419' title='bbox 1094 4416 1183 4467; x_wconf 89' lang='lat' dir='ltr'><strong>alii</strong></span> <span class='ocrx_word' id='word_1_420' title='bbox 1218 4416 1396 4483; x_wconf 85' lang='lat' dir='ltr'><strong>gladio</strong></span> <span class='ocrx_word' id='word_1_421' title='bbox 1423 4417 1711 4483; x_wconf 56' lang='lat' dir='ltr'><strong>perempti,</strong></span> <span class='ocrx_word' id='word_1_422' title='bbox 1747 4425 1799 4469; x_wconf 92' lang='lat' dir='ltr'><strong>ct</strong></span> <span class='ocrx_word' id='word_1_423' title='bbox 1829 4417 1994 4485; x_wconf 76' lang='lat' dir='ltr'><strong>sagit-</strong></span> 
     </span>
    </p>
   </div>
   <div class='ocr_carea' id='block_1_62' title="bbox 2170 1923 3669 1993">
    <p class='ocr_par' dir='ltr' id='par_1_62' title="bbox 2170 1923 3669 1993">
     <span class='ocr_line' id='line_1_62' title="bbox 2170 1923 3669 1993; baseline -0.004 -14"><span class='ocrx_word' id='word_1_424' title='bbox 2170 1926 2337 1979; x_wconf 83' lang='lat' dir='ltr'><strong>Erant</strong></span> <span class='ocrx_word' id='word_1_425' title='bbox 2362 1924 2585 1993; x_wconf 89' lang='lat' dir='ltr'><strong>perinde</strong></span> <span class='ocrx_word' id='word_1_426' title='bbox 2616 1926 2669 1977; x_wconf 85' lang='lat' dir='ltr'><strong>iit</strong></span> <span class='ocrx_word' id='word_1_427' title='bbox 2703 1932 2862 1992; x_wconf 90' lang='lat' dir='ltr'><strong>portu</strong></span> <span class='ocrx_word' id='word_1_428' title='bbox 2899 1924 3151 1978; x_wconf 89' lang='lat' dir='ltr'><strong>triremes</strong></span> <span class='ocrx_word' id='word_1_429' title='bbox 3191 1923 3531 1976; x_wconf 70' lang='lat' dir='ltr'><strong>mercatoria:</strong></span> <span class='ocrx_word' id='word_1_430' title='bbox 3559 1930 3669 1975; x_wconf 81' lang='lat' dir='ltr'><strong>tres</strong></span> 
     </span>
    </p>
   </div>
   <div class='ocr_carea' id='block_1_63' title="bbox 2100 2012 3669 2083">
    <p class='ocr_par' dir='ltr' id='par_1_63' title="bbox 2100 2012 3669 2083">
     <span class='ocr_line' id='line_1_63' title="bbox 2100 2012 3669 2083; baseline -0.004 -15"><span class='ocrx_word' id='word_1_431' title='bbox 2100 2013 2321 2069; x_wconf 70' lang='lat' dir='ltr'><strong>Veneta:</strong></span> <span class='ocrx_word' id='word_1_432' title='bbox 2348 2015 2583 2083; x_wconf 71' lang='lat' dir='ltr'><strong>dumque</strong></span> <span class='ocrx_word' id='word_1_433' title='bbox 2600 2014 2769 2083; x_wconf 84' lang='lat' dir='ltr'><strong>agiles</strong></span> <span class='ocrx_word' id='word_1_434' title='bbox 2800 2014 2851 2065; x_wconf 91' lang='lat' dir='ltr'><strong>in</strong></span> <span class='ocrx_word' id='word_1_435' title='bbox 2879 2024 3093 2081; x_wconf 86' lang='lat' dir='ltr'><strong>portum</strong></span> <span class='ocrx_word' id='word_1_436' title='bbox 3123 2012 3187 2066; x_wconf 87' lang='lat' dir='ltr'><strong>ad</strong></span> <span class='ocrx_word' id='word_1_437' title='bbox 3212 2012 3669 2066; x_wconf 79' lang='lat' dir='ltr'><strong>tutelamearum-</strong></span> 
     </span>
    </p>
   </div>
   <div class='ocr_carea' id='block_1_64' title="bbox 2099 2104 3670 2175">
    <p class='ocr_par' dir='ltr' id='par_1_64' title="bbox 2099 2104 3670 2175">
     <span class='ocr_line' id='line_1_64' title="bbox 2099 2104 3670 2175; baseline -0.003 -14"><span class='ocrx_word' id='word_1_438' title='bbox 2099 2109 2223 2162; x_wconf 90' lang='lat' dir='ltr'><strong>dem</strong></span> <span class='ocrx_word' id='word_1_439' title='bbox 2249 2108 2546 2175; x_wconf 71' lang='lat' dir='ltr'><strong>designata:</strong></span> <span class='ocrx_word' id='word_1_440' title='bbox 2580 2126 2593 2160; x_wconf 88' lang='lat'><strong>:</strong></span> <span class='ocrx_word' id='word_1_441' title='bbox 2626 2122 2764 2174; x_wconf 87' lang='lat' dir='ltr'><strong>quas</strong></span> <span class='ocrx_word' id='word_1_442' title='bbox 2798 2120 2996 2174; x_wconf 80' lang='lat' dir='ltr'><strong>magno</strong></span> <span class='ocrx_word' id='word_1_443' title='bbox 3026 2121 3148 2159; x_wconf 80' lang='lat' dir='ltr'><strong>eum</strong></span> <span class='ocrx_word' id='word_1_444' title='bbox 3179 2105 3401 2159; x_wconf 87' lang='lat' dir='ltr'><strong>hortatu</strong></span> <span class='ocrx_word' id='word_1_445' title='bbox 3437 2104 3670 2172; x_wconf 84' lang='lat' dir='ltr'><strong>impera-</strong></span> 
     </span>
    </p>
   </div>
   <div class='ocr_carea' id='block_1_65' title="bbox 2101 2198 3669 2268">
    <p class='ocr_par' dir='ltr' id='par_1_65' title="bbox 2101 2198 3669 2268">
     <span class='ocr_line' id='line_1_65' title="bbox 2101 2198 3669 2268; baseline -0.003 -14"><span class='ocrx_word' id='word_1_446' title='bbox 2101 2211 2190 2254; x_wconf 93' lang='lat' dir='ltr'><strong>tor</strong></span> <span class='ocrx_word' id='word_1_447' title='bbox 2221 2200 2341 2254; x_wconf 88' lang='lat' dir='ltr'><strong>auri</strong></span> <span class='ocrx_word' id='word_1_448' title='bbox 2377 2205 2429 2253; x_wconf 91' lang='lat' dir='ltr'><strong>in</strong></span> <span class='ocrx_word' id='word_1_449' title='bbox 2468 2214 2687 2254; x_wconf 87' lang='lat' dir='ltr'><strong>menses</strong></span> <span class='ocrx_word' id='word_1_450' title='bbox 2728 2215 2899 2268; x_wconf 89' lang='lat' dir='ltr'><strong>prope</strong></span> <span class='ocrx_word' id='word_1_451' title='bbox 2944 2214 3038 2253; x_wconf 87' lang='lat' dir='ltr'><strong>sex</strong></span> <span class='ocrx_word' id='word_1_452' title='bbox 3078 2214 3177 2267; x_wconf 91' lang='lat' dir='ltr'><strong>pro</strong></span> <span class='ocrx_word' id='word_1_453' title='bbox 3225 2199 3459 2252; x_wconf 87' lang='lat' dir='ltr'><strong>tuitione</strong></span> <span class='ocrx_word' id='word_1_454' title='bbox 3516 2198 3669 2250; x_wconf 80' lang='lat' dir='ltr'><strong>urbis</strong></span> 
     </span>
    </p>
   </div>
   <div class='ocr_carea' id='block_1_66' title="bbox 2099 2290 3671 2362">
    <p class='ocr_par' dir='ltr' id='par_1_66' title="bbox 2099 2290 3671 2362">
     <span class='ocr_line' id='line_1_66' title="bbox 2099 2290 3671 2362; baseline -0.003 -14"><span class='ocrx_word' id='word_1_455' title='bbox 2099 2304 2307 2349; x_wconf 85' lang='lat' dir='ltr'><strong>restare</strong></span> <span class='ocrx_word' id='word_1_456' title='bbox 2333 2293 2563 2359; x_wconf 86' lang='lat' dir='ltr'><strong>fecerat;</strong></span> <span class='ocrx_word' id='word_1_457' title='bbox 2588 2307 2729 2362; x_wconf 58' lang='lat' dir='ltr'><strong>quas,</strong></span> <span class='ocrx_word' id='word_1_458' title='bbox 2755 2307 2941 2362; x_wconf 86' lang='lat' dir='ltr'><strong>pacem</strong></span> <span class='ocrx_word' id='word_1_459' title='bbox 2966 2309 3087 2346; x_wconf 85' lang='lat' dir='ltr'><strong>cum</strong></span> <span class='ocrx_word' id='word_1_460' title='bbox 3106 2294 3313 2347; x_wconf 83' lang='lat' dir='ltr'><strong>Teucro</strong></span> <span class='ocrx_word' id='word_1_461' title='bbox 3332 2290 3671 2351; x_wconf 83' lang='lat' dir='ltr'><strong>simulantes,</strong></span> 
     </span>
    </p>
   </div>
   <div class='ocr_carea' id='block_1_67' title="bbox 2100 2383 3673 2453">
    <p class='ocr_par' dir='ltr' id='par_1_67' title="bbox 2100 2383 3673 2453">
     <span class='ocr_line' id='line_1_67' title="bbox 2100 2383 3673 2453; baseline -0.004 -11"><span class='ocrx_word' id='word_1_462' title='bbox 2100 2402 2212 2442; x_wconf 91' lang='lat' dir='ltr'><strong>nou</strong></span> <span class='ocrx_word' id='word_1_463' title='bbox 2239 2387 2343 2441; x_wconf 90' lang='lat' dir='ltr'><strong>nisi</strong></span> <span class='ocrx_word' id='word_1_464' title='bbox 2407 2386 2721 2441; x_wconf 89' lang='lat' dir='ltr'><strong>clanculum</strong></span> <span class='ocrx_word' id='word_1_465' title='bbox 2784 2384 3115 2451; x_wconf 73' lang='lat' dir='ltr'><strong>praestabant</strong></span> <span class='ocrx_word' id='word_1_466' title='bbox 3170 2383 3377 2439; x_wconf 71' lang='lat' dir='ltr'><strong>Graecis</strong></span> <span class='ocrx_word' id='word_1_467' title='bbox 3436 2384 3673 2453; x_wconf 85' lang='lat' dir='ltr'><strong>patroci-</strong></span> 
     </span>
    </p>
   </div>
   <div class='ocr_carea' id='block_1_68' title="bbox 2102 2475 3670 2547">
    <p class='ocr_par' dir='ltr' id='par_1_68' title="bbox 2102 2475 3670 2547">
     <span class='ocr_line' id='line_1_68' title="bbox 2102 2475 3670 2547; baseline -0.005 -15"><span class='ocrx_word' id='word_1_468' title='bbox 2102 2479 2277 2533; x_wconf 89' lang='lat' dir='ltr'><strong>nium.</strong></span> <span class='ocrx_word' id='word_1_469' title='bbox 2310 2475 2513 2533; x_wconf 76' lang='lat' dir='ltr'><strong>Verum</strong></span> <span class='ocrx_word' id='word_1_470' title='bbox 2542 2491 2666 2531; x_wconf 91' lang='lat' dir='ltr'><strong>cum</strong></span> <span class='ocrx_word' id='word_1_471' title='bbox 2718 2477 2922 2530; x_wconf 78' lang='lat' dir='ltr'><strong>notulze</strong></span> <span class='ocrx_word' id='word_1_472' title='bbox 2953 2476 3091 2545; x_wconf 70' lang='lat' dir='ltr'><strong>fugae</strong></span> <span class='ocrx_word' id='word_1_473' title='bbox 3114 2476 3435 2547; x_wconf 77' lang='lat' dir='ltr'><strong>aliquandiu</strong></span> <span class='ocrx_word' id='word_1_474' title='bbox 3487 2489 3670 2529; x_wconf 86' lang='lat' dir='ltr'><strong>earum</strong></span> 
     </span>
    </p>
   </div>
   <div class='ocr_carea' id='block_1_69' title="bbox 2102 2567 3675 2642">
    <p class='ocr_par' dir='ltr' id='par_1_69' title="bbox 2102 2567 3675 2642">
     <span class='ocr_line' id='line_1_69' title="bbox 2102 2567 3675 2642; baseline -0.006 -16"><span class='ocrx_word' id='word_1_475' title='bbox 2102 2571 2427 2642; x_wconf 85' lang='lat' dir='ltr'><strong>patuissent,</strong></span> <span class='ocrx_word' id='word_1_476' title='bbox 2449 2582 2561 2623; x_wconf 88' lang='lat' dir='ltr'><strong>tum</strong></span> <span class='ocrx_word' id='word_1_477' title='bbox 2574 2569 2719 2639; x_wconf 86' lang='lat' dir='ltr'><strong>quod</strong></span> <span class='ocrx_word' id='word_1_478' title='bbox 2741 2582 2949 2624; x_wconf 85' lang='lat' dir='ltr'><strong>merces</strong></span> <span class='ocrx_word' id='word_1_479' title='bbox 2967 2584 3030 2622; x_wconf 89' lang='lat' dir='ltr'><strong>ex</strong></span> <span class='ocrx_word' id='word_1_480' title='bbox 3051 2567 3235 2623; x_wconf 81' lang='lat' dir='ltr'><strong>fundis</strong></span> <span class='ocrx_word' id='word_1_481' title='bbox 3252 2567 3675 2637; x_wconf 85' lang='lat' dir='ltr'><strong>supellectilem-</strong></span> 
     </span>
    </p>
   </div>
   <div class='ocr_carea' id='block_1_70' title="bbox 2100 2659 3672 2733">
    <p class='ocr_par' dir='ltr' id='par_1_70' title="bbox 2100 2659 3672 2733">
     <span class='ocr_line' id='line_1_70' title="bbox 2100 2659 3672 2733; baseline -0.004 -16"><span class='ocrx_word' id='word_1_482' title='bbox 2100 2679 2209 2733; x_wconf 88' lang='lat' dir='ltr'><strong>que</strong></span> <span class='ocrx_word' id='word_1_483' title='bbox 2243 2664 2632 2727; x_wconf 85' lang='lat' dir='ltr'><strong>traducebattt,</strong></span> <span class='ocrx_word' id='word_1_484' title='bbox 2659 2673 2842 2717; x_wconf 91' lang='lat' dir='ltr'><strong>actum</strong></span> <span class='ocrx_word' id='word_1_485' title='bbox 2877 2670 2980 2725; x_wconf 90' lang='lat' dir='ltr'><strong>est,</strong></span> <span class='ocrx_word' id='word_1_486' title='bbox 3016 2670 3076 2715; x_wconf 94' lang='lat' dir='ltr'><strong>ut</strong></span> <span class='ocrx_word' id='word_1_487' title='bbox 3131 2661 3281 2716; x_wconf 90' lang='lat' dir='ltr'><strong>nullo</strong></span> <span class='ocrx_word' id='word_1_488' title='bbox 3327 2670 3486 2732; x_wconf 80' lang='lat' dir='ltr'><strong>pacto</strong></span> <span class='ocrx_word' id='word_1_489' title='bbox 3527 2659 3672 2731; x_wconf 89' lang='lat' dir='ltr'><strong>quod</strong></span> 
     </span>
    </p>
   </div>
   <div class='ocr_carea' id='block_1_71' title="bbox 2101 2754 3675 2824">
    <p class='ocr_par' dir='ltr' id='par_1_71' title="bbox 2101 2754 3675 2824">
     <span class='ocr_line' id='line_1_71' title="bbox 2101 2754 3675 2824; baseline -0.003 -15"><span class='ocrx_word' id='word_1_490' title='bbox 2101 2754 2361 2823; x_wconf 87' lang='lat' dir='ltr'><strong>populum</strong></span> <span class='ocrx_word' id='word_1_491' title='bbox 2413 2754 2750 2819; x_wconf 82' lang='lat' dir='ltr'><strong>turbassent,</strong></span> <span class='ocrx_word' id='word_1_492' title='bbox 2780 2754 3147 2824; x_wconf 86' lang='lat' dir='ltr'><strong>prohibitione</strong></span> <span class='ocrx_word' id='word_1_493' title='bbox 3174 2754 3519 2824; x_wconf 82' lang='lat' dir='ltr'><strong>imperatoris</strong></span> <span class='ocrx_word' id='word_1_494' title='bbox 3556 2768 3675 2819; x_wconf 81' lang='lat' dir='ltr'><strong>qtuc</strong></span> 
     </span>
    </p>
   </div>
   <div class='ocr_carea' id='block_1_72' title="bbox 2105 2846 3673 2915">
    <p class='ocr_par' dir='ltr' id='par_1_72' title="bbox 2105 2846 3673 2915">
     <span class='ocr_line' id='line_1_72' title="bbox 2105 2846 3673 2915; baseline -0.003 -14"><span class='ocrx_word' id='word_1_495' title='bbox 2105 2847 2392 2902; x_wconf 83' lang='lat' dir='ltr'><strong>restabant</strong></span> <span class='ocrx_word' id='word_1_496' title='bbox 2452 2847 2932 2914; x_wconf 86' lang='lat' dir='ltr'><strong>traducerentur;</strong></span> <span class='ocrx_word' id='word_1_497' title='bbox 2992 2847 3238 2915; x_wconf 90' lang='lat' dir='ltr'><strong>quinimo</strong></span> <span class='ocrx_word' id='word_1_498' title='bbox 3300 2847 3579 2900; x_wconf 72' lang='lat' dir='ltr'><strong>deonustz:</strong></span> <span class='ocrx_word' id='word_1_499' title='bbox 3622 2846 3673 2898; x_wconf 92' lang='lat' dir='ltr'><strong>in</strong></span> 
     </span>
    </p>
   </div>
   <div class='ocr_carea' id='block_1_73' title="bbox 2105 2939 3676 3010">
    <p class='ocr_par' dir='ltr' id='par_1_73' title="bbox 2105 2939 3676 3010">
     <span class='ocr_line' id='line_1_73' title="bbox 2105 2939 3676 3010; baseline -0.003 -13"><span class='ocrx_word' id='word_1_500' title='bbox 2105 2951 2306 2997; x_wconf 86' lang='lat' dir='ltr'><strong>terram</strong></span> <span class='ocrx_word' id='word_1_501' title='bbox 2341 2949 2779 3010; x_wconf 87' lang='lat' dir='ltr'><strong>reportarentur.</strong></span> <span class='ocrx_word' id='word_1_502' title='bbox 2818 2939 2927 2996; x_wconf 77' lang='lat' dir='ltr'><strong>Res</strong></span> <span class='ocrx_word' id='word_1_503' title='bbox 2983 2942 3097 2995; x_wconf 75' lang='lat' dir='ltr'><strong>luce</strong></span> <span class='ocrx_word' id='word_1_504' title='bbox 3144 2939 3368 2995; x_wconf 80' lang='lat' dir='ltr'><strong>Venetis</strong></span> <span class='ocrx_word' id='word_1_505' title='bbox 3426 2940 3676 3009; x_wconf 83' lang='lat' dir='ltr'><strong>indigna-</strong></span> 
     </span>
    </p>
   </div>
   <div class='ocr_carea' id='block_1_74' title="bbox 2106 3032 3673 3102">
    <p class='ocr_par' dir='ltr' id='par_1_74' title="bbox 2106 3032 3673 3102">
     <span class='ocr_line' id='line_1_74' title="bbox 2106 3032 3673 3102; baseline -0.001 -17"><span class='ocrx_word' id='word_1_506' title='bbox 2106 3032 2270 3086; x_wconf 87' lang='lat' dir='ltr'><strong>tionis</strong></span> <span class='ocrx_word' id='word_1_507' title='bbox 2290 3032 2532 3087; x_wconf 87' lang='lat' dir='ltr'><strong>fomitem</strong></span> <span class='ocrx_word' id='word_1_508' title='bbox 2572 3032 2903 3086; x_wconf 88' lang='lat' dir='ltr'><strong>ministravit</strong></span> <span class='ocrx_word' id='word_1_509' title='bbox 2938 3049 2952 3097; x_wconf 92' lang='lat'><strong>;</strong></span> <span class='ocrx_word' id='word_1_510' title='bbox 2981 3042 3171 3098; x_wconf 90' lang='lat' dir='ltr'><strong>utpote</strong></span> <span class='ocrx_word' id='word_1_511' title='bbox 3198 3033 3342 3102; x_wconf 89' lang='lat' dir='ltr'><strong>quod</strong></span> <span class='ocrx_word' id='word_1_512' title='bbox 3402 3032 3673 3094; x_wconf 84' lang='lat' dir='ltr'><strong>libertate,</strong></span> 
     </span>
    </p>
   </div>
   <div class='ocr_carea' id='block_1_75' title="bbox 2108 3123 3678 3194">
    <p class='ocr_par' dir='ltr' id='par_1_75' title="bbox 2108 3123 3678 3194">
     <span class='ocr_line' id='line_1_75' title="bbox 2108 3123 3678 3194; baseline 0.001 -18"><span class='ocrx_word' id='word_1_513' title='bbox 2108 3124 2411 3194; x_wconf 76' lang='lat' dir='ltr'><strong>privilegiis</strong></span> <span class='ocrx_word' id='word_1_514' title='bbox 2450 3140 2549 3192; x_wconf 88' lang='lat' dir='ltr'><strong>pro</strong></span> <span class='ocrx_word' id='word_1_515' title='bbox 2623 3124 2835 3178; x_wconf 83' lang='lat' dir='ltr'><strong>honore</strong></span> <span class='ocrx_word' id='word_1_516' title='bbox 2866 3123 3096 3177; x_wconf 89' lang='lat' dir='ltr'><strong>dominii</strong></span> <span class='ocrx_word' id='word_1_517' title='bbox 3137 3134 3327 3178; x_wconf 90' lang='lat' dir='ltr'><strong>eorum</strong></span> <span class='ocrx_word' id='word_1_518' title='bbox 3359 3123 3557 3186; x_wconf 88' lang='lat' dir='ltr'><strong>nactis,</strong></span> <span class='ocrx_word' id='word_1_519' title='bbox 3589 3139 3678 3177; x_wconf 81' lang='lat' dir='ltr'><strong>ve—</strong></span> 
     </span>
    </p>
   </div>
   <div class='ocr_carea' id='block_1_76' title="bbox 2109 3216 3673 3287">
    <p class='ocr_par' dir='ltr' id='par_1_76' title="bbox 2109 3216 3673 3287">
     <span class='ocr_line' id='line_1_76' title="bbox 2109 3216 3673 3287; baseline -0.001 -16"><span class='ocrx_word' id='word_1_520' title='bbox 2109 3218 2405 3272; x_wconf 84' lang='lat' dir='ltr'><strong>recundius</strong></span> <span class='ocrx_word' id='word_1_521' title='bbox 2441 3218 2814 3285; x_wconf 89' lang='lat' dir='ltr'><strong>privarentur.</strong></span> <span class='ocrx_word' id='word_1_522' title='bbox 2848 3216 2954 3273; x_wconf 80' lang='lat' dir='ltr'><strong>Sed</strong></span> <span class='ocrx_word' id='word_1_523' title='bbox 2977 3216 3181 3271; x_wconf 85' lang='lat' dir='ltr'><strong>sedatis</strong></span> <span class='ocrx_word' id='word_1_524' title='bbox 3213 3217 3443 3287; x_wconf 84' lang='lat' dir='ltr'><strong>posthac</strong></span> <span class='ocrx_word' id='word_1_525' title='bbox 3474 3217 3673 3271; x_wconf 86' lang='lat' dir='ltr'><strong>animis</strong></span> 
     </span>
    </p>
   </div>
   <div class='ocr_carea' id='block_1_77' title="bbox 2109 3309 3670 3379">
    <p class='ocr_par' dir='ltr' id='par_1_77' title="bbox 2109 3309 3670 3379">
     <span class='ocr_line' id='line_1_77' title="bbox 2109 3309 3670 3379; baseline -0.003 -13"><span class='ocrx_word' id='word_1_526' title='bbox 2109 3326 2210 3366; x_wconf 91' lang='lat' dir='ltr'><strong>suo</strong></span> <span class='ocrx_word' id='word_1_527' title='bbox 2242 3312 2472 3366; x_wconf 89' lang='lat' dir='ltr'><strong>arbitrio</strong></span> <span class='ocrx_word' id='word_1_528' title='bbox 2513 3310 2712 3374; x_wconf 90' lang='lat' dir='ltr'><strong>relicti,</strong></span> <span class='ocrx_word' id='word_1_529' title='bbox 2746 3310 3021 3379; x_wconf 87' lang='lat' dir='ltr'><strong>spondent</strong></span> <span class='ocrx_word' id='word_1_530' title='bbox 3054 3310 3245 3364; x_wconf 85' lang='lat' dir='ltr'><strong>Veneti</strong></span> <span class='ocrx_word' id='word_1_531' title='bbox 3281 3310 3428 3363; x_wconf 90' lang='lat' dir='ltr'><strong>omni</strong></span> <span class='ocrx_word' id='word_1_532' title='bbox 3485 3309 3589 3362; x_wconf 86' lang='lat' dir='ltr'><strong>fide</strong></span> <span class='ocrx_word' id='word_1_533' title='bbox 3616 3319 3670 3363; x_wconf 92' lang='lat' dir='ltr'><strong>et</strong></span> 
     </span>
    </p>
   </div>
   <div class='ocr_carea' id='block_1_78' title="bbox 2106 3399 3364 3470">
    <p class='ocr_par' dir='ltr' id='par_1_78' title="bbox 2106 3399 3364 3470">
     <span class='ocr_line' id='line_1_78' title="bbox 2106 3399 3364 3470; baseline -0.002 -14"><span class='ocrx_word' id='word_1_534' title='bbox 2106 3403 2289 3457; x_wconf 88' lang='lat' dir='ltr'><strong>studio</strong></span> <span class='ocrx_word' id='word_1_535' title='bbox 2321 3402 2386 3455; x_wconf 85' lang='lat' dir='ltr'><strong>ad</strong></span> <span class='ocrx_word' id='word_1_536' title='bbox 2414 3402 2575 3455; x_wconf 82' lang='lat' dir='ltr'><strong>linem</strong></span> <span class='ocrx_word' id='word_1_537' title='bbox 2609 3417 2784 3470; x_wconf 85' lang='lat' dir='ltr'><strong>usque</strong></span> <span class='ocrx_word' id='word_1_538' title='bbox 2820 3399 2943 3454; x_wconf 87' lang='lat' dir='ltr'><strong>belli</strong></span> <span class='ocrx_word' id='word_1_539' title='bbox 2975 3402 3115 3454; x_wconf 89' lang='lat' dir='ltr'><strong>tueri</strong></span> <span class='ocrx_word' id='word_1_540' title='bbox 3153 3400 3364 3455; x_wconf 86' lang='lat' dir='ltr'><strong>urbem.</strong></span> 
     </span>
    </p>
   </div>
   <div class='ocr_carea' id='block_1_79' title="bbox 2179 3490 3673 3564">
    <p class='ocr_par' dir='ltr' id='par_1_79' title="bbox 2179 3490 3673 3564">
     <span class='ocr_line' id='line_1_79' title="bbox 2179 3490 3673 3564; baseline -0.002 -18"><span class='ocrx_word' id='word_1_541' title='bbox 2179 3496 2246 3546; x_wconf 83' lang='lat' dir='ltr'><strong>At</strong></span> <span class='ocrx_word' id='word_1_542' title='bbox 2302 3493 2530 3564; x_wconf 88' lang='lat' dir='ltr'><strong>posthac</strong></span> <span class='ocrx_word' id='word_1_543' title='bbox 2561 3493 2707 3546; x_wconf 89' lang='lat' dir='ltr'><strong>inter</strong></span> <span class='ocrx_word' id='word_1_544' title='bbox 2746 3491 2981 3547; x_wconf 85' lang='lat' dir='ltr'><strong>Venetos</strong></span> <span class='ocrx_word' id='word_1_545' title='bbox 3026 3499 3079 3545; x_wconf 90' lang='lat' dir='ltr'><strong>et</strong></span> <span class='ocrx_word' id='word_1_546' title='bbox 3128 3492 3447 3547; x_wconf 81' lang='lat' dir='ltr'><strong>Genuenses</strong></span> <span class='ocrx_word' id='word_1_547' title='bbox 3473 3490 3673 3545; x_wconf 68' lang='lat' dir='ltr'><strong>Galatm</strong></span> 
     </span>
    </p>
   </div>
   <div class='ocr_carea' id='block_1_80' title="bbox 2104 3586 3675 3655">
    <p class='ocr_par' dir='ltr' id='par_1_80' title="bbox 2104 3586 3675 3655">
     <span class='ocr_line' id='line_1_80' title="bbox 2104 3586 3675 3655; baseline -0.001 -17"><span class='ocrx_word' id='word_1_548' title='bbox 2104 3586 2301 3641; x_wconf 87' lang='lat' dir='ltr'><strong>oborta</strong></span> <span class='ocrx_word' id='word_1_549' title='bbox 2360 3587 2635 3641; x_wconf 87' lang='lat' dir='ltr'><strong>dissensio</strong></span> <span class='ocrx_word' id='word_1_550' title='bbox 2696 3597 2782 3641; x_wconf 85' lang='lat' dir='ltr'><strong>est</strong></span> <span class='ocrx_word' id='word_1_551' title='bbox 2838 3604 2850 3639; x_wconf 91' lang='lat'><strong>:</strong></span> <span class='ocrx_word' id='word_1_552' title='bbox 2918 3588 3065 3655; x_wconf 90' lang='lat' dir='ltr'><strong>quod</strong></span> <span class='ocrx_word' id='word_1_553' title='bbox 3115 3586 3252 3640; x_wconf 90' lang='lat' dir='ltr'><strong>alter</strong></span> <span class='ocrx_word' id='word_1_554' title='bbox 3326 3586 3479 3639; x_wconf 86' lang='lat' dir='ltr'><strong>alteri</strong></span> <span class='ocrx_word' id='word_1_555' title='bbox 3537 3586 3675 3653; x_wconf 72' lang='lat' dir='ltr'><strong>fttgze</strong></span> 
     </span>
    </p>
   </div>
   <div class='ocr_carea' id='block_1_81' title="bbox 2103 3675 3670 3749">
    <p class='ocr_par' dir='ltr' id='par_1_81' title="bbox 2103 3675 3670 3749">
     <span class='ocr_line' id='line_1_81' title="bbox 2103 3675 3670 3749; baseline -0.001 -17"><span class='ocrx_word' id='word_1_556' title='bbox 2103 3680 2471 3749; x_wconf 78' lang='lat' dir='ltr'><strong>Suspicionem</strong></span> <span class='ocrx_word' id='word_1_557' title='bbox 2505 3679 2929 3748; x_wconf 82' lang='lat' dir='ltr'><strong>exprobrassent</strong></span> <span class='ocrx_word' id='word_1_558' title='bbox 2963 3694 2974 3727; x_wconf 90' lang='lat'>:</span> <span class='ocrx_word' id='word_1_559' title='bbox 3013 3677 3388 3732; x_wconf 88' lang='lat' dir='ltr'><strong>asserentibus</strong></span> <span class='ocrx_word' id='word_1_560' title='bbox 3412 3675 3630 3731; x_wconf 75' lang='lat' dir='ltr'><strong>Venetis</strong></span> <span class='ocrx_word' id='word_1_561' title='bbox 3655 3715 3670 3740; x_wconf 90' lang='lat'><strong>,</strong></span> 
     </span>
    </p>
   </div>
   <div class='ocr_carea' id='block_1_82' title="bbox 2107 3769 3675 3838">
    <p class='ocr_par' dir='ltr' id='par_1_82' title="bbox 2107 3769 3675 3838">
     <span class='ocr_line' id='line_1_82' title="bbox 2107 3769 3675 3838; baseline -0.002 -15"><span class='ocrx_word' id='word_1_562' title='bbox 2107 3780 2165 3824; x_wconf 81' lang='lat' dir='ltr'><strong>ut</strong></span> <span class='ocrx_word' id='word_1_563' title='bbox 2202 3770 2429 3823; x_wconf 85' lang='lat' dir='ltr'><strong>tollatur</strong></span> <span class='ocrx_word' id='word_1_564' title='bbox 2463 3771 2724 3837; x_wconf 82' lang='lat' dir='ltr'><strong>suspicio,</strong></span> <span class='ocrx_word' id='word_1_565' title='bbox 2761 3771 2907 3838; x_wconf 90' lang='lat' dir='ltr'><strong>quod</strong></span> <span class='ocrx_word' id='word_1_566' title='bbox 2932 3784 2963 3823; x_wconf 91' lang='lat' dir='ltr'><strong>e</strong></span> <span class='ocrx_word' id='word_1_567' title='bbox 3026 3770 3258 3823; x_wconf 85' lang='lat' dir='ltr'><strong>navibus</strong></span> <span class='ocrx_word' id='word_1_568' title='bbox 3305 3770 3418 3823; x_wconf 89' lang='lat' dir='ltr'><strong>suis</strong></span> <span class='ocrx_word' id='word_1_569' title='bbox 3481 3769 3675 3837; x_wconf 86' lang='lat' dir='ltr'><strong>guber-</strong></span> 
     </span>
    </p>
   </div>
   <div class='ocr_carea' id='block_1_83' title="bbox 2103 3848 3675 3935">
    <p class='ocr_par' dir='ltr' id='par_1_83' title="bbox 2103 3848 3675 3935">
     <span class='ocr_line' id='line_1_83' title="bbox 2103 3848 3675 3935; baseline -0.005 -14"><span class='ocrx_word' id='word_1_570' title='bbox 2103 3868 2295 3922; x_wconf 88' lang='lat' dir='ltr'><strong>nacula</strong></span> <span class='ocrx_word' id='word_1_571' title='bbox 2324 3867 2669 3935; x_wconf 87' lang='lat' dir='ltr'><strong>earbasaqne</strong></span> <span class='ocrx_word' id='word_1_572' title='bbox 2702 3848 2856 3934; x_wconf 87' lang='lat' dir='ltr'><strong>apud</strong></span> <span class='ocrx_word' id='word_1_573' title='bbox 2877 3865 3416 3935; x_wconf 86' lang='lat' dir='ltr'><strong>Constantinopolim</strong></span> <span class='ocrx_word' id='word_1_574' title='bbox 3438 3866 3490 3917; x_wconf 90' lang='lat' dir='ltr'><strong>in</strong></span> <span class='ocrx_word' id='word_1_575' title='bbox 3517 3864 3675 3916; x_wconf 86' lang='lat' dir='ltr'><strong>salvo</strong></span> 
     </span>
    </p>
   </div>
   <div class='ocr_carea' id='block_1_84' title="bbox 2102 3956 3675 4029">
    <p class='ocr_par' dir='ltr' id='par_1_84' title="bbox 2102 3956 3675 4029">
     <span class='ocr_line' id='line_1_84' title="bbox 2102 3956 3675 4029; baseline -0.003 -16"><span class='ocrx_word' id='word_1_576' title='bbox 2102 3961 2401 4029; x_wconf 86' lang='lat' dir='ltr'><strong>deponant.</strong></span> <span class='ocrx_word' id='word_1_577' title='bbox 2432 3957 2703 4025; x_wconf 81' lang='lat' dir='ltr'><strong>lndignati</strong></span> <span class='ocrx_word' id='word_1_578' title='bbox 2738 3958 3059 4014; x_wconf 85' lang='lat' dir='ltr'><strong>Genuenses</strong></span> <span class='ocrx_word' id='word_1_579' title='bbox 3090 3976 3103 4011; x_wconf 88' lang='lat'>:</span> <span class='ocrx_word' id='word_1_580' title='bbox 3138 3958 3206 4013; x_wconf 87' lang='lat' dir='ltr'><strong>Et</strong></span> <span class='ocrx_word' id='word_1_581' title='bbox 3237 3959 3282 4013; x_wconf 80' lang='lat' dir='ltr'><strong>si</strong></span> <span class='ocrx_word' id='word_1_582' title='bbox 3324 3973 3512 4027; x_wconf 81' lang='lat' dir='ltr'><strong>pacem</strong></span> <span class='ocrx_word' id='word_1_583' title='bbox 3572 3956 3675 4025; x_wconf 58' lang='lat' dir='ltr'><strong>(in.</strong></span> 
     </span>
    </p>
   </div>
   <div class='ocr_carea' id='block_1_85' title="bbox 2100 4050 3677 4123">
    <p class='ocr_par' dir='ltr' id='par_1_85' title="bbox 2100 4050 3677 4123">
     <span class='ocr_line' id='line_1_85' title="bbox 2100 4050 3677 4123; baseline 0.003 -20"><span class='ocrx_word' id='word_1_584' title='bbox 2100 4053 2315 4123; x_wconf 86' lang='lat' dir='ltr'><strong>quiunt)</strong></span> <span class='ocrx_word' id='word_1_585' title='bbox 2346 4055 2595 4107; x_wconf 89' lang='lat' dir='ltr'><strong>consulto</strong></span> <span class='ocrx_word' id='word_1_586' title='bbox 2616 4053 2782 4106; x_wconf 83' lang='lat' dir='ltr'><strong>etiam</strong></span> <span class='ocrx_word' id='word_1_587' title='bbox 2803 4054 3174 4122; x_wconf 87' lang='lat' dir='ltr'><strong>imperatoris,</strong></span> <span class='ocrx_word' id='word_1_588' title='bbox 3201 4067 3298 4122; x_wconf 91' lang='lat' dir='ltr'><strong>pro</strong></span> <span class='ocrx_word' id='word_1_589' title='bbox 3328 4053 3503 4106; x_wconf 72' lang='lat' dir='ltr'><strong>salute</strong></span> <span class='ocrx_word' id='word_1_590' title='bbox 3527 4050 3677 4107; x_wconf 54' lang='lat' dir='ltr'><strong>Crat--</strong></span> 
     </span>
    </p>
   </div>
   <div class='ocr_carea' id='block_1_86' title="bbox 2099 4143 3674 4213">
    <p class='ocr_par' dir='ltr' id='par_1_86' title="bbox 2099 4143 3674 4213">
     <span class='ocr_line' id='line_1_86' title="bbox 2099 4143 3674 4213; baseline -0.001 -16"><span class='ocrx_word' id='word_1_591' title='bbox 2099 4159 2309 4207; x_wconf 89' lang='lat' dir='ltr'><strong>eorum,</strong></span> <span class='ocrx_word' id='word_1_592' title='bbox 2342 4159 2465 4212; x_wconf 68' lang='lat' dir='ltr'><strong>quas</strong></span> <span class='ocrx_word' id='word_1_593' title='bbox 2516 4145 2824 4198; x_wconf 90' lang='lat' dir='ltr'><strong>communis</strong></span> <span class='ocrx_word' id='word_1_594' title='bbox 2852 4154 2957 4208; x_wconf 88' lang='lat' dir='ltr'><strong>est,</strong></span> <span class='ocrx_word' id='word_1_595' title='bbox 3004 4145 3185 4213; x_wconf 87' lang='lat' dir='ltr'><strong>aliqua</strong></span> <span class='ocrx_word' id='word_1_596' title='bbox 3217 4144 3383 4213; x_wconf 87' lang='lat' dir='ltr'><strong>proba</strong></span> <span class='ocrx_word' id='word_1_597' title='bbox 3419 4143 3674 4197; x_wconf 82' lang='lat' dir='ltr'><strong>dissimu-</strong></span> 
     </span>
    </p>
   </div>
   <div class='ocr_carea' id='block_1_87' title="bbox 2100 4232 3671 4305">
    <p class='ocr_par' dir='ltr' id='par_1_87' title="bbox 2100 4232 3671 4305">
     <span class='ocr_line' id='line_1_87' title="bbox 2100 4232 3671 4305; baseline -0.001 -17"><span class='ocrx_word' id='word_1_598' title='bbox 2100 4236 2301 4289; x_wconf 89' lang='lat' dir='ltr'><strong>latione</strong></span> <span class='ocrx_word' id='word_1_599' title='bbox 2357 4244 2742 4305; x_wconf 86' lang='lat' dir='ltr'><strong>supportamns</strong></span> <span class='ocrx_word' id='word_1_600' title='bbox 2779 4252 2904 4289; x_wconf 90' lang='lat' dir='ltr'><strong>cum</strong></span> <span class='ocrx_word' id='word_1_601' title='bbox 2958 4232 3194 4300; x_wconf 76' lang='lat' dir='ltr'><strong>Teucro,</strong></span> <span class='ocrx_word' id='word_1_602' title='bbox 3247 4235 3388 4290; x_wconf 89' lang='lat' dir='ltr'><strong>absit</strong></span> <span class='ocrx_word' id='word_1_603' title='bbox 3460 4244 3671 4289; x_wconf 91' lang='lat' dir='ltr'><strong>tantum</strong></span> 
     </span>
    </p>
   </div>
   <div class='ocr_carea' id='block_1_88' title="bbox 2100 4326 3673 4395">
    <p class='ocr_par' dir='ltr' id='par_1_88' title="bbox 2100 4326 3673 4395">
     <span class='ocr_line' id='line_1_88' title="bbox 2100 4326 3673 4395; baseline 0.001 -17"><span class='ocrx_word' id='word_1_604' title='bbox 2100 4327 2335 4391; x_wconf 87' lang='lat' dir='ltr'><strong>facinus,</strong></span> <span class='ocrx_word' id='word_1_605' title='bbox 2378 4337 2439 4381; x_wconf 91' lang='lat' dir='ltr'><strong>ut</strong></span> <span class='ocrx_word' id='word_1_606' title='bbox 2474 4326 2666 4380; x_wconf 85' lang='lat' dir='ltr'><strong>Peram</strong></span> <span class='ocrx_word' id='word_1_607' title='bbox 2713 4336 2825 4381; x_wconf 93' lang='lat' dir='ltr'><strong>toto</strong></span> <span class='ocrx_word' id='word_1_608' title='bbox 2869 4328 3002 4381; x_wconf 87' lang='lat' dir='ltr'><strong>orbe</strong></span> <span class='ocrx_word' id='word_1_609' title='bbox 3051 4327 3502 4395; x_wconf 80' lang='lat' dir='ltr'><strong>pulcherrimam,</strong></span> <span class='ocrx_word' id='word_1_610' title='bbox 3542 4342 3673 4380; x_wconf 83' lang='lat' dir='ltr'><strong>uxo-</strong></span> 
     </span>
    </p>
   </div>
   <div class='ocr_carea' id='block_1_89' title="bbox 2099 4417 3671 4487">
    <p class='ocr_par' dir='ltr' id='par_1_89' title="bbox 2099 4417 3671 4487">
     <span class='ocr_line' id='line_1_89' title="bbox 2099 4417 3671 4487; baseline 0 -19"><span class='ocrx_word' id='word_1_611' title='bbox 2099 4434 2209 4483; x_wconf 81' lang='lat' dir='ltr'><strong>res,</strong></span> <span class='ocrx_word' id='word_1_612' title='bbox 2250 4418 2472 4479; x_wconf 85' lang='lat' dir='ltr'><strong>liberos,</strong></span> <span class='ocrx_word' id='word_1_613' title='bbox 2508 4417 2912 4485; x_wconf 85' lang='lat' dir='ltr'><strong>thesaurosque</strong></span> <span class='ocrx_word' id='word_1_614' title='bbox 2941 4418 3262 4472; x_wconf 90' lang='lat' dir='ltr'><strong>deseramus</strong></span> <span class='ocrx_word' id='word_1_615' title='bbox 3292 4433 3455 4487; x_wconf 87' lang='lat' dir='ltr'><strong>quam</strong></span> <span class='ocrx_word' id='word_1_616' title='bbox 3495 4434 3671 4486; x_wconf 86' lang='lat' dir='ltr'><strong>usque</strong></span> 
     </span>
    </p>
   </div>
   <div class='ocr_carea' id='block_1_90' title="bbox 417 4505 3673 4581">
    <p class='ocr_par' dir='ltr' id='par_1_90' title="bbox 417 4505 3673 4581">
     <span class='ocr_line' id='line_1_90' title="bbox 417 4505 3673 4581; baseline 0 -20"><span class='ocrx_word' id='word_1_617' title='bbox 417 4523 508 4574; x_wconf 78' lang='lat' dir='ltr'><strong>tis,</strong></span> <span class='ocrx_word' id='word_1_618' title='bbox 540 4520 592 4563; x_wconf 86' lang='lat' dir='ltr'><strong>et</strong></span> <span class='ocrx_word' id='word_1_619' title='bbox 624 4508 914 4569; x_wconf 84' lang='lat' dir='ltr'><strong>machinis,</strong></span> <span class='ocrx_word' id='word_1_620' title='bbox 945 4506 1033 4558; x_wconf 87' lang='lat' dir='ltr'><strong>alii</strong></span> <span class='ocrx_word' id='word_1_621' title='bbox 1064 4505 1303 4560; x_wconf 77' lang='lat' dir='ltr'><strong>eonfnss&#39;:</strong></span> <span class='ocrx_word' id='word_1_622' title='bbox 1366 4508 1705 4569; x_wconf 86' lang='lat' dir='ltr'><strong>vulneribus,</strong></span> <span class='ocrx_word' id='word_1_623' title='bbox 1759 4507 1987 4561; x_wconf 66' lang='lat' dir='ltr'><strong>ﬂcltilcnt</strong></span> <span class='ocrx_word' id='word_1_624' title='bbox 2020 4524 2070 4581; x_wconf 75' lang='grc' dir='ltr'><strong>ι)</strong></span> <span class='ocrx_word' id='word_1_625' title='bbox 2100 4514 2164 4563; x_wconf 87' lang='lat' dir='ltr'><strong>ad</strong></span> <span class='ocrx_word' id='word_1_626' title='bbox 2192 4509 2481 4579; x_wconf 83' lang='lat' dir='ltr'><strong>sanguinis</strong></span> <span class='ocrx_word' id='word_1_627' title='bbox 2512 4507 3146 4564; x_wconf 81' lang='lat' dir='ltr'><strong>eﬂ&#39;ttsionemdefcusare</strong></span> <span class='ocrx_word' id='word_1_628' title='bbox 3167 4508 3533 4579; x_wconf 82' lang='lat' dir='ltr'><strong>disponimus.</strong></span> <span class='ocrx_word' id='word_1_629' title='bbox 3562 4508 3673 4563; x_wconf 86' lang='lat' dir='ltr'><strong>Gtt-</strong></span> 
     </span>
    </p>
   </div>
   <div class='ocr_carea' id='block_1_91' title="bbox 418 4599 1991 4669">
    <p class='ocr_par' dir='ltr' id='par_1_91' title="bbox 418 4599 1991 4669">
     <span class='ocr_line' id='line_1_91' title="bbox 418 4599 1991 4669; baseline 0.001 -15"><span class='ocrx_word' id='word_1_630' title='bbox 418 4605 718 4656; x_wconf 84' lang='lat' dir='ltr'><strong>t-xercitum</strong></span> <span class='ocrx_word' id='word_1_631' title='bbox 773 4599 1152 4653; x_wconf 86' lang='lat' dir='ltr'><strong>reddiderunt.</strong></span> <span class='ocrx_word' id='word_1_632' title='bbox 1200 4600 1509 4669; x_wconf 71' lang='lat' dir='ltr'><strong>Eratthttac</strong></span> <span class='ocrx_word' id='word_1_633' title='bbox 1541 4600 1860 4655; x_wconf 83' lang='lat' dir='ltr'><strong>invaserunt</strong></span> <span class='ocrx_word' id='word_1_634' title='bbox 1896 4618 1991 4656; x_wconf 87' lang='lat' dir='ltr'><strong>ua-</strong></span> 
     </span>
    </p>
   </div>
   <div class='ocr_carea' id='block_1_92' title="bbox 416 4692 1989 4748">
    <p class='ocr_par' dir='ltr' id='par_1_92' title="bbox 416 4692 1989 4748">
     <span class='ocr_line' id='line_1_92' title="bbox 416 4692 1989 4748; baseline 0.001 -2"><span class='ocrx_word' id='word_1_635' title='bbox 416 4712 509 4748; x_wconf 79' lang='lat' dir='ltr'><strong>vcs</strong></span> <span class='ocrx_word' id='word_1_636' title='bbox 542 4696 683 4747; x_wconf 88' lang='lat' dir='ltr'><strong>inter</strong></span> <span class='ocrx_word' id='word_1_637' title='bbox 747 4693 998 4746; x_wconf 81' lang='lat' dir='ltr'><strong>triremes</strong></span> <span class='ocrx_word' id='word_1_638' title='bbox 1053 4702 1107 4745; x_wconf 87' lang='lat' dir='ltr'><strong>et</strong></span> <span class='ocrx_word' id='word_1_639' title='bbox 1148 4692 1381 4744; x_wconf 84' lang='lat' dir='ltr'><strong>biremes</strong></span> <span class='ocrx_word' id='word_1_640' title='bbox 1442 4692 1669 4746; x_wconf 88' lang='lat' dir='ltr'><strong>circiter</strong></span> <span class='ocrx_word' id='word_1_641' title='bbox 1718 4692 1989 4748; x_wconf 60' lang='lat' dir='ltr'><strong>ducentae.</strong></span> 
     </span>
    </p>
   </div>
   <div class='ocr_carea' id='block_1_93' title="bbox 416 4783 1989 4853">
    <p class='ocr_par' dir='ltr' id='par_1_93' title="bbox 416 4783 1989 4853">
     <span class='ocr_line' id='line_1_93' title="bbox 416 4783 1989 4853; baseline 0.001 -19"><span class='ocrx_word' id='word_1_642' title='bbox 416 4785 653 4839; x_wconf 68' lang='lat' dir='ltr'><strong>Confusa</strong></span> <span class='ocrx_word' id='word_1_643' title='bbox 718 4792 846 4836; x_wconf 90' lang='lat' dir='ltr'><strong>tunc</strong></span> <span class='ocrx_word' id='word_1_644' title='bbox 881 4783 1024 4851; x_wconf 81' lang='lat' dir='ltr'><strong>regis</strong></span> <span class='ocrx_word' id='word_1_645' title='bbox 1053 4783 1277 4836; x_wconf 83' lang='lat' dir='ltr'><strong>ambitio</strong></span> <span class='ocrx_word' id='word_1_646' title='bbox 1305 4792 1408 4843; x_wconf 86' lang='lat' dir='ltr'><strong>est,</strong></span> <span class='ocrx_word' id='word_1_647' title='bbox 1452 4783 1710 4850; x_wconf 86' lang='lat' dir='ltr'><strong>parvique</strong></span> <span class='ocrx_word' id='word_1_648' title='bbox 1767 4798 1989 4853; x_wconf 89' lang='lat' dir='ltr'><strong>reputa-</strong></span> 
     </span>
    </p>
   </div>
   <div class='ocr_carea' id='block_1_94' title="bbox 420 4874 1988 4945">
    <p class='ocr_par' dir='ltr' id='par_1_94' title="bbox 420 4874 1988 4945">
     <span class='ocr_line' id='line_1_94' title="bbox 420 4874 1988 4945; baseline -0.003 -13"><span class='ocrx_word' id='word_1_649' title='bbox 420 4890 470 4932; x_wconf 82' lang='lat' dir='ltr'><strong>ta</strong></span> <span class='ocrx_word' id='word_1_650' title='bbox 500 4877 736 4945; x_wconf 86' lang='lat' dir='ltr'><strong>potentia</strong></span> <span class='ocrx_word' id='word_1_651' title='bbox 770 4875 915 4943; x_wconf 88' lang='lat' dir='ltr'><strong>quod</strong></span> <span class='ocrx_word' id='word_1_652' title='bbox 959 4884 1033 4927; x_wconf 87' lang='lat' dir='ltr'><strong>tot</strong></span> <span class='ocrx_word' id='word_1_653' title='bbox 1069 4875 1318 4926; x_wconf 75' lang='lat' dir='ltr'><strong>triremes</strong></span> <span class='ocrx_word' id='word_1_654' title='bbox 1372 4889 1559 4925; x_wconf 85' lang='lat' dir='ltr'><strong>navem</strong></span> <span class='ocrx_word' id='word_1_655' title='bbox 1599 4874 1787 4926; x_wconf 85' lang='lat' dir='ltr'><strong>saltem</strong></span> <span class='ocrx_word' id='word_1_656' title='bbox 1830 4890 1988 4927; x_wconf 87' lang='lat' dir='ltr'><strong>uuam</strong></span> 
     </span>
    </p>
   </div>
   <div class='ocr_carea' id='block_1_95' title="bbox 422 4961 1992 5036">
    <p class='ocr_par' dir='ltr' id='par_1_95' title="bbox 422 4961 1992 5036">
     <span class='ocr_line' id='line_1_95' title="bbox 422 4961 1992 5036; baseline -0.003 -15"><span class='ocrx_word' id='word_1_657' title='bbox 422 4988 527 5022; x_wconf 85' lang='lat' dir='ltr'><strong>non</strong></span> <span class='ocrx_word' id='word_1_658' title='bbox 552 4967 817 5036; x_wconf 82' lang='lat' dir='ltr'><strong>ceperint.</strong></span> <span class='ocrx_word' id='word_1_659' title='bbox 848 4963 1021 5017; x_wconf 81' lang='lat' dir='ltr'><strong>Naves</strong></span> <span class='ocrx_word' id='word_1_660' title='bbox 1043 4980 1172 5032; x_wconf 84' lang='lat' dir='ltr'><strong>ergo</strong></span> <span class='ocrx_word' id='word_1_661' title='bbox 1202 4961 1336 5028; x_wconf 85' lang='lat' dir='ltr'><strong>(Deo</strong></span> <span class='ocrx_word' id='word_1_662' title='bbox 1357 4965 1550 5033; x_wconf 80' lang='lat' dir='ltr'><strong>gratia)</strong></span> <span class='ocrx_word' id='word_1_663' title='bbox 1574 4979 1679 5017; x_wconf 89' lang='lat' dir='ltr'><strong>non</strong></span> <span class='ocrx_word' id='word_1_664' title='bbox 1704 4963 1864 5028; x_wconf 55' lang='lat' dir='ltr'><strong>ltesa‘,</strong></span> <span class='ocrx_word' id='word_1_665' title='bbox 1892 4980 1992 5017; x_wconf 86' lang='lat' dir='ltr'><strong>nee</strong></span> 
     </span>
    </p>
   </div>
   <div class='ocr_carea' id='block_1_96' title="bbox 421 5054 1995 5123">
    <p class='ocr_par' dir='ltr' id='par_1_96' title="bbox 421 5054 1995 5123">
     <span class='ocr_line' id='line_1_96' title="bbox 421 5054 1995 5123; baseline -0.001 -12"><span class='ocrx_word' id='word_1_666' title='bbox 421 5076 531 5113; x_wconf 87' lang='lat' dir='ltr'><strong>uno</strong></span> <span class='ocrx_word' id='word_1_667' title='bbox 582 5059 777 5112; x_wconf 78' lang='lat' dir='ltr'><strong>saltem</strong></span> <span class='ocrx_word' id='word_1_668' title='bbox 816 5056 1036 5109; x_wconf 83' lang='lat' dir='ltr'><strong>homine</strong></span> <span class='ocrx_word' id='word_1_669' title='bbox 1096 5054 1349 5123; x_wconf 81' lang='lat' dir='ltr'><strong>perdito,</strong></span> <span class='ocrx_word' id='word_1_670' title='bbox 1401 5056 1607 5122; x_wconf 85' lang='lat' dir='ltr'><strong>aliquot</strong></span> <span class='ocrx_word' id='word_1_671' title='bbox 1650 5066 1828 5107; x_wconf 87' lang='lat' dir='ltr'><strong>tamen</strong></span> <span class='ocrx_word' id='word_1_672' title='bbox 1881 5058 1995 5110; x_wconf 86' lang='lat' dir='ltr'><strong>vul-</strong></span> 
     </span>
    </p>
   </div>
   <div class='ocr_carea' id='block_1_97' title="bbox 422 5146 1995 5216">
    <p class='ocr_par' dir='ltr' id='par_1_97' title="bbox 422 5146 1995 5216">
     <span class='ocr_line' id='line_1_97' title="bbox 422 5146 1995 5216; baseline -0.003 -11"><span class='ocrx_word' id='word_1_673' title='bbox 422 5153 648 5215; x_wconf 80' lang='lat' dir='ltr'><strong>iteratis,</strong></span> <span class='ocrx_word' id='word_1_674' title='bbox 678 5159 841 5204; x_wconf 90' lang='lat' dir='ltr'><strong>noctu</strong></span> <span class='ocrx_word' id='word_1_675' title='bbox 897 5149 1061 5201; x_wconf 73' lang='lat' dir='ltr'><strong>salvae</strong></span> <span class='ocrx_word' id='word_1_676' title='bbox 1101 5146 1588 5216; x_wconf 84' lang='lat' dir='ltr'><strong>cutnqunnditate</strong></span> <span class='ocrx_word' id='word_1_677' title='bbox 1645 5156 1857 5213; x_wconf 90' lang='lat' dir='ltr'><strong>portum</strong></span> <span class='ocrx_word' id='word_1_678' title='bbox 1914 5148 1995 5200; x_wconf 89' lang='lat' dir='ltr'><strong>iu-</strong></span> 
     </span>
    </p>
   </div>
   <div class='ocr_carea' id='block_1_98' title="bbox 423 5238 1992 5307">
    <p class='ocr_par' dir='ltr' id='par_1_98' title="bbox 423 5238 1992 5307">
     <span class='ocr_line' id='line_1_98' title="bbox 423 5238 1992 5307; baseline -0.003 -11"><span class='ocrx_word' id='word_1_679' title='bbox 423 5253 586 5298; x_wconf 85' lang='lat' dir='ltr'><strong>trant.</strong></span> <span class='ocrx_word' id='word_1_680' title='bbox 655 5243 766 5296; x_wconf 76' lang='lat' dir='ltr'><strong>licx</strong></span> <span class='ocrx_word' id='word_1_681' title='bbox 800 5252 989 5295; x_wconf 87' lang='lat' dir='ltr'><strong>contra</strong></span> <span class='ocrx_word' id='word_1_682' title='bbox 1052 5240 1244 5293; x_wconf 81' lang='lat' dir='ltr'><strong>classis</strong></span> <span class='ocrx_word' id='word_1_683' title='bbox 1276 5238 1589 5306; x_wconf 79' lang='lat' dir='ltr'><strong>pra-fectum</strong></span> <span class='ocrx_word' id='word_1_684' title='bbox 1653 5238 1992 5307; x_wconf 83' lang='lat' dir='ltr'><strong>Baltltoglum</strong></span> 
     </span>
    </p>
   </div>
   <div class='ocr_carea' id='block_1_99' title="bbox 420 5323 1994 5405">
    <p class='ocr_par' dir='ltr' id='par_1_99' title="bbox 420 5323 1994 5405">
     <span class='ocr_line' id='line_1_99' title="bbox 420 5323 1994 5405; baseline -0.002 -16"><span class='ocrx_word' id='word_1_685' title='bbox 420 5338 622 5405; x_wconf 77' lang='lat' dir='ltr'><strong>oppido</strong></span> <span class='ocrx_word' id='word_1_686' title='bbox 649 5323 960 5402; x_wconf 84' lang='lat' dir='ltr'><strong>indignatus</strong></span> <span class='ocrx_word' id='word_1_687' title='bbox 985 5372 1001 5397; x_wconf 87' lang='lat'><strong>,</strong></span> <span class='ocrx_word' id='word_1_688' title='bbox 1038 5330 1291 5400; x_wconf 84' lang='lat' dir='ltr'><strong>precibus</strong></span> <span class='ocrx_word' id='word_1_689' title='bbox 1329 5329 1602 5383; x_wconf 81' lang='lat' dir='ltr'><strong>Barouum</strong></span> <span class='ocrx_word' id='word_1_690' title='bbox 1626 5340 1913 5385; x_wconf 75' lang='lat' dir='ltr'><strong>tconcessa</strong></span> <span class='ocrx_word' id='word_1_691' title='bbox 1946 5332 1994 5386; x_wconf 91' lang='lat' dir='ltr'><strong>ei</strong></span> 
     </span>
    </p>
   </div>
   <div class='ocr_carea' id='block_1_100' title="bbox 423 5422 1995 5492">
    <p class='ocr_par' dir='ltr' id='par_1_100' title="bbox 423 5422 1995 5492">
     <span class='ocr_line' id='line_1_100' title="bbox 423 5422 1995 5492; baseline -0.004 -10"><span class='ocrx_word' id='word_1_692' title='bbox 423 5432 552 5490; x_wconf 77' lang='lat' dir='ltr'><strong>vita,</strong></span> <span class='ocrx_word' id='word_1_693' title='bbox 583 5426 905 5481; x_wconf 86' lang='lat' dir='ltr'><strong>sententiam</strong></span> <span class='ocrx_word' id='word_1_694' title='bbox 946 5423 1089 5487; x_wconf 89' lang='lat' dir='ltr'><strong>tulit,</strong></span> <span class='ocrx_word' id='word_1_695' title='bbox 1123 5423 1269 5492; x_wconf 92' lang='lat' dir='ltr'><strong>quod</strong></span> <span class='ocrx_word' id='word_1_696' title='bbox 1300 5422 1475 5475; x_wconf 77' lang='lat' dir='ltr'><strong>cilicio</strong></span> <span class='ocrx_word' id='word_1_697' title='bbox 1522 5429 1575 5473; x_wconf 90' lang='lat' dir='ltr'><strong>et</strong></span> <span class='ocrx_word' id='word_1_698' title='bbox 1607 5422 1762 5477; x_wconf 90' lang='lat' dir='ltr'><strong>bonis</strong></span> <span class='ocrx_word' id='word_1_699' title='bbox 1812 5424 1995 5477; x_wconf 88' lang='lat' dir='ltr'><strong>omni-</strong></span> 
     </span>
    </p>
   </div>
   <div class='ocr_carea' id='block_1_101' title="bbox 424 5516 1994 5589">
    <p class='ocr_par' dir='ltr' id='par_1_101' title="bbox 424 5516 1994 5589">
     <span class='ocr_line' id='line_1_101' title="bbox 424 5516 1994 5589; baseline -0.004 -14"><span class='ocrx_word' id='word_1_700' title='bbox 424 5525 524 5575; x_wconf 85' lang='lat' dir='ltr'><strong>bus</strong></span> <span class='ocrx_word' id='word_1_701' title='bbox 548 5520 869 5589; x_wconf 78' lang='lat' dir='ltr'><strong>privaretur.</strong></span> <span class='ocrx_word' id='word_1_702' title='bbox 898 5516 1169 5585; x_wconf 78' lang='lat' dir='ltr'><strong>Cogitavit</strong></span> <span class='ocrx_word' id='word_1_703' title='bbox 1232 5517 1413 5583; x_wconf 86' lang='lat' dir='ltr'><strong>itaque</strong></span> <span class='ocrx_word' id='word_1_704' title='bbox 1450 5516 1576 5567; x_wconf 85' lang='lat' dir='ltr'><strong>odio</strong></span> <span class='ocrx_word' id='word_1_705' title='bbox 1641 5530 1908 5570; x_wconf 69' lang='lat' dir='ltr'><strong>acet-usus</strong></span> <span class='ocrx_word' id='word_1_706' title='bbox 1943 5517 1994 5569; x_wconf 92' lang='lat' dir='ltr'><strong>in</strong></span> 
     </span>
    </p>
   </div>
   <div class='ocr_carea' id='block_1_102' title="bbox 424 5603 1999 5672">
    <p class='ocr_par' dir='ltr' id='par_1_102' title="bbox 424 5603 1999 5672">
     <span class='ocr_line' id='line_1_102' title="bbox 424 5603 1999 5672; baseline -0.005 -8"><span class='ocrx_word' id='word_1_707' title='bbox 424 5627 590 5665; x_wconf 84' lang='lat' dir='ltr'><strong>naves</strong></span> <span class='ocrx_word' id='word_1_708' title='bbox 618 5624 683 5663; x_wconf 82' lang='lat' dir='ltr'><strong>ex</strong></span> <span class='ocrx_word' id='word_1_709' title='bbox 711 5607 845 5661; x_wconf 90' lang='lat' dir='ltr'><strong>colle</strong></span> <span class='ocrx_word' id='word_1_710' title='bbox 878 5605 1103 5669; x_wconf 68' lang='lat' dir='ltr'><strong>Galataz,</strong></span> <span class='ocrx_word' id='word_1_711' title='bbox 1132 5603 1381 5659; x_wconf 88' lang='lat' dir='ltr'><strong>orientali</strong></span> <span class='ocrx_word' id='word_1_712' title='bbox 1416 5604 1593 5672; x_wconf 79' lang='lat' dir='ltr'><strong>plaga,</strong></span> <span class='ocrx_word' id='word_1_713' title='bbox 1626 5604 1707 5655; x_wconf 87' lang='lat' dir='ltr'><strong>vel</strong></span> <span class='ocrx_word' id='word_1_714' title='bbox 1739 5620 1831 5654; x_wconf 83' lang='lat' dir='ltr'><strong>cas</strong></span> <span class='ocrx_word' id='word_1_715' title='bbox 1864 5604 1999 5671; x_wconf 88' lang='lat' dir='ltr'><strong>lapi-</strong></span> 
     </span>
    </p>
   </div>
   <div class='ocr_carea' id='block_1_103' title="bbox 420 5696 1994 5763">
    <p class='ocr_par' dir='ltr' id='par_1_103' title="bbox 420 5696 1994 5763">
     <span class='ocr_line' id='line_1_103' title="bbox 420 5696 1994 5763; baseline -0.004 -8"><span class='ocrx_word' id='word_1_716' title='bbox 420 5704 583 5757; x_wconf 82' lang='lat' dir='ltr'><strong>dibus</strong></span> <span class='ocrx_word' id='word_1_717' title='bbox 608 5699 979 5753; x_wconf 83' lang='lat' dir='ltr'><strong>machinarum</strong></span> <span class='ocrx_word' id='word_1_718' title='bbox 998 5696 1249 5757; x_wconf 86' lang='lat' dir='ltr'><strong>obruere,</strong></span> <span class='ocrx_word' id='word_1_719' title='bbox 1305 5696 1442 5748; x_wconf 90' lang='lat' dir='ltr'><strong>vela</strong></span> <span class='ocrx_word' id='word_1_720' title='bbox 1472 5703 1666 5748; x_wconf 87' lang='lat' dir='ltr'><strong>eatena</strong></span> <span class='ocrx_word' id='word_1_721' title='bbox 1703 5696 1994 5763; x_wconf 77' lang='lat' dir='ltr'><strong>depellere.</strong></span> 
     </span>
    </p>
   </div>
   <div class='ocr_carea' id='block_1_104' title="bbox 430 5786 1995 5864">
    <p class='ocr_par' dir='ltr' id='par_1_104' title="bbox 430 5786 1995 5864">
     <span class='ocr_line' id='line_1_104' title="bbox 430 5786 1995 5864; baseline -0.004 -15"><span class='ocrx_word' id='word_1_722' title='bbox 430 5791 715 5864; x_wconf 78' lang='lat' dir='ltr'><strong>Dispositis</strong></span> <span class='ocrx_word' id='word_1_723' title='bbox 788 5792 969 5863; x_wconf 79' lang='lat' dir='ltr'><strong>itaque</strong></span> <span class='ocrx_word' id='word_1_724' title='bbox 1022 5801 1077 5845; x_wconf 78' lang='lat' dir='ltr'><strong>ct</strong></span> <span class='ocrx_word' id='word_1_725' title='bbox 1145 5806 1205 5844; x_wconf 89' lang='lat' dir='ltr'><strong>ex</strong></span> <span class='ocrx_word' id='word_1_726' title='bbox 1274 5790 1391 5858; x_wconf 90' lang='lat' dir='ltr'><strong>ripa</strong></span> <span class='ocrx_word' id='word_1_727' title='bbox 1462 5786 1784 5841; x_wconf 68' lang='lat' dir='ltr'><strong>occidentali</strong></span> <span class='ocrx_word' id='word_1_728' title='bbox 1843 5788 1995 5844; x_wconf 88' lang='lat' dir='ltr'><strong>bom-</strong></span> 
     </span>
    </p>
   </div>
   <div class='ocr_carea' id='block_1_105' title="bbox 2101 4600 3671 4667">
    <p class='ocr_par' dir='ltr' id='par_1_105' title="bbox 2101 4600 3671 4667">
     <span class='ocr_line' id='line_1_105' title="bbox 2101 4600 3671 4667; baseline -0.003 -12"><span class='ocrx_word' id='word_1_729' title='bbox 2101 4601 2399 4655; x_wconf 84' lang='lat' dir='ltr'><strong>bernacula</strong></span> <span class='ocrx_word' id='word_1_730' title='bbox 2437 4600 2787 4667; x_wconf 87' lang='lat' dir='ltr'><strong>carbasaque</strong></span> <span class='ocrx_word' id='word_1_731' title='bbox 2822 4608 3132 4653; x_wconf 86' lang='lat' dir='ltr'><strong>nostrarum</strong></span> <span class='ocrx_word' id='word_1_732' title='bbox 3184 4600 3427 4665; x_wconf 84' lang='lat' dir='ltr'><strong>navium,</strong></span> <span class='ocrx_word' id='word_1_733' title='bbox 3464 4612 3531 4655; x_wconf 88' lang='lat' dir='ltr'><strong>ne</strong></span> <span class='ocrx_word' id='word_1_734' title='bbox 3561 4601 3671 4653; x_wconf 87' lang='lat' dir='ltr'><strong>exi-</strong></span> 
     </span>
    </p>
   </div>
   <div class='ocr_carea' id='block_1_106' title="bbox 2094 4692 3669 4763">
    <p class='ocr_par' dir='ltr' id='par_1_106' title="bbox 2094 4692 3669 4763">
     <span class='ocr_line' id='line_1_106' title="bbox 2094 4692 3669 4763; baseline -0.002 -18"><span class='ocrx_word' id='word_1_735' title='bbox 2094 4712 2200 4761; x_wconf 82' lang='lat' dir='ltr'><strong>guo</strong></span> <span class='ocrx_word' id='word_1_736' title='bbox 2236 4694 2414 4761; x_wconf 88' lang='lat' dir='ltr'><strong>pretio</strong></span> <span class='ocrx_word' id='word_1_737' title='bbox 2447 4693 2690 4763; x_wconf 82' lang='lat' dir='ltr'><strong>inclytus</strong></span> <span class='ocrx_word' id='word_1_738' title='bbox 2713 4692 2917 4747; x_wconf 73' lang='lat' dir='ltr'><strong>Genua:</strong></span> <span class='ocrx_word' id='word_1_739' title='bbox 2947 4693 3118 4747; x_wconf 92' lang='lat' dir='ltr'><strong>decor</strong></span> <span class='ocrx_word' id='word_1_740' title='bbox 3153 4692 3295 4761; x_wconf 88' lang='lat' dir='ltr'><strong>apud</strong></span> <span class='ocrx_word' id='word_1_741' title='bbox 3324 4708 3422 4747; x_wconf 87' lang='lat' dir='ltr'><strong>vos</strong></span> <span class='ocrx_word' id='word_1_742' title='bbox 3448 4693 3539 4752; x_wconf 88' lang='lat' dir='ltr'><strong>sit,</strong></span> <span class='ocrx_word' id='word_1_743' title='bbox 3563 4707 3669 4745; x_wconf 86' lang='lat' dir='ltr'><strong>non</strong></span> 
     </span>
    </p>
   </div>
   <div class='ocr_carea' id='block_1_107' title="bbox 2095 4781 3673 4853">
    <p class='ocr_par' dir='ltr' id='par_1_107' title="bbox 2095 4781 3673 4853">
     <span class='ocr_line' id='line_1_107' title="bbox 2095 4781 3673 4853; baseline -0.003 -14"><span class='ocrx_word' id='word_1_744' title='bbox 2095 4786 2148 4839; x_wconf 93' lang='lat' dir='ltr'><strong>in</strong></span> <span class='ocrx_word' id='word_1_745' title='bbox 2186 4784 2360 4839; x_wconf 88' lang='lat' dir='ltr'><strong>aliena</strong></span> <span class='ocrx_word' id='word_1_746' title='bbox 2392 4793 2680 4853; x_wconf 90' lang='lat' dir='ltr'><strong>potestate,</strong></span> <span class='ocrx_word' id='word_1_747' title='bbox 2709 4782 2804 4838; x_wconf 82' lang='lat' dir='ltr'><strong>sed</strong></span> <span class='ocrx_word' id='word_1_748' title='bbox 2838 4786 2887 4836; x_wconf 90' lang='lat' dir='ltr'><strong>in</strong></span> <span class='ocrx_word' id='word_1_749' title='bbox 2922 4792 3110 4837; x_wconf 87' lang='lat' dir='ltr'><strong>nostra</strong></span> <span class='ocrx_word' id='word_1_750' title='bbox 3136 4784 3494 4839; x_wconf 85' lang='lat' dir='ltr'><strong>servabimus.</strong></span> <span class='ocrx_word' id='word_1_751' title='bbox 3524 4781 3673 4836; x_wconf 80' lang='lat' dir='ltr'><strong>Nitit-</strong></span> 
     </span>
    </p>
   </div>
   <div class='ocr_carea' id='block_1_108' title="bbox 2093 4875 3668 4948">
    <p class='ocr_par' dir='ltr' id='par_1_108' title="bbox 2093 4875 3668 4948">
     <span class='ocr_line' id='line_1_108' title="bbox 2093 4875 3668 4948; baseline -0.002 -18"><span class='ocrx_word' id='word_1_752' title='bbox 2093 4894 2253 4947; x_wconf 90' lang='lat' dir='ltr'><strong>qnam</strong></span> <span class='ocrx_word' id='word_1_753' title='bbox 2281 4878 2419 4948; x_wconf 75' lang='lat' dir='ltr'><strong>fugae</strong></span> <span class='ocrx_word' id='word_1_754' title='bbox 2443 4878 2664 4931; x_wconf 86' lang='lat' dir='ltr'><strong>licentia</strong></span> <span class='ocrx_word' id='word_1_755' title='bbox 2685 4878 2844 4931; x_wconf 80' lang='lat' dir='ltr'><strong>nobis</strong></span> <span class='ocrx_word' id='word_1_756' title='bbox 2862 4878 3044 4939; x_wconf 89' lang='lat' dir='ltr'><strong>datur,</strong></span> <span class='ocrx_word' id='word_1_757' title='bbox 3078 4876 3125 4932; x_wconf 90' lang='lat' dir='ltr'><strong>si</strong></span> <span class='ocrx_word' id='word_1_758' title='bbox 3152 4892 3239 4931; x_wconf 77' lang='lat' dir='ltr'><strong>res</strong></span> <span class='ocrx_word' id='word_1_759' title='bbox 3262 4887 3485 4931; x_wconf 83' lang='lat' dir='ltr'><strong>nostras</strong></span> <span class='ocrx_word' id='word_1_760' title='bbox 3515 4875 3668 4931; x_wconf 88' lang='lat' dir='ltr'><strong>arbi-</strong></span> 
     </span>
    </p>
   </div>
   <div class='ocr_carea' id='block_1_109' title="bbox 2097 4970 3669 5039">
    <p class='ocr_par' dir='ltr' id='par_1_109' title="bbox 2097 4970 3669 5039">
     <span class='ocr_line' id='line_1_109' title="bbox 2097 4970 3669 5039; baseline -0.004 -15"><span class='ocrx_word' id='word_1_761' title='bbox 2097 4970 2202 5024; x_wconf 92' lang='lat' dir='ltr'><strong>trio</strong></span> <span class='ocrx_word' id='word_1_762' title='bbox 2236 4982 2428 5025; x_wconf 90' lang='lat' dir='ltr'><strong>nostro</strong></span> <span class='ocrx_word' id='word_1_763' title='bbox 2461 4985 2765 5027; x_wconf 88' lang='lat' dir='ltr'><strong>servamus.</strong></span> <span class='ocrx_word' id='word_1_764' title='bbox 2802 4970 2998 5022; x_wconf 81' lang='lat' dir='ltr'><strong>Pacata</strong></span> <span class='ocrx_word' id='word_1_765' title='bbox 3028 4970 3257 5039; x_wconf 79' lang='lat' dir='ltr'><strong>posthac</strong></span> <span class='ocrx_word' id='word_1_766' title='bbox 3280 4977 3477 5023; x_wconf 90' lang='lat' dir='ltr'><strong>cuncta</strong></span> <span class='ocrx_word' id='word_1_767' title='bbox 3519 4973 3669 5029; x_wconf 87' lang='lat' dir='ltr'><strong>sunt,</strong></span> 
     </span>
    </p>
   </div>
   <div class='ocr_carea' id='block_1_110' title="bbox 2096 5059 3672 5131">
    <p class='ocr_par' dir='ltr' id='par_1_110' title="bbox 2096 5059 3672 5131">
     <span class='ocr_line' id='line_1_110' title="bbox 2096 5059 3672 5131; baseline -0.003 -16"><span class='ocrx_word' id='word_1_768' title='bbox 2096 5063 2382 5131; x_wconf 74' lang='lat' dir='ltr'><strong>agentibus</strong></span> <span class='ocrx_word' id='word_1_769' title='bbox 2408 5059 2630 5115; x_wconf 81' lang='lat' dir='ltr'><strong>Venetis</strong></span> <span class='ocrx_word' id='word_1_770' title='bbox 2659 5062 2724 5113; x_wconf 86' lang='lat' dir='ltr'><strong>de</strong></span> <span class='ocrx_word' id='word_1_771' title='bbox 2744 5062 3059 5116; x_wconf 83' lang='lat' dir='ltr'><strong>triremibus</strong></span> <span class='ocrx_word' id='word_1_772' title='bbox 3083 5061 3223 5123; x_wconf 88' lang='lat' dir='ltr'><strong>suis,</strong></span> <span class='ocrx_word' id='word_1_773' title='bbox 3245 5061 3323 5115; x_wconf 86' lang='lat' dir='ltr'><strong>uti</strong></span> <span class='ocrx_word' id='word_1_774' title='bbox 3354 5060 3672 5114; x_wconf 84' lang='lat' dir='ltr'><strong>voluissent.</strong></span> 
     </span>
    </p>
   </div>
   <div class='ocr_carea' id='block_1_111' title="bbox 2165 5150 3669 5223">
    <p class='ocr_par' dir='ltr' id='par_1_111' title="bbox 2165 5150 3669 5223">
     <span class='ocr_line' id='line_1_111' title="bbox 2165 5150 3669 5223; baseline -0.003 -15"><span class='ocrx_word' id='word_1_775' title='bbox 2165 5155 2455 5209; x_wconf 85' lang='lat' dir='ltr'><strong>Crescente</strong></span> <span class='ocrx_word' id='word_1_776' title='bbox 2480 5154 2822 5223; x_wconf 89' lang='lat' dir='ltr'><strong>postmodum</strong></span> <span class='ocrx_word' id='word_1_777' title='bbox 2865 5154 3471 5221; x_wconf 81' lang='lat' dir='ltr'><strong>angustia,consultum</strong></span> <span class='ocrx_word' id='word_1_778' title='bbox 3493 5150 3599 5215; x_wconf 79' lang='lat' dir='ltr'><strong>est,</strong></span> <span class='ocrx_word' id='word_1_779' title='bbox 3626 5154 3669 5204; x_wconf 82' lang='lat' dir='ltr'><strong>si</strong></span> 
     </span>
    </p>
   </div>
   <div class='ocr_carea' id='block_1_112' title="bbox 2098 5244 3672 5317">
    <p class='ocr_par' dir='ltr' id='par_1_112' title="bbox 2098 5244 3672 5317">
     <span class='ocr_line' id='line_1_112' title="bbox 2098 5244 3672 5317; baseline -0.001 -19"><span class='ocrx_word' id='word_1_780' title='bbox 2098 5262 2208 5317; x_wconf 91' lang='lat' dir='ltr'><strong>quo</strong></span> <span class='ocrx_word' id='word_1_781' title='bbox 2241 5248 2402 5301; x_wconf 88' lang='lat' dir='ltr'><strong>modo</strong></span> <span class='ocrx_word' id='word_1_782' title='bbox 2430 5246 2776 5300; x_wconf 87' lang='lat' dir='ltr'><strong>intromissas</strong></span> <span class='ocrx_word' id='word_1_783' title='bbox 2806 5245 3041 5298; x_wconf 83' lang='lat' dir='ltr'><strong>hostium</strong></span> <span class='ocrx_word' id='word_1_784' title='bbox 3100 5244 3273 5299; x_wconf 72' lang='lat' dir='ltr'><strong>fustes</strong></span> <span class='ocrx_word' id='word_1_785' title='bbox 3305 5261 3461 5300; x_wconf 87' lang='lat' dir='ltr'><strong>urere</strong></span> <span class='ocrx_word' id='word_1_786' title='bbox 3502 5247 3672 5299; x_wconf 91' lang='lat' dir='ltr'><strong>nostri</strong></span> 
     </span>
    </p>
   </div>
   <div class='ocr_carea' id='block_1_113' title="bbox 2098 5337 3673 5407">
    <p class='ocr_par' dir='ltr' id='par_1_113' title="bbox 2098 5337 3673 5407">
     <span class='ocr_line' id='line_1_113' title="bbox 2098 5337 3673 5407; baseline -0.001 -16"><span class='ocrx_word' id='word_1_787' title='bbox 2098 5348 2323 5407; x_wconf 68' lang='lat' dir='ltr'><strong>pessent</strong></span> <span class='ocrx_word' id='word_1_788' title='bbox 2351 5358 2363 5391; x_wconf 92' lang='lat'><strong>:</strong></span> <span class='ocrx_word' id='word_1_789' title='bbox 2395 5340 2762 5407; x_wconf 89' lang='lat' dir='ltr'><strong>elanculoque</strong></span> <span class='ocrx_word' id='word_1_790' title='bbox 2814 5354 2917 5390; x_wconf 89' lang='lat' dir='ltr'><strong>una</strong></span> <span class='ocrx_word' id='word_1_791' title='bbox 2942 5338 3159 5391; x_wconf 88' lang='lat' dir='ltr'><strong>dierum</strong></span> <span class='ocrx_word' id='word_1_792' title='bbox 3184 5346 3313 5390; x_wconf 88' lang='lat' dir='ltr'><strong>ante</strong></span> <span class='ocrx_word' id='word_1_793' title='bbox 3343 5338 3518 5391; x_wconf 91' lang='lat' dir='ltr'><strong>lucem</strong></span> <span class='ocrx_word' id='word_1_794' title='bbox 3542 5337 3673 5389; x_wconf 89' lang='lat' dir='ltr'><strong>dua-</strong></span> 
     </span>
    </p>
   </div>
   <div class='ocr_carea' id='block_1_114' title="bbox 2100 5428 3667 5499">
    <p class='ocr_par' dir='ltr' id='par_1_114' title="bbox 2100 5428 3667 5499">
     <span class='ocr_line' id='line_1_114' title="bbox 2100 5428 3667 5499; baseline -0.003 -15"><span class='ocrx_word' id='word_1_795' title='bbox 2100 5429 2201 5484; x_wconf 92' lang='lat' dir='ltr'><strong>bus</strong></span> <span class='ocrx_word' id='word_1_796' title='bbox 2242 5432 2474 5483; x_wconf 71' lang='lat' dir='ltr'><strong>navibus</strong></span> <span class='ocrx_word' id='word_1_797' title='bbox 2506 5447 2601 5499; x_wconf 90' lang='lat' dir='ltr'><strong>per</strong></span> <span class='ocrx_word' id='word_1_798' title='bbox 2637 5432 2901 5483; x_wconf 72' lang='lat' dir='ltr'><strong>Joannem</strong></span> <span class='ocrx_word' id='word_1_799' title='bbox 2926 5428 3297 5483; x_wconf 76' lang='lat' dir='ltr'><strong>Justinianum</strong></span> <span class='ocrx_word' id='word_1_800' title='bbox 3320 5429 3667 5495; x_wconf 84' lang='lat' dir='ltr'><strong>capitaneum</strong></span> 
     </span>
    </p>
   </div>
   <div class='ocr_carea' id='block_1_115' title="bbox 2100 5521 3665 5589">
    <p class='ocr_par' dir='ltr' id='par_1_115' title="bbox 2100 5521 3665 5589">
     <span class='ocr_line' id='line_1_115' title="bbox 2100 5521 3665 5589; baseline 0 -16"><span class='ocrx_word' id='word_1_801' title='bbox 2100 5522 2406 5589; x_wconf 77' lang='lat' dir='ltr'><strong>dispositis,</strong></span> <span class='ocrx_word' id='word_1_802' title='bbox 2437 5537 2560 5575; x_wconf 90' lang='lat' dir='ltr'><strong>cum</strong></span> <span class='ocrx_word' id='word_1_803' title='bbox 2588 5523 2797 5589; x_wconf 90' lang='lat' dir='ltr'><strong>aliquot</strong></span> <span class='ocrx_word' id='word_1_804' title='bbox 2826 5521 3130 5575; x_wconf 91' lang='lat' dir='ltr'><strong>biremibus</strong></span> <span class='ocrx_word' id='word_1_805' title='bbox 3159 5521 3227 5573; x_wconf 78' lang='lat' dir='ltr'><strong>ad</strong></span> <span class='ocrx_word' id='word_1_806' title='bbox 3250 5522 3425 5589; x_wconf 89' lang='lat' dir='ltr'><strong>ripam</strong></span> <span class='ocrx_word' id='word_1_807' title='bbox 3464 5522 3665 5573; x_wconf 83' lang='lat' dir='ltr'><strong>vehen-</strong></span> 
     </span>
    </p>
   </div>
   <div class='ocr_carea' id='block_1_116' title="bbox 2100 5612 3664 5680">
    <p class='ocr_par' dir='ltr' id='par_1_116' title="bbox 2100 5612 3664 5680">
     <span class='ocr_line' id='line_1_116' title="bbox 2100 5612 3664 5680; baseline 0.001 -15"><span class='ocrx_word' id='word_1_808' title='bbox 2100 5612 2208 5673; x_wconf 65' lang='lat' dir='ltr'><strong>dis,</strong></span> <span class='ocrx_word' id='word_1_809' title='bbox 2243 5624 2432 5680; x_wconf 86' lang='lat' dir='ltr'><strong>parato</strong></span> <span class='ocrx_word' id='word_1_810' title='bbox 2455 5613 2578 5666; x_wconf 91' lang='lat' dir='ltr'><strong>foco</strong></span> <span class='ocrx_word' id='word_1_811' title='bbox 2606 5624 2659 5667; x_wconf 91' lang='lat' dir='ltr'><strong>et</strong></span> <span class='ocrx_word' id='word_1_812' title='bbox 2686 5613 2955 5667; x_wconf 89' lang='lat' dir='ltr'><strong>machinis</strong></span> <span class='ocrx_word' id='word_1_813' title='bbox 2992 5632 3003 5665; x_wconf 90' lang='lat'>:</span> <span class='ocrx_word' id='word_1_814' title='bbox 3034 5614 3089 5666; x_wconf 83' lang='lat' dir='ltr'><strong>fit</strong></span> <span class='ocrx_word' id='word_1_815' title='bbox 3122 5613 3381 5667; x_wconf 88' lang='lat' dir='ltr'><strong>detractis</strong></span> <span class='ocrx_word' id='word_1_816' title='bbox 3412 5614 3664 5675; x_wconf 82' lang='lat' dir='ltr'><strong>navibus,</strong></span> 
     </span>
    </p>
   </div>
   <div class='ocr_carea' id='block_1_117' title="bbox 2102 5703 3667 5774">
    <p class='ocr_par' dir='ltr' id='par_1_117' title="bbox 2102 5703 3667 5774">
     <span class='ocr_line' id='line_1_117' title="bbox 2102 5703 3667 5774; baseline 0.003 -17"><span class='ocrx_word' id='word_1_817' title='bbox 2102 5705 2230 5757; x_wconf 79' lang='lat' dir='ltr'><strong>datu</strong></span> <span class='ocrx_word' id='word_1_818' title='bbox 2256 5703 2471 5764; x_wconf 87' lang='lat' dir='ltr'><strong>ordine,</strong></span> <span class='ocrx_word' id='word_1_819' title='bbox 2508 5714 2566 5758; x_wconf 88' lang='lat' dir='ltr'><strong>ut</strong></span> <span class='ocrx_word' id='word_1_820' title='bbox 2598 5704 2808 5774; x_wconf 69' lang='lat' dir='ltr'><strong>cymba:</strong></span> <span class='ocrx_word' id='word_1_821' title='bbox 2834 5712 3014 5766; x_wconf 61' lang='lat' dir='ltr'><strong>recta,</strong></span> <span class='ocrx_word' id='word_1_822' title='bbox 3062 5721 3196 5774; x_wconf 84' lang='lat' dir='ltr'><strong>quas</strong></span> <span class='ocrx_word' id='word_1_823' title='bbox 3245 5706 3499 5761; x_wconf 84' lang='lat' dir='ltr'><strong>barbotas</strong></span> <span class='ocrx_word' id='word_1_824' title='bbox 3531 5706 3667 5761; x_wconf 55' lang='lat' dir='ltr'><strong>dicis</strong></span> 
     </span>
    </p>
   </div>
   <div class='ocr_carea' id='block_1_118' title="bbox 2108 5798 3669 5867">
    <p class='ocr_par' dir='ltr' id='par_1_118' title="bbox 2108 5798 3669 5867">
     <span class='ocr_line' id='line_1_118' title="bbox 2108 5798 3669 5867; baseline 0.003 -19"><span class='ocrx_word' id='word_1_825' title='bbox 2108 5799 2601 5865; x_wconf 81' lang='lat' dir='ltr'><strong>mus,biicmcsque</strong></span> <span class='ocrx_word' id='word_1_826' title='bbox 2632 5808 2993 5867; x_wconf 67' lang='lat' dir='ltr'><strong>sequerentur</strong></span> <span class='ocrx_word' id='word_1_827' title='bbox 3042 5812 3056 5850; x_wconf 89' lang='lat'>:</span> <span class='ocrx_word' id='word_1_828' title='bbox 3098 5798 3199 5853; x_wconf 86' lang='lat' dir='ltr'><strong>hoc</strong></span> <span class='ocrx_word' id='word_1_829' title='bbox 3234 5799 3355 5855; x_wconf 85' lang='lat' dir='ltr'><strong>idco</strong></span> <span class='ocrx_word' id='word_1_830' title='bbox 3390 5809 3445 5853; x_wconf 92' lang='lat' dir='ltr'><strong>ut</strong></span> <span class='ocrx_word' id='word_1_831' title='bbox 3496 5800 3669 5853; x_wconf 82' lang='lat' dir='ltr'><strong>muni-</strong></span> 
     </span>
    </p>
   </div>
  </div>
