4230 6280
414 325 523 386 933

1524 326 1565 384 li
1579 326 1618 383 Ε
1651 323 2265 384 EXPUGNATIONE
2309 322 2600 382 (TPOLIS.

3557 331 3672 396 934

415 447 483 493 tte
501 438 678 494 saccis
719 438 840 490 lana
880 436 1054 507 plenis
1085 449 1276 501 naves,
1310 435 1460 504 prius
1492 452 1554 490 es
1591 438 1864 493 machinis
1897 452 1990 491 ac-
2023 443 2067 498 Α
2097 438 2430 492 excedebant
2466 455 2480 490 :
2530 438 2742 505 reliqui,
2775 437 2889 490 sive
2914 435 3256 503 Genuenscs,
3298 439 3412 495 sive
3459 442 3672 507 Veneti,

412 531 922 602 ciperentlapidum
975 531 1140 584 irtus.

489 627 552 677 At
573 622 811 677 Jacobus
839 622 1043 686 Cocha,
1070 625 1152 676 vir
1177 619 1438 686 Venetus,
1459 633 1730 676 armatam
1755 636 1821 676 ex
1848 635 1984 675 trau-

418 718 486 771 tis
509 716 818 771 triremium
842 713 1175 768 Venetorum
1198 715 1267 766 im
1279 714 1538 781 perialetu
1571 714 1832 768 biremem
1861 713 1986 783 jux-

419 820 471 863 ta
501 809 753 863 ordinem
787 810 993 870 datum,
1025 809 1211 877 gloria:
1248 822 1300 864 et
1324 809 1553 863 honoris
1587 808 1807 870 avidus.
1842 807 1992 860 laxa-

417 905 486 954 tis
529 901 717 963 remis,
769 899 1188 968 praevenientem
1265 901 1590 962 euuwrtit;
1638 913 1874 966 mosque
1931 903 1992 952 ut

416 994 484 1046 ab
509 994 756 1045 hostibus
773 991 1197 1060 cernitur(heul
1223 1006 1438 1059 gravem
1464 1002 1666 1044 sortem
1689 989 1730 1058 ε)
1771 1004 1802 1042 e
1835 989 1989 1042 bom-

418 1084 585 1137 barda
607 1082 783 1151 lapide
804 1084 987 1136 medio
1003 1092 1318 1150 penetratur
1343 1097 1357 1134 :
1387 1097 1511 1135 cum
1537 1081 1793 1136 omnibus
1813 1095 1993 1134 arma-

415 1177 487 1229 tis
511 1189 731 1241 tequore
753 1172 977 1227 biremis
1003 1174 1352 1228 absorbetur.
1391 1173 1509 1227 Heu
1536 1175 1550 1226 ι
1583 1173 1744 1226 Pater
1784 1171 1987 1226 beatis-

414 1267 570 1327 sime.
617 1279 782 1336 grave
815 1262 1112 1319 discrimen
1149 1274 1208 1317 ut
1250 1280 1362 1318 uno
1419 1264 1533 1318 ictu
1569 1261 1806 1331 Neptuni
1834 1261 1991 1316 furor

420 1355 772 1411 iintncrserit.
799 1354 1016 1409 Etenim
1045 1365 1134 1410 res
1152 1355 1266 1409 haec
1287 1354 1504 1410 detecta
1538 1354 1819 1422 relataque
1848 1353 1993 1408 Teu-

417 1453 529 1506 cris
544 1449 677 1519 agit,
697 1449 901 1503 utdum
935 1447 1107 1503 nostri
1141 1457 1426 1518 percutere
1447 1445 1808 1514 voluere,ipsi
1840 1445 1992 1514 prius

423 1543 668 1611 percussi
722 1541 858 1596 sint.
904 1539 1010 1595 Sed
1031 1539 1162 1609 quid
1189 1541 1390 1605 dicam,
1440 1538 1757 1594 beatissime
1796 1538 1995 1593 Pater?

416 1637 761 1688 Acutsarcne
820 1635 1124 1703 quempiam
1168 1632 1341 1686 licet!
1399 1632 1672 1687 silendum
1722 1631 1855 1688 mihi
1886 1639 1994 1685 est.

415 1728 520 1791 Qui
552 1740 717 1780 casus
738 1726 1016 1780 acerbum
1050 1724 1261 1779 luctum
1289 1725 1493 1780 nostris
1519 1725 1710 1791 dedit;
1743 1737 1798 1778 et
1846 1724 1992 1777 unde

2098 544 2224 583 cum
2264 531 2348 583 his
2378 530 2471 598 qui
2500 545 2565 582 ex
2608 529 2737 583 Pera
2773 529 2913 582 clam
2945 530 3010 584 ad
3046 531 3362 597 przesidiun't
3424 547 3679 588 accesse-

2113 630 2262 682 rant,
2294 622 2380 673 vix
2413 636 2686 674 summam
2745 620 2906 674 trium
2955 621 3181 675 millium
3213 622 3517 688 aequabant.
3570 625 3676 679 Sed

2097 712 2227 781 quid
2259 713 2470 780 agimus
2491 714 2542 764 in
2569 724 2662 766 ore
2693 713 2905 766 leonis?
2935 724 3006 782 qtt
3033 713 3063 764 tl
3096 716 3316 768 formica
3334 715 3386 768 in
3413 723 3508 769 ore
3527 719 3680 770 ursi?

2098 807 2228 875 quid
2256 821 2398 858 unus
2422 814 2613 859 contra
2641 806 2787 858 mille
2818 806 2842 856 ?
2872 805 3082 858 Etenim
3114 812 3284 860 nostri
3330 810 3414 861 vix
3488 808 3676 863 urbem

2100 905 2268 966 ponto
2295 902 2549 965 terraque
2572 897 2852 949 obStSsatn
2898 899 3491 967 eircutnv‘allatatuque,
3515 915 3678 969 quant

2098 988 2400 1043 cetodecim
2461 989 2714 1043 milliaria
2749 988 3212 1057 complectuntur,
3261 993 3602 1046 muniebant.

2175 1079 2300 1145 Sed,
2338 1095 2371 1133 ο
2405 1079 2718 1134 Grrccorutn
2745 1082 3102 1150 impietatem,
3139 1089 3172 1135 ’o
3203 1085 3394 1151 patria:
3432 1082 3681 1154 prodito-

2103 1185 2209 1234 res,
2242 1188 2272 1223 o
2300 1184 2497 1224 avaros
2533 1172 2706 1241 lquos
2724 1188 2846 1226 cum
2877 1181 3252 1241 saepenuu'tero
3277 1174 3531 1246 lacryutis
3552 1192 3680 1244 per-

2102 1260 2255 1316 fusus
2279 1263 2438 1332 inops
2471 1262 2770 1332 imperator
2795 1273 3043 1332 rogasset
3068 1269 3234 1334 utpro
3261 1265 3527 1323 militibus
3549 1283 3679 1320 con-

2099 1353 2363 1409 dncendis
2389 1354 2674 1423 pecuniam
2707 1361 3041 1415 mutuarent.
3063 1356 3320 1424 jurabaut
3348 1372 3408 1413 se
3461 1357 3675 1428 inopes.

2101 1445 2515 1513 exhaustosque
2568 1445 2800 1514 penuria
2858 1436 3190 1513 temporum,
3258 1462 3401 1515 quos
3448 1452 3680 1516 posthac

2102 1536 2406 1592 ditissimus
2423 1537 2596 1592 beatis
2621 1536 2854 1592 invenit.
2871 1538 2916 1589 Α
2948 1538 3132 1607 paucis
3149 1539 3506 1595 nihilominus
3525 1556 3676 1610 quur

2101 1630 2227 1682 dam
2266 1633 2518 1685 ultronea
2551 1629 2761 1684 oblatio
2793 1627 2937 1683 facta
2961 1635 3067 1685 est.
3115 1629 3424 1686 Cartiinalis
3493 1632 3677 1687 hercle

2104 1737 2267 1777 omne
2296 1721 2533 1777 studium
2565 1719 2812 1778 adhibuit
2835 1720 3133 1778 inferenda
3155 1736 3279 1794 ope.
3309 1727 3364 1778 lu
3392 1724 3675 1781 tlrtuantlis

415 1821 688 1882 exierunt,
727 1831 894 1872 naves
914 1831 1041 1872 cum
1062 1814 1392 1876 confusione
1424 1817 1677 1871 retraxit.
1732 1814 1809 1870 Ex
1839 1831 1989 1869 tner-
2020 1841 2066 1913 Β
2103 1811 2349 1869 turribus
2375 1823 2430 1868 et
2465 1826 2646 1867 muro.

416 1911 491 1965 sis
531 1911 659 1965 inde
683 1918 1114 1978 supernatantea
1135 1909 1361 1977 quidam
1382 1908 1450 1962 ad
1485 1907 1642 1963 littus
1691 1912 1985 1978 capiuntur

415 2003 485 2056 ab
515 2002 784 2066 hostibus,
824 2015 964 2070 quos
991 2000 1192 2069 impius
1222 2015 1318 2055 rex
1353 2012 1481 2056 ante
1504 2002 1698 2056 oculos
1762 2015 1987 2055 nostros

418 2092 482 2147 in
512 2094 754 2148 crastino
783 2092 1040 2148 decollari
1061 2093 1249 2162 jussit.
1284 2092 1465 2149 Nostri
1497 2093 1826 2158 exacerbati,
1848 2107 1989 2161 quos

418 2185 690 2240 trahebant
718 2185 962 2254 captivos
990 2184 1046 2237 in
1075 2181 1589 2248 carcere,Tcucros
1619 2182 1686 2238 ad
1722 2197 1905 2238 muros
1934 2183 1991 2237 iu

416 2293 641 2333 suorum
667 2287 959 2347 prospectu
981 2276 1277 2331 immanius
1313 2278 1596 2332 trucidant
1629 2278 1865 2348 ;sicque
1889 2276 1992 2329 im-

418 2371 590 2439 pietas
622 2370 945 2425 crudelitate
975 2373 1260 2424 commista
1286 2372 1483 2424 beltum
1512 2371 1754 2425 atrocius
1794 2370 1942 2424 fecit.

493 2462 784 2518 Simulavit
829 2465 1059 2529 posthac
1094 2459 1337 2517 Teucrus
1363 2477 1552 2531 pacem
1590 2464 1770 2518 facere
1821 2463 1990 2527 velle;

420 2555 862 2625 exploratoribus
892 2555 1017 2609 lictc
1037 2555 1405 2611 referentibus
1461 2557 1790 2626 pmuituisse
1845 2573 1992 2624 eum,

419 2646 565 2715 quod
594 2661 844 2714 guerram
868 2647 1026 2716 quasi
1046 2646 1360 2702 stimulatus
1386 2648 1456 2701 ab
1481 2645 1992 2718 Ungarisintentas-

419 2750 502 2794 set
535 2740 882 2810 :statuitque
920 2740 1362 2796 caduceatorem.
1399 2741 1504 2794 Sed
1545 2741 1662 2796 haec
1719 2756 1808 2797 res
1868 2758 1998 2796 cou-

418 2833 540 2886 ticta
566 2832 768 2902 patuit:
793 2833 920 2900 quia
939 2847 1038 2887 nec
1063 2832 1314 2887 demoliri
1347 2833 1609 2903 Oppidum
1631 2833 1780 2902 quod
1802 2836 1853 2888 in
1872 2834 2000 2890 Pro—

420 2922 643 2992 pontide
671 2925 890 2988 struxit,
925 2939 1025 2979 nec
1061 2934 1375 2980 restaurare
1409 2940 1532 2994 quas
1561 2934 1823 2989 vastarat,
1876 2941 1999 2997 per-

422 3014 693 3068 mittebat.
760 3011 1034 3084 Quodque
1065 3015 1235 3083 magis
1266 3015 1518 3084 angebat,
1557 3016 1840 3070 intidentia
1877 3027 1998 3070 erat

423 3101 641 3168 Teucri,
663 3103 1161 3173 quijusjurandum
1183 3103 1466 3174 (adusque
1497 3117 1770 3174 nunquam
1813 3121 1997 3159 scrva-

2163 1905 2304 1972 Qnid
2334 1915 2512 1960 autent
2550 1907 2851 1976 imperator
2885 1909 3174 1978 perplexus
3221 1917 3368 1978 agat,
3423 1908 3674 1978 iguOrat;

2091 2000 2326 2052 consulit
2357 1998 2630 2063 barones;
2669 2001 2908 2054 suadent
2938 2013 3046 2055 non
3080 2001 3362 2054 molestari
3388 2005 3532 2057 cives
3581 2018 3676 2054 an-

2094 2089 2273 2158 gustia
2315 2090 2580 2159 temporis
2608 2104 2624 2155 ;
2652 2091 2748 2145 sed
2785 2092 3170 2146 recnrrendum
3198 2090 3266 2146 ad
3325 2105 3501 2148 sacra.
3561 2097 3676 2148 Au-

2095 2178 2222 2233 ferri
2251 2180 2412 2250 igitur
2435 2191 2487 2236 et
2503 2180 2728 2236 conﬂari
2749 2182 2920 2252 jussit
2943 2198 3008 2236 ex
3038 2183 3212 2237 sacris
3236 2186 3454 2254 templis
3485 2183 3672 2239 s'an'cta

2096 2270 2188 2326 Dei
2222 2268 2376 2333 vasa,
2415 2272 2576 2329 sicuti
2612 2271 2886 2329 Romanos
2927 2289 3028 2344 pro
3055 2276 3386 2331 necessitate
3413 2277 3675 2346 temporis

2096 2363 2290 2419 fecisse
2324 2364 2769 2436 legimus,eaqne
2797 2367 2879 2421 eis
2899 2369 3194 2435 pecuniam
3229 2366 3503 2437 insigniri,
3527 2370 3672 2423 dari-

2097 2472 2202 2525 que
2231 2457 2519 2522 militibus,
2560 2457 2864 2513 fossoribus
2914 2460 3519 2530 constructoribusqne,
3578 2463 3672 2532 qui

2100 2563 2209 2601 rem
2229 2563 2408 2612 suam,
2433 2564 2541 2603 non
2561 2549 2833 2619 publicam
2851 2552 3212 2611 attendentes.
3240 2551 3344 2607 nisi
3360 2567 3425 2606 ex
3449 2544 3676 2607 denario

2098 2640 2503 2702 convenissent,
2535 2643 2600 2694 uti
2624 2655 2762 2710 opus
2789 2640 2868 2697 ire
2893 2642 3237 2700 recusabant.
3279 2644 3542 2715 Augusti:
3577 2645 3676 2713 Igi—

2099 2739 2188 2784 tur
2220 2731 2453 2786 amictus
2481 2732 2799 2800 imperator,
2838 2732 3121 2801 dispositis
3161 2733 3217 2786 in
3249 2736 3673 2803 propugnaculis

2099 2822 2387 2888 militibus,
2408 2823 2584 2893 quoad
2610 2825 2810 2891 potuit,-
2827 2825 3172 2880 antemurale
3188 2826 3366 2880 solum
3387 2827 3538 2882 urbis
3560 2828 3676 2882 val-

2100 2913 2322 2982 tumque
2344 2924 2429 2971 sat
2455 2916 2737 2969 videbatur
2773 2918 2938 2970 tutari
2979 2929 3161 2984 posse.
3211 2915 3418 2971 Bellum
3461 2919 3672 2988 itaque,

2102 3011 2374 3082 paucitate
2391 3023 2608 3062 suorum
2635 3009 2907 3074 tiitﬁdeus,
2940 3010 3132 3064 tolerat
3161 3020 3252 3067 :et
3276 3021 3429 3082 spem
3449 3026 3668 3070 omnem

2104 3106 2156 3158 in
2183 3098 2394 3161 Joanne
2435 3106 2746 3161 Justiniano
2786 3107 3038 3177 praefecto
3074 3110 3337 3178 reposuit.
3378 3109 3520 3165 Bene
3552 3112 3671 3180 qui-

422 3205 528 3250 rat.
565 3195 672 3250 Cur
701 3195 866 3264 igitur
895 3211 1087 3264 pacein
1117 3197 1313 3264 quaerit
1372 3197 1630 3252 immanis
1691 3207 1745 3252 et
1800 3198 2000 3254 inﬁdus
2022 3199 2069 3261 C
2102 3198 2224 3252 dem
2247 3201 2292 3254 si
2321 3198 2428 3254 fata
2448 3198 2865 3256 secundasseut.
2891 3199 3054 3255 Juxta
3083 3209 3211 3272 ergo
3231 3216 3291 3257 se
3311 3203 3500 3258 eodem
3522 3206 3671 3274 capi-

422 3283 637 3341 hestis?
661 3282 1078 3348 Percuoctatus,
1103 3300 1167 3338 es
1195 3300 1346 3340 more
1375 3301 1498 3341 esse
1525 3285 1791 3354 intellexi,
1819 3298 1874 3341 ut
1903 3304 2001 3341 au-

426 3385 643 3446 tequaut
677 3384 956 3432 certamen
993 3376 1255 3445 generale
1277 3378 1649 3442 committant,
1687 3380 1878 3435 hostes
1904 3395 2001 3449 op-

423 3470 570 3523 tione
586 3467 737 3538 pacis
767 3468 1051 3538 pctendos,
1080 3484 1167 3532 ne,
1193 3483 1255 3522 ea
1285 3469 1672 3538 przetermissa,
1698 3472 1864 3526 Deum
1892 3486 2000 3526 non

420 3561 738 3630 propitium,
762 3561 856 3618 sed
889 3561 1086 3614 iratum
1115 3561 1170 3616 in
1197 3571 1348 3616 tanto
1379 3572 1549 3617 marte
1577 3564 1866 3618 sentirent.
1894 3563 2000 3619 ita-

419 3666 527 3720 que
555 3651 893 3708 delusionem
926 3653 1047 3722 ejus
1082 3655 1461 3722 pra‘scientes,
1494 3653 1730 3710 salutem
1757 3663 1999 3712 nostram

423 3741 534 3798 Deo
555 3744 981 3806 commisimus;
1031 3744 1148 3798 dies
1202 3756 1420 3800 nostros
1469 3744 1883 3803 diuumerantes
1947 3749 2001 3800 in

422 3835 789 3889 :un'at‘itudiue
815 3835 1020 3900 cordis,
1051 3844 1104 3890 et
1126 3835 1490 3902 pteuitudinc.
1532 3838 1755 3902 titaniis,
1789 3837 2002 3894 sacriﬁ-

421 3926 528 3987 cio,
559 3927 741 3988 thure,
777 3940 933 3995 prece
955 3924 1280 3992 placandum
1307 3922 1476 3978 Deum
1503 3926 1941 3994 praedicabamus
1985 3942 2000 3978 :

416 4014 622 4084 jejunia
651 4014 952 4069 indiximus
999 4013 1269 4080 imperare
1298 4015 1524 4079 nostris,
1568 4024 1626 4067 ut
1659 4017 1812 4069 solus
1859 4013 2004 4070 Deus

424 4121 666 4176 pugnare
699 4121 798 4175 pro
829 4105 986 4160 nobis
1018 4104 1361 4173 dignaretur.
1395 4103 1501 4158 Sed
1531 4105 1661 4170 quid
1698 4108 2001 4176 proderunt

426 4199 534 4254 Deo
568 4198 749 4251 missae
772 4213 981 4266 preces,
1015 4197 1060 4251 si
1092 4211 1158 4250 ex
1176 4197 1342 4252 corde
1363 4212 1472 4251 non
1497 4207 1644 4262 sunt,
1679 4199 1724 4251 si
1783 4199 2003 4268 polluta:

428 4303 622 4342 manus
647 4289 916 4340 habentur
948 4288 1220 4356 ;siimpia
1265 4299 1320 4341 et
1371 4287 1539 4342 infida
1586 4288 1748 4343 corda
1792 4290 2006 4344 consis-

429 4393 584 4447 tunt;
607 4380 926 4449 iniquitates
952 4381 1095 4433 enim
1119 4390 1320 4434 nostra:
1344 4380 1650 4434 diviserunt
1667 4382 1808 4436 inter
1825 4396 1927 4435 nos
1949 4395 2007 4440 et

431 4475 600 4529 Deum
636 4491 651 4539 ;
691 4473 925 4527 Sabbata
952 4484 1161 4534 nostra,
1194 4470 1461 4537 kalendax,
1493 4474 1804 4534 incensum.
1835 4479 2000 4529 sarri-

431 4569 548 4623 ticia
576 4570 628 4622 in
659 4549 1115 4636 abominationem
1153 4581 1306 4619 versa
1329 4575 1459 4618 sunt
1492 4581 1507 4631 ;
1543 4574 1595 4620 et
1622 4583 1780 4635 quem
1809 4569 1994 4636 prOpi-

429 4663 563 4712 tium
589 4657 945 4727 sperabamus
978 4659 1176 4710 habere
1196 4656 1388 4721 Deum,
1417 4657 1707 4711 habuimus
1727 4661 1998 4714 scelerum

429 4758 744 4803 nostrorum
779 4748 1035 4800 ultorem.

496 4839 660 4894 Pauci
690 4838 983 4892 admodum
1012 4849 1066 4893 ct
1099 4839 1301 4907 majore
1327 4854 1558 4894 numero
1581 4856 1645 4893 cx
1671 4839 1874 4894 Cra-cis
1903 4841 2001 4892 im-

427 4931 618 4993 belles,
650 4939 826 4996 scuto,
869 4931 1080 4994 lancea,
1121 4945 1275 4993 arcu,
1328 4930 1529 4999 gladio,
1582 4942 1773 4986 natura
1819 4933 2003 5000 potius

426 5037 588 5090 quant
617 5031 735 5075 arte
758 5023 1069 5075 militabant
1101 5039 1115 5086 ;
1161 5022 1398 5090 majores
1426 5023 1603 5091 galea,
1639 5023 1885 5086 thorace,
1923 5023 2002 5076 lo-

429 5115 563 5178 rica,
603 5113 803 5181 giadio,
839 5114 1024 5167 lancea
1062 5131 1077 5169 :
1111 5114 1333 5182 quidam
1368 5114 1565 5169 i-uarcu
1584 5116 1846 5168 ctbalista
1865 5116 2003 5170 ἀοι)-

428 5207 618 5268 tiores.
651 5209 744 5261 sed
778 5207 1204 5276 pmpngnaculis
1225 5205 1462 5274 impares
1487 5221 1716 5259 numero
1741 5207 2001 5275 agebant,

409 5295 609 5364 quoad
671 5297 950 5349 sciverunt
1000 5305 1053 5348 et
1118 5304 1387 5363 poterant.
1463 5295 1737 5350 Cadebant
1797 5298 2000 5364 'l'euci,

431 5387 522 5454 qui
559 5388 817 5441 audacius
846 5389 1212 5441 adlimrcbant.
1245 5388 1350 5441 Sed
1376 5389 1503 5457 quid
1524 5390 1568 5443 si
1593 5401 1809 5444 centum
1843 5391 1898 5444 in
1920 5391 2004 5444 die

433 5477 778 5538 occidissent,
806 5476 1073 5532 innumeri
1100 5479 1174 5530 illi
1209 5490 1414 5547 quanto
1438 5482 1656 5543 cadere,
1713 5491 1864 5535 tanto
1917 5498 2004 5536 reo

433 5581 655 5635 surgere
685 5570 869 5637 plures
899 5569 1257 5622 videbantur?
1289 5569 1344 5622 Si
1372 5587 1510 5625 unus
1547 5587 1610 5625 ex
1639 5575 1839 5628 nostris
1863 5575 2006 5628 ccci-

434 5658 623 5720 disset,
651 5669 764 5711 tum
800 5661 1070 5728 prtecipue
1106 5660 1368 5715 cordatus
1400 5662 1503 5724 vir,
1535 5674 1758 5717 centum
1824 5665 2006 5733 pcrdi-

435 5747 578 5804 dissc
599 5746 863 5803 ﬂcbamus
890 5766 902 5816 ;
932 5747 1102 5804 Graeci
1135 5751 1200 5804 ad
1234 5768 1326 5807 scx
1361 5752 1524 5806 millia
1552 5754 1876 5809 bellatorum
1897 5772 2002 5812 non

2105 3303 2263 3346 tanco
2279 3309 2402 3347 cum
2425 3298 2680 3349 trecentis
2700 3295 3164 3349 commilitonibus
3181 3295 3560 3352 Genucusibns
3579 3314 3674 3365 po-

2104 3387 2231 3449 sito,
2256 3387 2553 3455 splendidis
2581 3385 2968 3458 rcfulgeotibtts
2995 3389 3183 3454 arntis,
3205 3388 3430 3445 detectis
3448 3391 3668 3460 quidem

2103 3479 2441 3547 coadjnnctis
2466 3479 2667 3534 Graecis
2696 3480 2903 3548 aliquot
2930 3482 3190 3546 strenuis,
3211 3482 3360 3536 circa
3381 3483 3525 3536 illaut
3554 3499 3674 3553 par-

2106 3577 2210 3625 tem
2248 3588 2526 3625 tnnrorum
2549 3573 2731 3626 Sancti
2756 3571 2985 3627 Romani
3019 3578 3416 3642 reparaturum,
3440 3575 3528 3628 ubi
3554 3593 3672 3629 ma-

2101 3663 2187 3733 gis
2226 3664 2451 3732 urgebat
2475 3679 2674 3733 pugna,
2712 3666 3008 3732 imperator
3031 3667 3199 3720 Stetit.
3240 3665 3525 3721 Mauritius
3550 3668 3675 3724 inde

2103 3757 2412 3819 Catanattts,
2435 3756 2518 3808 vir
2539 3756 2735 3810 nobilis
2756 3754 3064 3812 Gentteusis
3082 3757 3371 3823 pricfectus
3395 3759 3533 3813 inter
3551 3774 3678 3829 por.

2102 3854 2211 3901 tam
2231 3846 2412 3917 Pighi,-
2438 3847 2489 3901 id
2521 3856 2606 3903 est
2637 3845 2826 3915 fontis,
2851 3857 3025 3917 ttsque
3051 3850 3114 3902 ad
3144 3849 3401 3915 Auream,
3427 3867 3550 3904 cum
3570 3852 3674 3906 du-

2103 3937 2280 3992 centis
2299 3938 2612 4006 haiistariis,
2637 3941 2940 3995 commi'stis
2963 3937 3127 3995 etiam
3151 3939 3378 4004 Gratcis,
3396 3951 3587 3995 contra
3610 3943 3675 3997 li-

2104 4037 2301 4096 grtedm
2324 4034 2587 4095 castrum,
2633 4032 2864 4101 pellibus
2891 4032 3054 4086 boum
3101 4037 3412 4086 contectum
3447 4037 3674 4103 opposi-

2107 4130 2220 4173 tunt
2257 4131 2514 4175 accurate
2541 4123 2802 4177 decertat.
2828 4122 3029 4177 Paulus
3048 4122 3284 4189 Troilus,
3310 4127 3582 4181 Antonius
3608 4128 3675 4180 de

2105 4211 2422 4265 Bochiardis
2444 4212 2657 4273 fratres.
2684 4214 2740 4268 in
2762 4217 2880 4268 loco
2898 4215 3068 4268 arduo
3091 4211 3387 4282 Miltandri,
3407 4231 3516 4285 quo
3541 4218 3670 4272 urbs

2106 4306 2395 4370 titubabat,
2423 4323 2529 4361 acre
2562 4306 2780 4374 proprio
2810 4316 2864 4360 et
2894 4308 3113 4371 armis,
3161 4322 3370 4362 summa
3415 4323 3536 4362 cum
3597 4312 3677 4363 vi-

2103 4396 2350 4464 gilantia,
2392 4407 2554 4451 noctu
2585 4397 2784 4468 dieque
2802 4407 2856 4451 ct.
2903 4398 3216 4467 spingardis
3276 4400 3591 4466 horrendis,
3624 4415 3678 4456 et

2110 4487 2324 4541 balistis
2379 4489 2588 4543 torncis
2653 4490 2885 4542 viriliter
2934 4497 3165 4560 pugnum
3225 4492 3545 4545 sustinent:
3583 4494 3673 4561 qui

2107 4587 2254 4631 tanta
2286 4582 2654 4644 anitnositate,
2691 4596 2836 4634 nunc
2863 4583 3048 4650 pedes,
3090 4599 3232 4636 nunc
3258 4600 3443 4643 canes,
3492 4585 3677 4638 defen-

2105 4671 2262 4733 dunt,
2312 4683 2372 4725 ιη
2430 4671 2644 4725 Horatii
2683 4673 2904 4727 Coclitis
2967 4676 3112 4730 vires
3162 4677 3393 4744 repulsis
3427 4677 3676 4732 hostibus

2103 4777 2316 4830 a‘quarc
2350 4764 2688 4818 viderentur.
2747 4763 2880 4818 Nam
2926 4779 3024 4818 hcc
3057 4766 3191 4818 muri
3230 4766 3384 4820 fracti
3450 4784 3680 4821 concus—

2104 4854 2278 4915 sione,
2300 4868 2400 4907 nec
2422 4853 2794 4908 machinarum
2820 4856 3035 4911 turbine
3065 4857 3260 4924 territi,
3279 4869 3539 4913 attentam
3573 4862 3676 4914 sini

2107 4946 2429 4996 tnetnorianr
2445 4945 2738 4998 vindicant.

2176 5032 2497 5088 Theodorus
2529 5035 2864 5101 Charistino,
2902 5053 3086 5102 senex,
3114 5038 3204 5094 sed
3239 5041 3494 5096 robustus
3531 5042 3680 5097 Grac-

2103 5138 2221 5187 cus,
2293 5123 2348 5176 iu
2408 5141 2535 5180 arcu
2584 5128 2962 5194 tiortiSsitnus,
3032 5130 3479 5201 Titeopltilusque
3523 5134 3675 5188 Cra--

2105 5229 2223 5277 cus,
2282 5216 2480 5271 nobilis
2533 5217 2871 5289 PalmologUS
2926 5221 3123 5274 litteris
3180 5226 3460 5288 eruditus,
3517 5229 3678 5280 ambo

2107 5304 2387 5369 catholitt,
2445 5322 2568 5361 cum
2628 5307 2840 5366 Joanuc
2893 5313 3155 5366 Aleutauo
3202 5315 3508 5384 ingenioso,
3530 5316 3678 5369 Cali-

2105 5408 2324 5459 garcaut
2358 5410 2678 5452 concussam
2742 5415 3427 5472 rcparautprotcgtmtque.
3471 5408 3676 5459 Conta-

2108 5499 2293 5550 renus,
2336 5485 2477 5540 inter
2509 5488 2743 5545 Venetos
2764 5494 3120 5557 clarissimus,
3148 5495 3460 5564 capitationis
3483 5496 3674 5552 Amen.-

2107 5588 2276 5642 portx
2309 5587 2360 5629 ct
2382 5578 2693 5648 adjacentes
2716 5595 2892 5637 turres
2926 5601 3098 5652 usque
3137 5599 3287 5639 oram
3325 5587 3513 5649 maris,
3546 5589 3679 5641 viri-

2108 5667 2231 5718 liter
2293 5670 2506 5732 pondus
2553 5673 3100 5739 sustinens,-bostcs
3154 5677 3451 5743 impugnat.
3505 5676 3679 5733 Cra-ei

2111 5757 2340 5827 perinde
2375 5760 2490 5826 alii,
2538 5766 2655 5823 suis
2688 5766 2966 5820 distributi
3005 5766 3457 5836 propugnaculis,
3487 5772 3668 5827 actem
