4230 6280
470 361 579 424 935

1680 344 2074 408 LEONARDI
2114 336 2486 404 CHIENSIS

3610 321 3720 387 936

474 486 646 535 mare,
674 478 984 533 terramque
1013 462 1068 517 In
1100 465 1251 517 urbis
1283 476 1473 532 gyrum
1544 464 2035 530 prosequebantur.
2071 466 2113 517 Α
2141 457 2286 510 lebat
2317 450 2570 520 injurias.
2614 445 2826 498 Interea
2883 441 3199 509 capitaneus
3242 437 3515 508 generalis
3550 435 3719 492 Joan-

475 560 665 615 Palatii
700 556 995 625 imperialis
1044 570 1176 607 cura
1244 551 1571 622 Hieronymo
1616 551 1843 606 Μίμοιιο
1881 550 2053 603 Vene-

476 662 655 707 torum
682 649 826 703 bailo
852 646 1141 701 commissa
1175 653 1278 699 est.

542 740 869 803 Cardinalis,
895 753 923 789 a
946 737 1176 791 consilio
1196 749 1471 808 nunquam
1500 733 1717 797 absens,
1746 732 1930 786 Sancti
1960 728 2058 781 De-

481 834 659 889 metrii
683 835 958 902 regionem
983 830 1048 882 ad
1070 842 1215 882 mare
1242 826 1559 880 defensabat
1581 843 1599 883 '.
1629 824 2053 879 Catlialanorum

482 927 677 983 consul
705 924 898 977 turrim
937 930 1063 976 ante
1084 919 1530 988 Ilippodromium
1564 914 1847 969 tutabatur
1877 930 1892 976 ;
1938 926 2058 964 ver-

481 1036 579 1076 sus
609 1017 927 1072 orientalem
954 1014 1186 1084 plagam.
1232 1011 1494 1067 Cbirluca
1539 1008 1605 1062 ad
1645 1021 1835 1061 curam
1870 1012 2057 1073 portus

487 1111 769 1179 totiusque
799 1107 1082 1160 maritimm
1112 1103 1352 1175 regionis
1378 1100 1699 1171 invigilabat
1720 1102 1785 1152 a'd
1804 1096 2055 1151 deferen—

485 1204 615 1258 dum
648 1198 985 1271 pra-sidiam.
1016 1196 1383 1265 Hieronymus
1423 1194 1705 1252 ltaliauus.
1734 1187 2057 1244 Leonardus

482 1297 552 1351 de
605 1293 907 1363 Laugasco,
938 1286 1269 1351 Ceuuensis,
1294 1302 1418 1341 cum
1470 1286 1655 1339 multis
1686 1282 1853 1337 sociis
1896 1280 2059 1349 Xylo»

487 1397 694 1456 portam
720 1392 777 1438 et
805 1391 986 1435 turres
1014 1393 1157 1450 quas
1180 1377 1488 1433 Averiiades
1524 1381 1742 1439 vocant,
1800 1371 2060 1443 impensis

484 1476 781 1532 cardinalis
813 1483 1093 1544 reparatas
1113 1472 1456 1542 spectabant.

556 1568 835 1623 Flamiues
870 1565 1238 1633 monachique
1271 1579 1438 1633 supra
1477 1576 1667 1617 muros
1697 1560 2062 1630 undequaque

489 1662 740 1718 collocati
766 1675 863 1729 pro
886 1660 1058 1713 salute
1075 1656 1263 1727 patrue
1284 1653 1644 1709 excubabant.
1688 1651 1906 1707 Gabriel
1941 1649 2065 1704 Tri-

492 1752 1014 1808 visanussubtilium
1033 1751 1308 1819 galearqu
1337 1746 1630 1815 praefectus
1658 1745 1856 1799 nobilis
1880 1743 2058 1797 Veneo

2157 564 2251 601 nes
2275 545 2642 602 Justinianus,
2678 538 2844 593 totius
2874 533 3106 587 fortuna:
3132 532 3471 595 observator,
3502 538 3557 582 ut
3589 544 3736 598 prae-g

2158 638 2335 695 sensit
2367 650 2432 689 ex
2468 628 2901 703 proclamatione
2925 626 3198 679 Teucrum
3232 634 3431 692 pra‘sto
3467 623 3719 675 daturmn

2158 741 2458 791 certamen,
2476 726 2668 797 agebat
2690 720 2970 777 confestim
2989 732 3293 779 murorum,
3318 730 3457 784 quos
3475 713 3725 766 machina

2158 820 2512 879 contriverat,
2546 812 2947 883 reparationem
2982 826 2995 861 :
3028 807 3333 879 petivitque
3364 805 3467 859 sibi
3506 822 3533 855 a
3568 803 3727 858 Chir-

2159 916 2286 970 luca
2304 928 2496 981 magno
2512 910 2654 964 duce
2677 903 2953 961 consulari
2972 916 3290 956 communes
3313 899 3733 965 urbishomhar-

2160 1008 2279 1069 das,
2304 1021 2440 1075 quas
2463 1012 2649 1058 contra
2680 1000 2869 1053 hostes
2894 995 3150 1065 alligeret.
3173 992 3321 1058 Quas
3350 1008 3474 1046 cum
3495 992 3730 1060 superbe

2162 1099 2485 1167 denegasset
2512 1111 2527 1151 :
2560 1093 2693 1159 Quis
2726 1105 2811 1145 me
2834 1087 3191 1161 (capitaneus
3222 1084 3459 1154 inquit),
3492 1098 3525 1136 ο
3551 1083 3731 1153 prodi-

2165 1203 2269 1257 tor,
2301 1199 2466 1255 tenet,
2509 1196 2568 1241 ut
2605 1184 2785 1255 gladio
2825 1196 2933 1239 non
2978 1178 3268 1233 occumbas
3313 1177 3473 1230 meo?
3510 1176 3627 1243 Qua
3657 1177 3734 1244 ig-

2162 1283 2403 1341 nominia
2451 1278 2783 1348 indignatus,
2830 1284 2943 1326 tum
3014 1270 3159 1341 quod
3196 1268 3401 1323 Latinis
3448 1270 3496 1322 ei
3542 1283 3733 1336 expro-

2161 1378 2395 1437 brasset,
2433 1369 2717 1425 remissius
2742 1375 2931 1435 postea
2984 1364 3061 1418 rei
3090 1362 3294 1418 bellica:
3343 1360 3733 1430 providentiam

2160 1469 2333 1543 gessit
2365 1484 2379 1519 :
2416 1462 2700 1529 Grzecique
2738 1458 2847 1528 jam
2888 1454 3155 1511 secretius
3189 1452 3335 1520 quod
3369 1451 3577 1504 Latinis
3627 1451 3737 1505 sal-

2164 1540 2347 1616 valida:
2377 1554 2529 1611 urbis
2556 1550 2727 1622 gloria
2748 1547 2930 1602 dedita
2952 1551 3118 1606 esset,
3147 1544 3335 1598 odiose
3365 1541 3638 1596 ferebant.
3670 1540 3738 1593 A‘t

2164 1654 2508 1723 capitaueus,
2530 1642 2760 1700 Joannis
2776 1637 3019 1694 Mauricii
3039 1636 3277 1692 Catana-i
3301 1634 3741 1705 prmfectiJoan-

2172 1722 2260 1801 nis
2297 1743 2365 1798 de
2394 1740 2618 1801 Careto,
2652 1732 2806 1788 Pauli
2840 1728 3162 1793 Boebiardi,
3191 1726 3420 1783 Joannis
3451 1727 3517 1781 de
3540 1722 3746 1779 Forna-

498 1858 605 1911 tus,
636 1843 1020 1899 cordatissime
1040 1858 1070 1895 a
1104 1840 1239 1893 turri
1282 1837 1413 1892 Fani
1435 1854 1607 1908 usque
1626 1837 1695 1891 ad
1721 1834 2061 1903 Imperialem
2094 1817 2137 1875 Β
2166 1836 2287 1900 riis,
2313 1830 2537 1886 Thomze
2558 1827 2626 1881 de
2640 1821 2948 1883 Salvaticis,
2970 1819 3207 1881 Lodixii,
3230 1816 3747 1881 GatitusiiJoanu‘s

496 1946 709 2007 portam
743 1946 867 1988 ante
885 1935 1064 1988 sinum
1084 1948 1207 1985 cum
1235 1930 1652 1999 quadringentis
1672 1927 1891 1983 Venetis
1909 1940 2067 1992 egre-

496 2028 598 2097 giis
641 2025 973 2081 decertabat.
1028 2020 1356 2076 Grossarum
1418 2035 1548 2073 vero
1599 2021 1875 2088 galearum
1930 2030 2069 2085 pra:-

500 2117 678 2168 t‘ectus
707 2112 954 2167 Andreas
983 2110 1173 2174 Diedo,
1198 2126 1320 2164 eum
1345 2108 1590 2177 reliquis.
1617 2110 1868 2161 triremes
1890 2106 2072 2173 potius

502 2208 754 2277 pavidus,
788 2220 950 2273 quam
986 2214 1220 2273 portam,
1252 2201 1615 2257 custodiebat.
1642 2200 1819 2254 Naves
1846 2196 2072 2269 perinde

503 2307 729 2353 armata
773 2296 1240 2367 buccinisjugiter
1269 2304 1325 2352 et
1352 2295 1655 2350 ululatibus
1672 2294 1897 2349 Martem
1932 2291 2071 2346 invio

507 2391 713 2442 labant.
752 2386 1058 2442 Demetrius
1098 2400 1258 2441 socer
1305 2385 1662 2455 I’alveologus.
1712 2381 2079 2448 Nicolausquc

504 2482 720 2539 Gudelli
765 2495 951 2551 gener,
999 2478 1355 2550 praesidentes
1404 2486 1462 2530 ut
1510 2478 1807 2531 decurrant
1848 2474 2077 2537 urbem,

505 2592 631 2631 cum
665 2574 936 2644 plerisque
972 2570 1199 2625 armatis
1241 2570 1295 2624 in
1334 2584 1654 2625 succursum
1697 2575 2072 2621 reservantur.

581 2667 787 2721 Taliter
805 2678 934 2734 ergo
950 2663 1366 2735 pugnatoribus,
1386 2660 1501 2716 sive
1524 2661 1781 2723 ducibus,
1802 2660 1920 2713 sive
1952 2658 2086 2711 tiro-

511 2757 675 2813 nibus
687 2756 975 2820 ordinatis,
992 2754 1410 2825 exspectabatur
1426 2752 1706 2807 constituti
1728 2750 1915 2805 Martis
1930 2763 2092 2819 gene-

512 2849 646 2905 ralis
663 2849 903 2904 insultus
920 2866 934 2900 :
954 2863 1062 2918 quo
1085 2860 1462 2917 saepenumero
1483 2845 1661 2898 territi
1676 2843 1851 2898 Graeci
1882 2851 2089 2912 postes.

516 2957 664 2997 nunc
694 2941 841 3012 agris
862 2956 1007 2994 nunc
1040 2939 1214 2994 vineis
1239 2938 1511 3002 colendis,
1540 2952 1684 2990 nune
1718 2936 2093 3005 voluptatibus

517 3036 706 3101 laxati,
738 3050 804 3089 ex
832 3032 1100 3088 industria
1128 3031 1501 3087 declinabant.
1534 3028 1838 3099 Fingebant
1872 3026 2093 3095 quidem

468 3132 477 3140 ’
519 3130 597 3184 rei
623 3125 911 3182 familiaris
940 3139 1153 3186 curam,
1180 3123 1345 3177 etiam
1376 3120 1469 3191 qui
1505 3134 1697 3191 graves
1737 3120 2094 3173 videbantur:

520 3218 611 3272 alii
639 3218 879 3287 inepiam
898 3214 1262 3277 accusabant,
1296 3225 1403 3281 qua
1435 3209 1501 3264 ad
1528 3225 1669 3281 opus
1700 3208 1945 3263 lucrandi
1981 3222 2101 3277 gra-

525 3314 599 3366 tia
630 3310 987 3381 cogebantur.
1019 3305 1171 3373 Quos
1208 3319 1336 3359 cum
1381 3303 1637 3359 absentes
1687 3300 2099 3370 corripuissem,

526 3403 831 3474 periculum
862 3416 969 3455 non
1010 3398 1174 3453 modo
1206 3412 1393 3461 suum,
1422 3394 1518 3450 sed
1552 3395 1797 3449 omnium
1835 3392 2104 3446 Christia-

528 3509 721 3549 norum
766 3492 1009 3562 allegans
1034 3531 1047 3555 ,
1101 3488 1505 3560 respondebant
1544 3504 1559 3541 :
1598 3486 1741 3551 Quid
1791 3484 1946 3538 nobis
1978 3498 2100 3538 eum

524 3594 724 3649 castro,
746 3582 790 3636 si
818 3582 1101 3651 penuriam
1130 3579 1364 3634 sustinet
1389 3580 1583 3634 domus
1608 3574 1834 3631 nostra?
1857 3579 1929 3628 ita
1959 3572 2103 3642 quod

530 3688 723 3743 magna
769 3675 851 3727 vis
895 3683 1014 3727 erat
1055 3670 1347 3725 reducendi
1380 3685 1474 3725 eos
1503 3669 1569 3723 ad
1600 3669 1741 3723 muri
1778 3667 2105 3723 custodiant.

528 3767 611 3823 οι»
651 3769 774 3835 hoc,
812 3765 1142 3837 paucitatem
1174 3765 1362 3820 hostes
1398 3772 1681 3832 captantes
1712 3760 2066 3831 pugnantium
2089 3797 2105 3822 ,

530 3861 768 3913 audaces
803 3858 955 3922 facti,
987 3855 1209 3911 uncinis
1240 3871 1390 3919 vasa,
1440 3870 1561 3927 quae
1595 3855 1648 3909 in
1683 3852 2110 3925 propugnaculis

537 3960 841 4021 posuerant
892 3949 1107 4014 nostri,
1174 3948 1436 4004 demolito
1504 3963 1662 4002 muro
1728 3946 2109 4001 detrahebant.

534 4043 876 4112 Quandoque
910 4042 1099 4096 itidem
1146 4040 1377 4111 lapidem
1428 4041 1705 4109 ingentem
1746 4039 1890 4091 vallo
1917 4054 1985 4090 ex
2028 4052 2111 4089 re-

534 4137 680 4191 saltu
708 4136 1049 4205 collapsum,
1080 4149 1239 4202 quem
1282 4148 1476 4204 magna
1508 4133 1601 4185 illa
1624 4130 1917 4186 bombarda
1954 4142 2113 4183 muro

539 4231 823 4299 iujecerat,
901 4242 1025 4281 cum
1085 4227 1287 4281 rubore
1362 4234 1577 4289 nostro,
1626 4239 1749 4277 cum
1827 4221 2111 4275 retiaeulis

538 4334 690 4377 extra
720 4319 952 4383 ducunt,
1004 4319 1490 4387 reprojiciuntque.
1531 4316 1638 4370 Sed
1694 4315 1781 4369 ubi
1835 4314 2113 4375 custodes,

543 4410 632 4463 ubi
664 4408 863 4463 milites
907 4415 1239 4475 evagantes,
1292 4405 1384 4458 ubi
1416 4404 1643 4473 lapides,
1686 4413 1745 4455 ut
1792 4401 2117 4471 prohibeant

2168 1926 2392 1997 Illyrici,
2416 1921 2757 1986 aliorumque
2779 1914 3138 1967 Asiaticorum
3160 1910 3471 1964 Graecorum
3496 1906 3749 1961 consultu

2170 2024 2317 2076 acies
2379 2016 2822 2080 munimentaque
2868 2008 3081 2063 refecit.
3134 2003 3306 2072 Cujus
3352 2001 3748 2073 providentlam

2173 2112 2417 2166 Teucrus
2449 2106 2871 2163 commendans:
2902 2102 3075 2168 Quam
3112 2098 3326 2157 vellent,
3358 2094 3556 2162 inquit,
3587 2107 3753 2161 penes

2176 2221 2261 2260 me
2289 2202 2598 2271 praefectum
2622 2199 2771 2251 illum
2795 2194 3061 2250 Joannem
3097 2190 3474 2245 honorandum
3501 2188 3513 2239 Ξ
3546 2186 3755 2249 Magnis

2181 2298 2359 2352 hercle
2428 2293 2588 2347 donis
2648 2302 2893 2358 auroque
2939 2287 3111 2340 multo
3188 2295 3540 2350 corrumpere
3602 2279 3753 2333 illum

2180 2388 2421 2447 studuit:
2445 2385 2603 2455 cujus
2632 2381 2905 2436 inflectere
2921 2378 3163 2432 animum
3189 2388 3467 2442 nunquam
3504 2372 3700 2441 potuit.

2256 2479 2500 2549 Operosa
2558 2486 2737 2529 autem
2801 2469 3114 2541 protegendi
3170 2468 3371 2521 vallum
3419 2478 3472 2519 et
3511 2474 3765 2517 antemn-

2186 2576 2301 2629 rale
2358 2568 2560 2625 nostris
2639 2567 2740 2621 fuit
2811 2578 2975 2628 cura;
3046 2560 3191 2631 quod
3254 2573 3442 2614 contra
3511 2557 3754 2610 animum

2190 2680 2369 2720 meum
2433 2672 2651 2729 seraper
2724 2657 2847 2718 fuit,
2923 2654 3016 2723 qui
3089 2650 3415 2711 suadebarn,
3483 2649 3535 2702 in
3618 2646 3763 2701 refu-

2190 2761 2338 2827 gium
2384 2768 2577 2808 muros
2604 2751 2743 2804 altos
2774 2748 2985 2818 primos
3023 2761 3130 2799 non
3181 2742 3510 2797 deserendas
3534 2758 3549 2794 :
3577 2740 3669 2808 qui
3720 2744 3763 2791 si

2192 2849 2266 2903 ob
2318 2846 2525 2900 imbres
2552 2839 3044 2913 negligentiamque
3095 2836 3180 2890 vel
3204 2834 3384 2899 scissi,
3423 2834 3503 2885 vel
3532 2833 3769 2885 inermes

2198 2937 2624 3010 propugnaculis
2648 2942 2857 2998 essent,
2896 2948 2925 2986 a
2971 2929 3242 3001 principio
3266 2935 3393 2981 dum
3425 2926 3765 2997 propositum

2198 3047 2406 3103 guerra:
2450 3027 2767 3091 intervenit,
2818 3023 3061 3093 reparari
3105 3022 3445 3091 potuissent,
3484 3017 3768 3088 reparandi

2202 3120 2657 3189 custodiendique
2691 3126 2851 3173 erant
2879 3134 2892 3169 :
2929 3115 3024 3185 qui
3057 3132 3165 3169 non
3189 3115 3416 3175 deserti,
3458 3111 3768 3178 ιισιςιιείιιίιιυι

2204 3216 2322 3271 urbi
2349 3213 2545 3269 salutis
2572 3212 2966 3267 contulissent.
3001 3209 3068 3261 At
3102 3207 3233 3277 quid
3268 3206 3481 3260 dicam?
3513 3216 3774 3273 arguam-

2202 3325 2273 3364 ne
2298 3308 2636 3377 principem,
2671 3319 2834 3374 quem
2881 3318 3097 3371 semper
3130 3301 3404 3369 prmcipuo
3434 3300 3639 3352 honore
3677 3310 3773 3349 ve-

2203 3408 2431 3454 neratus
2465 3411 2589 3452 sum
2628 3414 2642 3450 :
2684 3396 2846 3463 cujus
2884 3392 3045 3447 ﬁdem
3078 3407 3205 3462 erga
3245 3390 3544 3445 Romanam
3586 3388 3775 3442 Eccle-

2204 3493 2342 3547 siam
2385 3490 2656 3551 intellexi,
2694 3488 2799 3542 nisi
2832 3486 3294 3556 pusillanimitate
3329 3484 3675 3546 vinceretur;
3708 3496 3774 3534 an

2208 3584 2389 3654 potius
2438 3597 2536 3637 eos
2592 3580 2688 3651 qui
2725 3594 2794 3634 ex
2846 3578 3034 3634 ofﬁcio
3080 3591 3265 3631 muros
3299 3575 3524 3630 reticere
3565 3574 3784 3628 debuis-

2207 3676 2361 3729 sent?
2395 3673 2440 3728 Ο
2470 3687 2704 3742 quorum
2736 3671 2935 3725 animm
2964 3670 3101 3724 forte
3126 3669 3477 3729 damnantur,
3517 3665 3782 3719 Manuelis

2207 3768 2422 3837 Giagari
2484 3764 2689 3820 dudum
2731 3764 2932 3831 inopis,
2987 3770 3041 3815 et
3095 3758 3358 3829 NeOphyti
3396 3758 3781 3811 llieromonaci

2210 3858 2432 3925 Rhodii,
2464 3857 2510 3912 si
2544 3858 2718 3911 audeo
2740 3856 2945 3920 dicere,
2976 3851 3315 3923 praedonum,
3352 3866 3459 3903 non
3491 3864 3783 3903 conserva-

2211 3961 2390 4007 torum
2424 3948 2756 4020 reipublicae,
2787 3946 2989 4015 quibus
3025 3945 3196 3999 veluti
3242 3941 3561 4012 reipublicae
3589 3942 3788 3994 tutori-

2212 4047 2333 4107 bus,
2369 4051 2463 4096 aut
2492 4057 2557 4097 ex
2605 4041 2747 4094 aviis
2776 4038 3169 4107 iutestatisque
3203 4036 3345 4089 bona
3381 4035 3591 4097 relicta,
3616 4034 3790 4088 muris

2213 4138 2415 4193 ascribi
2472 4134 2787 4198 debebant,
2819 4131 3046 4200 privatis
3093 4128 3277 4198 potius
3321 4126 3638 4182 commodis
3686 4126 3793 4180 im.

2212 4215 2540 4301 pendebant.
2570 4225 2785 4279 Primus
2836 4223 3027 4293 viginti
3085 4235 3255 4290 prope
3290 4220 3520 4274 millium
3563 4220 3795 4273 floreno-

2217 4340 2337 4377 rum
2397 4336 2589 4376 servus
2640 4316 2972 4388 proditionis
3026 4316 3349 4376 monachus,
3381 4328 3523 4382 quos
3566 4312 3795 4383 posthac

2217 4414 2534 4469 reconditos
2566 4426 2705 4465 urna
2741 4407 3087 4479 septuaginta
3121 4406 3353 4460 millium
3396 4421 3585 4474 gazam
3632 4407 3799 4459 relin-

542 4503 625 4555 vel
675 4500 975 4570 repellant?
1014 4500 1056 4551 0
1097 4510 1260 4566 quam
1306 4496 1509 4550 malum
1563 4494 1917 4566 praesagium!
1969 4492 2094 4555 Quir

2218 4512 2394 4575 quunt
2439 4502 2693 4559 Teucris.
2745 4500 2958 4555 Idcirco
2988 4500 3121 4553 urbs
3146 4498 3457 4569 praedonum
3494 4497 3702 4551 incuria
3743 4497 3798 4549 in

542 4595 667 4658 erit,
708 4593 966 4661 inquam,
1015 4591 1233 4660 quando
1280 4590 1429 4643 velut
1472 4598 1687 4642 torrens
1732 4585 1910 4655 Tigris
1944 4585 2114 4636 irruet

544 4687 855 4742 exercitus?
887 4684 1033 4739 Ordo
1062 4683 1289 4754 perinde
1319 4697 1386 4736 ex
1439 4682 1542 4734 hoc
1570 4680 1734 4734 datus
1756 4688 1838 4733 est
1870 4685 1928 4729 ut
1957 4675 2115 4744 panis

549 4799 643 4851 per
668 4779 904 4833 familias
936 4793 1090 4846 ωιιυε
1119 4776 1538 4830 distribueretur
1572 4791 1583 4825 :
1615 4770 1853 4825 ne-illius
1885 4766 2115 4822 curandi

548 4876 745 4944 gratia,
780 4872 856 4926 uti
883 4887 943 4926 se
967 4870 1319 4931 exeusabant,
1360 4882 1389 4919 a
1419 4874 1604 4920 castro
1636 4862 1991 4925 recederent;
2024 4875 2119 4913 nc-

548 4983 657 5035 que
691 4965 890 5019 famem
923 4962 1101 5031 potius
1135 4961 1389 5031 populus,
1432 4972 1593 5025 quam
1637 4956 1901 5024 gladium,
1953 4966 2123 5020 expa-

554 5067 796 5113 resceret
830 5074 844 5109 :
880 5070 1043 5124 quam
1094 5052 1316 5121 quidam
1363 5050 1661 5102 humanum
1690 5048 2013 5113 sanguinem
2042 5045 2120 5098 si-

555 5153 774 5214 tientes,
820 5147 905 5201 vel
957 5146 1232 5200 occultato
1283 5142 1593 5203 fruiuento,
1621 5139 1706 5193 vel
1742 5146 1903 5191 aucto
1941 5138 2118 5205 pretio

558 5239 981 5315 praetendebant.
1032 5235 1140 5291 Sed
1188 5237 1301 5289 tunc
1344 5233 1601 5302 iniquitas
1643 5245 1747 5284 non
1804 5229 1907 5281 fuit
1958 5243 2125 5281 causa

558 5338 711 5401 mali,
754 5332 850 5388 sed
895 5331 1105 5386 ordinis
1155 5326 1426 5384 confusio.
1482 5324 1757 5377 Severitas
1807 5340 1835 5375 τι
1884 5322 2127 5391 principe

558 5433 778 5488 aberat;
818 5438 920 5479 nec
961 5420 1443 5491 compescebantur
1499 5417 1723 5471 verbere
1769 5426 1863 5468 aut
1924 5414 2126 5482 gladio,

560 5521 655 5590 qui
719 5514 1090 5586 neglexissent
1144 5510 1533 5564 obedientiam.
1595 5507 1805 5560 Idcirco
1856 5505 2127 5573 quispiam

561 5612 679 5666 suis
724 5604 1051 5661 effe-rebatur
1098 5600 1493 5669 voluptatibus,
1543 5596 2032 5663 blandimentisque
2064 5609 2129 5646 ex

564 5714 758 5760 natura
800 5691 1187 5751 demulcebant
1220 5691 1420 5745 iratum
1463 5687 1813 5756 imperatoris
1855 5686 2129 5749 animum;

562 5797 786 5851 delusus
806 5786 1047 5858 improbe
1083 5800 1112 5840 a
1142 5784 1280 5847 suis,
1315 5781 1487 5836 bonus
1519 5782 1609 5834 ille
1637 5778 1984 5836 dissimulare
2014 5794 2131 5832 ma-

2215 4605 2366 4651 tanta
2406 4601 2729 4663 tempestate
2775 4593 2959 4662 periit.
2992 4592 3061 4644 At
3100 4605 3221 4645 cum
3255 4590 3441 4643 omnia
3483 4587 3798 4642 Graecorum

2214 4689 2397 4755 inepta
2430 4700 2593 4754 opera
2649 4684 3119 4754 reprehendantur
3146 4723 3162 4747 ,
3219 4699 3331 4738 non
3380 4684 3575 4737 mirum
3609 4683 3654 4737 si
3698 4685 3801 4737 bo:

2216 4778 2431 4833 illustre
2485 4775 2692 4831 sanetis
2732 4776 3159 4843 imperatoribus
3204 4774 3566 4837 institutum,
3625 4775 3801 4827 moni-

2220 4879 2463 4926 mentum
2536 4866 2812 4935 egregium
2869 4865 3060 4933 reique
3120 4865 3351 4934 publica:
3406 4872 3792 4926 tutamentum,

2224 4978 2348 5018 esca
2375 4958 2730 5031 praedonibus
2751 4956 2894 5022 fuit;
2921 4973 3085 5025 quam
3110 4966 3299 5026 postea
3322 4971 3447 5010 sero
3476 4957 3520 5009 si
3549 4970 3805 5025 reparare

2228 5052 2540 5115 voluerunt,
2577 5047 2686 5102 duo
2721 5048 3033 5119 defuerunt,
3071 5062 3145 5101 res
3180 5057 3234 5099 et
3273 5054 3529 5116 tempus;
3563 5061 3682 5115 qua:
3716 5062 3807 5115 po—

2230 5152 2447 5203 terant,
2506 5143 2551 5195 si
2587 5155 2842 5208 guerrain
2894 5138 3294 5203 intendebant,
3344 5138 3708 5209 opportunius
3755 5148 3808 5187 et

2229 5235 2597 5304 importunius
2646 5242 2996 5301 extorquere.
3041 5231 3147 5285 Sed
3190 5232 3378 5284 innata
3432 5246 3542 5283 non
3597 5229 3811 5283 sinebat

2230 5323 2753 5395 procrastinatiOnis
2799 5324 3025 5391 ineptia.
3086 5322 3315 5375 Omnem
3365 5336 3497 5390 ergo
3552 5336 3704 5389 spem
3758 5319 3811 5372 In

2230 5418 2455 5473 fossatis
2503 5425 2557 5469 et
2604 5416 2928 5469 antemurali
2961 5426 3309 5484 posuerunt:
3348 5414 3550 5482 quibus
3594 5413 3813 5466 tandem

2233 5510 2486 5580 perditis,
2512 5507 2577 5561 ad
2603 5507 2927 5561 altissimum
2951 5506 3227 5561 desertum
3248 5520 3462 5558 murum
3489 5511 3815 5573 coangusta‘

2235 5602 2327 5665 tis,
2369 5600 2626 5653 habilitas
2686 5612 2792 5651 non
2857 5597 2982 5650 fuit.
3037 5596 3368 5652 Prudentius
3406 5592 3643 5658 Hebraei,
3698 5594 3818 5660 qui,

2235 5691 2447 5761 perdito
2472 5705 2773 5751 unomuro,
2796 5689 2994 5742 deinde
3025 5688 3091 5740 ad
3112 5687 3434 5749 secundum,
3471 5685 3671 5738 tuniad
3703 5693 3818 5736 ter-

2238 5785 2374 5837 tium
2415 5797 2472 5835 se
2506 5779 2879 5845 contulerunt,
2934 5778 3133 5848 quibus
3165 5776 3325 5831 annis
3350 5784 3587 5845 quatuor
3616 5771 3823 5843 Vespa-
