4230 6280
522 336 624 401 931

1622 338 1715 397 DE
1751 335 2000 397 EXPUG
2016 334 2061 393 Ν
2076 334 2351 396 ΑΤΙΟΝΕ
2394 335 2677 397 CPOLlS.

3670 331 3776 393 938

524 454 662 508 siani
699 465 864 525 atque
920 455 1025 509 Titi
1065 455 1414 512 obsidionem
1464 456 1729 509 tulerunt.
1781 451 1895 508 Vox
1957 451 2100 506 inter
2130 459 2173 510 Α
2205 452 2546 517 exercitum;
2611 451 2822 515 Peram.
2892 470 2960 508 ne
3009 453 3311 509 subsidium
3360 449 3608 506 ho.tibus
3646 462 3778 500 ron-

525 546 641 601 hme
689 561 756 603 ex
807 550 1007 606 castris
1056 552 1463 619 exploratorum
1511 548 1680 602 relatu
1717 547 1795 606 lit.
1827 547 1974 616 quod
2008 546 2104 598 tri-

526 654 706 695 remes
733 655 1008 708 navesque
1033 642 1243 711 aliquot
1264 643 1318 695 in
1350 642 1654 697 subsidium
1692 639 1761 695 ab
1798 639 1953 693 Italia
1982 638 2105 691 mit-

529 743 776 788 terentur
807 775 821 798 ,
878 745 932 789 et
976 733 1219 790 Joannes
1269 733 1593 790 Pannonntn
1641 735 1747 788 dux
1810 731 2103 795 exercitus,

527 825 760 882 Blancus
808 827 972 897 vulgo
1025 836 1410 899 nuncupatus,
1454 827 1520 882 ad
1572 825 1874 880 Danubium
1912 835 2104 879 contra

529 919 771 977 Turcutn
797 938 1202 994 congressurus
1236 924 1619 986 adventasset;
1653 940 1759 992 qua
1798 920 2106 976 concitatus

526 1015 804 1072 exercitus
839 1015 1201 1072 discinditur.
1248 1013 1383 1080 Cur,
1421 1014 1720 1084 inquiunt,
1768 1022 1917 1068 tanta
1957 1026 2105 1065 mora

526 1110 867 1180 periclitatur
888 1110 1209 1166 exercitus?
1230 1108 1454 1165 Frustra
1478 1118 1669 1163 contra
1694 1121 1882 1161 muros
1901 1120 2108 1176 pugna-

528 1202 662 1267 turi,
693 1204 968 1260 adversus
993 1218 1172 1273 regem
1196 1201 1395 1257 Teucri
1416 1201 1677 1256 clamant.
1700 1198 1912 1255 Etenim
1933 1214 2107 1266 quan-

526 1309 691 1364 quam
727 1294 1001 1349 maximus
1036 1309 1303 1350 numerus
1329 1300 1496 1355 esset,
1532 1306 1846 1362 quanquam
1880 1290 2105 1345 infinitis

532 1385 755 1455 sagittis
817 1384 1229 1440 maehinassent
1283 1385 1496 1447 urbem,
1551 1392 1736 1453 utpote
1793 1381 1860 1435 ad
1914 1396 2103 1437 muros

530 1478 869 1534 invadendos
901 1477 1101 1544 timidi,
1129 1480 1411 1543 vecordes,
1447 1477 1728 1531 victoriam
1761 1472 2099 1530 diuidi-bant.

596 1568 927 1624 Calilbascia
950 1570 1122 1635 enim,
1153 1569 1299 1640 regis
1327 1567 1593 1624 vetustior
1618 1567 1923 1622 consularis
1948 1567 2103 1631 baro,

527 1661 819 1730 gravitate,
853 1661 1091 1716 consilio
1139 1673 1434 1729 rerumque
1484 1659 2100 1728 bellicarumexperien-

529 1752 603 1806 tia
631 1751 866 1821 pollens,
898 1751 1234 1807 Christianis
1262 1750 1474 1816 favens,
1505 1750 1617 1820 regi
1645 1763 1864 1817 semper
1890 1750 2107 1806 dissua—

529 1855 699 1909 serat,
736 1858 805 1900 ne
860 1844 1052 1899 urbem
1107 1842 1613 1911 ConstantinOpolis
1648 1841 1999 1897 molestaret:
2040 1858 2106 1895 eo

530 1938 676 2006 quod
698 1937 1022 1993 fortitudine
1042 1939 1201 2001 situs,
1228 1950 1412 1992 rerum
1437 1937 1716 1991 fertilitate
1743 1935 2105 2004 providentia-

531 2045 638 2097 que
667 2046 773 2083 non
799 2040 906 2083 tam
940 2028 1278 2093 Graecorum,
1310 2043 1474 2097 quam
1514 2027 1834 2083 Latinorum
1872 2028 2103 2095 munita,

532 2122 972 2190 inexpugnabilis
1030 2131 1186 2185 erat,
1242 2136 1365 2190 qua:
1419 2134 1753 2190 proavorum
1821 2130 2106 2191 patrisque

532 2228 763 2283 gnerras
813 2213 973 2268 annis
1028 2214 1215 2268 multis
1259 2213 1569 2277 tolerasset,
1622 2212 1878 2282 quodque
1927 2214 2104 2283 pejus,

530 2306 658 2373 quia
710 2304 835 2372 ejus
884 2303 1086 2374 injuria
1137 2303 1378 2361 lacessiti
1428 2319 1620 2360 omnes
1665 2304 2105 2360 Christianorum

535 2411 706 2462 reges,
758 2395 1169 2465 principesque,
1211 2397 1276 2450 ad
1324 2396 1575 2450 eamdem
1630 2398 1891 2452 tuendam
1945 2396 2105 2452 facile

534 2501 985 2555 provocarentur.
1008 2488 1089 2541 'l‘u
1119 2503 1250 2558 ergo
1282 2502 1377 2542 rex
1410 2489 1632 2557 (inquit)
1660 2503 1845 2555 pacem
1868 2488 1937 2542 da
1966 2489 2105 2555 tuis;

533 2582 645 2635 noli
670 2580 989 2637 Cennenses
1015 2578 1359 2648 Venetosque
1390 2580 1618 2644 vicinos,
1645 2581 1737 2649 qui
1764 2580 1873 2635 tuis
1895 2596 2108 2650 semper

538 2673 859 2742 proderunt,
896 2675 1082 2728 hostes
1122 2672 1220 2726 tibi
1257 2672 1519 2739 reddere,
1557 2674 1803 2742 iramque
1840 2675 2108 2729 Christia-

534 2777 730 2817 norum
762 2762 1029 2817 adversus
1070 2773 1287 2834 gentem
1330 2771 1480 2816 tuam
1513 2778 1833 2830 provocare.
1877 2764 2109 2821 Maxima

534 2865 619 2910 est
651 2858 890 2925 potentia
925 2866 1013 2909 tua
1040 2872 1056 2909 :
1089 2870 1256 2925 quam
1294 2871 1427 2925 pace
1460 2856 1721 2923 majorem
1751 2858 1909 2922 lacis,
1946 2874 2107 2925 quam

534 2959 756 3017 guerra.
797 2942 952 3000 Finis
986 2944 1129 2999 enim
1162 2944 1287 2998 belli
1334 2945 1522 2999 varius
1553 2956 1636 2999 est
1680 2964 1694 3000 :
1730 2961 1891 3014 quem
1921 2948 2110 2999 adver-

540 3039 677 3094 sitas
710 3050 1089 3104 saepenumero
1121 3036 1316 3106 u-agis,
1348 3049 1512 3103 quam
1557 3041 1888 3106 prosperitas
1937 3040 2109 3091 enmi-

537 3140 705 3186 tatur.
747 3132 1001 3200 Zaganus
1039 3127 1258 3199 iunior,
1293 3130 1569 3185 secundus
1601 3131 1910 3187 consularis
1956 3133 2107 3196 baro,

533 3222 979 3279 Christianorum
1031 3221 1227 3286 hostis,
1279 3228 1395 3276 tum
1447 3222 1719 3292 przecipue
1776 3223 2112 3280 Calilbaseiae

536 3314 861 3375 :ernulator,
916 3314 1211 3367 maximam
1270 3328 1393 3369 esse
1449 3318 1595 3383 regis
1650 3315 1737 3369 sui
1789 3319 2109 3385 potentiam,

536 3406 824 3459 adversum
875 3404 1243 3475 quem-nulla
1291 3420 1424 3476 gens
1471 3407 1666 3475 possit,
1717 3408 1889 3461 suasit
1921 3421 2113 3463 contra

536 3498 756 3554 Graecos
808 3513 1084 3569 guerrarn,
1141 3499 1442 3567 potentiam
1504 3500 1755 3571 exiguam
1806 3501 2110 3557 habentes:

539 3605 775 3659 quorum
830 3588 1042 3645 tna'niis
1102 3590 1375 3645 machinis
1416 3589 1740 3646 collidendis
1801 3593 1900 3662 ipsi
1956 3609 2116 3663 pares

536 3689 744 3743 essent,
768 3679 943 3735 σι’ωοὶ
969 3695 999 3734 e
1022 3690 1214 3734 contra
1241 3681 1389 3735 nulla
1420 3682 1810 3737 numerositate
1837 3688 2113 3740 exercitus

537 3770 809 3837 pollerent
858 3777 916 3823 et
962 3769 1172 3823 diutina
1206 3769 1519 3838 fatigatione
1566 3771 1678 3839 jam
1713 3770 1874 3825 fracti
1904 3787 2110 3840 essent,

537 3863 632 3930 qui
685 3876 785 3917 nec
834 3877 903 3915 ex
962 3862 1113 3917 Italis
1153 3871 1540 3931 exspectarent
1597 3864 1935 3933 przesidium,
1978 3866 2113 3922 faei-

538 3954 662 4007 liter
695 3954 1064 4021 expugnandi.
1123 3953 1234 4007 Nec
1275 3967 1405 4007 voce
1446 3952 1540 4006 illa
1583 3953 1927 4011 Calilbascia:
1962 3973 2116 4011 revo-

539 4047 769 4097 candum
804 4058 923 4096 esse
955 4044 1098 4112 regis
1132 4043 1401 4107 animum,
1428 4060 1549 4112 qua:
1592 4047 1822 4100 conlieta
1880 4049 2111 4105 luisset:

539 4134 856 4190 Genuenses
883 4136 1068 4199 scissi,
1103 4133 1298 4191 Veneti
1327 4139 1573 4206 oppressi
1603 4141 1672 4192 ah
1726 4140 1864 4194 duce
1910 4141 2115 4196 Medio—

541 4226 671 4291 laui,
726 4227 937 4280 nullum
1010 4229 1189 4281 daturi
1240 4238 1368 4283 sunt
1432 4231 1767 4299 pra'sidium.
1823 4232 2113 4288 Thutacan

541 4318 839 4374 'l‘hracialis
867 4319 1074 4374 militiae
1102 4320 1356 4390 princeps
1379 4362 1395 4387 ,
1437 4322 1781 4378 Calilbascia:
1830 4340 2112 4381 continen-

540 4415 672 4465 dare
712 4413 1049 4481 propositum
1107 4427 1215 4466 non
1245 4414 1478 4476 audens,
1513 4416 1580 4467 ad
1612 4429 1863 4482 guerrarn
1927 4433 2109 4487 regem

2170 2312 2332 2373 cum
2401 2311 2524 2351 esse
2592 2297 2944 2353 bellatoribus
3007 2299 3288 2354 donatam.

2206 544 2364 607 ferat,
2399 546 2786 602 cireuruvalla:
2844 559 2898 602 et
2947 563 3067 617 qua:
3118 547 3183 601 ad
3221 544 3468 599 militiam
3507 550 3778 612 spectant.

2207 638 2355 692 omni
2398 655 2519 692 eum
2549 640 2869 695 maturitate
2890 640 3141 709 dispone.

2277 730 2464 801 Itaque
2506 747 2561 785 ut
2591 731 2917 788 Calilbascia
2966 733 3150 787 senior
3183 728 3492 787 consularis
3538 725 3780 794 compla-

2208 821 2399 876 euisse
2431 821 2542 891 regi
2578 821 2782 892 Zagani
2835 823 3173 879 aemulatoris
3212 822 3295 877 sui
3348 820 3638 877 consilium
3693 817 3783 870 irr-

2208 911 2437 977 tellexit,
2466 913 2865 988 dellnitmnque
2917 932 3041 971 esse
3076 924 3380 978 certamen,
3430 912 3571 968 clam
3606 910 3784 965 inter-

2210 1004 2418 1059 nuntiis
2485 1006 2780 1062 admodum
2823 1008 3123 1071 lidissimis,
3158 1017 3216 1062 ut
3250 1005 3483 1068 amicus,
3546 1002 3784 1071 impel‘a'

2210 1094 2314 1150 tori
2349 1109 2541 1152 cuneta
2570 1099 2898 1155 denuntiat:
2953 1101 3316 1170 hortaturque
3364 1106 3425 1152 ut
3462 1110 3569 1149 non
3615 1107 3782 1161 expa—

2215 1195 2394 1242 vescat
2426 1190 2873 1246 ternulentissimi
2937 1192 3307 1247 adolescentis
3335 1187 3605 1245 insaniam
3632 1202 3647 1237 :
3679 1198 3781 1237 nec

2210 1285 2399 1337 terreri
2425 1284 2587 1338 minis
2608 1300 2796 1340 eorum
2825 1286 2918 1356 qui
2948 1287 3121 1357 magis
3172 1286 3486 1341 timuissent
3512 1298 3526 1335 :
3560 1295 3661 1335 nec
3694 1279 3778 1330 in-

2209 1371 2453 1427 doetiore
2509 1376 2858 1430 multitudine
2918 1376 3297 1432 commoveri:
3354 1373 3612 1428 custodes
3671 1367 3782 1421 sint

2213 1464 2402 1534 vigiles
2426 1474 2481 1520 et
2519 1483 2755 1536 pugnam
2792 1477 3208 1543 perseverantes
3241 1474 3581 1537 exspectent.
3648 1459 3782 1516 Fre-

2210 1567 2438 1623 quentes
2485 1560 2632 1613 enim
2682 1560 2925 1629 epistola:
2979 1561 3045 1616 ad
3101 1561 3486 1631 imperatorem
3522 1572 3589 1612 ex
3615 1556 3785 1611 Calil-

2210 1649 2393 1705 bascia
2428 1651 2808 1720 portabantur.
2867 1653 3013 1721 Ergo
3047 1653 3442 1722 proclamaturn
3475 1660 3559 1705 est
3591 1649 3646 1701 in
3685 1664 3781 1700 ea.

2211 1743 2343 1797 stris
2370 1742 2569 1809 edicto,
2611 1758 2669 1798 ut
2706 1755 2906 1813 quarto
2936 1744 3194 1800 Kalendis
3233 1743 3380 1807 Maii,
3416 1743 3503 1797 die
3535 1740 3785 1795 videlicet

2139 1813 2178 1865 Β
2211 1833 2421 1899 Martis,
2463 1834 2680 1903 prmvris
2747 1836 2941 1891 diebus
2993 1836 3190 1898 tribus,
3248 1834 3447 1905 quibus
3492 1823 3782 1886 luminaria

2211 1925 2319 1979 Deo
2354 1926 2681 1991 accendant,
2736 1926 2903 1982 Deum
2951 1928 3226 1990 invocent,
3281 1929 3487 1995 integra
3545 1925 3632 1979 die
3662 1924 3786 1975 abs—

2211 2016 2437 2081 tineant,
2492 2020 2664 2086 parati
2720 2018 2831 2074 sint
2884 2035 3075 2074 omnes
3131 2019 3198 2073 ad
3259 2019 3556 2087 prmlium:
3602 2016 3781 2071 daturi

2208 2106 2543 2165 Christianis
2570 2110 2825 2180 generale
2851 2125 3164 2177 certamen;
3226 2110 3597 2177 altissimaque
3651 2122 3785 2161 voci:

2212 2205 2473 2269 pra-conis
2520 2203 2800 2259 voluntate
2856 2206 2997 2274 regis
3056 2206 3243 2259 urbem
3303 2205 3484 2257 triduo
3541 2203 3605 2255 ad
3663 2217 3784 2254 sae-

3369 2296 3636 2365 Juratque
3691 2309 3782 2348 rex

2213 2403 2305 2455 per
2362 2388 2723 2444 innuortalem
2790 2390 2996 2454 Deum,
3058 2404 3263 2460 per-que
3319 2401 3557 2462 quatpor
3616 2387 3777 2443 millia

2212 2480 2639 2548 prophetarum,
2715 2498 2809 2548 per
2878 2481 3242 2537 Maltometum
3276 2522 3292 2548 ,
3371 2498 3467 2554 per
3538 2481 3777 2535 animam

2213 2572 2418 2640 patris,
2485 2588 2583 2642 per
2644 2574 2881 2638 liberos,
2936 2590 3141 2644 perque
3198 2592 3385 2629 ensem
3443 2589 3551 2644 quo
3612 2574 3782 2641 cingi-

2213 2676 2322 2729 tur,
2380 2681 2598 2719 ornnern
2631 2668 3133 2737 depopulationem,
3190 2684 3461 2739 omneque
3501 2668 3781 2721 hominum

2215 2762 2503 2829 utriusque
2550 2778 2715 2818 sexus
2770 2779 2970 2832 genus,
3011 2779 3338 2831 omnemque
3389 2766 3591 2833 pariter
3633 2762 3786 2818 urbis

2213 2852 2532 2905 thesaurum
2592 2866 2755 2922 atque
2804 2852 3185 2919 substantiam,
3219 2854 3389 2908 libere
3435 2853 3786 2907 bellatoribus

2213 2945 2505 3009 donatam;
2563 2947 2824 3017 nulloque
2862 2956 3042 3017 pacto,
3091 2961 3209 3015 qua:
3259 2948 3427 3016 jurat,
3468 2945 3691 3002 violare.
3741 2946 3786 2996 0

2215 3038 2259 3091 si
2294 3038 2603 3092 audivisses
2641 3054 2801 3093 voces
2834 3040 2899 3094 ad
2925 3042 3123 3094 malum
3156 3040 3331 3094 elatas
3354 3039 3559 3110 (Illam,
3596 3037 3783 3102 luam,

2138 3165 2182 3222 ο
2217 3128 2483 3183 Menanter
2524 3130 2849 3198 Russolalla,
2875 3133 3073 3188 salice!
3112 3134 3250 3201 quod
3286 3133 3427 3189 Deus
3466 3145 3544 3189 est
3578 3145 3626 3188 ct
3653 3152 3784 3187 sem-

2216 3239 2307 3291 per
2362 3224 2483 3287 erit,
2534 3235 2583 3277 ει
2640 3225 2968 3279 Milionium
3027 3238 3102 3281 est
3162 3243 3341 3282 servus
3388 3228 3502 3296 ejus
3522 3238 3567 3297 ),
3623 3230 3786 3283 vehe-

2217 3324 2429 3370 menter
2474 3318 2875 3387 ubstupuisses.
2931 3318 3129 3387 Sicque
3176 3318 3381 3374 factum
3428 3332 3556 3375 est:
3606 3321 3786 3375 triduo

2219 3409 2512 3464 luminaria
2546 3409 2654 3463 Deo
2679 3412 3022 3478 accendunt,
3053 3413 3307 3482 jejunant
3339 3413 3425 3466 die
3457 3414 3587 3466 nihil
3614 3430 3786 3479 usque

2216 3501 2282 3554 ad
2313 3511 2880 3573 uoctemgustantcs:
2931 3506 3164 3561 invicem
3227 3509 3654 3574 congaudentes,
3708 3507 3773 3558 in-

2218 3597 2390 3649 vicem
2421 3596 2795 3659 convivantes,
2862 3613 2924 3651 se
2965 3598 3114 3667 ipsos
3149 3600 3306 3669 quasi
3338 3599 3404 3653 ad
3438 3601 3641 3652 inferos
3698 3599 3786 3652 die

2216 3688 2537 3743 certaminis
2554 3686 2780 3751 abituri,
2810 3689 3015 3745 osculis
3052 3692 3373 3745 rcsalutant.
3411 3690 3519 3745 Nos
3575 3701 3780 3745 tantam

2219 3778 2536 3849 religionem
2565 3780 2841 3847 admirati,
2873 3782 3043 3835 Deum
3083 3782 3491 3851 propitiatorem
3550 3784 3785 3853 profusis

2218 3870 3083 3941 lacryrnispreeabamur,sacras
3140 3875 3426 3944 imagines,
3483 3876 3787 3945 proCCSsio-

2218 3963 2432 4028 naliter,
2463 3966 2801 4032 eornpuncti,
2844 3980 2937 4034 per
2981 3966 3184 4019 vallum
3223 3968 3522 4037 urbemque
3556 3970 3785 4022 transle—

2217 4066 2418 4119 rentes,
2456 4056 2619 4109 nudis
2650 4059 2880 4124 pedibus
2910 4058 3197 4112 mulierum
3223 4061 3573 4129 virorumque
3612 4065 3784 4116 turbis

2216 4150 2681 4216 consequentibus
2750 4152 3183 4219 deprcezrbarnur
3242 4172 3364 4209 eum
3449 4157 3787 4225 pmoitudine

2216 4238 2397 4293 cordis
2451 4255 2517 4294 ne
2572 4242 2944 4297 litercdztatem
3010 4262 3165 4299 suam
3215 4246 3478 4302 Dominus
3536 4250 3780 4303 detnoliri

2217 4331 2573 4395 permitteret,
2607 4344 2661 4385 et
2699 4339 2842 4403 quod
2887 4339 3203 4406 dignaretur
3264 4340 3514 4397 lidelibus
3570 4344 3684 4397 suis
3724 4346 3780 4397 in

2218 4429 2371 4473 tanto
2427 4425 2729 4479 certamine
2793 4430 3071 4497 porrigere
3153 4431 3421 4499 dextram,
3488 4436 3578 4502 qui
3632 4438 3783 4491 solus

541 4502 821 4556 animavit.
848 4500 1147 4599 Epuuehus
1195 4505 1388 4557 tertius
1441 4504 1754 4560 consularia
1799 4506 1930 4561 baro
1967 4507 2111 4561 dicta
2147 4506 2187 4559 D
2219 4506 2381 4575 Deus,
2415 4524 2469 4565 et
2522 4530 2625 4568 non
2685 4518 2825 4571 alius
2850 4534 2951 4588 pro
3005 4520 3331 4579 Christianis
3391 4500 3635 4597 pugnare
3687 4547 3783 4599 po-

542 4592 852 4647 conlirmat.
879 4589 1139 4646 Iuniores
1170 4591 1338 4660 igitur
1369 4593 1493 4647 belli
1528 4593 1696 4649 duces
1723 4612 1737 4649 :
1771 4596 1815 4649 0
1852 4611 1967 4659 rex,
2030 4597 2113 4649 in-

541 4689 762 4757 quiunt,
810 4688 936 4756 quis
981 4698 1290 4756 peremptor
1344 4689 1663 4757 gentilitatis
1714 4700 1917 4744 nostrae
1962 4692 2113 4743 timi-

540 4780 765 4834 ditatem
794 4777 954 4833 nobis
988 4777 1231 4831 incutit?
1269 4777 1436 4833 Decet
1492 4780 1911 4836 invictissimum
1965 4784 2117 4851 prin-

544 4872 718 4941 eipern
753 4876 1126 4925 nosttutn'res
1153 4886 1379 4941 magnas
1406 4884 1461 4927 et
1490 4876 1735 4942 cogitare
1755 4886 1812 4928 et
1868 4879 2113 4946 aggredi,

495 5021 500 5027 ,
544 4973 597 5014 et
626 4973 1013 5030 quemcunque
1048 4970 1307 5014 eventum
1368 4964 1757 5034 permagnilice
1794 4969 1859 5019 let
1877 4982 1952 5020 re.
2012 4966 2117 5021 Za-

546 5066 718 5120 ganus
757 5052 986 5120 proinde
1023 5060 1082 5105 ut
1127 5052 1263 5106 vidit
1313 5054 1716 5108 multitudinem
1753 5058 1889 5110 bene
1923 5058 2111 5127 diSpo-

549 5143 709 5197 sitam
736 5157 749 5193 :
776 5142 875 5206 Da,
906 5141 1100 5211 inquit,
1136 5142 1360 5209 bellum,
1406 5159 1534 5210 rex;
1569 5146 1829 5214 quoniam
1882 5151 1985 5201 diis
2040 5151 2119 5202 la-

551 5233 821 5299 ventibus,
854 5234 1083 5287 victoria
1124 5234 1347 5305 gloriam
1380 5239 1758 5306 consequeris.
1809 5239 1905 5293 llis
1940 5243 2118 5310 itaque

552 5325 729 5380 verbis
755 5325 1054 5379 animosior
1105 5325 1281 5379 l'aetus
1317 5342 1409 5379 rex
1453 5343 1465 5377 :
1533 5328 1853 5396 Fortunam,
1919 5333 2115 5401 inquit,

486 5458 487 5463 η
551 5427 759 5470 tentare
794 5416 1003 5471 licebit.
1034 5418 1118 5469 An
1165 5414 1478 5473 Macedonis
1506 5422 1749 5488 potentia
1791 5437 1910 5476 mea
1941 5426 2115 5479 maior

552 5508 677 5570 luit,
710 5510 797 5561 eui
824 5508 974 5561 orbis
1012 5509 1225 5561 minore
1256 5524 1382 5562 cum
1434 5511 1678 5564 exercitu
1720 5516 1901 5580 paruit
1932 5516 1955 5564 ζ’
1982 5516 2118 5579 Quis

550 5610 645 5655 aut
692 5600 905 5670 genitor
946 5613 1120 5663 meus,
1154 5611 1249 5653 aut
1299 5616 1457 5668 avus,
1518 5613 1612 5657 aut
1657 5619 1917 5672 proavus,
1972 5617 2119 5660 tanta

553 5703 840 5761 potestate,
882 5693 1049 5747 tantis
1103 5692 1397 5759 machinis,
1465 5704 1523 5747 ut
1566 5712 1688 5762 ego,
1745 5697 1933 5750 urbem
1982 5699 2122 5754 hanc

550 5784 865 5857 oppressit?
892 5784 1199 5848 Constitue,
1231 5788 1464 5849 lagano,
1488 5788 1631 5840 diem
1672 5788 1817 5855 belli,
1855 5805 2120 5859 compone

787 5879 1057 5939 l’s'mOL.
1107 5884 1220 5942 Cn.
1276 5881 1470 5943 Cle.

2219 4614 2337 4656 teus
2373 4617 2475 4659 est.
2512 4606 2698 4676 Itaque
2733 4624 2973 4666 nostram
3023 4631 3174 4683 spem
3215 4628 3381 4671 totam
3430 4621 3482 4674 in
3538 4620 3645 4677 Deo
3691 4639 3786 4693 po-

2217 4706 2431 4761 nentes,
2491 4703 2855 4755 constitutntn
2920 4708 3234 4763 certaminis
3298 4710 3442 4765 diem
3491 4715 3784 4769 confortati

2218 4790 2523 4853 vigoiosius
2581 4796 3072 4862 exspectabamus:
3127 4811 3347 4869 propter
3394 4806 3536 4871 quod
3593 4808 3783 4862 ascitis

2218 4891 2431 4945 senatu,
2461 4884 2777 4952 barunibtts,
2828 4887 2952 4941 belli
3006 4892 3308 4960 capitancis
3363 4902 3419 4949 et
3454 4899 3783 4953 commilito-

2218 4972 2378 5025 nibus
2409 4974 2475 5027 ab
2506 4975 2837 5043 imperatore
2875 4980 3170 5041 universis.
3204 5000 3384 5040 sermo
3407 4987 3530 5040 talis
3564 4988 3783 5044 habitus

2218 5074 2340 5117 est:
2372 5063 2666 5133 Quoniam,
2702 5070 2801 5122 viri
2833 5073 3066 5133 nobiles.
3096 5078 3301 5130 militia:
3328 5079 3569 5135 illustres
3592 5083 3783 5141 duces.

2220 5171 2428 5225 vosque
2495 5163 2893 5218 commilitones
2969 5165 3446 5237 ChristianiSsimi,
3490 5174 3783 5243 appropin-

2222 5259 2480 5315 quantem
2522 5254 2837 5309 certaminis
2883 5256 3071 5310 heram
3124 5260 3519 5327 conspicimus,
3580 5267 3782 5319 consti-

2220 5346 2451 5397 tuendos
2476 5360 2572 5398 vos
2599 5347 2700 5401 hoc
2731 5348 2783 5400 irt
2813 5348 2933 5403 loco
2973 5354 3253 5420 proposui,
3292 5365 3350 5407 ut
3407 5358 3564 5422 plane
3613 5360 3782 5426 siqui-

2220 5432 2341 5486 dem
2377 5434 2694 5503 intelligatis
2714 5442 3077 5495 constantiam
3104 5455 3339 5498 vestram
3365 5448 3536 5515 magis
3562 5463 3625 5501 ac
3663 5465 3779 5503 ma-

2222 5525 2303 5593 gis
2326 5526 2669 5594 hrtnantlam,
2698 5542 2884 5599 utpote
2906 5535 2995 5600 qui
3024 5536 3261 5603 gloriOse
3283 5552 3487 5607 semper
3521 5545 3780 5596 adversis

2223 5615 2409 5670 hostes
2434 5618 2637 5671 Christi
2672 5620 2991 5684 dimicastis,
3042 5624 3152 5691 jam
3212 5631 3439 5693 patriam
3484 5631 3780 5695 urbemque

2223 5713 2334 5757 toto
2354 5707 2485 5759 urbe
2510 5712 2866 5779 pertnclytam
2892 5732 3051 5780 quam
3078 5718 3275 5771 inlidus
3298 5720 3621 5788 invidusque
3642 5720 3783 5775 Teu-

2223 5812 2347 5856 crus
2374 5797 2509 5854 duos
2540 5805 3007 5872 etquinquaginta
3032 5808 3145 5863 dies
3169 5816 3566 5878 coangustavit,
3596 5820 3783 5867 vestris

3283 5899 3354 5961 30
