4230 6280
388 406 491 470 939

1612 404 1992 465 l.Et_).\iAllDl
2050 404 2403 469 CIIIENSIS

3529 395 3631 463 040

385 518 510 574 altis
567 516 847 585 spiritibus
902 518 1247 571 commissam
1304 517 1580 583 liaocatis,
1633 535 1807 587 neque
1852 536 1950 573 vos
1983 527 2018 581 Α
2061 522 2356 591 quisquam
2390 518 2783 583 rctrorcderct,
2823 520 3044 583 clausis,
3082 525 3492 587 pernoctaruut.
3530 518 3634 568 Au-

386 613 549 676 muri,
580 612 717 666 mole
745 612 982 680 ingentis
1017 612 1213 679 lapidis
1253 614 1318 667 ab
1353 614 1508 667 hoste
1534 613 1753 666 contriti
1781 624 1957 667 exter-

388 712 545 759 rcant
572 722 584 755 :
613 706 868 773 quoniam
896 714 1003 758 tota
1024 706 1101 760 vis
1122 705 1173 758 in
1198 704 1289 759 Dei
1322 706 1597 775 przesidio,
1624 707 1677 758 in
1713 705 1959 759 lacertis-

387 814 495 866 qtte
532 800 722 851 vestris
756 798 982 851 vibratis
1030 799 1390 867 excussisque
1443 798 1637 869 gladiis
1672 799 1723 851 in
1776 797 1961 852 hostes

385 888 690 945 exercenda
710 900 813 945 est.
852 889 979 945 Scio
1025 891 1295 945 indoctam
1358 892 1500 944 illam
1558 892 1957 945 multitudinem

385 1000 450 1037 ex
486 996 633 1036 more
658 982 866 1051 magnis
881 997 1295 1052 congressuram
1316 983 1608 1038 ululatibus
1627 982 1962 1053 inlinitisque

387 1074 593 1143 alonge
610 1074 843 1144 sagittis,
861 1089 967 1127 non
996 1088 1257 1143 personas
1281 1082 1518 1136 nostras,
1542 1074 1802 1143 quasjam
1822 1084 1961 1127 stre-

390 1184 494 1220 nue
548 1178 787 1222 armatas
834 1167 1137 1236 conspicio,
1188 1168 1283 1222 sed
1342 1183 1579 1229 murum,
1620 1169 1873 1223 thoraces
1897 1181 1960 1220 ac

389 1270 543 1315 scuta
573 1272 759 1316 nostra
790 1261 1071 1331 impetere.
1128 1262 1315 1332 Neque
1338 1277 1467 1333 ergo
1501 1276 1652 1317 more
1686 1276 1961 1331 equorum

386 1369 523 1422 quos
557 1354 704 1409 l'osni
730 1354 858 1409 dum
882 1355 1143 1412 adversus
1164 1354 1442 1412 ltomanos
1464 1356 1838 1421 decertarent,
1870 1369 1961 1424 per

391 1446 804 1515 elephantorum
836 1447 1069 1503 inrisam
1095 1446 1519 1501 horribilitatem
1551 1445 1829 1500 deterrere
1869 1458 1961 1496 vo-

387 1536 627 1601 luerunt,
660 1536 961 1594 ululatibus
989 1540 1330 1603 earumdem,
1366 1540 1466 1591 hac
1500 1537 1551 1589 in
1598 1551 1774 1607 pugna
1826 1550 1960 1589 con-

387 1629 669 1682 sternandi
700 1630 853 1696 estis,
881 1637 975 1684 aut
999 1628 1246 1700 fugandi,
1273 1631 1404 1699 quin
1448 1630 1630 1699 potius
1680 1626 1956 1681 animandi

389 1731 450 1773 ut
495 1720 719 1776 hercule
762 1721 1106 1778 constantius
1141 1722 1432 1776 resistatis.
1465 1720 1658 1777 Bestia:
1693 1722 1840 1776 enim
1876 1719 1959 1772 fit-

388 1823 591 1881 gantur
619 1828 649 1868 a
677 1815 885 1881 bestiis,
910 1833 1006 1871 vos
1030 1818 1121 1886 qui
1153 1816 1399 1872 homines
1431 1816 1565 1871 estis
1601 1815 1957 1885 magnanimi,

390 1906 592 1962 bestias
626 1908 747 1963 illas
797 1910 1024 1965 viriliter
1058 1908 1426 1976 sustinebitis,
1461 1909 1514 1962 in
1548 1923 1755 1977 eosque
1790 1908 1953 1963 veluti

389 2007 625 2069 agrestes
659 2014 820 2068 apros
852 2000 1072 2055 lanceas
1108 2015 1508 2069 mucronesque
1539 2010 1750 2053 vestros
1781 1997 1959 2065 ﬁgetis

389 2101 448 2146 ut
478 2092 801 2163 intelligant,
854 2106 978 2149 cum
1019 2093 1339 2148 animalium
1378 2092 1639 2157 dominis,
1683 2110 1788 2146 non
1834 2108 1957 2146 cum

387 2186 733 2253 animalibus,
779 2202 873 2243 eos
910 2187 1234 2242 bellaturos.
1278 2186 1643 2254 Cognoscitis,
1683 2186 1826 2251 quod
1858 2188 1962 2239 iiii-

390 2278 515 2345 pius
547 2289 599 2331 et
632 2277 834 2331 infidus
865 2276 1040 2332 hostis
1092 2292 1279 2348 pacem
1321 2291 1565 2332 uosuam
1600 2275 1803 2344 injuste
1836 2291 1965 2343 pcr-

388 2372 652 2436 turbavil;
685 2370 1073 2441 jusjurandum
1106 2381 1160 2426 et
1206 2372 1387 2426 fmdus
1439 2371 1583 2424 inter
1612 2385 1710 2422 nos
1745 2378 1962 2436 parturn

389 2460 649 2527 violavit;
691 2460 918 2518 colonos
966 2473 1182 2516 nostros
1216 2461 1411 2516 messis
1460 2470 1705 2528 tempore
1744 2458 1965 2513 intcrle-

388 2558 496 2624 cit;
530 2559 801 2613 coloniam
830 2559 1213 2629 depopulavit;
1239 2566 1508 2621 castrum,
1535 2559 1680 2625 quo-l
1718 2556 1873 2623 quasi
1899 2555 1963 2608 ad

390 2651 694 2706 vorandum
722 2650 1067 2708 Christianos
1092 2652 1184 2716 sit,
1211 2650 1263 2706 in
1289 2647 1626 2719 Propontide
1653 2649 1962 2710 aediﬁcavit,

389 2743 747 2817 Galatamque
770 2745 1123 2819 simulatione
1148 2745 1297 2814 pacis
1321 2743 1710 2799 circumdedit.
1730 2740 1967 2797 Minatur

392 2851 539 2892 nunc
578 2835 928 2891 Constantini
961 2834 1139 2905 Magni
1177 2835 1391 2897 urbem,
1425 2832 1657 2902 patriam
1698 2842 1965 2892 veStram,

393 2929 681 3000 profugum
704 2928 1138 2983 Christianorum
1164 2926 1447 2991 auxilium,
1470 2936 1525 2977 et
1546 2924 1790 2979 omnium
1813 2921 1965 2977 Grac-

390 3036 583 3076 corum
631 3028 991 3075 tutamentum
1042 3036 1237 3090 capere
1276 3038 1290 3074 :
1328 3030 1386 3075 et
1420 3032 1583 3073 sacra
1616 3017 1708 3072 Dei
1764 3015 1966 3083 templa

392 3115 607 3185 equinis
640 3115 869 3171 Stabulis
900 3116 1211 3184 profanare.
1243 3113 1287 3170 0
1340 3114 1579 3169 barones
1613 3112 1744 3176 mei,
1782 3125 1814 3164 ο
1847 3108 1963 3163 fra-

2066 619 2224 670 diunt
2280 616 2418 667 inter
2466 615 2579 667 lucc
2624 613 2798 683 parari
2852 612 3171 673 machinas,
3207 611 3326 665 vehi
3371 622 3634 665 castratas

2064 710 2259 777 bigas:
2299 708 2451 761 tallis
2476 707 2655 760 scalas
2688 716 2895 759 rotatas
2927 704 3228 759 adiuuicri.
3264 701 3470 758 Classis
3502 718 3638 771 prre-

2066 810 2232 863 terea,
2270 807 2327 852 ut
2370 796 2669 852 circumdet
2704 809 2919 865 portum
2957 805 3011 849 et
3054 796 3267 859 urbem,
3299 795 3629 862 disponitur.

2065 891 2206 945 Pons
2264 891 2418 959 juxta
2479 889 2629 942 urbis
2684 889 2860 957 ripam
2926 887 3283 957 applicatur:
3342 888 3635 951 omniaque

2064 981 2505 1035 machinamenta
2559 980 2855 1032 instantius
2899 986 3294 1047 praeparantur,
3329 977 3635 1045 praepositis

2066 1082 2226 1126 noctu
2266 1073 2447 1126 minus
2476 1072 2739 1134 robustis,
2768 1086 3057 1139 minusque
3087 1070 3360 1133 iloctis,ut
3384 1069 3513 1122 dum
3542 1068 3629 1122 lus

2064 1167 2273 1220 venerit
2297 1166 2637 1221 robustiores
2667 1166 2870 1218 milites
2892 1166 3007 1218 sint
3037 1173 3303 1218 recentes.
3340 1161 3633 1218 Certamen

2062 1263 2323 1318 iuchoant
2346 1280 2361 1327 ;
2393 1264 2563 1320 nostri
2601 1277 2791 1331 magna
2819 1278 2940 1316 cum
2966 1262 3313 1316 animositate
3337 1262 3595 1315 resistunt
3618 1278 3633 1325 ;

2065 1358 2247 1413 hostes
2271 1356 2544 1411 machinis
2574 1366 2628 1410 et
2665 1355 2883 1410 balistis
2910 1354 3218 1425 repellunt;
3253 1362 3302 1408 et
3332 1368 3397 1408 ex
3469 1366 3635 1409 utra-

2062 1465 2166 1521 que
2205 1458 2356 1519 parte
2378 1449 2917 1519 proportionabil'ter
2935 1449 3051 1502 oeci
3076 1450 3286 1505 luntur.
3321 1447 3633 1503 Tenebrosa

2064 1560 2167 1598 nox
2200 1544 2253 1596 in
2290 1544 2465 1596 lucem
2494 1540 2747 1605 trahitur,
2787 1541 2987 1595 nostris
3016 1541 3379 1596 vincentibus.
3418 1541 3480 1596 Et
3506 1546 3635 1597 dum

2061 1649 2205 1691 astra
2233 1635 2455 1699 cedunt,
2486 1635 2613 1689 dum
2653 1632 2839 1689 Plimbi
2895 1634 3153 1703 praecedit
3177 1634 3396 1688 Lucifer
3428 1645 3636 1699 ortuni,

2062 1730 2313 1786 huccinis
2346 1744 2413 1783 ex
2450 1740 2681 1793 utraque
2741 1735 2894 1794 parte
2947 1726 3314 1796 crepantibus,
3369 1727 3639 1798 tympanis

2064 1822 2548 1893 pcrstrepentibus,
2568 1821 2852 1875 altissimis
2877 1820 3207 1876 clamoribus
3234 1822 3439 1884 missis,
3466 1821 3637 1890 llla'a,

2066 1916 2235 1979 lllala,
2261 1916 2313 1969 in
2342 1914 2564 1968 Martem
2598 1916 2971 1974 conc'arnans,
2994 1914 3349 1981 conglobatus
3380 1913 3638 1982 in-gyrum

2064 2008 2349 2077 consurgit
2380 2006 2681 2062 exercitus.
2722 2002 2840 2059 Una
2869 2019 3000 2075 ergo
3031 2005 3168 2059 liora
3208 2020 3429 2061 omnem
3492 2015 3638 2059 terra

2064 2111 2117 2155 et
2150 2100 2285 2154 mari
2319 2102 2507 2154 urbem
2546 2098 2832 2153 invadunt.
2862 2095 3145 2152 Machinas
3203 2098 3439 2166 primum
3464 2114 3639 2150 excuv

2067 2197 2240 2259 tiunt;
2275 2193 2507 2262 sagittas
2535 2192 2734 2247 coelum
2766 2194 3129 2247 obscurautes
3153 2192 3473 2247 immittunt.
3500 2193 3642 2246 Con-

2067 2299 2148 2341 tra
2182 2286 2357 2341 nostri
2387 2286 2618 2340 missilia
2659 2285 2831 2338 invisa
2867 2284 3165 2338 demittunt
3236 2284 3640 2353 spingardasin

2067 2380 2289 2452 globum
2324 2379 2555 2449 jaciont.
2580 2378 2864 2433 Scinditur
2892 2378 3169 2432 exercitus
3201 2376 3446 2430 horribili
3478 2376 3641 2432 Chri-

2067 2479 2371 2529 stianorum
2426 2473 2762 2527 resistentia.
2843 2471 2999 2524 Tunc
3059 2472 3195 2525 fiunt
3249 2470 3524 2525 clamores
3587 2470 3640 2521 in

2070 2569 2297 2632 malum,
2341 2567 2542 2623 vexilla
2575 2565 2815 2620 alacrius
2847 2564 3270 2631 expauduntur;
3301 2580 3333 2616 o
3361 2562 3643 2616 mirandas

2068 2661 2306 2717 bestiasl
2376 2662 2721 2716 consumitur
2777 2658 3080 2722 exercitus,
3135 2664 3190 2709 et
3245 2656 3641 2711 immensurata

2069 2754 2297 2810 audacia
2332 2753 2535 2809 vallum
2564 2755 2769 2808 intrare
2802 2751 3105 2822 przcsttmit.
3132 2749 3347 2807 Cadunt
3371 2748 3644 2818 lapidibus

2067 2846 2250 2902 obruti
2282 2844 2467 2911 Turci,
2500 2846 2662 2901 morti
2691 2846 2845 2900 multi
2877 2841 3283 2908 succumbunt,
3326 2852 3380 2896 et
3410 2857 3470 2896 se
3500 2841 3646 2896 inri-

2070 2953 2187 2994 cem
2220 2939 2611 2993 coneulcantes
2641 2944 2853 2991 tentant
2876 2949 2973 3005 per
3006 2934 3224 2988 ruinam
3262 2949 3451 2987 tnuros
3483 2948 3645 2987 scan-

2067 3032 2219 3087 dere.
2253 3037 2297 3085 Δ
2336 3032 2543 3085 nostris
2573 3028 2794 3099 quidem
2849 3039 3073 3083 strenue
3123 3024 3483 3095 repelluntur,
3548 3025 3643 3078 svd

2071 3122 2341 3177 vulnerati
2383 3120 2558 3176 nostri
2627 3120 2812 3182 multi,
2878 3132 3116 3188 pugnam
3179 3115 3480 3172 declinant.
3534 3117 3650 3171 Stat

394 3216 527 3269 tres,
554 3219 587 3260 ο
613 3204 733 3271 lilii,
755 3203 1197 3262 Christianorum
1248 3218 1516 3260 :eternum
1573 3206 1740 3258 decus
1774 3198 1967 3257 defen-
1989 3215 2037 3274 α

1989 3215 2037 3274 ς.
2072 3214 2394 3283 capitaneus
2428 3211 2713 3279 Joannes;
2747 3209 3166 3266 stanter-terim
3197 3210 3312 3263 suis
3340 3224 3647 3278 propugna-

395 3313 519 3353 sare
587 3298 828 3353 curctisl
894 3296 1114 3367 Vosque
1172 3298 1513 3361 Gcnuenses,
1573 3295 1670 3349 viri
1735 3291 1963 3363 quidem

397 3393 577 3460 magni
604 3391 807 3455 cordis,
826 3390 1107 3460 etinclyti.
1134 3390 1229 3459 qui
1261 3390 1487 3443 infinitis
1507 3386 1750 3442 victoriis
1770 3384 1966 3438 trium-

398 3485 629 3554 phastis,
678 3486 770 3549 qui
814 3484 1004 3537 urbem
1063 3484 1203 3538 hanc
1242 3494 1471 3535 matrem
1506 3488 1742 3534 vestram
1774 3475 1964 3531 multis

398 3580 659 3632 adversus
695 3576 907 3633 Turcos
934 3578 1324 3634 certaminibus
1353 3586 1569 3644 semper
1623 3570 1969 3641 protexistis,

397 3671 481 3723 eia
518 3672 684 3739 agite,
721 3670 895 3725 robur
931 3684 1173 3725 vesmim
1227 3668 1745 3735 animositatemque
1781 3672 1971 3717 contra

398 3779 493 3819 ποθ
525 3764 754 3819 viriliter
786 3763 1112 3819 ostendatis.
1170 3758 1215 3816 0
1262 3759 1470 3822 Veneti,
1508 3758 1608 3811 viri
1659 3754 1978 3827 potentissi-

400 3861 495 3925 mi,
553 3872 791 3929 quorum
838 3856 1017 3923 gladio
1075 3867 1451 3925 srepenumero
1500 3850 1804 3906 Turcorum
1844 3861 1976 3902 san-

400 3955 522 4023 guis
558 3952 875 4014 effunditur,
924 3952 1131 4020 quique
1183 3950 1382 4003 dielus
1425 3946 1631 4002 nostris
1673 3959 1769 4015 per
1820 3941 1976 3997 Plor-

400 4050 544 4100 dano
583 4045 1111 4100 excellentissimum
1157 4043 1356 4098 classis
1393 4049 1594 4096 nostra:
1629 4038 1973 4109 praefecutm,

401 4148 480 4193 tot
514 4139 718 4209 galeas,
757 4147 837 4192 tot
864 4137 1154 4192 infidorutn
1180 4137 1391 4189 animus
1425 4136 1490 4188 ad
1531 4132 1739 4188 inferos
1775 4130 1975 4185 crebro

398 4231 705 4293 destinatis,
750 4230 962 4299 quique
1000 4231 1081 4282 uti
1115 4240 1355 4281 vestram
1400 4227 1541 4280 hanc
1584 4225 1773 4279 urbem
1814 4224 1975 4292 inge-

402 4323 527 4376 nuis
582 4333 634 4377 et
688 4322 901 4393 magnis
945 4320 1079 4376 viris
1136 4319 1465 4381 decorastis,
1519 4316 1797 4372 extollatis
1830 4328 1975 4368 nunc

399 4411 577 4465 celsos
599 4412 813 4465 animos
845 4410 915 4465 ad
943 4425 1245 4465 ceriamen.
1272 4408 1509 4476 Vosque.
1539 4406 1968 4469 commilitones,

402 4503 598 4559 vestris
635 4502 909 4572 praefectis
961 4517 1181 4555 omnem
1213 4501 1583 4556 obedientiam
1614 4498 1967 4561 exhibentes,

400 4601 706 4669 iutelligite,
732 4599 876 4669 quod
907 4599 995 4651 hic
1031 4598 1149 4651 dies
1178 4607 1263 4651 est
1290 4595 1477 4664 gloria:
1504 4603 1700 4648 vestra:
1730 4613 1742 4646 :
1776 4594 1830 4647 in
1860 4607 1972 4661 quo

402 4696 449 4749 si
488 4694 774 4763 Sanguinis
799 4700 1009 4762 guttam
1045 4688 1323 4751 fuderitis,
1344 4700 1609 4741 coronam
1646 4686 1796 4737 vobis
1828 4699 1973 4737 mar-

403 4788 526 4858 tyrii
557 4796 611 4841 et
638 4786 866 4855 gloriam
918 4782 1183 4853 parabitis
1228 4778 1619 4835 immortalem.

475 4876 656 4946 Itaque
681 4876 833 4929 linito
855 4888 1110 4929 sermone
1134 4873 1315 4926 omnis
1339 4870 1778 4925 Christianorum
1802 4879 1978 4921 cretus

402 4983 740 5025 constantem
767 4984 825 5022 se
853 4968 1095 5020 animum
1152 4966 1356 5019 habere
1409 4962 1727 5034 spopondit.
1764 4960 1980 5029 ltepetit

406 5068 700 5134 imperator
736 5080 749 5115 :
785 5058 969 5114 Estotc
998 5060 1161 5128 igitur
1187 5073 1379 5112 omnes
1410 5056 1465 5109 in
1501 5066 1624 5110 actu
1652 5057 1853 5110 virtute
1887 5068 1982 5124 pa~

407 5158 506 5210 rati
543 5157 597 5210 in
626 5154 946 5218 crastinum,
978 5166 1108 5220 quo,
1145 5150 1257 5204 Deo
1284 5150 1520 5212 favente,
1550 5150 1624 5201 uti
1664 5163 1977 5217 speramus.

405 5249 689 5303 victoriam
723 5261 1151 5316 consequemur.
1185 5243 1493 5297 Confortat’.
1526 5244 1758 5310 posthac
1803 5240 1977 5295 Grmci

406 5342 498 5412 qui
535 5342 767 5411 primum
801 5342 959 5409 quasi
997 5338 1179 5407 pavidi
1218 5336 1417 5389 bellum
1454 5336 1833 5396 declinabant,
1868 5332 1980 5383 vir-

408 5443 631 5502 tuteque
666 5432 995 5493 continuati,
1044 5429 1273 5499 privatis
1329 5441 1449 5497 post
1520 5438 1669 5493 terga
1729 5424 1979 5479 dimissis

410 5526 595 5591 rebus,
630 5524 695 5577 ad
729 5535 1007 5579 certamen
1038 5539 1134 5590 pro
1179 5523 1454 5575 communi
1504 5522 1679 5573 salute
1726 5528 1983 5573 constan-

412 5628 499 5673 ter
556 5617 920 5683 alacritcrque
968 5616 1321 5681 conspirant;
1368 5615 1595 5681 suisque
1645 5626 1737 5679 per
1772 5612 1980 5675 capim-

417 5723 571 5773 neos,
592 5708 778 5772 duces,
798 5708 1073 5767 tribunos.
1096 5710 1461 5763 centuriones.
1484 5705 1757 5763 derurios,
1779 5718 1982 5771 propn-

414 5800 659 5871 gnaculis
678 5799 963 5852 ordinatis.
986 5808 1143 5849 nocte
1162 5812 1221 5848 ea
1242 5813 1358 5863 qua-
1379 5795 1600 5845 Martem
1624 5798 1978 5857 przrcietleliat,

418 5892 666 5947 maximis
711 5891 961 5944 excubiis
1013 5890 1151 5941 infra
1192 5890 1429 5948 vallum,
1477 5887 1642 5938 valvis
1692 5884 1869 5948 Urbis,
1914 5900 1979 5936 ne

2070 3305 2232 3360 culis.
2264 3304 2443 3361 Duces
2476 3314 2813 3359 succurrunt
2843 3303 2994 3356 urbis
3038 3303 3324 3370 capitanco
3365 3300 3636 3367 deputati.

2070 3398 2395 3466 Imperator,
2448 3396 2571 3461 Eia,
2620 3396 2819 3466 inquit,
2869 3394 2972 3447 viri
3026 3393 3244 3450 fortes!
3293 3394 3405 3463 jam
3440 3393 3651 3447 laxatur

2068 3491 2347 3546 exercitus
2380 3489 2650 3552 hostium,
2723 3502 2929 3544 corona
2979 3487 3406 3544 victoriarnobis
3466 3489 3653 3555 utique

2071 3581 2258 3637 datur.
2306 3578 2448 3636 Deus
2479 3580 2769 3635 nobiscum
2794 3587 2915 3644 est;
2954 3577 3101 3649 agite
3132 3587 3485 3633 constantem
3548 3594 3647 3646 pu-

2072 3685 2257 3744 gnam.
2296 3674 2445 3728 lnter
2484 3674 2599 3726 haec
2625 3671 2770 3726 malo
2822 3670 2977 3727 urbis
3028 3670 3166 3736 fato,
3223 3672 3361 3726 heu!
3414 3669 3654 3725 Joannes

2072 3764 2419 3822 Justinianus
2444 3766 2642 3831 sagitta
2684 3766 2790 3822 sub
2812 3763 2979 3819 asilla
3020 3765 3313 3834 configitur
3350 3783 3365 3819 :
3396 3766 3488 3833 qui
3525 3779 3650 3818 mox

2076 3860 2393 3929 inexpertus
2416 3857 2655 3927 juvenis,
2683 3857 2770 3912 sui
2796 3855 3081 3928 sanguinis
3100 3854 3372 3913 effusione
3399 3855 3651 3925 pavidus,

2076 3950 2364 4021 perdendae
2390 3951 2515 4005 vitm
2550 3958 2695 4005 iiietu
2732 3949 3078 4013 concutitur,
3110 3959 3166 4001 et
3196 3963 3264 4004 ne
3296 3959 3651 4019 pugnatores,

2076 4045 2168 4114 qui
2216 4044 2568 4099 vulneratum
2634 4040 2988 4112 ignorabant,
3042 4044 3243 4097 virtute
3302 4041 3648 4112 frangantur,

2077 4135 2218 4191 clam
2252 4136 2524 4192 medicum
2578 4134 2915 4205 quasiturus
2953 4134 3023 4190 ab
3063 4135 3181 4187 acle
3236 4134 3509 4189 discessit.
3544 4133 3649 4200 Qui

2079 4230 2125 4285 si
2155 4215 2334 4283 ‘alium
2385 4243 2489 4283 suo
2527 4230 2649 4283 loco
2694 4229 3075 4298 subrogasset.
3109 4228 3261 4283 salus
3313 4229 3501 4297 patriae
3541 4243 3650 4282 non

2081 4322 2353 4391 periisset.
2401 4319 2645 4390 Puguam
2682 4320 2826 4375 inter
2855 4320 2969 4376 hare
3008 4320 3236 4374 arduam
3277 4324 3648 4375 committunt.

2083 4414 2409 4485 Imperator,
2442 4424 2502 4467 ut
2543 4411 2681 4467 vidit
2731 4412 2925 4468 deesse
2974 4411 3345 4481 capitaneum,
3399 4413 3655 4483 iugo-mis-

2081 4519 2369 4575 cens.quo
2403 4504 2614 4560 scilicet
2664 4502 2807 4568 ierit,
2849 4512 3255 4571 percunctatur.
3295 4502 3477 4557 Nostri
3505 4513 3562 4555 ut
3598 4516 3656 4557 se

2082 4599 2270 4652 vident
2300 4595 2420 4653 sine
2443 4594 2603 4660 duce,
2640 4596 2852 4649 resilire
2883 4610 2913 4649 e
2948 4594 3080 4648 locis
3116 4594 3403 4663 incipiunt.
3458 4592 3655 4649 Teucri

2083 4691 2517 4751 commit-scunt;
2551 4687 2746 4740 horror
2806 4689 3008 4742 nostris
3062 4687 3342 4740 ineuititur.
3378 4686 3657 4740 Desiderio

2082 4784 2229 4837 enim
2273 4782 2462 4836 cuncti
2506 4780 2893 4835 desiderabant
2950 4795 3014 4833 ex
3050 4780 3361 4843 periculoso
3410 4780 3501 4832 illo
3534 4779 3658 4832 loco

2083 4875 2229 4931 scire
2291 4874 2421 4943 quid
2481 4873 2838 4941 contigisset;
2893 4871 3040 4942 quod
3099 4871 3499 4936 praifectmum,
3562 4868 3657 4939 qui

2084 4964 2299 5035 singula
2361 4979 2487 5032 quas
2536 4964 2786 5029 sinistra,
2848 4964 2932 5019 vel
2982 4952 3241 5032 prospera
3303 4962 3655 5027 evenissent,

2086 5060 2341 5114 nuntiare
2374 5059 2673 5123 debebant,
2714 5058 3041 5128 negligentia
3077 5057 3510 5128 praetermissum
3550 5065 3657 5110 est.

2084 5152 2346 5206 Terrebat
2392 5150 2653 5204 acerbum
2696 5149 2826 5202 illud
2875 5149 3102 5213 bellum,
3144 5153 3237 5218 qui
3276 5164 3470 5218 magno
3531 5164 3656 5203 cum

2086 5246 2305 5299 silentio
2360 5258 2388 5294 a
2448 5243 2608 5311 longe
2671 5243 2977 5297 stetissent.
3040 5239 3438 5311 Fatigubantur
3495 5241 3659 5310 igitur

2086 5335 2257 5388 nostri
2324 5334 2623 5402 plurimum
2671 5349 2684 5384 :
2744 5342 2798 5385 et
2859 5346 3019 5401 quem
3086 5340 3472 5398 reparavcrant
3533 5332 3659 5387 bac-

2086 5429 2405 5481 chatureum
2460 5440 2716 5487 murum,
2775 5424 3018 5478 hostium
3070 5426 3483 5493 coriipreSSione
3530 5439 3659 5493 pau-

2088 5523 2252 5588 lisper
2301 5520 2579 5571 deserunt.
2634 5516 2754 5581 Quo
2807 5516 3057 5584 inspecto
3103 5515 3402 5583 dijudicant
3457 5492 3659 5568 'Tcucri

2088 5622 2306 5680 propter
2333 5609 2713 5677 repletioueni,
2750 5623 2916 5675 quam
2953 5608 3109 5661 ruina
3146 5606 3389 5676 collapsa
3431 5605 3657 5671 fecerat,

2087 5716 2243 5769 :eqno
2266 5698 2398 5753 calle
2418 5714 2579 5767 posse
2603 5700 2841 5751 transire
2874 5696 3231 5752 :lrrucndum
3258 5698 3425 5765 igitur
3446 5709 3551 5763 est,
3578 5699 3660 5753 in-

2086 5796 2300 5861 quiunt,
2322 5799 2376 5843 et
2405 5790 2569 5841 veluti
2596 5791 2933 5858 impetuosus
2954 5791 3129 5855 turbo,
3153 5808 3260 5844 uno
3284 5793 3519 5859 impulsu
3538 5806 3658 5842 inu-

2090 5898 2177 5938 ros
2197 5883 2524 5948 ascendunt;
2550 5897 2668 5939 mox
2700 5883 2971 5940 menibus
2990 5885 3180 5938 vexilla
3206 5884 3451 5950 ligentes,
3472 5879 3658 5936 hilari-

2082 6174 2281 6233 Α
