4230 6280
475 455 574 525 9tt
1569 463 1664 523 DE
1716 463 2316 525 EXPUGNA'HUNE
2350 468 2631 526 cruris.
3629 457 3734 526 9t?

477 564 588 628 late
615 571 760 642 pleni
784 572 1136 628 c0nclatnant
1166 574 1473 640 victoriam,
1503 575 1681 644 gladio
1704 586 1966 646 pugnant,
1995 583 2045 624 t-t
2082 575 2122 630 Α
2157 578 2515 632 revermntiam
2550 592 2721 645 neque
2759 576 2963 629 sanctis
2990 576 3313 646 imaginibus
3335 575 3558 638 habent,
3599 578 3729 644 quin

477 660 658 730 quoad
680 670 936 731 possunt,
955 663 1102 718 omni
1134 679 1256 717 eum
1282 665 1484 719 virtute
1511 673 1729 720 nostros
1756 668 1838 721 vel
1866 675 2048 720 catt-r-

2159 673 2341 739 potius
2374 673 2760 733 t'xtct‘tttinant,
2808 670 2997 724 oculos
3041 678 3354 723 sanctorum
3399 667 3727 729 sullodiztnt,

477 753 711 821 minare,
742 755 825 812 vel
847 757 1119 827 subjicere
1151 758 1473 813 moliuntur.
1509 757 1810 828 Imperator
1837 759 1930 813 inf.
1952 760 2048 826 liv,

2157 773 2471 819 sanctorum
2525 776 2746 833 quoque
2806 761 3072 833 reliquias
3123 761 3202 815 vel
3257 760 3592 820 dilacerant.
3646 758 3729 812 vel

479 860 539 900 ιιι
573 847 708 903 vidit
751 853 1102 928 capitaneum
1156 854 1504 923 desperatum
1539 871 1554 907 :
1606 854 1720 910 lleu
1769 869 1857 908 me
1890 855 2054 908 misc-
2154 857 2479 927 dispergunt
2505 855 2791 925 sacrilega:
2823 869 3055 914 manus;
3095 867 3217 906 mox
3256 859 3445 904 sancta
3479 848 3574 903 Dei
3607 862 3734 902 vasa

481 943 633 995 ruml
663 942 861 1010 inquit.
893 946 1104 1014 peritne
1127 945 1301 1000 urbs?
1329 944 1374 1001 Ο
1400 936 1790 1002 infortunatam
1813 948 2046 1002 sortem!
2158 959 2445 1018 usurpant,
2468 957 2751 1017 argentum
2782 960 3087 1023 annumque
3121 956 3227 999 tam
3259 950 3572 998 Sanctarum
3603 941 3734 994 ima-

479 1033 636 1096 siste.
662 1050 874 1104 precor,
908 1038 1213 1108 capitanee.
1240 1038 1375 1093 Nam
1410 1049 1498 1092 tua
1527 1036 1650 1108 fuga
1691 1039 1828 1095 alios
1861 1039 2054 1094 incitat
2157 1044 2343 1114 ginum
2367 1082 2382 1106 ,
2433 1055 2597 1109 quam
2629 1055 2884 1093 vasorum
2932 1052 3214 1091 sacrorum
3240 1076 3255 1102 ,
3296 1033 3532 1092 sacculis
3564 1031 3730 1086 infer

477 1129 546 1182 ad
571 1127 910 1200 fugiendum.
935 1130 1048 1186 Non
1071 1140 1155 1188 est
1182 1133 1413 1186 mortale
1438 1131 1656 1195 vulnus,
1682 1142 1870 1203 patere
1897 1132 2054 1186 dolo-
2156 1137 2330 1191 cium,
2383 1132 2470 1189 Fu
2515 1135 2718 1188 clamor
2761 1146 2817 1187 οι
2859 1134 3096 1187 ululatus
3141 1132 3208 1185 ad
3264 1129 3504 1194 ςωιυηις
3552 1125 3732 1180 omnis

478 1237 615 1288 rem,
650 1231 706 1277 et
752 1223 888 1280 siste
927 1223 1184 1292 viriliter,
1223 1233 1284 1279 ut
1320 1226 1684 1296 spopondisti.
1725 1227 1794 1279 At
1827 1226 1916 1279 ille
1963 1241 2052 1280 sa-
2160 1243 2347 1290 sexus,
2393 1227 2557 1280 homo
2609 1229 2806 1291 cautis,
2857 1239 3016 1278 omne
3048 1237 3266 1289 aurum,
3301 1235 3464 1274 omne
3493 1236 3591 1284 res,
3615 1232 3734 1272 om-

479 1315 632 1378 lutis,
686 1317 892 1386 gleriz,
952 1317 1153 1389 suique
1193 1319 1422 1387 oblitus,
1481 1321 1558 1374 uti
1611 1322 1774 1376 altam
1834 1321 2052 1390 quidem
2160 1323 2245 1372 nis
2270 1319 2535 1388 supellex,
2566 1318 2854 1384 multisque
2892 1316 3045 1372 urbis
3073 1316 3384 1372 substantia
3417 1315 3471 1368 in
3499 1311 3732 1383 pardum

483 1409 660 1479 primo
699 1410 1231 1481 magnanimitatem,
1259 1413 1333 1468 ita
1366 1413 1597 1484 posthac
1635 1413 2058 1484 pusillanimita-
2161 1412 2407 1466 venitur.
2442 1410 2741 1466 Securihus
2770 1409 2970 1464 scrinia
2997 1409 3291 1471 scindunt;
3325 1404 3522 1460 fundos
3555 1401 3736 1474 perfo-

477 1514 585 1556 tem
617 1503 879 1558 ostendit.
938 1504 1134 1560 Debuit
1157 1504 1327 1574 enim,
1354 1506 1400 1562 si
1437 1514 1652 1577 poterat
1681 1507 1926 1562 vulneris
1952 1507 2055 1560 do-
2161 1508 2317 1560 dium
2355 1519 2451 1574 pro
2483 1503 2779 1566 thesauris;
2813 1503 2903 1572 qui
2936 1504 3071 1554 tanti
3108 1501 3472 1569 reperiuntur,
3499 1507 3550 1551 ct
3583 1500 3731 1553 nmi.

478 1594 649 1650 loretu
675 1592 926 1662 suﬂerre,
958 1613 1066 1654 non
1093 1598 1370 1664 recedere,
1396 1598 1442 1652 si
1471 1597 1548 1651 vir
1571 1608 1690 1653 erat
1714 1614 1731 1665 ;
1756 1598 1836 1652 vel
1861 1597 2054 1653 saltem
2161 1611 2214 1652 ι-ι
2245 1609 2474 1663 ι’ριιιτιτις,
2511 1609 2568 1650 ιιι
2612 1597 2759 1651 nulla
2809 1599 2880 1652 sit
2922 1598 3049 1650 urbs
3097 1612 3126 1649 a
3169 1593 3369 1650 Sanculo
3416 1609 3537 1661 qpe-
3570 1593 3734 1644 tantis

477 1687 667 1756 alium,
700 1691 794 1759 qui
827 1691 946 1748 loco
975 1693 1062 1748 sui
1099 1693 1368 1761 stetisset,
1399 1695 1716 1766 subrogare.
2162 1689 2365 1753 afﬂuat,
2416 1700 2471 1742 ιιι
2517 1690 2567 1742 hi
2606 1704 2800 1746 omnes
2838 1689 3145 1745 absconditi
3197 1688 3251 1743 in
3309 1703 3504 1742 ntanus
3545 1701 3734 1740 eorum

545 1780 896 1854 Franguntur
917 1799 984 1842 ex
1012 1784 1117 1841 hoc
1141 1787 1385 1842 omnium
1413 1787 1843 1842 commilitonum
1867 1788 2056 1853 animi,
2163 1790 2544 1852 pervenerunt.
2583 1780 2628 1835 0
2654 1781 2824 1838 ϐττιξυί
2876 1781 2988 1850 jam
3050 1780 3238 1836 miseri
3266 1790 3320 1834 et
3371 1777 3734 1834 miserabiles.

478 1870 806 1930 hebetantur
862 1876 1028 1942 vires,
1082 1886 1137 1934 et
1179 1878 1524 1947 capitaneum
1601 1879 1921 1949 fugientem,
1991 1900 2055 1936 ne
2090 1921 2132 1980 Β
2162 1877 2254 1947 qui
2277 1875 2514 1945 inepiam
2571 1874 2870 1942 lingebatis,
2895 1889 3019 1929 ecce
3042 1873 3153 1944 jam
3185 1875 3236 1926 in
3261 1873 3436 1926 lucem
3464 1881 3723 1924 venerunt

479 1975 728 2034 pereant,
779 1968 1165 2040 insequuntur.
1211 1969 1286 2025 Da
1345 1971 1632 2036 clientulo,
1671 1973 1849 2044 inquit
1902 1976 2053 2042 capi-
2091 1960 2132 1980 υ
2161 1969 2425 2034 thesauri,
2460 1983 2599 2036 quos
2627 1984 2724 2036 pro
2759 1967 2908 2020 urbis
2941 1966 3189 2022 subsidio
3215 1965 3548 2036 denegastis.
3608 1960 3733 2016 Tri-

477 2065 692 2122 laneus,
711 2061 916 2115 clavem
944 2071 1314 2132 portre,quam
1336 2079 1460 2119 mox
1479 2074 1773 2122 reseratam
1802 2077 2056 2139 satagunt
2158 2059 2267 2115 duo
2294 2061 2459 2129 igitur
2495 2060 2547 2113 in
2585 2058 2819 2128 praedam
2852 2056 3142 2112 decursum
3179 2058 3453 2110 civitatem
3489 2055 3734 2124 depopu-

477 2167 674 2224 magna
702 2168 828 2210 cum
860 2158 1282 2226 compressione
1316 2158 1573 2216 transire.
1607 2158 1869 2216 Reserata
1900 2171 2054 2228 porta
2159 2155 2432 2222 latamque
2463 2154 2604 2224 regis
2643 2150 2983 2206 Teucrorum
3013 2150 3204 2204 ditioni
3236 2149 3400 2204 dicati
3441 2148 3731 2202 admodum

409 2308 414 2312 .
475 2245 614 2318 ἷυεῖι
633 2248 950 2316 capitaneus
975 2249 1190 2316 Peram,
1213 2251 1307 2321 qui
1341 2260 1530 2322 postea
1553 2251 1747 2309 Chium
1769 2256 2053 2324 navigans,
2160 2249 2493 2317 relinquunt.
2523 2245 2850 2300 Traducitur
2880 2245 2945 2299 ad
3015 2245 3314 2316 papiliones
3367 2243 3546 2297 omnis
3606 2241 3736 2298 sub-

473 2355 538 2393 ιιι
570 2341 790 2397 vulnere
846 2342 931 2397 vel
977 2343 1200 2400 tristitia
1231 2345 1527 2416 inglorium
1565 2347 1870 2402 transitum
1901 2345 2052 2401 fecit.
2157 2344 2359 2399 stantia
2381 2351 2434 2396 et
2454 2341 2655 2412 praeda,
2686 2338 2958 2407 vinctique
2977 2353 3167 2391 omnes
3201 2337 3268 2390 ad
3300 2336 3579 2404 sexaginta
3614 2335 3736 2388 titil-

477 2429 782 2499 Imperator
841 2431 1090 2501 insuper,
1147 2449 1216 2489 ne
1266 2435 1340 2490 ab
1380 2434 1631 2492 hostibus
1672 2437 1924 2508 capiatur
1961 2454 1974 2490 :
2011 2438 2056 2488 0
2161 2440 2228 2489 lia
2271 2436 2494 2490 funibus
2517 2432 2814 2488 Christiani
2852 2430 3198 2500 captivautur
3230 2447 3246 2494 ;
3282 2444 3480 2485 cruces
3509 2444 3573 2484 ex
3598 2439 3734 2482 lem-

474 2523 770 2592 quispiam,
798 2524 994 2594 inquit,
1026 2527 1212 2583 valens
1237 2537 1357 2600 ιιι-ο
1379 2535 1600 2598 promer
1625 2527 1816 2592 Deum.
1844 2544 1912 2583 ne
1943 2545 2056 2581 ma-
2159 2532 2370 2599 plormn
2405 2528 2652 2597 apicibus
2681 2525 3092 2595 parietibusque
3112 2523 3313 2579 evulsa:
3347 2523 3576 2592 pedibus
3597 2537 3730 2574 cou-

472 2617 646 2686 jestas
679 2618 846 2673 vafris
874 2619 1004 2674 viris
1032 2621 1375 2684 succumbat,
1410 2637 1531 2675 meo
1555 2621 1736 2692 gladio
1768 2638 1854 2675 nte
1881 2633 2054 2676 trans-
2157 2625 2484 2687 culcantnr;
2520 2623 2792 2674 violantur
2828 2621 3084 2674 mulieres
3117 2635 3131 2682 ;
3167 2616 3404 2687 virgines
3457 2614 3733 2669 deﬂoran.

477 2708 629 2779 ligat.
662 2708 806 2764 Inter
830 2713 944 2766 hac
973 2710 1314 2783 Theophilus
1348 2712 1706 2784 Palaeologus.
1744 2716 1826 2768 vir
1855 2719 2052 2770 catho-
2159 2731 2244 2771 tur
2273 2736 2289 2783 ;
2320 2731 2500 2771 mares
2531 2715 2760 2780 juvenes
2793 2715 2846 2766 in
2880 2713 3273 2782 turpitudinem
3334 2710 3677 2763 maculantur
3714 2726 3726 2768 ;

479 2801 653 2858 licus:
675 2801 794 2857 Jam
818 2805 1025 2873 perdita
1047 2805 1200 2868 urbe,
1223 2823 1328 2870 me,
1353 2807 1549 2876 inquit,
1573 2809 1749 2862 vivere
1767 2824 1874 2862 non
1900 2810 2050 2875 liuet;
2159 2808 2604 2867 sanctimoniales
2627 2822 2690 2860 ac
2714 2806 2932 2874 reliqua.-
2950 2805 3113 2858 etiam
3131 2819 3252 2874 quae
3271 2810 3597 2872 apparentes
3620 2802 3736 2855 fu=--

478 2889 931 2967 Teucrorumque
961 2897 1172 2966 pondus
1194 2899 1514 2966 aliquandiu
1547 2901 1848 2965 sustinens,
1882 2911 1934 2954 ct
1963 2905 2050 2956 de-
2161 2915 2308 2970 runt,
2349 2906 2475 2957 luxu
2507 2902 2799 2957 finiantur.
2832 2899 2876 2954 Ο
2916 2898 3055 2952 Deus
3092 2913 3266 2962 meus,
3333 2912 3494 2964 quam
3557 2897 3731 2950 iratus

479 2995 720 3053 certans.
761 2990 939 3045 securi
985 2989 1333 3047 discinditur.
1377 2993 1454 3046 lta
1498 2992 1774 3049 Iohannes
1825 2997 2056 3051 Sclavus
2159 2997 2362 3054 videris
2399 2997 2600 3066 lquam
2629 2993 3134 3048 immisericorditer
3184 2991 3378 3045 facient
3425 3006 3453 3044 a
3482 2989 3734 3044 ﬁdelibus

480 3078 752 3150 Illyricus,
783 3080 948 3136 veluti
977 3081 1238 3139 llercules
1259 3099 1317 3139 se
1339 3099 1643 3154 Opponens,
1673 3089 1874 3142 multos
1904 3091 2055 3156 prius
2159 3091 2399 3146 avertisti
2441 3088 2610 3154 lQuid
2637 3088 2852 3141 dicam?
2876 3086 3059 3142 Silebo
3091 3094 3182 3140 aut
3209 3085 3510 3138 narraboin
3539 3083 3730 3138 Salva-

480 3181 706 3237 mactat,
743 3173 937 3230 deinde
958 3175 1139 3246 gladio
1163 3176 1334 3232 linivit
1361 3179 1526 3233 vitam
1558 3182 1760 3234 hostili.
1809 3181 1880 3236 Se
1914 3181 2053 3235 invi-
2158 3193 2330 3239 torem
2387 3193 2442 3238 et
2493 3192 2712 3236 sanctas
2774 3179 3040 3248 imagines
3091 3177 3271 3231 illatas
3316 3175 3678 3230 contumelias
3717 3175 3734 3224 fr

480 3280 597 3320 cem
631 3278 818 3336 postea
849 3268 1058 3330 nostri,
1092 3276 1150 3322 ut
1193 3275 1402 3338 portam
1446 3271 1856 3339 ingrediantur,
1899 3290 2053 3328 com-
2079 3283 2125 3340 α
2162 3292 2321 3345 parce
2347 3275 2499 3345 mihi,
2534 3272 2777 3334 Domine,
2824 3269 2873 3324 si
2905 3281 3012 3322 tam
3055 3267 3259 3321 fmdum
3305 3267 3481 3321 scelus
3511 3280 3735 3320 euano.

485 3357 786 3427 primentes
825 3370 1076 3430 pereunt.
1114 3359 1327 3428 Quibus
1373 3363 1592 3417 innixus
1625 3363 1920 3434 imperator
1959 3383 2051 3419 ca-

2157 3344 2203 3426 Ο
2230 3344 2612 3424 confusionem
2647 3364 3109 3428 Clu-istianorum,
3138 3361 3185 3415 si
3211 3361 3417 3414 Christi
3461 3359 3555 3413 Dei
3586 3359 3735 3423 iniu.-

481 3451 616 3504 dens
657 3459 820 3520 atque
863 3466 1176 3522 resurgens,
1234 3451 1519 3518 relabitur,
1553 3461 1607 3506 et
1649 3455 2054 3523 compressione
2159 3463 2268 3517 τῖες,
2298 3459 2576 3515 vindicare
2601 3455 2918 3510 retardent!
2957 3451 3154 3507 Sacras
3189 3453 3281 3508 Dei
3313 3460 3367 3506 et
3419 3459 3733 3505 sanctorum

482 3543 739 3612 ντίιιοορδ
785 3544 972 3611 ρθιτίω
1007 3559 1037 3599 ε
1072 3544 1182 3597 Vlla
1230 3543 1515 3613 demigrat.
1563 3544 1851 3599 Perierunt
1893 3545 2056 3614 igitur
2158 3553 2363 3622 clligies
2396 3551 2562 3604 humo
2591 3555 2945 3614 prosternunt
2977 3563 2993 3598 :
3026 3545 3227 3614 quibus
3257 3559 3440 3612 super,
3483 3557 3589 3595 non
3623 3558 3736 3592 Inn-

481 3652 545 3689 ex
582 3637 785 3689 nostris
811 3633 1022 3690 Latinis
1061 3646 1115 3689 et
1135 3633 1342 3691 Graecis
1372 3651 1432 3690 se
1462 3635 1694 3693 invicem
1730 3644 2054 3694 conculcan-

2158 3648 2228 3700 do
2262 3645 2565 3713 crapulam,
2603 3643 2697 3695 sed
2741 3639 3012 3693 luxuriam
3047 3638 3345 3706 complent.
3395 3635 3732 3690 Crucilixum

483 3731 632 3782 tibus
664 3727 717 3779 in
751 3735 918 3795 portae
937 3728 1086 3786 exitu
1117 3728 1340 3784 circiter
1359 3729 1678 3800 octingenti.
1705 3730 1834 3786 lude
1855 3732 2052 3786 Teucri
2161 3733 2392 3806 posthac
2430 3747 2524 3802 per
2543 3739 2722 3785 castra
2747 3731 2962 3799 praeviis
2991 3725 3265 3800 tympanis
3305 3725 3614 3780 deludendo
3639 3724 3736 3778 de-

482 3819 653 3871 altum
696 3834 922 3872 murum
947 3819 1336 3886 decurrentes,
1375 3834 1439 3875 ex
1474 3821 1585 3875 alto
1638 3837 1777 3890 quos
1825 3833 2056 3891 possunt
2162 3838 2403 3899 portant:
2435 3824 2631 3895 Sptttls,
2657 3821 3030 3890 blasphemus,
3064 3818 3585 3891 opprobriisiterum
3611 3832 3736 3884 pr;—

481 3909 748 3980 lapidant,
779 3923 1098 3980 cuneusque
1143 3913 1268 3966 unis
1310 3911 1539 3966 vocibus
1584 3928 1682 3980 per
1715 3915 2056 3968 antemuralc

2159 3919 2541 3975 cessionalilcr
2580 3916 2948 3985 cruciligunt:
2993 3913 3193 3982 pileum
3243 3910 3526 3977 Tcucrale,
3589 3911 3733 3978 quod

485 4003 849 4070 descendens,
896 4003 950 4057 in
1005 4003 1186 4076 fugam
1237 4019 1438 4059 omnes"
1484 4017 1706 4060 nostros
1759 4009 2056 4075 compellit.
2162 4011 2425 4068 Zarchnla
2460 4017 2675 4073 vocant,
2709 4008 2876 4076 capiti
2907 4013 3362 4075 superponentes,
3389 4001 3690 4057 deridenda
3721 4045 3735 4055 .

488 4098 784 4184 [totout-cm
836 4095 1220 4166 jacturamque
1270 4112 1333 4149 ex
1382 4095 1721 4166 fugientibus
1771 4099 2059 4155 audientes
2163 4110 2263 4160 ilic
2297 4116 2380 4159 est
2415 4105 2554 4158 Deus
2578 4097 3107 4156 Christianoruu'i.0
3137 4097 3226 4151 Dei
3255 4097 3608 4167 patientiam!
3635 4093 3735 4149 Be-

483 4187 691 4243 Pauius
729 4185 1059 4256 Troilusque
1109 4184 1440 4249 Dochiardi,
1480 4188 1586 4241 viri
1641 4189 1856 4253 Latini,
1908 4193 2061 4246 uilis

2164 4214 2230 4252 ne
2256 4197 2458 4251 videris
2499 4198 2694 4256 iratus,
2724 4191 3028 4257 boneJesu,
3057 4199 3113 4244 ut
3144 4206 3244 4259 pro
3275 4190 3512 4258 peccatis
3535 4193 3736 4242 nostris

485 4284 658 4344 cives,
683 4295 806 4334 cum
837 4279 1043 4348 aliquot
1065 4277 1270 4333 Grmcis
1296 4280 1535 4333 strenuis
1560 4279 1878 4350 Latinisque
1905 4284 2060 4352 equis
2163 4297 2343 4344 tantas
2370 4285 2596 4355 injurias
2623 4285 2818 4339 iterum
2854 4283 3055 4338 toleres
3090 4280 3419 4350 indignatus.

485 4372 811 4435 insidentes,
842 4371 895 4424 in
924 4370 1110 4426 hostes
1137 4370 1362 4425 vadunt.
1386 4371 1604 4436 Teucri,
1630 4371 1770 4426 forte
1798 4373 2060 4442 majorem
2236 4381 2395 4436 Parta
2437 4390 2618 4433 autem
2652 4378 2904 4440 victoria,
2936 4373 3101 4427 Turci
3144 4372 3505 4428 Bacchanalia
3541 4372 3736 4425 festos-

485 4479 797 4520 numcrum.
829 4478 993 4533 quam
1018 4473 1204 4518 essent
1233 4471 1608 4526 autumautes,
1642 4475 1788 4532 terga
1824 4476 2060 4520 Vt'rltttll.
2166 4490 2274 4542 qm;
2327 4473 2443 4526 dies
2473 4472 2747 4525 celebrant
2782 4487 2794 4522 :
2826 4468 3027 4538 quibus
3065 4483 3160 4520 rex
3209 4465 3348 4521 forte
3385 4465 3739 4520 temulentior

485 4561 688 4614 Paulus
721 4559 773 4610 in
813 4557 1079 4613 Teucrum
1117 4563 1269 4627 urng
1300 4571 1522 4626 equum,
1557 4558 1852 4624 lanceaque
1885 4575 2055 4613 unum

2099 4631 2126 4634 _
2172 4568 2349 4622 factus
2377 4565 2699 4634 sanguinem
2734 4562 2946 4616 Baccho
2975 4560 3191 4615 misceri
3219 4559 3388 4612 voluit
3415 4559 3730 4612 humanum.

487 4653 879 4716 ιηυθῐοιιίοηεν
912 4660 1139 4708 Caletos
1165 4652 1220 4707 in
1263 4650 1442 4721 fugam
1491 4653 1669 4706 vertit.
1709 4653 1847 4708 Cum
1877 4666 2060 4710 autem
2099 4631 2142 4685 θ
2175 4661 2390 4715 Vocatis
2419 4631 2584 4727 igitur
2615 4656 2682 4710 ad
2718 4672 2774 4710 se
2803 4654 3057 4710 Chirluca
3093 4652 3412 4721 exterisque
3436 4652 3736 4706 baronibus

483 4764 550 4803 ex
579 4750 692 4800 alto
737 4745 1007 4814 lapidibus
1046 4745 1432 4808 obruerentur,
1463 4743 1529 4796 ad
1575 4743 1817 4798 Troilum
1849 4762 1862 4799 :
1903 4744 2013 4798 Haa
2044 4746 2058 4798 !

2044 4746 2058 4798 ε
2171 4750 2557 4806 consularibus
2584 4748 2951 4814 reprchensis,
2992 4745 3136 4813 quod
3165 4759 3269 4798 non
3303 4744 3605 4798 suasissent
3638 4743 3706 4796 im

486 4840 674 4912 periit,
720 4839 919 4909 inquit,
963 4837 1182 4902 civitas,
1237 4852 1444 4904 nosque
1484 4835 1646 4892 facile
1700 4843 1770 4894 ab
1821 4840 2059 4893 hostium
2173 4841 2432 4912 peratori,
2467 4839 2551 4892 vel
2585 4853 2773 4906 pacem
2810 4837 3115 4906 petendam,
3143 4837 3226 4889 vel
3252 4835 3483 4888 dat-.dam
3512 4850 3624 4890 sua:
3652 4835 3740 4888 di.

487 4931 839 4988 multitudine
872 4929 1224 4990 circumdati,
1258 4942 1408 4998 spent
1437 4928 1562 4982 vitae
1596 4929 1903 4997 perdemus.
1936 4925 2063 4983 Πλιιο
2170 4933 2305 4987 tioni
2335 4933 2519 4986 urbem
2545 4949 2559 4989 ;
2586 4928 2861 4994 Chirluca,
2892 4926 2982 4997 qui
3009 4926 3339 4995 cogitaverat
3363 4925 3480 4992 ejus
3509 4926 3736 4995 gratiam

486 5041 611 5079 cum
650 5024 876 5084 dicer“.
923 5021 1099 5077 securi
1136 5020 1278 5077 ictus
1320 5021 1376 5075 in
1423 5021 1658 5086 verti-se,
1708 5021 1830 5075 fuso
1863 5036 2062 5074 cruore
2171 5031 2413 5094 captare,
2461 5023 2725 5075 adversus
2755 5017 3018 5073 Pcrcnses
3050 5016 3394 5085 Venetosquc
3429 5019 3521 5086 qui
3562 5031 3734 5078 arma,

488 5130 594 5169 una
624 5129 751 5170 cum
779 5113 949 5170 fratre
981 5113 1046 5169 ad
1065 5112 1312 5169 Galatant
1334 5111 1598 5181 confugit.
1626 5112 1670 5167 Ο
1698 5127 1807 5165 rem
1833 5111 2060 5164 inirabi-
2175 5118 2373 5169 milites
2404 5114 2804 5181 ctntsiiiutnque
2839 5112 3139 5177 dedissent,
3175 5112 3388 5178 culpant
3419 5119 3738 5176 retorquere

486 5207 1024 5277 lemtoszuporem!
1063 5206 1299 5262 Necdum
1329 5204 1565 5261 Pliaahus
1586 5207 1735 5257 orbis
1767 5206 2062 5271 perlustrat
2173 5209 2405 5270 curavit,
2455 5219 2687 5274 quorum
2725 5204 2895 5272 gratia
2930 5204 3224 5270 imperator
3261 5202 3624 5256 resistentium
3662 5200 3739 5252 re-

489 5298 950 5372 hrmisphaerinm,
981 5308 1036 5354 et
1089 5307 1198 5354 tota
1253 5299 1384 5352 urbs
1415 5313 1444 5349 a
1477 5297 1702 5366 paganis
1738 5296 1788 5348 in
1824 5297 2058 5363 ptazdam
2173 5298 2338 5351 cisset
2371 5314 2385 5348 :
2431 5297 2724 5361 volensque
2757 5294 2845 5346 ille
2891 5294 3089 5356 miser,
3123 5293 3213 5361 qui
3260 5307 3476 5360 semper
3509 5292 3736 5359 gloriam

487 5409 814 5464 occupatur.
842 5393 1069 5451 Coitcite
1099 5393 1264 5465 igitur
1290 5407 1478 5446 onmcs
1505 5391 1714 5459 pedites
1735 5391 2060 5452 decurrunt,
2175 5389 2471 5442 mendaciis
2499 5396 2554 5440 et
2583 5385 2879 5438 schismate
2917 5392 3136 5451 captare
3173 5381 3507 5452 concupivit,
3546 5383 3735 5435 iisdem

490 5503 738 5560 quosque
771 5488 1092 5544 resistentes
1137 5484 1314 5556 gladio
1354 5485 1575 5547 feriunt,
1621 5483 1942 5541 imbecilles,
1971 5481 2067 5533 dc-
2178 5481 2385 5534 artibus
2413 5479 2662 5542 evadere,
2708 5476 3070 5530 Calibasciam
3113 5477 3487 5538 vetustiorem,
3538 5474 3655 5527 loco
3686 5486 3740 5527 et

490 5580 751 5650 crepitos,
787 5580 1035 5649 leprosos
1067 5585 1231 5645 atque
1265 5574 1510 5629 inﬁrmos
1545 5573 1839 5627 trucidant.
1889 5569 2064 5624 Obseo
2175 5571 2458 5640 prudentia
2485 5569 2718 5637 primum
2750 5566 2945 5621 Teucri
2978 5567 3257 5628 baroncm,
3285 5567 3518 5618 amicum
3558 5565 3739 5616 admu-

489 5671 787 5741 quentibus
819 5671 959 5723 viam
1003 5675 1230 5737 parcunt
1273 5668 1374 5736 (l).
1434 5664 1801 5719 Sanctissimae
1848 5663 2065 5733 Sophia:
2173 5664 2302 5717 dum
2333 5662 2559 5726 Gt‘azcis,
2594 5659 2737 5728 quod
2775 5659 2981 5712 crebris
3028 5657 3216 5710 littetis
3256 5657 3318 5708 ad
3355 5658 3738 5722 imperatorem

492 5763 874 5818 admirandum
902 5761 1186 5828 templum,
1215 5761 1358 5832 quod
1387 5773 1488 5812 nec
1521 5756 1831 5813 Salomonis
1864 5767 2062 5826 aequat,
2175 5756 2353 5808 missis
2398 5754 2516 5820 ejus
2555 5752 2794 5805 animum
2829 5765 2857 5802 a
2903 5747 3052 5818 pacis
3099 5747 3344 5800 consiliis
3385 5747 3673 5799 detraxisst
3696 5756 3735 5807 t,

492 5855 702 5924 profani
729 5863 895 5923 atque
926 5852 1076 5908 inlldi
1103 5851 1488 5922 ingredientes,
1516 5850 1720 5902 nullam
1749 5847 1924 5903 sacris
1951 5849 2064 5902 aris
2175 5859 2342 5912 utque
2374 5846 2528 5899 l‘ortis
2574 5851 2739 5895 sIart-t
2770 5840 3149 5906 persuasisset.
3186 5841 3498 5900 ithUsat'll;
3534 5838 3738 5905 cpisto.

555 5971 628 6035 (l)
663 5970 1028 6033 Obsequentium
1062 5969 1173 6022 vitw
1200 5974 1425 6033 parcunt.
1461 5969 1680 6018 Bzovius.
