4228 6298
498 376 609 440 94⁸5

1979 395 2311 463 ΝΟΤΙῊΑ.

3668 404 3773 468 946

583 484 874 587 Delsidori
931 502 1085 587 vero‘
1114 491 1413 587 cardinalis
1454 496 1576 553 vitae
1618 496 1884 570 periculo,
1934 502 2085 558 aliis-
2116 522 2162 577 Α
2263 507 2704 568 Ellluxitdcinde
2728 527 2833 567 non
2887 529 3110 585 parvum
3152 524 3390 587 tempus.
3454 516 3505 572 in
3532 532 3644 587 quo
3672 535 3772 576 nco

507 595 615 649 quc
645 581 907 637 aerumnis
937 584 1087 652 apud
1113 584 1397 643 Ruthenos
1448 593 1725 659 perpessis
1769 592 2086 650 distinctius

510 686 677 739 agens
705 670 1029 741 Michovius,
1059 676 1136 731 ait
1187 691 1312 732 eum
1374 693 1525 735 anno
1566 681 1774 737 “40in
1830 684 2085 740 Russiam

510 766 739 817 missum
794 781 900 819 una
952 781 1075 820 cum
1123 769 1512 839 diplomatibus
1556 774 1873 843 apostolicis
1911 778 2090 847 plum-

508 855 646 915 ltcis.
678 867 729 911 et
752 857 1100 926 imperatoris
1130 859 1716 934 Constantinopolitani
1766 868 1948 923 aureis
2006 869 2089 922 in-

510 958 687 1001 trasse
717 948 769 1001 in
805 946 1044 1005 Sandech
1076 950 1333 1021 oppidum
1366 953 1603 1021 l’olonia:
1634 957 1767 1013 feria
1821 956 1889 1013 Vl
1928 958 2089 1013 Para-

507 1055 716 1105 sccves,
746 1041 924 1112 ibique
956 1058 1050 1112 per
1074 1044 1366 1116 Sbigneum
1397 1050 1712 1122 episcopum
1765 1050 2088 1110 Cracovien-

508 1146 622 1186 sent
650 1130 888 1201 hospitio
922 1138 1329 1206 perhumaniter
1396 1142 1564 1199 fuisse
1586 1155 1882 1215 receptum,
1937 1156 1990 1202 et
2019 1148 2085 1202 ad

507 1220 893 1280 celebrandum
923 1227 1127 1295 divina,
1176 1245 1325 1287 more
1382 1246 1484 1287 suo
1548 1232 1759 1300 Graeco,
1805 1244 2067 1305 tanquam

508 1316 767 1372 Ecclesiae
792 1316 1051 1374 Romana:
1074 1321 1374 1386 reunitum.
1431 1324 1728 1381 admissum
1812 1326 2081 1382 Unionem

507 1417 687 1465 tamen
718 1410 866 1465 illam
892 1410 1147 1469 Ecclesiai
1180 1414 1389 1471 Latina:
1418 1431 1545 1471 cum
1596 1415 1785 1472 Graeca
1836 1418 2086 1473 brevius-

508 1499 631 1553 culc
656 1500 908 1565 durasse.
945 1502 1173 1567 Graecis.
1224 1514 1280 1561 et
1315 1506 1581 1563 Ruthenis
1624 1510 1770 1562 illam
1807 1508 2086 1563 irridenti-

511 1590 635 1651 bus.
669 1599 722 1645 et
748 1596 1081 1664 contemptui
1110 1596 1461 1665 habentibus,
1525 1609 1687 1669 atque
1755 1600 1902 1665 inde,
1952 1601 2081 1654 dum

510 1680 754 1738 Isidorus
778 1684 1075 1743 cardinalis
1105 1688 1173 1743 ad
1212 1705 1345 1747 suos
1409 1691 1780 1764 sull‘raganeos
1845 1694 1898 1747 in
1941 1691 2081 1747 Rus-

511 1773 673 1835 siam,
699 1788 762 1829 ac
796 1774 1074 1833 Mosellam
1116 1782 1376 1844 venisset.
1403 1793 1458 1838 et
1516 1785 1663 1838 illam
1712 1786 1965 1840 unionem
2003 1784 2084 1840 eis

2192 599 2673 671 llungari'l‘urcas,
2709 623 2805 661 tm
2842 607 3031 664 Turcre
3060 609 3345 681 ﬂungaros
3391 613 3560 666 armis
3596 613 3763 666 laces-

2193 707 2313 748 sere
2338 708 2805 767 praesumpserunt
2836 716 2848 750 :
2882 716 2978 757 sua
3010 716 3280 771 quemque
3303 702 3587 758 calamitas
3622 702 3763 756 douii

2191 785 2484 841 attonitum
2516 790 2728 845 tenuit:
2785 791 3167 847 cruentissima
3223 793 3423 862 quippe
3464 790 3761 849 Varneusis

2192 892 2367 948 pugna
2400 878 2548 935 vires
2572 882 2855 952 utriusque
2873 885 3043 951 partis
3075 886 3324 940 cliserat.
3384 886 3497 940 Nec
3542 884 3761 951 Turcis,

2190 982 2367 1035 neque
2395 968 2674 1042 llnugaris
2708 990 2775 1027 ex
2811 974 2952 1028 bello
2983 974 3215 1032 idoneus
3269 985 3387 1031 erat
3428 993 3442 1041 ς
3513 978 3616 1032 bos
3649 978 3761 1031 llu-

2191 1058 2405 1126 niades,
2468 1062 2591 1119 illos
2652 1063 2934 1119 Callhassa
2987 1064 3165 1120 alieno
3222 1068 3438 1120 nomine
3491 1065 3762 1134 guberna-

2190 1154 2265 1208 vit
2299 1172 2312 1209 :
2344 1152 2575 1211 ferocior
2605 1154 2900 1219 lluniades.
2959 1158 3150 1227 reique
3206 1155 3460 1215 militaris
3516 1157 3763 1227 peritior.

2190 1247 2543 1311 ignominiam
2580 1248 2775 1309 Varum
2803 1257 3079 1319 acceptam
3112 1248 3357 1309 oblivisci
3420 1264 3527 1304 non
3559 1260 3760 1318 potmt.

2189 1337 2346 1393 Unde
2376 1337 2495 1394 dies
2531 1349 2832 1410 noctesque
2864 1341 3248 1405 meditabatur,
3309 1355 3547 1408 quonam
3611 1350 3764 1412 pacto

2189 1428 2800 1493 abolereinfamiammt
2827 1432 3097 1487 resarcire
3136 1433 3330 1487 damna
3375 1434 3607 1488 maxime
3643 1450 3761 1504 pos-

2187 1531 2288 1577 set.
2327 1522 2485 1589 Spem
2516 1523 2654 1577 bene
2683 1522 2933 1593 gerenda:
2966 1524 3042 1576 rei
3072 1523 3374 1580 Turcarum
3439 1525 3597 1594 quies
3629 1540 3765 1595 prae-

2189 1611 2327 1677 buit,
2369 1615 2460 1683 qui
2486 1612 2597 1683 jam
2628 1614 2836 1685 pridem
2872 1615 3080 1667 nullum
3135 1615 3256 1669 belli
3320 1628 3639 1686 apparatum
3673 1631 3765 1670 os-

2189 1705 2496 1768 tcnzleraut,
2529 1705 2673 1760 vires
2704 1706 2812 1761 illis
2884 1718 3048 1775 atque.
3100 1721 3317 1761 animos
3381 1706 3624 1763 defuisse
3685 1724 3765 1762 ra-

2186 1805 2528 1867 tus,tentpus
2554 1799 2805 1853 idoneum
2839 1799 3177 1855 existimavit
3230 1801 3286 1857 in
3348 1816 3457 1870 quo
3484 1803 3767 1872 pristinam

511 1864 854 1932 przcdicaret.
884 1883 981 1939 per
1005 1870 1276 1942 principes
1293 1873 1522 1930 Mosella:
1544 1887 1783 1946 captum.
1806 1884 1859 1930 et
1884 1877 1936 1930 in
1964 1891 2086 1931 car-
2118 1866 2159 1921 Β

2118 1866 2159 1921 Β
2192 1902 2517 1957 ιιιοιιρριειτθ
2543 1889 2771 1957 gloriam
2828 1901 3033 1960 posset,
3089 1889 3412 1963 Turcasque
3440 1904 3761 1963 pessumda-

512 1971 639 2013 cere
677 1960 973 2025 reclusum,
1001 1964 1167 2019 rebus
1225 1967 1482 2022 omnibus
1525 1969 1814 2036 spoliatum
1878 1969 2077 2023 fuisse:

510 2049 638 2104 inde
668 2059 848 2107 tamen
886 2055 1048 2123 paulo
1075 2066 1221 2124 post,
1257 2056 1473 2114 favente
1512 2060 1645 2127 Deo,
1668 2058 1790 2133 fuga
1814 2060 2079 2130 elapsum,

508 2137 737 2196 Romam
763 2143 1008 2201 rediisse.
1037 2146 1162 2204 Haec
1193 2150 1515 2207 Michnvius.
1560 2206 1577 2218 ,

581 2232 900 2292 Transactis
927 2242 1209 2297 nonnullis
1251 2242 1441 2300 Romae
1469 2245 1770 2311 mensibus,
1840 2246 2082 2301 Isidorus

513 2328 583 2384 ab
613 2328 859 2401 Eugenio
884 2330 1410 2404 Constantinopolim
1440 2338 1642 2393 missus
1674 2347 1757 2392 est
1781 2340 1990 2407 legatus
2012 2338 2079 2392 ad

512 2420 920 2491 imperatorem,
956 2432 1014 2477 ut
1053 2428 1427 2491 concordiam,
1488 2438 1541 2483 ct
1590 2428 1915 2484 Christianzc
1958 2430 2077 2484 fidei

511 2512 714 2578 foedus,
745 2530 909 2584 quam
933 2515 1106 2571 Grreci
1139 2533 1264 2573 eum
1286 2519 1477 2574 Latina
1517 2520 1759 2576 Ecclesia
1793 2520 2080 2576 Florentiae

511 2605 677 2660 semel
704 2605 934 2674 professi
970 2607 1207 2677 fuerant,
1241 2626 1340 2666 sua
1392 2613 1796 2678 adhonatione,
1844 2630 2083 2682 pra-sen-

510 2693 696 2764 tiaqne
745 2706 950 2752 sartam
989 2707 1189 2754 tectam
1240 2709 1508 2755 servaret.
1564 2701 1777 2757 Mortuo
1817 2702 2077 2773 Eugenio.

512 2786 615 2840 sub
642 2800 963 2842 successore
991 2788 1296 2851 NicolaoV.
1332 2791 1526 2846 eodem
1564 2808 1791 2847 munere
1826 2793 2077 2857 fungens.

512 2877 584 2932 ibi
612 2881 929 2948 permansit,
962 2880 1158 2936 unitati
1195 2881 1271 2936 illi
1302 2884 1587 2937 servamlre
1614 2899 1828 2939 omnem
1857 2899 2077 2954 operam

512 2968 800 3025 adhibens.
826 2970 891 3023 At
922 2986 1045 3025 cum
1081 2970 1255 3026 Graeci
1306 2974 1663 3029 nihilominus
1715 2977 1769 3029 in
1802 2977 2078 3045 prrlidiam

512 3068 673 3129 atque
696 3060 939 3116 haeresim
1003 3064 1146 3120 foede
1204 3065 1397 3134 relapsi
1467 3066 1737 3133 fuissem,
1775 3069 2077 3124 certissima

511 3155 842 3210 vindicantis
865 3154 1117 3211 Numinis
1146 3159 1428 3227 punitione
1454 3160 1656 3213 factum
1708 3171 1814 3223 εει,
1848 3171 1906 3214 ιιι
1968 3179 2075 3216 non

518 3246 687 3300 multo
719 3247 967 3317 post,die
993 3250 1202 3304 scilicet
1228 3250 1453 3320 Spiritui
1479 3259 1671 3308 sancto
1701 3268 1858 3307 sacra
1898 3256 2076 3323 (cujus
2103 3227 2146 3284 θ

513 3353 609 3406 per
637 3353 906 3394 summam
943 3341 1273 3410 impietatem
1335 3345 1742 3411 processionem
1793 3361 1857 3400 ex
1912 3344 2074 3401 Patre

509 3440 561 3484 et
590 3431 725 3487 Filio
749 3434 1217 3504 impugnaveram,
1237 3436 1576 3491 validissimo
1600 3436 1789 3492 Turcrc
1809 3440 2076 3493 succincti

510 3526 775 3587 exercitu.
805 3524 1365 3598 Constantinopolim,
1399 3527 1699 3584 Orientalis
1723 3530 1937 3598 imperii
1989 3547 2079 3586 ta-

512 3626 627 3685 put,
658 3625 712 3670 et
742 3616 924 3672 sedem
944 3628 1349 3690 expugnarent,
1380 3628 1436 3675 et
1460 3630 1673 3689 captam
1713 3636 1885 3690 usque
1913 3621 1978 3674 ad
2000 3625 2080 3675 in-

513 3710 876 3763 ternecionem
901 3712 1127 3765 barbara
1147 3714 1486 3769 immanitate
1522 3721 1822 3766 vastarent.
1875 3712 1951 3767 De
1980 3728 2079 3767 cu-

508 3803 599 3873 jus
641 3804 979 3857 memorabili
1014 3803 1252 3867 excidio.
1304 3807 1675 3873 quoniamhic
1712 3807 1860 3861 locus
1883 3822 2082 3875 oppor-

515 3896 932 3960 tunusvidetur,
967 3897 1146 3952 fusius
1179 3899 1473 3962 disserere,
1534 3900 1675 3952 haud
1731 3901 1968 3955 alienum
2015 3900 2085 3954 ab

515 3989 764 4045 instituto
791 3990 1067 4045 existimo.
1090 3988 1291 4043 Verum
1325 3991 1572 4052 historiae
1607 3992 1799 4055 series.
1828 4000 1888 4044 ut
1917 3992 2084 4060 probe

514 4082 867 4153 intelligatur,
894 4081 1056 4151 paulo
1089 4081 1256 4135 altius
1284 4081 1584 4152 repetenda
1629 4084 1801 4137 venit.

584 4171 715 4226 Post
736 4180 1019 4227 cruentam
1083 4172 1229 4226 illam
1261 4188 1520 4244 pugnam,
1554 4187 1713 4244 quam
1736 4176 1802 4228 ml
1847 4173 2083 4229 Varuam

513 4264 715 4319 editam
752 4278 920 4332 supra
970 4263 1024 4317 in
1071 4261 1190 4317 Vita
1220 4262 1421 4318 Juliani
1484 4264 1781 4319 cardinalis
1814 4279 2085 4319 memora-

517 4354 731 4420 vimus,
783 4355 1118 4411 Amurathes
1172 4353 1474 4410 Turcarum
1542 4357 1836 4426 imperator
1894 4355 2088 4410 Adria-

516 4448 752 4517 nopolim
783 4461 1054 4510 reversus,
1092 4446 1200 4502 Deo
1235 4462 1335 4503 suo
1364 4462 1487 4517 qua:
1521 4448 1695 4502 victor
1723 4446 1945 4512 fecerat,
1984 4463 2082 4503 vo-

2191 1994 2272 2041 rc,
2304 1980 2503 2048 quibus
2531 1982 2578 2037 si
2618 1983 2799 2037 adsint
2832 1984 3129 2047 exercitus.
3156 1984 3543 2055 imperatorem
3582 1997 3765 2042 tamen

2189 2086 2411 2140 prorsus
2444 2072 2757 2129 defuturum
2784 2075 3173 2142 arbitrabatur,
3212 2092 3312 2132 nec
3342 2079 3517 2145 magis
3577 2078 3769 2133 exiSti-

2192 2164 2449 2221 mandum
2471 2168 2767 2222 exercitum
2801 2169 2921 2224 sine
2949 2169 3104 2239 duce,
3169 2184 3332 2238 quam
3386 2172 3575 2225 ducem
3607 2185 3767 2225 cscro

2188 2258 2297 2311 clltl
2328 2267 2627 2313 carentem.
2662 2258 2881 2315 Coactis
2938 2260 3118 2328 itaque
3166 2271 3387 2329 repente
3454 2263 3628 2332 copiis
3697 2279 3761 2320 ex

2191 2349 2483 2421 llungaria,
2543 2354 2827 2410 accersitis
2868 2355 3032 2409 etiam
3089 2353 3453 2409 Bohemorum
3519 2355 3766 2415 auxiliis,

2189 2445 2649 2499 mercenariorum
2696 2460 2914 2515 quoque
2946 2446 3177 2499 militum
3213 2460 3318 2500 non
3376 2447 3570 2514 exigua
3603 2462 3765 2503 manu

2187 2538 2475 2601 conducta,
2508 2538 2709 2593 ducere
2743 2539 3045 2594 exercitum
3076 2539 3126 2592 in
3156 2540 3361 2594 'l‘urcas
3385 2540 3598 2602 statuit,
3629 2556 3766 2607 quos

2187 2627 2338 2697 prius
2417 2643 2827 2699 aggressurum,
2879 2639 3045 2699 atque
3094 2629 3468 2684 confecturum
3502 2631 3765 2694 credidit,

2189 2736 2352 2789 quam
2377 2721 2676 2776 novissime
2726 2739 2792 2777 ex
2867 2721 3139 2790 llungaria
3194 2725 3545 2778 nuntiaretur
3581 2741 3594 2777 :
3629 2738 3751 2774 cam

2188 2813 2351 2868 rebus
2374 2815 2626 2882 gerendis
2648 2813 2921 2869 solertiam
2947 2828 3008 2867 ac
3083 2813 3419 2868 celeritatem
3495 2814 3763 2870 adhibuit.

2190 2905 2490 2961 Consilium
2528 2906 2648 2975 ejus
2701 2905 2997 2976 Gregorius
3051 2904 3253 2959 Servim
3308 2907 3531 2976 despota
3565 2916 3762 2975 praeter

2187 2999 2347 3053 fidem
2403 2997 2585 3051 datam
2632 2996 2936 3051 Turcarum
2996 2998 3230 3057 ducibus
3287 2998 3566 3062 patefecit.
3640 3014 3763 3051 ma.

2190 3104 2468 3161 gnamque
2492 3089 2636 3160 genti
2654 3089 2956 3157 periculum
2973 3089 3289 3156 imminens,
3314 3089 3487 3159 majus
3504 3091 3762 3154 ostendit.

2260 3181 2500 3236 Perculsi
2525 3198 2588 3234 co
2616 3182 2811 3237 nuntio
2833 3180 3026 3248 Turcaa
3052 3180 3182 3251 quid
3218 3192 3578 3252 agerent‘non
3632 3185 3763 3239 satis

2183 3271 2579 3341 intelligebant.
2613 3272 2939 3325 Amurathcs
2966 3271 3075 3340 iam
3104 3272 3290 3326 senior
3321 3271 3569 3341 religioni
3598 3282 3763 3341 atque

2178 3366 2311 3425 Otio.
2350 3372 2409 3418 ut
2440 3373 2563 3417 ante
2590 3362 2846 3425 diximus.
2879 3362 3156 3426 addictus,
3187 3364 3337 3433 regni
3389 3378 3551 3419 curas
3611 3366 3763 3427 abic-

2179 3461 2349 3509 ecrat.
2384 3453 2719 3507 Mallumctes
2754 3462 2912 3507 :rtate
2939 3453 3136 3517 minor,
3176 3461 3383 3508 tantam
3406 3454 3528 3509 belli
3564 3456 3763 3509 molem

2182 3545 2327 3602 ferre
2352 3560 2647 3616 possenon
2703 3545 3034 3599 credebatur
3067 3546 3407 3600 :Calibassae
3454 3546 3763 3601 defuturam

2181 3640 2547 3697 obedientiam
2581 3639 2864 3708 putabant,
2899 3653 3004 3707 qua
3042 3639 3174 3692 nihil
3195 3648 3281 3693 est
3316 3640 3369 3693 in
3405 3639 3547 3693 bello
3588 3639 3762 3709 magis

2182 3735 2582 3789 necessarium.
2614 3730 2915 3799 Trcpidare
2948 3730 3135 3801 igitur,
3167 3740 3421 3797 aestuare,
3450 3732 3612 3786 modo
3633 3732 3762 3795 huc.

2186 3825 2350 3881 modo
2377 3825 2505 3878 illuc
2531 3823 2883 3877 ﬂuctuantem
2913 3825 3153 3878 animum
3180 3835 3519 3891 convertere,
3552 3824 3762 3879 nullum

2185 3919 2471 3973 consilium
2504 3918 2637 3970 Satis
2667 3916 2882 3985 placere
2925 3917 3258 3970 [ut-rentibus
3291 3916 3342 3968 in
3366 3915 3762 3981 deliberatione

2186 4013 2440 4080 satrapis,
2476 4010 2606 4062 nihil
2641 4009 2862 4062 tandem
2904 4009 3185 4063 salubrius
3214 4007 3391 4061 visunt
3412 4023 3573 4075 quam
3608 4024 3761 4063 revo-

2185 4117 2313 4157 care
2341 4102 2409 4155 ab
2439 4102 2554 4155 otio
2582 4101 2935 4156 Amuratbem
2974 4116 2987 4163 ;
3018 4115 3192 4166 neque
3216 4101 3461 4157 veterani
3499 4100 3602 4154 sub
3656 4100 3762 4154 alio

2189 4188 2476 4242 militaturi
2504 4188 2888 4253 credebantur,
2913 4203 3010 4241 nec.
3040 4188 3311 4241 fortunam
3345 4189 3467 4242 belli
3496 4201 3763 4243 cunctam

2186 4278 2312 4335 dam
2337 4278 2765 4345 arbitrabantur,
2795 4294 2957 4350 quam
2997 4279 3099 4334 sub
3132 4293 3199 4333 eo
3229 4279 3322 4347 qui
3352 4280 3568 4333 vincere
3627 4297 3763 4337 con-

2186 4382 2422 4425 suesset.
2450 4369 2621 4439 Ilujus
2642 4371 2927 4424 sentcntiae
2966 4369 3246 4426 Calibassa
3292 4382 3485 4428 auctor
3531 4370 3653 4426 fuit.
3705 4374 3760 4428 lu

2186 4477 2295 4532 qua
2318 4478 2375 4517 rc
2398 4460 2724 4515 Mahumetis
2746 4466 2987 4516 animum
3016 4462 3370 4516 vehementer
3390 4461 3637 4530 offendit,
3662 4481 3729 4518 cu
3747 4495 3764 4505 -

517 4548 566 4593 ta
594 4540 878 4611 persolvit.
913 4538 1049 4594 Exin
1093 4539 1321 4594 volvens
1346 4541 1551 4605 animo,
1582 4540 1729 4609 regni
1755 4555 1916 4593 curas
1944 4556 2082 4594 vene
2112 4561 2159 4619 υ
2185 4555 2383 4625 pignus
2407 4557 2460 4608 in
2499 4570 2560 4609 ca
2592 4556 2939 4619 expeditione
3002 4569 3123 4611 sese
3174 4554 3348 4610 virum
3404 4556 3755 4621 ostendet-«2.;

516 4632 797 4686 felicitatis
830 4641 1084 4702 expertes
1104 4646 1248 4695 esse,
1276 4630 1695 4686 inconstantiam
1725 4645 1940 4713 quoque
1970 4630 2082 4684 for-

515 4734 657 4778 tuna:
684 4724 979 4794 prudenter
1011 4726 1239 4790 veritus,
1278 4737 1400 4791 quas
1436 4722 1570 4775 nulli
1627 4734 1895 4791 perpetuo
1942 4723 2084 4778 bona

514 4826 624 4883 cst,
682 4817 970 4872 accersitis
1004 4816 1408 4887 provinciarum
1452 4814 1775 4884 majoribus,
1807 4815 2084 4870 Mahume-

512 4921 621 4963 tem
643 4924 708 4964 es
735 4909 921 4964 liberis
943 4910 1060 4963 suis
1088 4918 1216 4963 natu
1241 4910 1502 4980 majorem
1539 4924 1637 4978 pro
1664 4925 1719 4963 se
1749 4925 1926 4979 rcgcm
1953 4923 2086 4962 con-

512 5002 705 5055 stituit.
730 5000 851 5071 lpse
877 5002 1142 5072 privatam
1182 5002 1428 5072 dilegens
1461 5001 1624 5055 vitam
1654 5002 1707 5054 in
1739 5002 1923 5056 Asiam
1960 5014 2087 5069 pro-

512 5095 708 5159 fectus,
748 5111 875 5151 cum
931 5098 1121 5166 paucis
1168 5096 1461 5166 voluptarii
1507 5095 1593 5149 sui
1636 5096 1732 5149 otii
1788 5095 2084 5150 comitibus

511 5188 758 5256 religioni
799 5188 1015 5242 cuidam
1047 5189 1304 5243 solitarim
1333 5202 1455 5243 sese
1501 5186 1732 5243 addixit.
1780 5188 2082 5255 Calibassa,

512 5283 657 5335 inter
678 5292 930 5351 satrapas
959 5281 1264 5337 Turcarum
1305 5281 1498 5350 epibus
1525 5289 1578 5334 et
1611 5283 1935 5335 auctoritate
1967 5296 2084 5335 ma-

504 5376 616 5446 jor,
641 5374 934 5430 Mabumeti
964 5376 1075 5444 regi
1098 5373 1373 5430 declarato
1400 5372 1543 5442 quod
1563 5373 1801 5429 nondum
1826 5390 1921 5443 per
1951 5383 2085 5428 aeta~

509 5480 617 5523 tem
677 5478 838 5537 aptus
885 5473 1032 5522 cssct
1064 5467 1311 5533 imperio,
1352 5466 1684 5533 gubernator
1715 5467 1897 5529 datus,
1932 5466 2084 5519 elon-

511 5569 637 5629 gato
665 5560 928 5612 Amurate
948 5559 1132 5611 omnia
1178 5555 1620 5611 administrabat.
1668 5556 1881 5626 Reliqui
1918 5560 2084 5610 Amu-

512 5652 649 5705 ratis
685 5650 777 5703 lilii
818 5665 1045 5703 numero
1072 5649 1366 5708 sexdecim.
1404 5664 1471 5701 ne
1504 5664 1643 5717 quas
1702 5648 1992 5702 Mabumeti
2013 5649 2079 5703 ad

512 5742 801 5811 imperium
826 5740 969 5795 elato
999 5740 1187 5794 turbas
1219 5741 1273 5793 in
1343 5754 1509 5808 regno
1565 5741 1887 5803 excitarent,
1935 5757 2083 5794 inore

509 5834 686 5908 gentis
716 5833 888 5889 necati
921 5842 1070 5886 sunt.

2189 4647 2540 4716 verentisquc
2568 4661 2636 4700 ne
2667 4646 2952 4713 imperium
2973 4646 3272 4711 amitteret,
3300 4649 3343 4700 si
3383 4656 3537 4718 pater
3566 4648 3761 4702 iterum

2187 4754 2413 4809 regnum
2465 4745 2812 4790 assumeret:
2854 4745 2914 4788 ut
2961 4748 3088 4792 sunt
3137 4734 3415 4792 hominum
3470 4739 3761 4793 mutabiles

2187 4831 2515 4883 voluntates.
2544 4826 2691 4880 Missi
2725 4841 2857 4893 ergo
2917 4826 3075 4896 legati
3131 4826 3489 4881 Amuratliem
3539 4842 3762 4881 revoca-

2188 4937 2333 4987 vere,
2370 4920 2463 4988 qui
2487 4926 2805 4987 comparato
2842 4916 3069 4971 terribili
3098 4930 3221 4969 mox
3250 4916 3494 4971 exercitu
3529 4918 3579 4970 iu
3640 4920 3757 4972 hos-

2189 5029 2295 5071 tcm
2322 5015 2616 5087 profectus,
2648 5029 2754 5067 non
2781 5014 2935 5066 aliter
2964 5026 3128 5081 quam
3165 5014 3209 5066 si
3241 5014 3307 5066 ad
3345 5014 3581 5082 praedam
3628 5030 3752 5083 pcr-

2186 5116 2397 5177 gerent,
2432 5106 2641 5157 alacres
2671 5102 2871 5157 milites
2895 5103 3071 5156 duxit.

2254 5196 2374 5251 Jam
2405 5195 2701 5249 Illuniades
2736 5209 2859 5247 cum
2918 5194 3091 5261 cepiis
3133 5190 3389 5262 Sophiam
3439 5197 3754 5261 transierat,

2190 5290 2586 5360 prostratisque
2634 5286 2725 5355 qui
2754 5269 3119 5340 occurrerant
3174 5285 3414 5339 locorum
3462 5288 3755 5354 praefectis.

2189 5378 2414 5431 hostiles
2448 5390 2607 5444 agros
2638 5375 2743 5429 late
2800 5373 3110 5443 populatus.
3165 5375 3280 5427 loco
3309 5377 3399 5443 qui
3435 5375 3627 5432 Basilia
3660 5394 3756 5429 vo-

2187 5473 2344 5517 c:itur
2391 5475 2571 5517 castra
2620 5470 2894 5531 posuerat,
2929 5477 3053 5516 cum
3099 5466 3391 5518 adventare
3441 5467 3755 5521 Aumrathis

2187 5556 2463 5607 exercitus
2496 5555 2796 5607 nuntiatur.
2826 5554 2938 5607 Non
2961 5554 3297 5621 exspectavit
3325 5554 3602 5610 lluniades
3632 5573 3754 5626 prn-

2190 5648 2395 5709 vocari,
2447 5647 2595 5715 prior
2625 5646 2739 5712 ipse
2784 5646 2997 5699 sublato
3034 5647 3273 5700 clamore
3322 5664 3553 5715 pugnum
3610 5651 3749 5702 iniit.

2188 5739 2496 5791 Commisso
2532 5737 2717 5804 pra-lio
2744 5751 2944 5802 anceps
2978 5736 3069 5788 ditt
3104 5746 3375 5792 certamen
3424 5738 3598 5790 hatsit.
3636 5740 3751 5806 Qua

2192 5840 2341 5902 parte
2375 5829 2629 5898 pugnavit
2655 5828 2952 5897 lluuiades,
2994 5828 3097 5881 fusi
3137 5829 3322 5883 hostes
3359 5840 3500 5897 terga
3532 5830 3749 5897 dedere,
