4228 6298
484 304 586 372 94³3

1489 307 1854 368 181001Π13
1925 308 1982 370 S.
2029 309 2104 368 Β.
2148 309 2216 372 Ε.
2257 308 2731 370 CABDINALIS

3642 304 3746 368 948

484 438 587 479 nec
638 437 801 495 parva
831 431 1040 492 strages
1083 421 1228 475 edita
1262 437 1274 472 :
1310 423 1421 488 pari
1470 421 1630 475 modo
1655 433 1705 476 rt
1732 422 2060 478 Amurathes
2094 425 2135 479 Α
2159 424 2457 494 juraudum
2493 426 2750 496 perjurus
2814 426 2978 480 etiam
3033 422 3238 487 intulit,
3273 422 3438 479 simul
3469 431 3521 477 ct
3557 437 3748 489 gerere

485 520 538 570 in
573 532 739 572 conm
782 531 883 570 suo
910 517 1082 570 Vit’UH‘
1116 514 1403 584 "tingat-os
1438 513 1597 570 fudit.
1625 513 1909 570 Postremo
1936 532 2059 570 cum

484 607 663 660 victor
698 605 956 660 victorem
991 605 1320 669 incurreret,
1357 620 1462 659 non
1484 606 1727 660 tulerunt
1756 607 2059 662 Christiani

485 696 789 754 Turcarum
815 699 1104 769 impetum,
1138 699 1229 768 qui
1270 713 1587 767 quanquam
1617 699 1817 753 virtute
1843 707 2069 768 presta-

486 800 628 854 rent,
658 807 887 846 numero
941 804 1119 846 tamen
1150 793 1415 858 superati,
1445 806 1551 845 neu
1585 799 1694 844 tam
1747 792 1873 846 victi
1904 807 2066 859 quam

486 881 836 938 multitudine
870 883 1118 952 oppressi
1154 897 1218 937 ac
1244 882 1373 940 lassi
1407 884 1672 953 compulsi
1703 885 2064 950 suntcedere.

487 973 765 1028 Iluuiades
804 983 1095 1044 postquam
1136 989 1269 1031 suos
1318 991 1496 1046 neque
1545 976 1707 1030 minis
1741 992 1916 1045 neque
1948 991 2066 1044 prc-

485 1067 640 1121 cihus
674 1066 869 1121 sistere
903 1077 1110 1133 posset,
1158 1081 1281 1123 cum
1332 1068 1518 1139 paucis
1570 1085 1791 1122 suorum
1819 1085 1880 1122 ex
1925 1069 2066 1124 bello

487 1158 749 1229 profugit.
811 1156 963 1212 Multi
1029 1157 1321 1230 llungarite
1373 1173 1649 1229 proceres,
1709 1169 1761 1214 et
1818 1159 2065 1213 nonnulli

491 1251 861 1306 Ecclesiarum
917 1252 1195 1307 antistites
1243 1253 1296 1308 in
1338 1267 1404 1308 eo
1456 1254 1640 1322 praelio
1681 1254 1944 1309 cecidere.
1978 1253 2069 1308 Fi—

487 1342 690 1398 delium
727 1343 915 1414 viginti
962 1343 1128 1399 millia
1189 1345 1495 1402 desiderata
1528 1355 1681 1412 sunt,
1723 1361 1821 1400 nec
1897 1348 2071 1401 minor

489 1435 728 1491 hostium
774 1437 1084 1493 occisorum
1119 1453 1386 1493 numerus
1446 1444 1582 1492 erat.
1611 1436 1858 1510 Emptam
1900 1440 2072 1494 multo

489 1527 758 1599 sanguine
806 1529 1097 1586 victoriam
1168 1530 1501 1586 Amurathes
1563 1531 1786 1586 domum
1846 1533 2069 1586 retulit:

490 1637 668 1692 neque
685 1621 953 1692 fugientes
968 1622 1314 1678 Christianos
1339 1622 1624 1680 insecutus
1636 1633 1740 1691 est,
1765 1638 1942 1691 neque
1961 1624 2075 1695 glo-

490 1716 791 1771 riabundus
817 1717 956 1771 inter
978 1732 1106 1772 suos
1127 1715 1412 1788 magnifica
1442 1717 1605 1773 verba
1620 1717 1867 1786 jactavit,
1887 1732 2066 1786 neque

491 1820 548 1863 ut
570 1818 697 1865 ante
723 1819 1058 1874 assueverat,
1091 1810 1319 1866 hilarem
1375 1811 1590 1865 vultum
1619 1811 1877 1865 ostendit.
1906 1811 2077 1867 luter-
2107 1799 2149 1855 Β

492 1910 744 1972 rogatus,
795 1904 1053 1974 quidnam
1089 1904 1302 1960 tristior
1343 1915 1508 1971 esset,
1545 1913 1598 1959 et
1637 1919 1734 1960 eur
1780 1919 1889 1958 non
1917 1904 2075 1960 victis

493 1995 749 2052 hostibus
799 1999 1148 2054 exsultaretl
1211 1998 1447 2063 Nollent,
1505 1999 1707 2067 inquit,
1739 1999 1931 2067 sa'pius
1982 1997 2076 2053 hoc

494 2089 652 2144 modo
684 2091 888 2146 vincere
920 2107 940 2144 :
975 2091 1283 2163 iubeasque
1313 2107 1445 2148 vasa
1479 2090 1686 2161 colligi,
1731 2091 1921 2160 copias
1956 2105 2076 2160 qua:

493 2179 1149 2255 stiperfuerant,;d0tnum
1171 2185 1404 2240 remisit.
1426 2184 1537 2239 Nec
1563 2184 1654 2240 diu
1676 2194 1862 2254 postea
1885 2183 2076 2239 relicto

498 2271 793 2330 Blaltutneti
829 2275 1059 2347 imperio
1090 2277 1156 2330 ad
1191 2276 1364 2332 otium
1394 2291 1672 2341 reversus,
1705 2275 1981 2330 enervatis
2010 2289 2072 2329 ex

494 2381 699 2424 venere
735 2367 941 2423 viribus
971 2368 1126 2431 obiit,
1167 2382 1314 2422 anno
1351 2368 1542 2424 salutis
1575 2369 1731 2434 1451,
1782 2368 1958 2422 aetatis
1983 2367 2075 2435 63,

498 2459 712 2529 imperii
762 2458 851 2516 52.
885 2459 1098 2526 Corpus
1144 2461 1263 2529 ejus
1299 2475 1449 2516 more
1481 2459 1749 2531 majorum
1805 2460 1858 2512 in
1907 2457 2074 2515 Bursa

499 2551 796 2624 sepultum.
827 2552 904 2609 Ea
933 2562 1016 2609 est
1048 2553 1314 2624 Bithyniae
1345 2554 1558 2618 civitas,
1583 2563 1635 2608 et
1669 2554 1892 2609 Asiatici
1927 2553 2076 2623 regni

501 2657 690 2719 caput.
750 2645 922 2701 Paulo
984 2651 1272 2716 antequam
1336 2649 1686 2710 excessisset,
1748 2647 2076 2701 Amuratltes

500 2757 727 2797 uxorem
759 2741 1009 2808 duxerat,
1038 2740 1201 2795 tiliam
1233 2740 1569 2808 Spondcrbci
1605 2739 1804 2794 nobilis
1839 2739 1890 2791 iu
1941 2736 2077 2793 Pen-

501 2835 718 2890 deracia
775 2842 1030 2904 satrapae,
1087 2850 1153 2888 ex
1207 2848 1314 2902 qua
1378 2843 1562 2887 natum
1624 2833 1792 2887 liliqu
1861 2833 2080 2885 nomine

502 2925 832 2996 Chilapium,
856 2935 1066 2980 sextum
1090 2933 1202 2979 tmn
1227 2933 1475 2993 agentem
1498 2938 1765 2988 mensem,
1784 2923 2079 2978 Calibassze

507 3017 746 3072 tuorieus
808 3015 1232 3071 comu'teudavit.
1305 3013 1402 3071 ille
1471 3013 1797 3070 Mahumetis
1847 3015 2078 3085 gratiam

508 3108 737 3178 perﬁdia
765 3108 1028 3174 initurus,
1061 3117 1115 3163 ct
1145 3119 1371 3162 matrem
1409 3117 1462 3163 et
1488 3123 1712 3176 puertuu
1738 3108 1787 3163 ei
1815 3107 2078 3178 prodidit.
2111 3143 2154 3200 (τ
2187 3108 2448 3172 amicum,
2479 3107 2869 3173 propinquum,
2916 3112 3222 3170 nommque
3268 3107 3478 3165 habuit,
3526 3113 3544 3154 ι

508 3199 844 3252 Mahumetes
882 3203 1167 3252 accersitis
1203 3200 1448 3252 triginta.
1493 3211 1544 3252 ut
1584 3202 1755 3252 aiunt.
1793 3201 2081 3252 matronis.
2133 3192 2154 3204 ⁸
2189 3197 2379 3252 hilaris
2435 3196 2690 3252 epulatus
2745 3204 2867 3252 est:
2902 3205 3069 3252 atoue
3129 3194 3217 3248 ubi
3251 3194 3386 3247 satis
3439 3192 3544 3247 hell

2208 3197 2379 3251 tilaris
2435 3196 2690 3265 epulatus
2745 3204 2867 3262 est;
2902 3205 3069 3264 atque
3129 3194 3217 3248 ubi
3251 3194 3386 3247 satis
3439 3194 3765 3256 helluattttu,

506 3199 844 3258 Maltumetes
882 3203 1167 3258 accersitis
1203 3200 1448 3271 triginta,
1493 3211 1544 3254 ut
1584 3202 1755 3268 aiunt,
1793 3201 2081 3265 matronis,

507 3310 629 3363 qua:
654 3309 884 3366 puerum
904 3303 1324 3366 cognoscerent,
1355 3305 1643 3366 postquam
1677 3305 1882 3349 certam
1913 3297 2080 3349 Au-u-

513 3390 682 3446 rathis
727 3389 967 3445 sobolem
1019 3403 1140 3444 csse
1186 3388 1455 3449 constitit,
1493 3387 1887 3453 strangulatum
1926 3388 2084 3442 matri

515 3485 684 3537 tilium
735 3481 992 3545 reddidit,
1032 3481 1308 3551 funusque
1370 3480 1523 3551 regio
1572 3496 1725 3536 more
1779 3480 2082 3534 fraternum

512 3575 690 3642 duxit,
731 3574 973 3643 auspicia
1003 3574 1154 3645 regni
1188 3572 1495 3627 fratricidio
1543 3587 1890 3627 consecratis.
1926 3570 2041 3625 "cu
2069 3571 2082 3626 ε

515 3685 677 3737 quam
709 3666 931 3724 felicius
961 3668 1100 3738 apml
1138 3665 1350 3721 'l'urcas
1399 3667 1627 3736 privatis
1668 3681 1830 3734 quam
1866 3664 2085 3733 regibus

516 3762 674 3817 liberi
704 3761 1042 3818 nascuntur!

592 3854 932 3909 Malutmetes
985 3854 1154 3924 igitur
1214 3853 1476 3908 defuncto
1535 3851 1831 3906 Amurathe
1896 3849 2090 3921 guber—

520 3947 714 4000 nacula
743 3947 956 4016 imperii
991 3963 1054 4001 ex
1087 3957 1217 4001 voto
1251 3946 1505 4014 adeptus,
1543 3944 1793 3999 instituta
1826 3944 2088 4012 majorum

518 4056 618 4108 pro
644 4041 866 4109 ingenio
889 4038 1150 4094 correxit.
1175 4036 1349 4108 Leges
1375 4039 1490 4103 ipse
1516 4049 1645 4090 suas
1672 4034 1819 4090 domi
1846 4033 2092 4104 forisque

520 4131 666 4192 tulit,
699 4129 954 4183 :crarium
1013 4128 1385 4199 locupletavit,
1422 4142 1560 4181 nova
1594 4125 1880 4196 vectigalia
1934 4140 2094 4180 exco-

522 4222 736 4291 gitavit,
763 4223 951 4291 copias
983 4224 1156 4288 auxit,
1197 4221 1365 4291 inque
1416 4232 1674 4289 procercs
1719 4226 2003 4288 suspectos
2042 4226 2096 4271 et

524 4316 732 4370 aulicos
761 4314 954 4369 smvire
970 4330 1034 4368 ac
1056 4313 1453 4368 contumeliose
1490 4326 1648 4382 agere
1669 4312 1856 4380 cmpit.
1886 4310 1984 4364 llic
2013 4318 2097 4365 cst

528 4409 616 4462 ilie
653 4407 995 4462 Mabumetes
1023 4405 1188 4474 hujus
1223 4405 1460 4460 nominis
1484 4402 1554 4470 ll,
1583 4405 1681 4474 qui
1711 4401 2096 4457 Constantino-

2168 520 2357 589 cmpit.
2399 518 2702 574 Seuserant
2732 519 2849 586 ejus
2902 517 3143 572 animum
3178 514 3374 574 Graeci.
3419 514 3750 569 tlillidcutes-

2169 629 2277 682 que
2314 613 2430 667 suis
2453 612 2686 678 viribus,
2724 612 2942 666 hortatu
2976 611 3212 666 maxime
3262 609 3455 664 lsidori
3495 609 3749 664 cardina-

2172 706 2260 768 lis,
2296 706 2360 760 ad
2394 703 2715 761 Latinorum
2749 720 2880 776 opes
2910 703 3291 774 confugerant,
3328 705 3550 774 jugihus
3573 703 3749 770 lacry-

2171 799 2277 852 mis
2302 813 2491 851 eorum
2534 796 2736 851 auxilia
2786 806 2842 850 et
2873 795 3227 864 implorantes
3259 805 3310 847 et
3341 804 3748 862 exspectantes.

2169 891 2237 943 At
2289 888 2489 953 surda,
2536 890 2667 958 proh
2698 891 2868 958 pudor
2892 889 2912 941 !
2942 901 3243 956 nostrorum
3267 888 3561 951 principum
3594 904 3749 940 aures

2172 984 2313 1053 fuere
2344 981 2544 1052 (inquit
2575 982 2942 1051 ingemiscens
2967 981 3070 1035 hoc
3093 980 3212 1034 loro
3246 978 3451 1035 Aine-as
3485 978 3750 1048 Sylvius),

2171 1076 2343 1130 clausi
2359 1075 2551 1138 loculi;
2570 1077 2693 1130 cwci
2709 1064 2869 1139 Oculi,
2888 1076 2977 1142 qui
3005 1072 3223 1127 cadente
3241 1072 3469 1138 Graecia,
3488 1073 3754 1126 ruituram

2173 1167 2490 1223 Christiana:
2522 1165 2790 1234 religionis
2824 1166 3086 1234 reliquam
3116 1175 3323 1234 partem
3355 1179 3458 1218 non
3492 1163 3755 1223 viderunt.

2172 1261 2407 1326 quamvis
2422 1261 2641 1327 privatis
2656 1275 2911 1328 quemque
2937 1269 3028 1313 aut
3062 1258 3227 1319 odiis,
3247 1267 3340 1311 aut
3359 1256 3757 1312 commoditati-

2175 1353 2269 1407 bus
2284 1353 2564 1415 intentum,
2576 1349 2798 1404 salutem
2815 1348 3082 1418 publicam
3109 1347 3400 1418 neglexisse
3416 1346 3754 1401 crediderim.

2245 1445 2582 1500 Mahumctes
2632 1443 2836 1496 interea
2889 1441 3098 1496 coactis
3133 1437 3376 1510 undique
3421 1440 3617 1510 copiis,
3654 1439 3760 1491 mi-

2177 1536 2337 1592 rabili
2410 1545 2697 1606 apparatu,
2769 1530 3119 1588 formidanda
3175 1532 3359 1586 animo
3414 1541 3470 1588 et
3524 1530 3756 1599 impetu.

2179 1641 2324 1686 terra
2355 1629 2606 1697 marique
2641 1628 2845 1698 regiam
2895 1627 3088 1682 urbem
3136 1641 3450 1696 aggressus,
3486 1624 3761 1680 cuniculis

2181 1739 2247 1779 ac
2267 1722 2561 1779 latentibus
2583 1721 2748 1775 fossis
2772 1720 3035 1776 altissime
3057 1719 3218 1784 actis,
3243 1735 3436 1788 aggere
3458 1717 3569 1772 late
3587 1719 3759 1784 edito,

2180 1823 2368 1887 ponte,
2403 1829 2510 1884 qua
2559 1811 2748 1869 Peram
2801 1811 3064 1883 Oppidum
3115 1824 3307 1866 versus
3369 1825 3521 1865 utare
3571 1823 3766 1863 muros

2178 1907 2334 1963 alluit
2393 1904 2568 1972 urbis,
2610 1905 2969 1976 longitudinis
3001 1904 3069 1958 ad
3120 1903 3230 1957 duo
3281 1900 3450 1955 millia
3504 1913 3762 1969 passuum

2179 2002 2375 2071 raptim
2402 2008 2705 2062 exstructo.
2734 1999 2979 2053 turribus
3014 1997 3212 2069 ligneis
3239 2010 3306 2052 eo
3336 2009 3511 2067 usque
3539 1993 3761 2052 erectis,

2178 2103 2239 2149 ut
2269 2107 2460 2148 muros
2497 2089 2750 2162 quamvis
2781 2088 3082 2143 altissimos
3099 2085 3450 2152 excederent,
3479 2085 3765 2140 machina-

2181 2193 2512 2250 mentorum,
2587 2189 3102 2251 tormentorumque
3173 2179 3456 2250 multiplici
3519 2177 3765 2233 adhibito

2179 2295 2378 2350 genere
2421 2286 2736 2349 oppugnata
2787 2287 2872 2332 est
2935 2275 3086 2340 urbs,
3133 2276 3463 2345 defensaque
3526 2272 3759 2329 summis

2184 2372 2440 2440 utrinque
2472 2370 2698 2425 viribus.
2733 2367 2851 2423 Non
2889 2367 3080 2439 paucis
3109 2377 3232 2438 post
3260 2367 3458 2423 diebus
3481 2364 3548 2419 ad
3581 2376 3760 2419 extre-

2183 2481 2328 2521 mum
2372 2480 2504 2520 voce
2531 2463 2796 2534 praeconis
2827 2463 2960 2518 totis
2991 2462 3190 2518 castris
3239 2461 3594 2514 inclamatum
3624 2466 3708 2511 est
3738 2473 3758 2510 :

2183 2559 2380 2624 Quinto
2407 2558 2675 2613 Kalendas
2725 2557 2862 2611 Maii
2901 2554 3093 2610 milites
3121 2570 3301 2609 omnes
3333 2552 3601 2623 jejunium
3633 2566 3763 2604 sau-

2182 2651 2437 2720 ctiﬁcent.
2470 2659 2712 2724 sequente
2755 2649 2838 2703 die
2873 2650 2924 2702 in
2952 2648 3116 2702 armis
3147 2646 3344 2712 adsint,
3384 2644 3561 2700 urbem
3586 2655 3764 2698 extre-

2186 2744 2286 2797 mis
2329 2743 2524 2797 riribus
2579 2743 2960 2813 oppugnaturi,
2998 2742 3175 2794 triduo
3209 2741 3476 2794 civitatem
3536 2737 3762 2790 militum

2181 2836 2465 2902 direptioni
2486 2835 2746 2902 futuram.
2793 2833 3102 2889 Constituto
3140 2832 3230 2886 die
3254 2832 3520 2901 jejunium
3552 2829 3616 2882 ad
3648 2844 3751 2882 no-

2182 2937 2324 2983 ctem
2367 2941 2543 2997 usque
2564 2934 2841 2981 servatum
2875 2943 2891 2980 :
2916 2924 3044 2979 exin
3075 2923 3390 2978 lucentibus
3413 2922 3589 2976 stellis
3619 2920 3731 2975 invi
3756 2949 3762 2957 ν

2187 3025 2426 3074 tatiuues
2472 3032 2536 3071 ac
2584 3015 2834 3071 convivia
2888 3015 3095 3084 passim
3148 3014 3357 3074 habita,
3407 3021 3462 3065 et
3511 3009 3767 3080 quisquis

2187 3108 2448 3172 amicmu,
2479 3105 2869 3173 propinquum,
2916 3112 3222 3170 nommque
3268 3099 3478 3165 habuit,
3526 3113 3651 3154 cuiu
3699 3116 3771 3152 eo

2189 3298 2449 3357 tauquam
2480 3301 2539 3341 se
2573 3285 2837 3356 deinceps
2877 3299 3159 3354 nunquam
3200 3282 3375 3338 visuri
3405 3291 3615 3348 essent,
3646 3297 3768 3334 :uu.

2188 3377 2388 3448 plexati
2412 3375 2827 3445 exosculatiquc
2859 3375 3021 3428 simul
3047 3373 3298 3428 ultimum
3333 3371 3452 3427 vale
3482 3371 3759 3426 dixerunt.

2188 3470 2248 3525 lu
2279 3469 2413 3525 urbe
2434 3478 2617 3524 autem
2642 3467 2960 3523 sacerdotes
3006 3466 3073 3521 ad
3103 3466 3427 3521 instantiam
3464 3464 3658 3520 Isidori
3678 3478 3767 3520 sa-

2190 3579 2313 3618 cras
2371 3561 2644 3632 imagines
2698 3559 2961 3623 ferentes,
3009 3572 3272 3630 sequente
3311 3557 3532 3629 populo,
3574 3558 3765 3611 urbem

2191 3657 2448 3717 lustrare;
2468 3653 2730 3706 auxilium
2752 3653 2815 3708 de
2833 3651 2975 3708 cmlo
2993 3660 3198 3722 petere,
3214 3645 3674 3721 corpOrajcjuuiis
3688 3648 3770 3701 af-

2191 3744 2370 3814 ﬂigere
2385 3755 2544 3815 atque
2559 3740 2898 3797 orationibus
2915 3741 3152 3796 universi
3173 3741 3317 3795 cives
3333 3740 3636 3804 intendere,
3649 3741 3772 3795 sub-

2190 3849 2378 3893 secuta
2417 3847 2577 3890 nocte
2595 3833 2660 3888 ad
2676 3850 2776 3889 sua
2795 3836 3026 3904 quisque
3063 3831 3178 3886 loca
3206 3831 3545 3887 defendenda
3568 3832 3767 3887 redire.

2265 3926 2436 3982 Erant
2475 3927 2616 3982 muri
2654 3926 2806 3981 urbis
2838 3935 2895 3982 et
2942 3925 3233 3980 altitudine
3282 3933 3338 3980 et
3404 3925 3771 3981 crassitudine

2194 4031 2310 4078 toto
2339 4022 2474 4075 orbe
2503 4020 2772 4076 celebres.
2801 4018 2894 4074 scd
2925 4019 2995 4072 ob
3026 4024 3350 4073 vetustatem
3375 4025 3433 4072 et
3451 4018 3768 4074 Graecorum

2197 4114 2464 4171 incuriam
2484 4111 2665 4183 pinnis
2683 4126 2746 4167 ac
2768 4112 3189 4182 pr0puguacutis
3217 4111 3346 4165 nudi
3361 4153 3376 4176 ,
3408 4111 3769 4166 antemuralia

2197 4222 2327 4264 vero
2383 4215 2693 4278 opportune
2756 4207 3122 4260 communita.
3189 4203 3249 4259 ln
3287 4205 3371 4259 bis
3401 4201 3578 4259 Grazci
3621 4204 3772 4258 salu.

2199 4310 2307 4355 tem
2349 4313 2604 4369 posuere.
2657 4298 2863 4352 Armati
2911 4298 3112 4351 milites
3141 4295 3283 4350 inter
3322 4310 3510 4350 nmros
3539 4304 3592 4351 et
3622 4304 3774 4349 aute-

2202 4390 2431 4471 muralia
2472 4404 2702 4461 pugnam
2735 4389 3016 4445 sustinere
3065 4385 3450 4443 decreverunt.
3501 4385 3773 4456 Triangu-

528 4500 789 4570 politauis
830 4497 1029 4551 bellant
1074 4496 1279 4560 intulit,
1311 4497 1379 4551 de
1401 4510 1510 4567 quo
1543 4510 1691 4549 nunc
1729 4495 1932 4547 referre
1964 4507 2099 4562 ιιι-ω·
2123 4480 2178 4541 Il
2208 4483 2372 4538 larem
2412 4495 2550 4552 pene
2612 4480 2768 4536 urbis
2817 4478 3044 4534 formam
3095 4476 3265 4532 fuisse
3329 4476 3554 4531 traduttt
3587 4494 3603 4530 :
3634 4477 3776 4533 duas

531 4601 695 4646 eunte
733 4591 906 4646 AEuca
949 4589 1135 4658 Sylvio
1172 4588 1316 4643 haud
1356 4587 1590 4642 alienum
1629 4584 1813 4639 fuerit.
1845 4584 2101 4639 Volverat

527 4687 642 4753 jant
713 4683 918 4752 pridem
987 4681 1170 4734 animo
1231 4678 1592 4744 Hahumetes,
1641 4691 1876 4747 quonam
1943 4676 2102 4730 modo

533 4770 1067 4841 Constantinopolim
1126 4769 1357 4823 alteram
1391 4769 1444 4821 in
1474 4764 1699 4822 Oriente
1727 4765 1956 4820 Romam
1995 4764 2101 4820 sibi

536 4867 791 4936 subigere
844 4871 1068 4934 posset;
1119 4877 1293 4933 neque
1338 4861 1482 4915 enim
1536 4859 1605 4914 ad
1663 4874 1818 4913 suam
1875 4857 2102 4927 gloriam

539 4961 815 5031 pertinere
842 4958 1234 5016 arbitrabatur,
1267 4955 1456 5009 urbem
1490 4953 1544 5006 in
1575 4952 1755 5007 medio
1801 4949 2104 5004 Turcarum

540 5056 700 5108 sitam
724 5066 870 5112 esse,
902 5065 1024 5120 qua:
1048 5063 1147 5103 suo
1182 5046 1411 5116 imperio
1438 5060 1544 5100 non
1578 5052 1813 5115 pareret,
1849 5053 2108 5110 tantoque

543 5148 718 5218 majus
747 5145 872 5199 inde
908 5142 1114 5197 nomini
1156 5156 1254 5193 suo
1298 5139 1466 5193 decus
1492 5139 1770 5202 accedere,
1796 5138 1838 5190 si
1870 5151 1988 5188 eam
2017 5151 2108 5190 ur.

544 5243 664 5294 item
709 5242 1066 5306 expugnaret,
1123 5241 1327 5304 quanto
1386 5229 1759 5300 progenitores
1818 5231 1901 5282 sui
1968 5227 2108 5281 idem

546 5327 990 5393 conati,turpius
1035 5340 1061 5374 τι
1112 5322 1308 5390 cmptis
1339 5320 1698 5376 destitissent.
1753 5317 1889 5372 Cum
1922 5318 2110 5386 paucis

548 5423 712 5488 igitur
747 5421 923 5486 iisque
971 5412 1253 5469 ﬁdissimis
1303 5412 1706 5469 communicato
1747 5409 1994 5472 consilio,
2019 5425 2110 5463 ca-

549 5515 768 5569 stellum
815 5511 968 5581 juxta
1016 5509 1167 5563 littus
1213 5506 1282 5559 ad
1322 5506 1522 5559 ostium
1570 5503 1797 5573 Bospori
1852 5503 2012 5571 paulo
2045 5506 2113 5554 ab

551 5607 680 5659 urbe
706 5604 983 5661 remotius,
1017 5599 1161 5653 aliud
1180 5597 1554 5661 dissimulans,
1587 5596 1887 5651 incredibili
1922 5595 2113 5647 (cleri-

552 5709 659 5750 tate
680 5692 1124 5760 exstruxitatque
1142 5690 1370 5745 tnunivit
1391 5706 1402 5741 :
1427 5688 1625 5742 bellum
1647 5686 1842 5742 deinde
1864 5685 1981 5739 urbi
2007 5702 2111 5738 non

556 5789 716 5851 modo
739 5787 955 5852 indixit,
979 5785 1072 5839 sui
1105 5793 1291 5840 contra
1328 5780 1493 5837 multa
1520 5780 1742 5844 hedera,
1780 5787 1970 5834 contra
2006 5781 2115 5842 ius-

2205 4587 2389 4648 partes
2424 4575 2581 4629 alluit
2633 4586 2786 4628 mare
2821 4588 2836 4626 :
2877 4585 2978 4627 nec
3019 4571 3163 4625 muri
3194 4572 3390 4625 desunt
3435 4570 3501 4624 ad
3559 4570 3776 4640 propul-

2205 4669 2409 4726 saudos
2440 4665 2666 4722 navales
2690 4665 2925 4735 impetus
2955 4664 3160 4720 idonei.
3192 4662 3349 4731 Quod
3373 4663 3645 4733 reliquum
3667 4673 3775 4725 est,

2205 4761 2274 4818 ad
2305 4770 2508 4814 terram
2544 4772 2773 4828 vergens
2802 4767 2924 4825 post
2954 4755 3062 4812 alta
3099 4756 3302 4836 tumnia
3333 4767 3388 4810 et
3414 4754 3777 4810 antetuuralia

2208 4854 2411 4924 ingenti
2434 4852 2704 4906 clauditur
2731 4848 2903 4906 fossa.
2924 4850 3176 4920 Cmptum
3207 4858 3289 4904 est
3321 4849 3564 4918 przlium
3586 4848 3784 4919 paulu-

2210 4950 2325 5003 lum
2357 4955 2485 5002 ante
2511 4945 2714 5013 lucem,
2744 4958 2870 4999 cum
2917 4944 3076 4998 miles
3117 4943 3292 4996 'l‘urca
3336 4941 3565 5012 periculi
3614 4955 3778 5013 quam

2211 5054 2378 5094 morte
2432 5036 2727 5109 patientior
2757 5046 2924 5098 esset,
2975 5050 3040 5088 ac
3090 5034 3316 5089 vulnera
3363 5042 3419 5089 et
3455 5035 3778 5104 sanguinem

2210 5133 2518 5202 praedarum
2548 5129 2839 5185 dulcedine
2885 5136 3165 5197 pensaret.
3242 5127 3549 5198 Pugnatum
3602 5136 3684 5182 est
3722 5126 3779 5180 in

2213 5222 2456 5290 tenebris
2533 5221 2739 5289 majore
2815 5216 3120 5270 Turcarum
3183 5218 3452 5286 pernicie,
3511 5216 3566 5270 in
3640 5231 3782 5285 quos

2213 5319 2319 5370 tela
2382 5327 2614 5381 superne
2665 5309 3037 5362 vibrabantur.
3103 5309 3170 5360 At
3228 5317 3515 5377 postquam
3577 5308 3780 5370 illuxit.

2214 5411 2342 5462 dato
2393 5407 2551 5473 signo
2587 5403 2827 5471 undique
2871 5415 2978 5453 non
3033 5401 3212 5456 solum
3252 5399 3779 5466 Constantinopolis.

2217 5501 2314 5555 sed
2363 5506 2417 5552 et
2444 5497 2558 5566 ipsa
2619 5496 2782 5549 etiam
2831 5494 2986 5559 Pera,
3044 5492 3271 5559 nequid
3331 5491 3517 5546 auxilii
3573 5490 3782 5546 Graecis

2220 5599 2530 5663 przcstaret,
2561 5585 2866 5655 Oppuguari
2900 5593 3079 5654 caepta
3117 5594 3223 5638 est.
3255 5581 3366 5636 Sua
3393 5584 3594 5652 cuique
3616 5582 3781 5652 legio-

2221 5688 2270 5737 ni
2301 5697 2578 5735 qurorttttt
2617 5694 2742 5746 pars
2772 5693 2832 5728 ac
2867 5685 3146 5745 portarum
3176 5674 3460 5734 attributa,
3491 5679 3551 5728 ut
3576 5673 3782 5726 discre-

2222 5788 2306 5831 tus
2340 5776 2487 5829 labor
2523 5773 2690 5825 fortes
2720 5780 2882 5828 atque
2908 5771 3133 5826 ignavos
3170 5767 3552 5828 distiuaueret,
3583 5774 3779 5833 ctapsa
