4228 6298
585 342 689 406 949

2063 357 2110 416 Ν
2117 359 2233 417 ΟΤΙ
2243 355 2365 418 'I‘IA
2376 403 2389 418 .

3749 354 3850 417 950

588 464 942 516 contentione
975 462 1192 520 decoris
1225 467 1462 523 militutu
1488 472 1664 527 virtus
1703 472 1877 542 magis
1907 489 1970 527 ac
1998 474 2175 542 magis
2205 482 2246 536 Α
2279 491 2451 543 coque
2481 473 2718 538 amplius
2746 472 2945 526 milites
2975 486 3040 526 ex
3075 470 3285 525 Latinis
3313 468 3630 536 Graecisque
3669 469 3845 535 perie-

592 556 1008 613 accenilcretur.
1032 557 1155 612 Pari
1180 561 1347 617 modo
1378 573 1432 617 et
1455 566 1679 619 navales
1709 566 1846 620 socii
1871 565 2172 621 attributas

594 658 779 714 partes
809 649 1066 705 invadere
1085 649 1272 720 jussit.
1295 654 1672 712 Admoveutur
1696 658 1814 712 urbi
1845 658 2035 727 ligneae
2056 665 2173 711 tur-

597 754 706 792 res.
727 737 1064 794 Convectant
1100 743 1301 799 milites
1348 745 1627 811 dolabras,
1661 747 1830 803 falces
1861 748 2171 818 scalasque.

601 832 662 886 Et
689 833 798 902 jam
838 835 1002 891 elatis
1053 852 1224 908 super
1255 840 1436 910 capita
1467 843 1666 907 scutis,
1696 842 1868 898 densa
1902 845 2176 898 testudine

595 925 919 1005 succedunt.
969 928 1147 987 (ἓηοί
1200 945 1459 987 saxorum
1513 935 1755 1012 pondera
1809 935 2172 1004 provolvunt,

597 1019 881 1088 disjectam
941 1030 1107 1092 atque
1187 1023 1498 1082 ﬂuitantem
1569 1026 1905 1084 testudinem
1968 1028 2176 1084 lanceis

598 1113 890 1183 contisque
951 1126 1393 1186 perserutantur,
1445 1120 1623 1179 donec
1677 1121 1859 1177 soluta
1918 1136 2178 1191 compage

599 1213 910 1275 scutorum,
975 1225 1282 1283 exsangues
1353 1214 1675 1285 lacerosque
1733 1222 2176 1284 prostraverunt.

602 1298 690 1354 Fit
738 1311 952 1374 strages
999 1320 1194 1376 magna
1236 1322 1251 1359 :
1286 1314 1343 1363 et
1394 1309 1508 1379 jam
1554 1306 1751 1364 Terea:
1797 1306 2180 1364 deficientibus

601 1393 799 1449 animis
843 1395 1158 1467 languidius
1207 1411 1474 1470 pugnant.
1506 1399 1612 1456 Sed
1641 1403 1795 1457 adest
1843 1400 2179 1457 llabumetes

601 1486 970 1544 fortissimum
998 1495 1280 1562 quem'que
1307 1495 1640 1551 nominatim
1694 1497 1964 1558 vocitans,
2010 1505 2180 1565 utque

599 1579 650 1631 iu
687 1580 932 1648 praelium
966 1583 1217 1650 redeant,
1250 1586 1583 1644 adhortatur
1616 1606 1632 1644 :
1664 1590 1765 1644 hos
1792 1587 2033 1660 praemiis
2062 1586 2182 1641 alli-

595 1675 694 1734 cit,
750 1673 875 1732 illos
925 1676 1098 1733 minis
1142 1677 1410 1737 deterret.
1447 1681 1796 1737 lnstauratur
1847 1695 1916 1736 ea
1968 1680 2181 1750 integro

600 1770 924 1822 certamen:
951 1766 1146 1824 Turcte
1180 1784 1375 1827 rursus
1415 1771 1686 1829 subruere
1717 1785 1958 1834 murum,
1991 1778 2180 1840 portas

2277 585 2354 632 re,
2380 566 2578 638 partim
2603 566 2923 620 vulneribus
2959 579 2988 618 a
3021 571 3173 633 tergo
3209 562 3472 627 confossi,
3493 562 3688 630 partim
3711 578 3846 615 eon-

2276 660 2527 714 versione
2551 659 2820 728 oppressi.
2853 657 3054 726 Etiam
3089 655 3267 711 hostis
3333 655 3674 725 superiorem
3724 671 3847 706 mu-

2279 767 2398 807 rutn
2432 751 2675 817 tenebat,
2707 765 2950 819 saxaque
2993 749 3046 803 iu
3084 751 3238 805 cives
3281 748 3597 811 devolvens,
3666 748 3851 816 ingre-

2274 847 2550 903 dientibus
2575 846 2692 901 suis
2715 847 2921 900 auxilio
2942 855 3079 898 erat.
3412 827 3416 832 ’

2350 939 2462 994 [Ioc
2498 942 2664 995 modo
2696 948 2853 1006 capta
2886 939 3042 1001 urbe,
3075 937 3234 992 caesis
3284 935 3543 990 omnibus
3571 935 3666 1004 qui
3717 935 3853 988 resi-

2278 1042 2423 1090 stere
2455 1033 2572 1087 ausi
2605 1039 2752 1094 sunt,
2793 1032 2846 1084 in
2878 1031 3100 1098 rapinas
3144 1028 3469 1083 catervatim
3535 1035 3620 1082 est
3685 1028 3852 1080 itmu.

2281 1125 2407 1178 Erat
2441 1123 2704 1178 victorum
2726 1121 2974 1176 infinitus
2997 1135 3164 1190 prepe
3181 1133 3468 1184 nmnerus,
3491 1118 3543 1172 in
3564 1117 3849 1172 libidinem

2278 1225 2334 1270 ct
2367 1216 2630 1271 saevitiam
2667 1214 2978 1283 corruptior
3010 1230 3023 1268 :
3085 1227 3195 1266 non
3223 1212 3483 1283 dignitas,
3521 1225 3628 1264 non
3695 1218 3850 1274 3:135,

2280 1327 2386 1365 non
2411 1324 2577 1366 sexus
2604 1323 2935 1378 quemquam
2971 1305 3311 1377 protegebat.
3357 1304 3558 1372 Stupra
3589 1303 3853 1364 caedibus,

2280 1402 2452 1457 caedes
2483 1402 2693 1470 stupris
2730 1401 3124 1454 misrebautur.
3193 1397 3365 1455 Senes
3420 1406 3612 1453 exacta
3673 1406 3855 1458 relate,

2281 1496 2511 1551 feminas
2538 1495 2676 1549 viles
2705 1494 2770 1547 ad
2803 1494 3040 1563 pnedam
3079 1493 3130 1547 in
3172 1491 3470 1546 ludibrium
3520 1490 3810 1546 trahebant
3839 1506 3856 1547 :

2281 1587 2372 1641 ubi
2397 1585 2586 1640 adulta
2623 1585 2799 1652 virgo,
2843 1593 2938 1639 aut
2972 1584 3095 1653 quis
3134 1582 3310 1639 forma
3335 1582 3670 1651 conspicuus
3719 1582 3860 1636 inci-

2279 1678 2525 1735 dissetin
2550 1692 2746 1732 manus
2780 1676 3127 1746 rapientium,
3166 1674 3412 1730 divulsus
3461 1677 3608 1745 ipsos
3642 1680 3856 1742 postre-

2283 1787 2371 1826 mo
2403 1771 2716 1842 direptores
2747 1769 2800 1825 in
2826 1778 3072 1825 mutuam
3107 1769 3408 1840 perniciem
3444 1767 3662 1836 agebat.
3719 1766 3856 1821 Dum

601 1867 855 1926 quatere,
884 1858 1060 1914 innixi
1085 1860 1354 1929 humeris,
1391 1871 1446 1919 et
1478 1879 1645 1936 super
1667 1864 1918 1920 iteratam
1945 1858 2180 1919 t'estudi-
2214 1844 2254 1898 Β
2287 1866 2594 1934 pecuniam,
2624 1865 2708 1921 vel
2739 1864 2926 1935 gravia
2955 1863 3281 1933 templorum
3317 1860 3458 1916 dona
3486 1860 3590 1916 sibi
3624 1861 3859 1928 quisque

605 1965 728 2006 nem
751 1953 1084 2012 scandentes
1113 1969 1379 2025 prensare
1407 1958 1651 2015 hostium
1683 1957 1789 2015 tela
1841 1957 2180 2026 brachiaque

605 2045 863 2103 nituntur
894 2064 908 2102 :
943 2049 1141 2104 iterum
1197 2050 1397 2122 integri
1448 2049 1575 2108 cum
1623 2052 1856 2116 sauciis,
1917 2050 2182 2109 semiani-

605 2155 720 2198 mes
751 2155 876 2196 cum
905 2143 1316 2212 exspirantibus
1351 2145 1706 2203 evolvuntur.
1743 2143 2002 2200 Cernitur
2032 2144 2182 2199 varia

599 2234 953 2301 pereuntium
983 2235 1183 2302 forma,
1216 2246 1274 2291 et
1302 2237 1542 2308 plurima
1585 2240 1781 2293 mortis
1805 2238 2010 2308 imago.

671 2324 817 2381 Inter
844 2327 957 2382 haec
977 2326 1222 2386 Joannes
1245 2327 1616 2398 Justinianus,
1647 2329 1788 2400 apud
1815 2328 2064 2385 Genuam
2095 2327 2184 2384 Li-

599 2431 798 2486 gurum
823 2421 1176 2490 metropolim
1197 2419 1371 2476 nobili
1415 2420 1535 2477 loco
1567 2429 1754 2484 natus,
1803 2419 1898 2490 qui
1929 2422 2185 2489 superio-

603 2509 757 2566 rbus
796 2511 993 2567 diebus
1037 2514 1190 2570 solus
1241 2514 1437 2568 urbem
1497 2512 1819 2568 defendisse
1869 2511 2182 2575 videbatur,

602 2602 842 2667 graviter
874 2605 1216 2670 vulneratus.
1245 2605 1336 2661 tibi
1379 2603 1597 2659 ﬂuitare
1643 2600 1972 2672 sanguinem
2021 2616 2182 2656 suum

603 2694 1017 2755 animadvertit.
1079 2712 1149 2751 ne
1203 2705 1432 2752 cancros
1493 2695 1818 2756 deterreret.
1879 2694 2184 2748 remedium

603 2801 875 2856 quarens,
905 2786 1044 2841 claui
1063 2804 1187 2844 sese
1215 2803 1409 2859 pugnae
1437 2787 1721 2852 subduxit.
1764 2785 1870 2842 Sed
1921 2785 2192 2840 Constan.

605 2886 758 2937 tinus
797 2882 1118 2952 imperator,
1151 2892 1208 2936 ut
1238 2883 1434 2938 abesse
1480 2879 1858 2936 Iustinianum
1907 2877 2186 2950 cognovit,

608 2989 719 3043 quo
751 2975 875 3030 ierit
897 2976 1302 3046 percontatur?
1340 2974 1646 3038 Proditum,
1678 2988 1742 3027 ac
1771 2974 2078 3037 inventum,
2123 2987 2191 3025 ne

612 3081 842 3137 pugnam
865 3067 1105 3133 deserat,
1125 3068 1286 3123 enixe
1301 3076 1474 3137 rogat.
1500 3065 1596 3122 Ille
1612 3066 1782 3120 nihilo
1802 3065 1974 3134 magis
1997 3063 2192 3127 ﬂexus,

609 3159 806 3229 aperiri
855 3169 1065 3229 portam
1125 3159 1304 3230 jubet,
1364 3175 1471 3229 qua
1532 3169 1828 3213 curaturus
1879 3156 2077 3210 vulnus
2127 3155 2181 3209 in

611 3250 798 3305 urbem
825 3251 1030 3306 redeat.
1072 3251 1242 3306 Erant
1297 3253 1444 3306 enim
1500 3253 1769 3306 obserata:
1800 3249 2176 3317 urbisjanuze.

607 3345 810 3411 quibus
833 3345 901 3399 ad
928 3347 1294 3400 antemuralia
1329 3346 1555 3416 patebat
1588 3345 1717 3409 iter,
1744 3361 1812 3397 ne
1841 3360 1948 3412 qua
1979 3341 2190 3409 fugien-

607 3439 660 3492 di
693 3438 926 3494 facultas
959 3439 1118 3498 militi
1146 3447 1320 3499 esset.
1356 3455 1426 3494 ac
1458 3446 1752 3510 proriterea
1801 3436 2000 3492 fortius
2026 3422 2188 3488 'hosti

610 3552 648 3584 r-
671 3534 892 3588 sisteret
928 3551 942 3586 :
983 3534 1040 3588 fit
1087 3535 1298 3588 interea
1357 3533 1643 3587 remissior
1703 3529 1973 3593 defensio,
2042 3524 2186 3596 quod

610 3625 803 3682 Turcze
843 3627 1217 3689 advertentes,
1269 3626 1508 3680 instante
1562 3624 1800 3678 ttiaxime
1861 3621 2188 3685 bIabumete,

608 3720 792 3776 acrius
825 3720 1173 3775 incumbunt.
1211 3719 1272 3773 Et
1304 3721 1562 3788 quoniam
1589 3732 1716 3787 pars
1759 3719 1898 3768 llllll‘i
1934 3716 2046 3786 jam
2081 3723 2194 3768 tor-

612 3815 812 3867 mentis
879 3814 1052 3868 amcis
1109 3811 1364 3880 disiecta,
1420 3811 1621 3866 fossam
1683 3823 1878 3878 magna
1923 3823 1989 3861 ex
2036 3815 2194 3877 parte

609 3906 946 3974 oppleverat.
967 3919 1066 3974 per
1096 3904 1286 3958 ruinas
1307 3904 1454 3972 ipsas
1479 3902 1829 3961 scamleutes,
1852 3898 2195 3953 antemurale

611 4001 1015 4062 conscendunt,
1069 3997 1402 4065 Cnet-osque
1456 3996 1778 4066 perterritos
1819 3993 1940 4046 loco
1998 3992 2194 4047 detur-

614 4096 766 4147 bant.
788 4093 970 4152 Porta,
991 4106 1110 4161 qua:
1127 4089 1436 4144 Iustiniano
1455 4090 1922 4156 sauciopatuerat,
1942 4083 2196 4137 omnibus

615 4191 801 4250 aperta
837 4181 1017 4251 fugam
1070 4180 1436 4250 profusiorem
1486 4177 1684 4232 reddit.
1723 4176 1878 4230 Tunc
1923 4173 2196 4228 Cortstan-

615 4277 787 4339 tinus,
819 4288 928 4328 non
966 4282 1024 4326 ut
1055 4274 1444 4343 imperatorem
1504 4271 1712 4333 decuit,
1743 4269 2054 4338 pugnando,
2099 4268 2194 4323 sed

617 4368 831 4437 fugiens
891 4367 946 4420 in
991 4366 1128 4434 ipsis
1176 4373 1347 4434 porta:
1380 4363 1672 4435 angustiis,
1718 4377 1843 4417 cum
1879 4359 2191 4424 cecidisset,

615 4461 1020 4531 rrumpentium
1066 4457 1414 4513 multitudine
1470 4469 1785 4524 Oppressus,
1842 4453 2196 4524 calcatusque

2282 1959 2544 2026 traheret,
2579 1959 2792 2029 majore
2815 1959 3049 2013 aliorum
3086 1958 3136 2012 vi
3191 1955 3572 2011 truncabatur.
3610 1953 3860 2023 Cumque

2283 2050 2336 2104 in
2362 2051 2608 2108 exercitu
2634 2053 2878 2106 maximo
2912 2068 2976 2107 ac
3005 2053 3257 2116 dissono,
3308 2067 3376 2107 ex
3431 2052 3648 2107 civibus
3697 2049 3860 2104 seriis

2282 2153 2446 2215 atque
2467 2145 2710 2200 externis
2732 2144 2983 2213 conflato,
3015 2145 3247 2201 diversae
3270 2145 3492 2214 linquat,
3519 2145 3657 2199 varii
3681 2158 3860 2198 mores

2283 2247 2446 2305 atque
2482 2237 2767 2306 cupidines
2801 2247 3007 2306 essent,
3048 2238 3195 2294 aliud
3222 2240 3421 2308 cuique
3447 2239 3531 2293 fas
3565 2235 3856 2304 nefasque,

2285 2329 2420 2382 uinil
2464 2328 2714 2384 illicitum
2769 2339 2884 2385 toto
2943 2329 3128 2385 triduo
3188 2328 3676 2398 Constantinopoli
3733 2328 3858 2384 fuit.

2286 2421 2572 2493 Templum
2609 2422 2852 2489 Sophim,
2885 2421 3184 2478 Iustiniani
3242 2423 3478 2479 Cazsaris
3539 2438 3702 2493 opus,
3745 2430 3857 2475 toto

2285 2517 2419 2570 orbe
2469 2516 2849 2582 dccantatum,
2895 2524 2950 2569 et
2998 2515 3084 2570 cui
3149 2514 3462 2584 comparari
3512 2514 3744 2567 alterum
3795 2527 3862 2566 eo

2288 2622 2531 2680 tempore
2567 2625 2674 2664 non
2721 2610 2918 2679 potuit,
2966 2610 3231 2683 nudatum
3296 2623 3452 2662 sacra
3511 2603 3862 2677 supellectili,

2289 2707 2355 2758 ad
2384 2719 2580 2759 omnes
2610 2702 2907 2772 spurcitias
2937 2703 3116 2772 patuit
3146 2720 3161 2758 ε
3197 2717 3434 2773 namque
3479 2701 3605 2756 illuc
3626 2701 3674 2754 vi
3742 2715 3866 2769 per-

2291 2809 2476 2853 tractat:
2514 2797 2746 2866 captivae
2777 2797 3016 2866 virgines
3040 2811 3210 2850 sacrae
3243 2804 3408 2866 atque
3463 2794 3728 2866 profanae.
3784 2793 3865 2846 vi-

2290 2891 2410 2945 dua:
2432 2900 2594 2958 atque
2630 2899 2913 2952 matruurr,
2951 2890 3226 2943 decennes
3259 2890 3426 2942 etiam
3487 2887 3640 2956 pueri
3696 2894 3862 2955 atque

2291 2965 2838 3053 i)ucll:e,inexpleltili
2871 2981 3359 3048 spurcissimorutn
3395 2995 3594 3032 canum
3654 2979 3866 3032 libidini

2293 3082 2346 3126 rt
2374 3074 2618 3136 luxuriae,
2647 3076 2820 3125 donec
2843 3071 3090 3124 efﬂarent
3137 3072 3368 3132 animus,
3407 3071 3678 3124 inservire
3734 3079 3866 3124 sunt

2295 3179 2513 3222 coactae.
2541 3165 2677 3220 Ossa
2716 3172 3035 3233 martyrum,
3067 3180 3189 3232 qum
3243 3161 3462 3216 fuerant
3497 3165 3550 3216 iu
3591 3163 3682 3216 illa
3733 3164 3868 3215 urbe

2294 3259 2704 3329 pretiosissima,
2741 3258 2970 3312 canibus
2988 3257 3195 3326 objecta
3220 3267 3272 3310 et
3302 3257 3513 3310 suibus.
3539 3254 3865 3310 Sanctorqu

2293 3350 2555 3419 imagines
2581 3361 2675 3403 aut
2700 3349 2814 3402 Iulo
2846 3347 3063 3403 Itctlata:
3094 3357 3187 3400 aut
3226 3347 3373 3401 ferro
3415 3347 3626 3412 deletae,
3664 3349 3861 3401 altaria

2292 3444 2475 3498 diruta
2500 3451 2665 3512 atque
2688 3458 2901 3496 eversa.
2941 3441 2995 3494 lu
3033 3442 3500 3510 reliquistemplis
3556 3453 3646 3496 aut
3711 3443 3869 3510 lupa-

2293 3535 2448 3590 naria
2476 3534 2829 3588 meretricum
2891 3531 3057 3599 facta,
3103 3543 3198 3587 aut
3227 3551 3495 3601 equorum
3531 3534 3770 3588 stabula.
3810 3535 3865 3587 In

2293 3635 2538 3682 Sacratos
2579 3625 2688 3679 Deo
2727 3626 2875 3680 viros
2903 3666 2916 3689 ,
2980 3626 3266 3694 religiosos
3310 3642 3373 3679 ac
3423 3627 3742 3681 sacerdotes
3800 3628 3870 3681 ita

2295 3720 2438 3774 futile
2463 3720 2704 3773 swvittitit
2737 3729 2842 3782 est,
2871 3731 2925 3771 nt
2973 3719 3169 3773 modus
3231 3719 3588 3780 detestabilis,
3637 3737 3747 3790 quo
3784 3737 3873 3774 vc—

2294 3814 2403 3866 sati
2439 3823 2606 3880 atque
2634 3813 2808 3866 enecti
2855 3821 3003 3876 sunt,
3041 3811 3354 3880 urutiquat'n
3386 3813 3613 3866 honeste
3672 3811 3865 3866 referri

2295 3913 2480 3975 queat.
2537 3903 2619 3956 Ad
2671 3905 2786 3958 hate
2847 3905 3025 3958 adacti
3079 3914 3206 3958 sunt
3271 3908 3410 3959 servi
3443 3906 3764 3960 Verberibus
3790 3916 3872 3957 at-

2297 4010 2402 4063 que
2422 3995 2730 4058 tormentis,
2753 3994 3093 4047 dominorum
3117 3996 3295 4048 abdita
3314 3997 3548 4049 scrutari
3571 4011 3632 4049 ac
3656 4011 3869 4060 eruere,

2299 4087 2505 4142 inventi
2537 4089 2637 4140 hac
2670 4096 2787 4140 arte
2806 4088 3024 4140 maximi
3060 4088 3327 4151 thesauri,
3351 4103 3489 4155 quos
3512 4090 3565 4140 in
3595 4090 3716 4158 ipso
3744 4089 3870 4142 belli

2299 4179 2571 4248 principio
2609 4180 2862 4232 infelices
2893 4179 3245 4236 suII'oderunt
3298 4183 3469 4236 cives.
3536 4181 3769 4246 Quibus,
3827 4183 3873 4235 si

2299 4286 2396 4341 pro
2423 4269 2741 4325 defensioue
2777 4272 2929 4326 urbis
2952 4273 3034 4327 usi
3068 4272 3320 4335 fuissent,
3347 4289 3502 4329 suam
3544 4274 3686 4327 haud
3709 4276 3874 4327 dubie

2300 4363 2486 4428 vitam,
2524 4363 2713 4432 patria:
2741 4364 3044 4418 libertatem
3095 4375 3430 4420 servassent.
3476 4365 3581 4420 Sed
3627 4381 3794 4420 avaro
3821 4368 3872 4419 itt

2301 4469 2494 4507 aurum
2524 4454 2669 4508 nulla
2693 4464 2957 4523 potestas.
2981 4455 3085 4525 Ipsi
3120 4458 3328 4512 interea
3359 4474 3496 4512 auro
3521 4460 3784 4524 emuncti,
3812 4477 3874 4512 ac

619 4552 851 4609 interiit.
884 4552 940 4606 In
966 4561 1114 4606 tanta
1151 4551 1506 4606 multitudine
1536 4557 1896 4618 pugnatorum
1943 4547 2052 4599 duo
2083 4556 2199 4599 tau-
2224 4554 2276 4615 υ
2305 4561 2459 4602 more
2491 4561 2744 4616 pecorum
2779 4548 2832 4600 iu
2865 4558 3045 4603 castra
3075 4552 3361 4618 protracti,
3397 4562 3522 4620 post
3551 4553 3786 4606 ludibria
3807 4555 3875 4606 ad

619 4663 732 4702 tum
777 4646 981 4717 reperti
1018 4653 1166 4710 sunt,
1215 4645 1308 4714 qui
1358 4659 1420 4698 se
1459 4645 1608 4695 viros
1651 4639 2025 4704 ostenderint,
2061 4638 2200 4693 alter

619 4741 863 4803 (ircectis,
898 4739 1038 4792 alter
1067 4735 1333 4801 Dalmata,
1373 4731 1713 4803 Theophilus
1755 4729 2117 4799 Palieologus,
2145 4736 2201 4781 ct

619 4833 860 4888 Joannes
901 4830 1158 4892 Sclavus,
1203 4830 1297 4898 qui
1331 4826 1520 4898 Ingere
1562 4836 1718 4895 turpe
1752 4821 2026 4886 arbitrati,
2072 4834 2198 4874 cum

621 4927 716 4982 diu
758 4923 1066 4982 incredibili
1117 4921 1310 4991 vigore
1351 4920 1662 4976 Terrarum
1717 4917 1982 4987 impetum
2033 4912 2198 4968 susti-

624 5018 895 5082 nuissent,
950 5013 1267 5083 multosque
1316 5012 1769 5073 obtruncassent,
1801 5008 2038 5076 denique
2087 5021 2195 5060 non

623 5123 734 5167 tant
764 5110 895 5165 victi
920 5123 1084 5179 quam
1135 5107 1406 5160 vincendo
1461 5101 1671 5171 fatigati
1723 5101 1870 5154 inter
1922 5099 2194 5152 cadavera

624 5203 868 5259 hostium
933 5201 1265 5256 occubuere.
1327 5193 1670 5250 Justinianus
1719 5193 1774 5247 in
1825 5190 2016 5246 Peram
2055 5204 2201 5259 aegre

623 5298 912 5361 eluctatus,
944 5307 1072 5348 cum
1103 5289 1427 5344 tumultibus
1464 5286 1780 5355 perturbata
1823 5284 2036 5347 omnia,
2071 5297 2196 5346 nec,

621 5403 786 5459 quem
812 5386 1048 5440 tuasime
1070 5383 1365 5455 quazreliat,
1393 5381 1662 5434 medicum
1688 5376 2043 5437 invenissset,
2073 5375 2198 5430 inde

621 5482 817 5535 Chium
851 5479 1147 5546 navigavit,
1199 5477 1387 5545 ibique
1431 5490 1526 5528 seu
1579 5487 1643 5524 es
1696 5469 1938 5524 vulneris
1986 5468 2197 5521 acerbi-

625 5579 755 5637 tate,
793 5586 889 5625 seu
927 5586 989 5624 ex
1046 5568 1216 5622 animi
1253 5565 1515 5620 intestitia
1549 5564 1604 5616 in
1643 5566 1889 5614 morbum
1929 5561 2198 5623 incidens,

629 5662 892 5733 inglorius
926 5663 1091 5715 vitam
1133 5660 1301 5712 finivit
1341 5678 1353 5711 :
1389 5657 1518 5711 felix
1560 5656 1806 5726 profecto
1860 5658 2200 5721 multumque

628 5754 954 5819 laudandus,
993 5755 1038 5808 si
1076 5754 1130 5804 in
1163 5753 1294 5821 ipsis
1326 5759 1654 5819 Oppugnatai
1712 5747 1866 5800 urbis
1915 5748 2192 5801 iuuenibus

631 5847 872 5906 animam
903 5846 1232 5904 exhalasset.
1272 5842 1326 5899 In
1377 5844 1625 5910 ingressu
1702 5851 1871 5909 νωιιεε
1907 5840 2198 5912 octingenti

2303 4655 2472 4694 unum
2506 4655 2700 4694 omnes
2725 4640 2875 4692 vario
2909 4641 3100 4695 mortis
3132 4659 3332 4712 genere
3382 4644 3656 4698 interfecti
3725 4659 3873 4698 sunt.

2303 4731 2670 4786 Simulacrum
2692 4729 2978 4795 Crucitixi,
3041 4748 3203 4800 quem
3266 4734 3523 4802 colimus,
3583 4745 3640 4789 et
3687 4751 3873 4790 verum

2301 4821 2470 4877 Deum
2492 4838 2612 4877 esse
2645 4822 2905 4888 fatemur,
2937 4822 3294 4890 (horrendum
3331 4826 3505 4892 dictu,
3543 4834 3710 4895 atque
3776 4844 3871 4881 au-

2300 4917 2440 4986 ditu)
2473 4918 2621 4972 tubis
2643 4931 2706 4970 ac
2762 4919 3037 4984 tympanis
3087 4919 3482 4984 praeeuntibus,
3551 4929 3764 4987 raptum
3807 4937 3871 4971 ex

2302 5008 2439 5064 urbe
2461 5010 2652 5064 hostes
2685 5009 2750 5060 ad
2811 5008 3046 5060 tentoria
3097 5006 3369 5069 deferunt.
3434 5018 3599 5080 sputo
3654 5013 3876 5080 lutoque

2303 5100 2535 5162 findant.
2570 5107 2624 5152 et
2652 5100 2719 5152 ad
2763 5108 2963 5152 nostra:
2983 5099 3271 5168 religionis
3299 5101 3611 5156 irrisiOuem
3671 5105 3872 5158 iterum

2301 5189 2452 5245 cruci
2490 5190 2714 5258 alliguut
2741 5205 2755 5244 :
2786 5188 2912 5241 exin
2943 5189 3105 5257 pileo,
3137 5205 3301 5260 quem
3330 5193 3604 5246 sartulum
3655 5209 3870 5261 vocant,

2302 5283 2468 5351 capiti
2499 5281 2622 5350 ejus
2649 5280 2928 5349 imposito,
2960 5296 3166 5335 corona
3198 5283 3439 5350 undique
3471 5286 3609 5338 faeta
3662 5286 3840 5339 Sltccln
3861 5316 3875 5324 -

2303 5385 2454 5427 lllJlll.
2482 5390 2496 5428 ζ
2534 5373 2629 5425 "ir
2655 5383 2728 5425 est
2760 5372 3188 5426 Christianorum
3241 5372 3378 5427 Deus
3406 5390 3425 5435 ;
3450 5429 3454 5432 _
3476 5384 3586 5427 tttm
3643 5377 3874 5444 lapides.

2309 5469 2588 5534 lutumque
2625 5465 2895 5532 jactautes
2955 5465 3108 5518 miris
3141 5464 3502 5520 deltonestaut
3541 5468 3737 5521 modis.
3771 5470 3875 5520 Sed

2307 5559 2442 5611 nihil
2475 5559 2587 5610 luce
2621 5556 2820 5608 obSnnt
2854 5555 2964 5608 Deo
3001 5567 3190 5610 nostro
3227 5559 3421 5611 coelum
3450 5560 3675 5625 tenenti,
3702 5561 3876 5630 inquit

2304 5651 2404 5702 Itur
2441 5651 2555 5702 loco
2591 5645 2796 5702 diuus
2823 5645 3062 5715 Sylvius,
3100 5664 3196 5700 nec
3219 5651 3554 5718 tnajcstatetn
3589 5653 3705 5719 ejus
3740 5670 3873 5722 quo-

2305 5760 2410 5810 quo
2437 5741 2595 5794 modo
2639 5741 2959 5793 imminuent:
3023 5751 3272 5806 possunt,
3326 5743 3481 5809 cujus
3545 5759 3607 5795 ea
3653 5756 3737 5800 est
3765 5748 3874 5815 ςιυ-

2308 5837 2404 5903 tia,
2442 5851 2504 5889 ca
2536 5833 2863 5896 sublimitas,
2895 5849 2957 5887 ca
2993 5833 3344 5891 beatitudinis
3373 5835 3655 5904 perfectio,
3691 5853 3744 5892 ut
3777 5853 3873 5895 ιιι-ε
