4228 6298
369 397 467 456 951

1361 403 1726 466 lSlDORITS
1765 407 1804 466 S
1875 410 1943 468 ii.
1995 408 2054 471 E.
2105 412 2570 475 CARDINALIS

3525 417 3630 482 95‘2

372 521 628 580 laudibus
656 528 908 586 humanis
932 535 1142 598 extolli,
1201 553 1295 589 nec
1337 537 1612 591 humiliari
1671 541 1951 610 vituperiis
1987 527 2027 581 Α

1987 527 2027 581 Α
2060 522 2370 580 iteratoruiii
2401 543 2680 580 numerum
2717 527 3030 582 iniliant.ac
3054 542 3282 596 corpora
3318 530 3519 598 passim
3541 532 3627 599 ja-

377 633 667 685 pravorum
695 625 884 690 possit.
904 623 1010 679 Nos
1035 627 1136 681 ista
1155 628 1377 693 lmdunt,
1402 641 1566 699 atque
1583 634 1949 695 coofundunt,

382 709 473 778 qui
513 727 607 778 per
639 711 906 781 ignatiatn
944 725 1105 786 atque
1165 719 1454 787 desidiam,
1501 724 1628 776 dum
1673 727 1782 778 veri
1859 727 1947 780 Dei

376 804 578 857 cultum
620 807 792 874 p~rire
819 808 1078 872 sinimus,
1113 821 1163 868 cl
1193 813 1245 866 in
1272 815 1372 868 hoc
1405 817 1607 869 szeculo
1639 817 1836 872 boiium
1857 835 1952 872 no-

376 913 520 960 men,
544 902 672 950 etin
703 900 872 952 altero
889 915 1035 967 Spem
1059 905 1254 959 salutis
1279 907 1603 962 amittimus.
1626 910 1766 974 Quin
1789 910 1952 976 igitur

374 989 566 1052 p>sitis
597 990 755 1045 bellis
786 1004 1049 1050 coeuntes
1083 995 1376 1052 Christiani
1400 999 1539 1055 lianc
1571 1009 1775 1056 tantam
1813 1004 1949 1072 inju-

373 1083 507 1135 riatn
549 1085 930 1139 vindicamus?

442 1171 573 1226 Post
605 1174 715 1229 hare
747 1176 1069 1233 convivatus
1098 1177 1456 1244 Maliumetcs.
1482 1199 1603 1238 cum
1640 1186 1800 1238 solito
1830 1188 1950 1254 plus

372 1267 482 1318 vini
505 1268 868 1334 adhibuisset,
898 1278 956 1324 ut
973 1276 1825 1346 sanguinemtruculentusmero
1849 1280 1948 1331 ad-

373 1359 548 1424 deret,
566 1360 840 1431 principes
857 1363 1257 1435 eptimatesque
1279 1369 1522 1422 civitatis
1543 1382 1752 1438 captos,
1787 1372 1948 1442 inque

373 1461 724 1519 conspectum
768 1455 1041 1509 admissos
1073 1469 1358 1528 postquam
1385 1464 1549 1530 probe
1594 1465 1702 1517 illis
1745 1464 1951 1521 illusis-

372 1549 473 1604 set,
497 1545 736 1600 crudelis
766 1557 818 1600 et
860 1551 1249 1618 sanguinarius
1283 1553 1525 1607 carnifex
1559 1555 1699 1610 laede.
1724 1558 1948 1611 misere-

373 1653 476 1702 que
499 1636 737 1706 jugulari
767 1641 954 1705 jussit.
995 1640 1272 1698 Sirelucas
1318 1648 1568 1717 princeps
1598 1648 1691 1701 alti
1725 1653 1948 1720 sangui-

376 1731 480 1789 nis,
505 1731 594 1796 qui
624 1733 762 1799 apud
792 1732 1207 1790 Constantinum
1235 1739 1528 1805 plurimum
1551 1750 1784 1808 poterat,
1811 1757 1950 1795 etesii

379 1825 502 1871 ante
530 1819 720 1873 oculos
752 1823 940 1891 majori
976 1827 1106 1888 ﬁlio,
1140 1826 1334 1889 altero,
1371 1831 1516 1897 quod
1547 1832 1828 1898 speciosus
1860 1848 1951 1886 es-

377 1919 479 1973 set,
510 1911 573 1962 ad
608 1911 827 1967 illicitos
851 1932 984 1969 usus
1009 1929 1307 1983 reservato,
1337 1923 1516 1974 securi
1539 1937 1827 1990 percussus
1847 1938 1949 1978 est.

380 2001 494 2055 Duo
531 2003 651 2069 ejus
691 2006 780 2060 alii
812 2009 903 2060 lilii
955 2010 1341 2066 occiderantin
1384 2015 1542 2068 bello.
1575 2013 1810 2070 Uxorem
1841 2017 1950 2068 im-

378 2095 649 2155 peratm'is
679 2094 1049 2163 Constantini,
1073 2102 1225 2165 ﬁlias,
1261 2106 1574 2174 primasque
1613 2107 1752 2162 aula:
1791 2107 1954 2178 virgi-

378 2202 494 2252 nes,
536 2202 598 2241 ac
634 2200 910 2245 matronas
944 2194 1217 2264 principes
1244 2195 1402 2262 jusxit
1430 2212 1696 2268 tyrannus
1750 2202 1800 2253 in
1824 2216 1954 2254 cou-

374 2279 577 2331 vivium
607 2282 826 2335 adduci.
848 2283 923 2337 lbi
951 2287 1184 2353 primum
1224 2289 1291 2342 ab
1314 2291 1428 2358 ipso
1452 2291 1954 2354 ll-lahttmete,aliis-

373 2387 476 2432 qtlc
508 2371 754 2438 ejusdem
790 2380 1029 2446 satrapis
1093 2392 1484 2450 constuprant,
1522 2387 1746 2452 poSthae
1813 2386 1950 2437 nihil

377 2459 686 2515 valentibus
733 2465 984 2532 precibus
1019 2471 1072 2521 in
1107 2466 1278 2523 frusta
1320 2471 1477 2524 tlis<ei
1501 2481 1566 2525 tat:
1597 2482 1748 2526 sunt.
1777 2473 1952 2541 Caput

381 2550 725 2608 Constantini
747 2557 814 2607 ab
834 2559 1056 2612 invento
1073 2561 1337 2616 cadavere
1358 2562 1658 2630 desectum,
1677 2565 1952 2636 basimque

384 2646 629 2710 afﬁxum,
647 2659 705 2704 ut
723 2651 978 2705 Omnibus
1002 2653 1232 2707 ludibrio
1251 2666 1418 2720 esset,
1436 2673 1530 2724 per
1549 2658 1699 2712 urbis
1717 2663 1952 2728 compita

377 2752 426 2790 et
455 2752 633 2793 castra
669 2744 902 2796 maximo
929 2762 1049 2797 rum
1079 2749 1278 2815 probro
1313 2751 1693 2803 circumlatum
1727 2761 1830 2806 est.
1855 2751 1953 2804 Fe-

383 2842 528 2896 runt,
551 2834 638 2899 qui
670 2839 854 2903 copias
873 2836 1198 2890 Mallumctis
1224 2852 1531 2910 compertas
1555 2843 1817 2906 habuere,
1846 2852 1955 2895 trc-

379 2935 532 2976 centa
575 2925 738 2981 fuisse
790 2929 955 2981 millia
1000 2941 1384 2999 pugnatorum,
1417 2935 1508 3002 qtti
1543 2935 1730 2987 urbem
1792 2936 1948 2989 nobi-

382 3019 643 3071 lssimant
702 3037 728 3070 a
789 3033 930 3074 terra
979 3025 1376 3094 Oppugnariut;
1433 3042 1460 3079 a
1528 3030 1662 3080 tnari
1727 3028 1948 3098 triginta

383 3111 572 3172 millia,
625 3115 883 3166 trecentis
936 3116 1069 3170 velis
1113 3116 1404 3172 adn0tatis.
1456 3118 1631 3188 Atque
1666 3120 1737 3174 ita
1773 3137 1951 3190 expu-

2055 621 2228 673 centia
2258 621 2637 689 explorabant,
2663 623 2871 689 ingenti
2903 622 3028 676 elati
3060 623 3259 692 gaudio
3281 634 3626 693 repererunt,

2053 721 2102 764 et
2132 713 2377 782 ejusdem
2404 713 2693 782 praecisum
2714 723 2878 782 caput
2935 729 3098 769 roseo
3125 723 3442 771 contectum
3477 717 3622 782 pileo

2056 805 2222 858 hasta:
2253 805 2501 874 infigunt;
2531 820 2594 860 ac
2621 807 2890 861 clamante
2918 823 3189 876 pra'cone,
3212 809 3357 864 Illud
3389 829 3503 865 esse
3534 828 3622 864 ca-

2052 905 2146 963 put
2185 897 2482 951 eardiaalis
2508 897 2752 964 Rutheni,
2779 915 2873 968 per
2913 910 3085 970 captat
3117 901 3354 957 civitatis
3383 905 3621 974 compita

2053 991 2277 1058 viasque
2311 991 2480 1045 multa
2520 1005 2643 1045 cum
2681 991 2937 1046 irrisione
2975 993 3393 1050 circumferunt.
3423 994 3623 1051 lllein-

2055 1081 2212 1134 terim
2239 1081 2394 1136 vivus
2418 1083 2559 1152 apud
2593 1082 2897 1138 Turcarum
2930 1085 3232 1154 principem
3265 1088 3498 1143 sordidis
3519 1089 3624 1145 de-

2053 1179 2287 1232 alinatus
2309 1179 2629 1234 ministeriis
2653 1181 2875 1236 latebat.
2901 1181 3019 1248 Qua
3038 1182 3305 1238 servitute
3329 1199 3435 1239 non
3459 1187 3631 1238 multo

2053 1277 2174 1334 post
2227 1268 2394 1336 (quod
2433 1269 2556 1323 vilis
2584 1269 2882 1324 homuncio
2923 1273 3282 1342 crederetur)
3340 1275 3632 1344 persolutis

2053 1360 2317 1414 trecentis
2369 1362 2582 1429 asperis
2634 1373 2939 1431 exemptus,
2975 1375 3287 1422 transverso
3321 1382 3485 1422 cursu
3518 1368 3630 1423 Ro-

2055 1463 2199 1500 mam
2234 1451 2500 1516 pervenit.
2537 1451 2638 1505 llbi
2665 1468 2692 1504 a
2727 1451 2954 1508 Nicolao
2979 1456 3023 1509 ν
3061 1455 3218 1512 Pont.
3253 1457 3398 1512 Max.
3445 1459 3632 1512 multis

2057 1541 2374 1595 muneribus
2428 1543 2480 1595 in
2515 1545 2689 1598 vicem
2722 1545 2970 1598 laborum
3003 1548 3262 1613 donatus,
3320 1551 3464 1604 trino
3505 1565 3633 1606 sen-

2055 1629 2155 1682 sim
2184 1631 2522 1698 episcopatu,
2549 1635 2807 1691 nimirum
2837 1636 3154 1702 Sabinensi,
3187 1641 3537 1708 Corpliiensi,
3567 1659 3634 1697 ae

2057 1723 2382 1786 Nieasiensi.
2403 1737 2599 1782 auctus
2629 1740 2713 1784 est
2741 1747 2755 1780 :
2793 1732 2996 1799 quibus
3036 1750 3160 1787 cum
3196 1749 3388 1789 novem
3415 1735 3635 1790 circiter

2057 1817 2214 1869 annis
2260 1834 2470 1873 summa
2503 1821 2626 1875 vitae
2661 1821 2970 1891 integritate
2992 1836 3156 1890 atque
3184 1828 3471 1894 prudentia
3493 1842 3633 1894 prte-

2059 1908 2271 1974 fuisset,
2309 1913 2526 1966 tandem
2567 1930 2709 1968 anno
2743 1915 2900 1980 Mli-3,
2934 1918 3018 1972 die
3039 1917 3110 1972 97
3165 1919 3371 1989 Aprilis
3416 1929 3626 1974 natura:

2060 2001 2298 2055 deliitum
2326 2005 2512 2059 Rom'e
2537 2008 2790 2071 exsolvit,
2821 2025 3019 2078 magno
3053 2012 3297 2066 omnium
3329 2013 3474 2066 luctu
3503 2022 3628 2083 post

2058 2096 2264 2148 obitum
2303 2099 2559 2154 conditus
2593 2099 2659 2154 ad
2699 2100 2961 2155 Sanctum
3001 2102 3220 2158 Petrum
3250 2105 3303 2158 itt
3340 2103 3628 2162 Vaticano.

2131 2187 2204 2242 De
2241 2189 2458 2244 Isidoro
2485 2193 2764 2249 cardinale
2787 2210 2954 2264 agens
2978 2195 3253 2251 Laonicus
3280 2197 3633 2272 Clialeondy-

2061 2283 2137 2335 las
2159 2283 2272 2336 haec
2306 2287 2461 2340 habet
2493 2303 2507 2341 :
2549 2285 2615 2340 In
2653 2288 2748 2342 hac
2779 2306 2954 2343 rerum
3008 2290 3163 2344 turba
3188 2293 3477 2346 miserabili
3508 2293 3629 2358 (lo-

2058 2378 2244 2445 quitur
2301 2378 2368 2431 de
2419 2380 2572 2434 urbis
2625 2381 3259 2453 Constantinopolitame
3293 2387 3631 2456 direptione)

2059 2483 2238 2535 rapitis
2270 2481 2344 2524 est
2379 2472 2672 2525 eardiualis
2706 2472 2948 2529 Isidorus
2989 2475 3362 2529 Sarmatarum
3390 2477 3629 2535 antistes.

2056 2563 2145 2631 qni
2166 2566 2352 2616 ductus
2378 2565 2429 2616 in
2454 2565 2728 2619 Galatiam
2767 2570 2943 2620 urbem
2979 2571 3221 2622 venditus
3251 2580 3352 2632 est,
3388 2573 3476 2622 sed
3503 2587 3634 2624 eon-

2057 2669 2245 2706 scensa
2277 2656 2398 2707 navi
2427 2657 2661 2726 profugit
2693 2660 2745 2710 in
2778 2658 3213 2728 Peloponnesum.
3234 2660 3294 2716 Si
3319 2677 3408 2713 rex
3436 2661 3634 2714 Turca-

2059 2763 2174 2798 rum
2209 2748 2375 2799 virum
2403 2751 2540 2802 {tunc
2575 2751 2820 2810 novisset,
2866 2753 3108 2806 videlicet
3154 2754 3294 2822 quod
3341 2754 3632 2807 carti't'nalix

2057 2850 2207 2900 esset.
2241 2851 2376 2894 certe
2404 2859 2521 2895 cum
2547 2845 2928 2910 interfecisset;
2956 2861 3072 2896 eum
3103 2861 3218 2898 eum
3247 2847 3386 2898 inter
3415 2855 3633 2900 ca'teros

2058 2935 2286 2984 occisum
2313 2945 2519 2997 putaret
2551 2977 2560 2992 .
2593 2935 2793 2988 nullam
2832 2937 2945 3005 ejus
2984 2938 3240 2990 rationem
3298 2937 3535 2990 habebat.
3572 2937 3632 2990 In

2061 3026 2296 3078 concilio
2326 3025 2644 3082 Florentino
2673 3028 2778 3082 sub
2825 3028 3068 3094 Eugenio
3098 3027 3161 3082 IV
3185 3029 3478 3090 celebrato,
3507 3045 3635 3097 pro-

2059 3119 2296 3173 eessioni
2330 3117 2567 3187 Spiritus
2596 3121 2770 3176 sancti
2826 3135 2891 3176 ex
2918 3119 3079 3175 Patre
3118 3132 3172 3173 et
3209 3119 3370 3184 Filio,
3435 3122 3634 3175 tertius

381 3210 536 3268 gnata
566 3204 1019 3273 quinquagesimo
1050 3215 1204 3260 sexto
1247 3209 1314 3260 ah
1354 3209 1641 3262 obsidione
1679 3211 1766 3266 die
1809 3211 1954 3265 Con-
1983 3217 2023 3272 C
2060 3220 2182 3279 post
2216 3211 2606 3278 imperatorem
2637 3211 2953 3267 Grazeorutn
2979 3227 3075 3281 pro
3103 3211 3378 3266 Dorotlteo
3403 3214 3636 3279 patriar-

381 3297 757 3364 stautinotmli,
781 3299 1067 3366 imperium
1088 3300 1524 3357 Clu-istianorum
1560 3304 1950 3370 imperatorum

384 3392 434 3442 in
458 3389 678 3445 Oriente
709 3408 854 3446 anno
891 3394 1084 3449 salutis
1117 3396 1256 3450 MSS
1286 3397 1523 3458 finitum,
1560 3401 1739 3454 nobile
1775 3411 1828 3456 ct
1856 3419 1950 3454 an-

385 3488 747 3554 tiquissimum
786 3506 799 3539 :
840 3489 982 3555 quod
1030 3489 1132 3544 sub
1183 3503 1450 3559 potestate
1497 3493 1734 3546 fidelium
1797 3496 1955 3549 annis

384 3575 676 3628 duraverat
709 3578 1000 3642 nonaginta
1030 3587 1085 3633 et
1109 3595 1216 3634 uno
1248 3595 1412 3649 supra
1444 3594 1664 3634 centum
1697 3593 1751 3637 et
1784 3585 1953 3639 mille.

387 3669 444 3718 lit
468 3671 610 3736 quod
645 3679 835 3724 uolatu
866 3672 1273 3740 dignissimum.
1299 3672 1696 3729 Constantinus
1729 3675 1956 3736 Magnus

390 3761 600 3815 Hi-lente
621 3761 781 3825 ﬁlius,
806 3763 1012 3832 primus
1037 3764 1164 3819 illud
1193 3763 1464 3827 fundavit,
1498 3777 1551 3820 et
1575 3769 1750 3822 erexit
1782 3785 1793 3820 :
1819 3770 1956 3822 alter

391 3870 517 3907 vero
564 3855 960 3911 Constantinus
1014 3856 1104 3910 XV
1133 3858 1448 3927 imperator,
1501 3858 1684 3912 itidem
1743 3859 1957 3914 Helenae

391 3948 557 4010 ﬁlius,
599 3949 726 4002 illud
760 3951 984 4003 amisit:
1018 3959 1076 4004 ιιι
1105 3950 1318 4004 initimu
1349 3951 1438 4004 lini
1466 3951 1845 4005 concortlaret.

461 4042 516 4094 In
543 4043 642 4095 hae
664 4043 994 4100 calamitate.
1016 4053 1068 4096 et
1089 4043 1307 4110 publico
1331 4043 1681 4098 nobilissimae.
1699 4045 1849 4099 urbis
1868 4059 1957 4100 ex-

389 4135 534 4187 cidio
561 4133 798 4189 Isidorus
822 4136 1132 4200 cardinalis,
1185 4136 1503 4203 ponlilit-ius
1533 4152 1595 4190 ea
1629 4146 1952 4206 tempestate

389 4230 452 4280 ad
481 4227 901 4283 Constantinum
932 4229 1159 4293 legatus,
1189 4243 1216 4279 a
1249 4227 1504 4281 Barliaris
1525 4228 1590 4282 ad
1609 4244 1791 4284 necem
1815 4245 1961 4298 qure—

387 4324 670 4390 situs,quo
694 4335 753 4376 sc
782 4320 1224 4388 przesentissima:
1258 4319 1398 4375 cladi
1434 4321 1694 4388 eriperet,
1716 4321 1959 4376 fervente

389 4414 620 4464 tumultu
644 4413 865 4465 mutatis
899 4426 1128 4480 propere
1171 4428 1293 4466 eum
1315 4412 1552 4478 jacentis
1583 4414 1847 4467 cadavere
1875 4430 1960 4468 ve-

387 4508 584 4572 stibus,
611 4521 673 4560 ac
698 4505 1019 4574 fugientium
1056 4505 1225 4557 Iurbm
1260 4505 1529 4558 immistus
1557 4505 1690 4559 urbe
1719 4506 1958 4560 excessit

2063 3303 2163 3357 cha
2217 3303 2668 3358 Antiochenoliis
2731 3304 2914 3359 verbis
2961 3303 3287 3370 subscripsit
3333 3321 3348 3359 :
3390 3299 3636 3355 Isidorus

2064 3395 2399 3462 ntetropolita
2432 3393 2745 3448 'It'ioviensis
2813 3396 3076 3464 totiusque
3110 3393 3344 3460 Rnssite,
3384 3407 3432 3450 et
3462 3397 3635 3450 locum

2067 3502 2242 3541 lenem
2265 3488 2570 3556 apostolica:
2603 3488 2740 3540 sedis
2761 3487 3083 3541 sanctissimi
3110 3488 3432 3555 patriarcha:
3461 3489 3635 3542 domi-

2065 3581 2118 3631 ni
2155 3577 2404 3632 Dararhci
2426 3580 2558 3633 satis
2593 3579 2786 3632 habcm
2822 3579 3126 3648 subscripsi.
3156 3579 3212 3632 ln
3249 3581 3438 3635 eadem
3467 3595 3637 3651 syno-

2064 3671 2376 3740 do'plurics
2421 3672 2614 3725 Isidori
2654 3674 2860 3725 mentio
2925 3673 3230 3743 ingeritur;
3270 3673 3513 3728 sessione.
3546 3674 3640 3734 25.

2065 3779 2188 3816 eum
2224 3763 2292 3817 de
2317 3766 2671 3833 processioue
2689 3762 2929 3835 Spiritus
2955 3767 3129 3820 sancti
3162 3776 3435 3830 ageretur,
3467 3765 3643 3821 Isido-

2068 3872 2159 3909 ius
2190 3866 2314 3911 ante
2350 3856 2728 3911 Bessarionem
2761 3858 2898 3911 dixit
2935 3877 2949 3912 :
2988 3857 3228 3912 Dicimus
3261 3858 3492 3923 Spiritus
3515 3877 3642 3914 san-

2068 3949 2138 4000 cti
2165 3949 2544 4014 processioaem
2577 3947 2722 4001 Filio
2749 3965 2949 4020 quoque
2971 3950 3129 4001 tribui
3159 3967 3261 4002 non
3281 3953 3452 4003 solum
3479 3969 3509 4003 a
3538 3949 3644 4004 Pa-

2069 4040 2234 4094 tribus
2261 4039 2711 4102 Occidentalibus,
2745 4039 2832 4094 sed
2855 4043 3015 4092 etiam
3052 4039 3439 4094 Orientalibus.
3485 4041 3639 4105 Qua-

2065 4145 2279 4204 propter
2317 4150 2525 4204 a’quum
2550 4144 2649 4199 est,
2679 4143 2735 4188 ut
2762 4144 2970 4189 sanctos
2997 4141 3202 4187 nostros
3231 4143 3497 4203 sequentes
3525 4149 3644 4188 cunt

2066 4227 2305 4283 Romana
2337 4226 2574 4284 Ecclesia
2605 4228 3010 4298 tortjuugamur.

2140 4324 2267 4376 Erat
2301 4331 2481 4374 autem
2530 4322 2770 4376 Isidorus
2813 4317 3117 4376 eardinalis
3145 4321 3232 4375 vir
3275 4319 3645 4388 undecunque

2068 4414 2439 4479 doctissimus,
2461 4415 2747 4484 theologus
2769 4413 3077 4469 Graecorum
3101 4415 3349 4486 insignis.
3371 4415 3425 4467 in
3443 4411 3646 4469 divinis

2068 4505 2366 4574 Scripturis
2387 4506 2630 4575 apprime
2655 4513 2927 4566 versatus.
2947 4506 3166 4576 ingenio
3189 4506 3404 4561 subtilis
3420 4514 3475 4560 et
3495 4519 3644 4570 acer,

389 4599 698 4655 incolumis.
739 4599 958 4659 Verum,
993 4597 1083 4665 qui
1114 4597 1377 4650 ementita
1431 4598 1576 4649 cultu
1615 4605 1843 4650 mortem
1880 4597 1960 4653 ef—
1992 4575 2039 4634 D
2068 4599 2120 4651 in
2156 4597 2386 4651 dii-endo
2410 4610 2680 4651 nervosus
2702 4605 2755 4649 et
2788 4596 3008 4664 gravis:
3049 4597 3168 4664 ejus
3191 4595 3646 4650 laeuniliamtan-

391 4701 620 4758 ingerat,
645 4691 784 4742 haud
813 4688 927 4757 pari
954 4687 1169 4743 fortuna
1205 4689 1518 4741 servitutem
1542 4689 1719 4743 evasit
1745 4705 1758 4741 :
1789 4690 1956 4759 siqui-

389 4784 510 4838 dem
548 4783 618 4835 ab
654 4781 1071 4850 insequentibus
1132 4781 1431 4834 victoribus
1482 4789 1696 4849 captus,
1746 4792 1799 4833 et
1830 4783 1956 4850 quis

391 4885 532 4929 esset
562 4875 632 4929 ob
657 4889 835 4929 rasum
864 4880 1103 4926 mentum
1135 4881 1450 4941 vestemque
1478 4875 1818 4942 peregrinam
1851 4890 1957 4927 non

393 4968 636 5032 agnitus,
687 4967 1046 5020 niltiIOminus
1080 4967 1131 5018 in
1165 4966 1484 5019 servitutem
1541 4966 1808 5019 abductus
1853 4975 1959 5022 est.

397 5062 598 5113 interea
625 5061 879 5120 cadaver,
905 5059 1049 5127 quod
1069 5068 1422 5126 purpuratum
1458 5056 1716 5110 Ecclesiae
1736 5068 1959 5112 senato-

397 5167 507 5203 rem
545 5166 608 5204 es
640 5149 834 5220 injecta
867 5151 1054 5204 lsidmi
1094 5159 1240 5202 veste
1273 5147 1658 5210 mentiebatur,
1695 5150 1786 5220 qtti
1819 5150 1962 5204 desi—

2068 4705 2230 4757 quam
2259 4705 2326 4743 ex
2355 4703 2537 4758 ungue
2565 4687 2779 4742 leonem
2813 4725 2828 4750 ,
2857 4701 2924 4742 ex
2957 4687 3216 4756 epistola.
3236 4701 3343 4757 qua
3378 4687 3432 4740 in
3461 4687 3640 4741 Thra-

2067 4783 2149 4835 cia
2181 4780 2426 4852 Byzantii
2456 4780 2821 4848 direptionem
2860 4787 2913 4833 et
2959 4779 3216 4834 acerbum
3281 4779 3445 4832 funus
3483 4777 3643 4838 luxit.

2071 4871 2271 4925 Paulus
2300 4870 2585 4924 Cortesius
2607 4869 2672 4923 de
2691 4868 3035 4923 cardinalatu
3063 4877 3402 4937 perspectam
3433 4866 3644 4920 habuit.

2071 4967 2256 5020 Dictus
2302 4965 2505 5018 alicubi
2559 4964 2822 5032 facundus
2861 4961 3168 5017 (iratorum
3199 4967 3408 5027 doctor,
3444 4971 3494 5015 rt
3525 4975 3646 5029 gen-

2073 5064 2136 5114 tis
2167 5061 2344 5112 decus.
