4228 6298
515 351 623 418 953

573 510 900 519 —__o-_——-—
924 512 1222 526 c--_—-—.

1401 366 1498 425 AD
1543 366 2192 434 CHRISTIFIDELES
2235 376 2330 435 DE
2373 376 2602 435 CAPTA
2643 377 2881 438 CPOLI.

1225 517 3417 544 “Mm

3679 377 3781 444 9H

3420 536 3566 545 .0--.“
3595 540 3598 542 ν
3633 536 3734 549 ηυιή

1815 691 2478 806 [SIDORUS

1151 911 1631 974 CARDINALIS
1675 917 2136 991 BUTHENUS,
2166 920 2593 983 EPISCOPUS
2652 923 3110 988 SABINENSIS

1737 1038 1879 1098 LEG
1891 1038 1987 1097 AT
1999 1039 2091 1100 US
2124 1038 2582 1111 PONTIFlClS,

1460 1188 1912 1255 UNIVERSIS
1982 1191 2820 1259 CHRISTIFIDELIBUS.

1678 1325 1978 1417 (“eussnen
2031 1355 2115 1406 ubi
2155 1369 2332 1420 supra,
2371 1371 2421 1421 p.
2469 1358 2603 1421 ιοι.)

571 1657 790 1727 Audite,
815 1672 1008 1710 omnes
1031 1667 1241 1726 gentes,
1265 1656 1451 1709 audite
1472 1665 1528 1712 et
1551 1657 1778 1715 auribus
1807 1658 2092 1729 pcreipite,
2123 1655 2171 1714 Α
2209 1641 2241 1695 Ἰ

2123 1655 2171 1714 Α
2209 1641 2403 1698 Turcae
2434 1640 2783 1701 contumeliis
2815 1654 3157 1718 opportunas
3194 1664 3460 1718 personas
3494 1646 3555 1707 ut
3596 1671 3775 1712 mere-

471 1782 474 1789 ι
512 1749 605 1818 qui
638 1747 900 1804 habitatis
931 1748 1120 1802 orbem
1152 1748 1195 1800 ί.
1225 1747 1427 1803 Audite
1453 1750 1567 1803 haec
1593 1752 1802 1816 omnia,
1829 1751 1920 1820 qui
1957 1748 2090 1804 ﬁde-

515 1837 620 1890 lem
650 1840 804 1892 orbis
852 1850 1065 1910 partem
1119 1839 1381 1910 incolitis,
1431 1845 1692 1913 ministri,
1741 1859 1988 1916 pastores
2030 1852 2087 1902 et

517 1929 791 1998 principes
831 1934 1074 1985 mnnium
1128 1934 1498 1990 Ecclesiarum
1537 1939 1739 1994 Christi
1775 1959 1789 1994 :
1842 1940 2085 1996 universi

512 2038 733 2094 quoque
767 2039 921 2093 reges
953 2038 1016 2078 ac
1055 2025 1334 2094 principes
1365 2025 1729 2088 Christicolm,
1770 2039 1836 2080 ac
1867 2025 2061 2081 univer

512 2131 608 2173 sus
635 2117 850 2172 Domini
885 2117 1116 2187 populus
1145 2133 1269 2172 eum
1302 2117 1568 2188 religiosis
1598 2121 1832 2175 eunetis.
1862 2120 2084 2180 Audite,

514 2209 761 2277 inquam,
787 2218 843 2263 et
872 2219 1062 2263 notum
1103 2209 1174 2262 sit
1209 2208 1388 2266 vobis.
1443 2210 1587 2278 quod
1630 2225 1938 2279 prrccursor
1969 2210 2083 2265 veri

511 2299 866 2364 Antichristi,
890 2298 1201 2355 Turcorum
1231 2299 1486 2373 princeps
1501 2312 1556 2357 ct
1576 2303 1856 2362 dominus.
1891 2317 2086 2357 servus

512 2404 692 2446 autem
719 2397 799 2446 tot
818 2390 1233 2451 dtemoniornm.
1279 2406 1411 2458 qum
1455 2395 1738 2448 vitiorum.
1787 2394 1947 2461 cuius
1973 2411 2085 2449 no-

513 2498 638 2537 men
683 2493 767 2537 est
819 2483 1121 2549 Blahumet,
1159 2484 1418 2541 inimicus
1442 2487 1627 2542 crucis
1647 2485 1879 2551 Christi,
1913 2486 2086 2542 Ita-res

509 2575 587 2627 rei
611 2582 665 2628 et
689 2575 929 2630 nominis
954 2577 1102 2632 illius
1133 2579 1295 2646 primi
1341 2578 1835 2648 pseudoprophetze
1868 2619 1884 2639 ,
1925 2588 1979 2632 et
2009 2581 2087 2632 la-

512 2661 653 2715 toris
691 2663 826 2732 legis
858 2665 1229 2732 spurcissima:
1260 2669 1659 2735 Agarenorum,
1696 2668 1841 2724 filius
1871 2669 2084 2724 Satanae

511 2751 762 2805 omnium
799 2751 1264 2819 ﬂagitiosissimus
1287 2775 1301 2812 :
1326 2757 1418 2823 qui
1452 2757 1613 2812 furiis
1647 2759 1893 2814 invectus
1923 2770 1976 2814 et
2004 2761 2085 2813 iu-

508 2843 682 2904 sania,
711 2846 1029 2915 sanguinem
1052 2847 1495 2903 Christianorum
1527 2850 1648 2905 sine
1679 2852 2085 2908 intermissione

507 2936 659 3000 sitit;
696 2951 797 2992 nec
827 2939 1104 3009 exstingui
1132 2940 1274 2994 valet
1303 2941 1424 3010 ejus
1459 2941 1583 2997 sitis
1613 2955 1738 3012 pOSl
1777 2960 1963 2999 eorum
1996 2945 2082 2999 in-

509 3043 763 3082 numeras
796 3031 1009 3095 caules;
1042 3038 1305 3101 tantoque
1336 3033 1466 3088 odio
1490 3044 1682 3089 contra
1711 3036 1991 3092 Christum
2023 3048 2078 3093 et

508 3120 746 3175 membra
779 3123 900 3192 ejus
934 3133 1186 3179 movetur
1207 3164 1223 3187 ,
1256 3133 1316 3179 ut
1358 3125 1581 3182 eradere
1616 3144 1816 3184 nomen
1848 3129 1969 3199 ejus
2012 3136 2078 3185 de

506 3221 651 3265 terra
685 3213 926 3277 nitatur;
949 3223 1004 3270 et
1035 3216 1281 3283 inspecto
1304 3216 1488 3287 aliquo
1509 3218 1827 3274 Christiano
1859 3221 1961 3275 sibi
1982 3223 2079 3276 ob-

506 3306 686 3358 viante
725 3321 783 3360 se
835 3307 960 3363 inde
1021 3307 1299 3364 existimat
1346 3310 1710 3376 sordidatum,
1765 3323 1825 3365 ut
1884 3314 2076 3369 oculos

504 3396 704 3461 abluat,
745 3403 799 3450 ct
836 3411 921 3457 os.
985 3398 1327 3452 immundum
1363 3414 1421 3453 se
1453 3400 1721 3470 proﬁtens
1748 3401 1922 3469 prius.
1958 3399 2075 3455 Hoc

505 3488 670 3554 igitur
699 3495 809 3542 tam
847 3489 1090 3544 terribile
1131 3501 1186 3544 ct
1225 3491 1562 3546 horrendum
1599 3503 1932 3556 monstrum,
1963 3496 2079 3548 exi-

504 3580 756 3648 gentibus
781 3582 1062 3638 demeritis
1100 3581 1560 3649 Christianorum,
1615 3587 1770 3656 justo
1811 3586 1904 3640 Uci
1929 3586 2075 3656 judi—

502 3675 611 3738 cio,
641 3671 696 3728 in
728 3689 823 3728 eos
856 3675 1048 3728 saavire
1082 3689 1144 3729 ac
1161 3677 1401 3745 grassari
1437 3678 1762 3746 permissus.
1795 3679 2073 3734 civitatem

505 3767 838 3833 imperialem
894 3769 1102 3821 Novam
1169 3768 1430 3834 Romam,
1481 3771 1608 3823 olim
1676 3770 2075 3837 felicissimam,

504 3871 649 3911 nunc
683 3857 1070 3922 miserrimam,
1111 3865 1166 3910 et
1193 3862 1341 3911 οιιιιιὶ
1374 3859 1690 3913 calamitate
1724 3875 2068 3930 oppressam,

502 3950 1059 4017 Constantinopolim,
1115 3949 1206 4004 diu
1263 3951 1542 4005 obsessam
1585 3954 1751 4020 cepit,
1790 3968 2073 4024 expugna-

504 4043 600 4106 vit,
629 4041 886 4109 spoliavit
917 4041 1174 4095 oumibus
1207 4044 1386 4100 bouis.
1415 4053 1470 4097 et
1495 4057 1630 4112 pene
1661 4044 1896 4098 delevit.

571 4134 708 4200 Quis
757 4142 939 4188 autem
1003 4135 1090 4205 (ut
1133 4138 1314 4190 verbis
1369 4144 1490 4189 utar
1532 4138 1808 4206 prephctte
1833 4139 1877 4207 ’)
1926 4141 2076 4196 dabit

503 4227 672 4296 capiti
703 4242 825 4282 meo
855 4243 1076 4296 aquam,
1111 4237 1164 4280 et
1199 4229 1376 4282 oculis
1402 4229 1536 4283 meis
1565 4229 1769 4284 fontem
1810 4230 2078 4302 lacryma-

508 4334 628 4372 rum
656 4362 670 4383 ,
723 4331 781 4372 ut
820 4321 1035 4388 plorare
1083 4321 1291 4374 valeam
1325 4321 1413 4376 die
1446 4318 1511 4376 tie
1551 4331 1712 4377 nocte
1752 4323 2076 4379 interfectos

504 4411 688 4478 pepuli
754 4411 925 4472 illius,
977 4419 1033 4465 ct
1099 4413 1519 4466 sceleratissime
1580 4414 1873 4483 sacrilegia
1918 4419 1973 4468 In
2017 4431 2081 4471 ea

503 4511 731 4569 captura
757 4511 1061 4571 perpetrata
1079 4502 1103 4553 ?
1119 4502 1256 4568 Quis
1280 4501 1443 4570 hujus
1461 4503 1849 4560 horribilitatis
1870 4520 2084 4559 memor

505 4611 614 4649 non
665 4593 1063 4663 Obstupescat?
1103 4610 1210 4648 non
1260 4594 1599 4666 lethargicus
1653 4596 1786 4650 fiat?
1825 4613 1934 4650 non
1970 4612 2083 4666 prte

503 4687 690 4742 dolore
719 4687 1063 4742 obmutescat
1089 4686 1114 4740 ἲ
1139 4685 1252 4742 Nec
1276 4696 1458 4741 tamen
1491 4697 1689 4743 cuncta
1714 4688 1960 4744 enormia
1988 4706 2083 4746 ex-

507 4779 745 4848 plicabo,
791 4794 859 4833 ne
911 4779 1011 4847 pia:
1059 4792 1224 4833 aures
1275 4778 1470 4833 audire
1511 4778 1826 4845 refugiant:
1864 4781 1960 4836 sed
2015 4799 2081 4838 cx

507 4869 856 4938 paucissimis
907 4869 1094 4924 relatis
1133 4870 1447 4939 cegitcntur
1482 4870 1611 4926 alia.
1678 4871 1777 4926 Hie
1808 4873 2083 4928 nefandus

506 4971 775 5030 tyrannus
825 4961 1138 5015 nominibus
1189 4961 1543 5029 blasphemiae
1595 4963 1815 5033 plenus,
1851 4966 2079 5023 civitate

497 5063 744 5121 recepta,
789 5063 916 5122 post
983 5053 1442 5124 decapitationcm
1507 5055 1853 5125 imperatoris
1888 5102 1902 5125 ,
1955 5077 2074 5114 eum

507 5143 656 5196 omni
702 5158 800 5198 sua
843 5144 1100 5212 progenie
1124 5153 1180 5199 et
1213 5144 1530 5212 nobilitate,
1582 5149 1854 5217 plurimos
1889 5152 2082 5208 ferreis

511 5235 743 5290 manicis
787 5244 842 5289 et
892 5235 1250 5303 COIIlpCdibus
1303 5237 1576 5304 alligatos,
1605 5255 1667 5294 ac
1698 5242 1858 5296 collis
1888 5256 2077 5297 eorum

509 5325 732 5380 funibus
763 5325 981 5393 cinctis,
1009 5336 1162 5382 extra
1202 5329 1391 5382 urbem
1424 5329 1652 5386 deduxit
1683 5351 1695 5388 :
1735 5334 1935 5390 milites
1961 5336 2083 5406 ejus

511 5420 743 5479 nobiles,
770 5419 1036 5489 plebeios,
1067 5422 1370 5475 monachos
1397 5431 1451 5476 et
1493 5425 2000 5492 monachas,mares
2029 5441 2081 5484 et

526 5510 778 5572 letninas,
810 5511 1011 5566 virtute
1029 5519 1084 5564 et
1114 5513 1426 5568 conditione
1458 5519 1775 5585 praeclaros,
1813 5523 2081 5591 vitupera-

511 5600 693 5654 biliter
722 5601 1024 5662 detractos,
1058 5601 1246 5656 multis
1285 5601 1504 5670 injuriis
1633 5603 1824 5666 aﬂ'ccit.
1976 5611 2076 5668 Ubi

586 5801 601 5831 ¹
628 5797 764 5855 Jocl.
795 5815 834 5865 ι,
856 5801 909 5852 9!.
989 5801 1008 5830 ’
1038 5797 1080 5851 ι.
1104 5814 1235 5852 rem.
1278 5817 1352 5867 ιιι,
1383 5802 1438 5856 9..

2211 1734 2436 1790 triculas
2464 1746 2521 1792 et
2560 1739 2614 1790 in
2645 1739 2896 1809 lupanari
2925 1743 3246 1807 prostitutas
3281 1744 3607 1814 trahebant;
3647 1752 3774 1806 talia

2207 1832 2263 1879 et
2295 1835 2442 1881 tanta
2475 1839 2668 1884 contra
2697 1845 2791 1884 eas
2817 1832 3073 1899 agebant,
3100 1845 3303 1894 quanta
3340 1837 3408 1892 de
3446 1839 3622 1896 brutis
3653 1845 3778 1897 ani-

2195 1911 2451 1973 malibus.
2496 1925 2553 1969 et
2600 1916 2784 1984 qualia
2838 1921 2961 1973 sine
3001 1919 3203 1973 rubore
3250 1917 3353 1974 fari
3389 1922 3616 1980 minime
3644 1928 3772 1996 quis

2191 2003 2406 2058 valeat:
2429 2006 2870 2064 adolescentulos
2892 2009 3181 2079 utriusque
3205 2024 3374 2068 sexus
3402 2028 3430 2066 a
3451 2018 3772 2085 parentibus

2192 2099 2576 2167 segregabam,
2597 2099 2885 2156 etdivisim
2909 2102 2976 2158 de
2998 2102 3080 2159 eis
3100 2104 3280 2172 pretio
3303 2107 3727 2177 negotiabantur
3755 2128 3768 2164 :

2192 2186 2431 2245 infantes
2502 2207 2696 2247 coram
2775 2195 3123 2262 genitoribus
3187 2197 3307 2254 suis
3371 2207 3432 2254 ut
3485 2203 3771 2272 agniculos

2192 2282 2539 2348 mactabam;
2600 2294 2806 2339 matres
2872 2285 3022 2353 ﬁliis,
3085 2296 3140 2344 et
3199 2289 3367 2359 geniti
3408 2295 3771 2362 genitricibus

2191 2377 2551 2445 privabantur
2582 2394 2599 2434 :
2626 2382 2873 2449 germani
2917 2397 2948 2436 a
2989 2384 3282 2447 fratribus,
3310 2401 3514 2442 uxores
3545 2403 3573 2441 a
3607 2391 3764 2450 viris,

2191 2485 2365 2526 nurus
2399 2485 2430 2524 a
2459 2473 2735 2528 socrubus
2760 2475 3080 2543 lugentibus
3117 2485 3176 2531 et
3214 2477 3560 2535 ululantibus
3583 2495 3771 2550 segre-

2188 2561 2501 2630 gabantur:
2545 2563 2810 2632 disjuncti
2847 2567 3246 2636 consanguinei
3287 2577 3343 2624 et
3380 2572 3541 2625 amici
3587 2571 3641 2625 iu
3676 2572 3768 2624 ιίἰ-

2189 2653 2361 2708 versis
2380 2656 2695 2722 regiouibus
2718 2660 2858 2713 servi
2899 2661 3104 2714 venditi
3138 2663 3480 2718 ducebantur
3496 2703 3510 2717 .
3534 2664 3581 2720 0
3602 2681 3764 2734 quant

2187 2761 2387 2801 amara:
2432 2749 2721 2820 lacrymte!
2760 2767 2792 2806 ο
2823 2762 3030 2820 quanta
3074 2755 3355 2825 suspiria?
3413 2772 3446 2810 ο
3484 2765 3618 2826 quot
3645 2758 3764 2811 cla-

2189 2843 2325 2895 mosi
2369 2843 2642 2913 singultus
2693 2846 2839 2903 inter
2886 2851 3096 2904 amicos
3127 2857 3182 2903 et
3219 2860 3406 2915 notos,
3438 2867 3560 2920 qute
3599 2852 3766 2907 miSc-

2189 2934 2391 2991 rabilcs
2451 2951 2615 2992 voces
2669 2941 3066 2995 emittebantur
3114 2942 3258 2996 inter
3314 2951 3500 2996 tantas
3563 2945 3762 3006 caedes,

2188 3027 2505 3092 servitutes,
2536 3032 2891 3101 expulsiones
2921 3044 2974 3087 et
3005 3036 3407 3090 contumelias!
3447 3036 3750 3104 Principes.

2187 3118 2425 3175 barones
2461 3130 2517 3175 et
2547 3122 2779 3190 domini,
2818 3124 3204 3192 bubulcorum,
3238 3127 3635 3196 porcariorum,
3667 3127 3765 3182 bo-

2187 3212 2540 3268 muncionum
2587 3214 2768 3270 eﬂecti
2818 3228 2947 3272 sunt
2990 3218 3218 3283 ramuli;
3254 3218 3396 3272 intra
3430 3219 3759 3273 decennium

2185 3319 2388 3364 pueros
2471 3307 2540 3361 ad
2605 3307 2745 3363 ritus
2809 3324 2921 3362 sua:
2973 3309 3192 3377 perlidte
3261 3320 3421 3365 secta‘
3469 3311 3762 3378 compelle-

2185 3397 2332 3450 bant.

2254 3567 2396 3624 lleu!
2440 3573 2720 3637 quomodo
2749 3573 3108 3629 obscuratum
3136 3587 3224 3631 est
3254 3591 3450 3631 aurum
3486 3575 3765 3647 fulgidum

2182 3662 2466 3730 sapientia:
2507 3679 2606 3732 per
2655 3666 2912 3720 tenebras
2951 3667 3308 3738 ignorantia}:
3345 3685 3543 3723 aurum
3575 3669 3754 3738 digni-

2183 3757 2312 3810 tatis
2365 3771 2462 3825 per
2509 3757 2910 3827 ignobilitatem
2970 3761 3595 3830 servitutislquomodo
3633 3777 3756 3814 mu-

2183 3856 2328 3901 tatus
2371 3857 2458 3905 est
2497 3850 2652 3905 color
2681 3850 2922 3919 optimus
2944 3850 3147 3908 σηοω
3174 3856 3501 3924 eloquentiae
3533 3857 3588 3908 in
3616 3855 3749 3909 bar-

2180 3939 2387 3995 bariem
2435 3937 2686 3996 Tureiael
2742 3939 2976 4012 Lapides
3021 3946 3340 4012 sanctuarii,
3373 3949 3421 4003 si
3468 3951 3560 4018 qui
3591 3958 3756 4003 erant

2178 4042 2499 4090 constantes
2533 4034 2587 4087 iu
2622 4033 2749 4094 ﬁde.
2778 4035 3012 4105 dispersi
3042 4049 3176 4093 sunt
3207 4040 3261 4092 in
3297 4042 3478 4110 capite
3504 4043 3750 4096 omnium

2182 4127 2392 4178 viarum
2426 4123 2673 4189 iacentes
2722 4127 3002 4195 prostrati.
3063 4128 3139 4185 De
3193 4132 3408 4187 caeteris
3445 4143 3750 4198 taceamus,

2182 4230 2302 4281 qu:e
2345 4220 2579 4267 humana
2609 4225 2761 4281 sunt,
2794 4219 2888 4269 sed
2929 4217 2998 4272 de
3024 4218 3266 4287 injuriis,
3295 4223 3748 4280 subsannationi-

2186 4300 2307 4357 bus.
2337 4300 2714 4370 contumeliis,
2740 4305 3049 4371 opprobriis
3099 4308 3344 4365 scelestis
3398 4328 3526 4384 erga
3564 4316 3748 4371 divina

2186 4404 2303 4456 qua
2321 4390 2501 4459 lingua
2516 4391 2693 4447 valeat
2711 4397 3019 4464 explicare?
3041 4401 3167 4467 quis
3187 4401 3497 4459 intellectus
3519 4423 3713 4477 capere
3728 4411 3766 4463 τ’

2186 4499 2305 4552 quae
2326 4497 2484 4539 aures
2507 4484 2781 4553 patienter
2801 4489 3033 4545 audire?
3063 4490 3123 4545 Ni
3152 4492 3330 4561 fallor,
3357 4511 3649 4565 numquam
3677 4502 3751 4555 ita

2189 4574 2548 4634 inhonoratus
2575 4579 2742 4636 Deus.
2774 4581 2936 4646 Deus,
2968 4593 3234 4639 venerunt
3275 4600 3465 4658 gentes
3493 4591 3760 4661 gehennae

2183 4671 2377 4724 dedita:
2410 4672 2462 4723 in
2503 4671 2875 4728 haereditate":
2912 4685 3083 4740 tuam,
3114 4692 3237 4746 qum
3283 4680 3451 4734 Israel
3481 4693 3564 4735 est
3589 4691 3641 4736 te
3668 4685 3749 4737 vi-

2183 4764 2317 4820 dens
2341 4779 2438 4834 per
2457 4764 2641 4820 ﬁdem.
2667 4766 2986 4822 Polluerunt
3006 4770 3267 4840 templum
3287 4782 3536 4827 sanetum
3574 4784 3751 4841 tuum,

2181 4857 2478 4912 ecclesiam
2519 4855 2919 4914 nobilissimam
2954 4858 3014 4914 S.
3045 4858 3264 4932 Sophim
3295 4878 3404 4918 una
3432 4880 3557 4918 cum
3589 4867 3711 4921 aliis
3733 4884 3750 4918 :

2185 4949 2445 5020 imagines
2502 4949 2715 5003 Domini
2779 4950 2949 5004 nostri
3007 4949 3134 5007 Jesu
3183 4951 3424 5022 Christi,
3466 4965 3526 5014 et
3557 4957 3748 5013 Matris

2183 5041 2322 5109 ejus,
2354 5039 2592 5111 Virginis
2621 5041 2964 5108 gloriosae,et
2989 5053 3307 5099 sanctorum
3337 5061 3402 5102 ac
3434 5057 3750 5104 sanctarum

2184 5135 2295 5201 Dei,
2333 5135 2570 5206 insignia
2596 5134 2823 5189 viviﬁeae
2870 5136 3054 5191 crucis
3086 5149 3480 5207 conspucntcs,
3507 5140 3754 5196 confrin-

2183 5235 2394 5293 gentes,
2421 5225 2813 5280 conculcautes
2841 5243 2857 5291 ;
2897 5238 3252 5282 sacrosancta
3277 5229 3596 5298 Evangelia,
3621 5232 3755 5287 Mis-

2181 5318 2316 5373 salia
2359 5327 2414 5372 et
2460 5316 2703 5385 reliquos
2748 5317 2994 5372 ecclesia:
3042 5310 3210 5373 libros
3240 5320 3627 5388 dilacerantes,
3662 5322 3754 5378 dc-

2182 5418 2487 5477 turpantes,
2517 5407 2936 5471 comburentes;
2959 5421 3148 5462 sacras
3166 5420 3347 5464 vestes
3376 5410 3749 5474 sacerdotum,

2185 5500 2506 5568 reiiquaque
2549 5507 2872 5553 ornamenta
2919 5500 3166 5554 ecclesia:
3205 5501 3538 5567 scindentes,
3569 5502 3635 5555 ad
3667 5501 3751 5555 in-

2183 5595 2500 5646 dumentum
2563 5606 2723 5646 suum
2777 5600 2832 5646 et
2889 5601 3144 5646 ornatum
3201 5601 3500 5658 sumentes,
3528 5593 3611 5649 vel
3647 5608 3747 5661 pro

2183 5681 2275 5735 vili
2307 5683 2482 5752 pretio
2505 5680 2854 5737 conferentes
2886 5700 2900 5748 ;
2935 5698 3064 5739 vasa
3094 5683 3303 5738 Domini
3335 5693 3390 5740 et
3417 5684 3540 5754 ejus
3575 5686 3747 5739 cuhut
