4230 6280
457 248 566 313 955

458 452 720 519 conﬂata,
762 455 829 511 ad
862 456 1123 527 profanos
1157 474 1293 515 usus
1321 461 1747 520 transferentes.

532 545 841 602 Posuerunt
882 547 1119 620 denique
1163 565 1359 607 carnes
1412 564 1735 611 sanctorqu
1784 568 2027 623 tuorum,

460 639 752 695 morticina
800 655 1082 698 servorum
1146 655 1387 711 tuorum,
1441 649 1704 721 rcliquias
1744 651 2028 709 beatorum

457 743 779 799 corporum,
847 747 1004 789 escas
1058 735 1375 793 volatilibus
1418 741 1590 794 caeli:
1642 742 2031 813 dispergentes

460 820 589 875 hinc
617 821 743 879 inde
800 839 1001 881 carnes
1060 838 1381 885 sanctorum
1429 840 1671 899 tuorum,
1712 849 1853 905 quos
1888 840 2035 892 occi-

460 913 687 982 debant,
728 917 920 973 bestiis
952 928 1113 976 terra:
1142 938 1156 976 :
1188 936 1297 975 non
1328 932 1471 991 erat,
1503 925 1598 994 qui
1630 928 1907 997 sepeliret.
1942 930 2032 984 Al-

461 1006 602 1063 taria
648 1006 1013 1074 suffoderunt,
1045 1012 1369 1070 invocantes
1397 1030 1593 1071 nomen
1617 1017 1890 1079 maledicti
1922 1020 2032 1075 Illa-

458 1101 686 1166 liometi,
739 1102 1026 1159 laudantes
1059 1121 1184 1160 cum
1220 1109 1285 1162 de
1314 1109 1565 1165 victoria.

527 1193 737 1249 Omitto
764 1210 875 1265 pra:
904 1198 1133 1267 pudore,
1169 1200 1311 1268 quod
1340 1200 1678 1273 mingebant,
1700 1206 2032 1262 stercoriza-

457 1285 612 1351 bant,
659 1286 845 1342 omnia
903 1289 1286 1359 vituperabilis
1330 1296 1664 1350 exercebant
1696 1298 1749 1351 in
1784 1299 2029 1368 templis,

1515 254 1812 316 ISIDORI
1853 258 1956 318 AD
1994 259 2648 323 CHRISTIFIDELES

457 360 731 428 dedicata,
754 361 808 417 in
829 362 909 420 eis
936 364 1285 421 comedentes
1306 374 1360 423 et
1382 365 1652 435 bibentes,
1686 371 1737 424 in
1770 370 2037 441 reliquum
2066 384 2115 443 Α

3602 261 3706 326 956

2226 373 2322 429 llis
2364 375 2731 431 atrocissrmis
2764 375 2927 432 rebus
2961 390 3068 431 non
3101 383 3393 432 contentus
3433 375 3712 434 callidissi-

2138 482 2263 522 mus
2301 475 2356 523 et
2386 470 2815 525 cruentissimus
2846 469 3216 537 Mahometus,
3250 467 3706 525 Christicolarum

2136 574 2391 615 summus
2439 559 2740 625 inimicus,
2794 562 2859 616 ad
2912 562 3176 617 ulteriora
3220 577 3281 618 se
3328 561 3615 618 extendit:
3656 574 3711 618 et

2137 650 2391 707 triremes
2415 652 2561 706 inter
2576 668 2803 724 magnas
2822 662 2877 709 et
2900 668 3099 723 parvas
3116 654 3227 722 jam
3247 661 3466 709 centum
3492 662 3711 722 septua-

2134 743 2280 813 ginta
2309 745 2632 813 praeparavit
2658 786 2675 809 ,
2695 753 2750 799 et
2778 744 2847 800 ad
2881 761 3030 801 mare
3064 745 3312 815 Aigzum
3348 745 3499 802 misit
3527 748 3593 801 ad
3622 751 3707 801 in-

2133 833 2281 889 sulas
2313 833 2581 905 Cycladas
2616 833 2721 890 sibi
2756 836 3145 905 subjiciendus.

2207 924 2421 982 Exinde
2475 943 2535 984 se
2603 937 2879 998 praeparat
2942 944 3067 984 cum
3122 929 3337 985 inlinito
3364 930 3607 985 exercitu
3638 928 3704 984 ad

2134 1025 2245 1072 tres
2304 1016 2471 1073 urbes
2513 1018 2785 1075 notabiles
2818 1028 2871 1073 et
2902 1027 3154 1087 potentes
3182 1034 3349 1089 prope
3397 1019 3704 1074 Danubiunt

2134 1106 2270 1165 sitas
2335 1108 2768 1180 transmigrare,
2836 1125 3046 1180 easque
3120 1126 3470 1182 expugnare:
3541 1128 3705 1167 unam

2133 1214 2299 1270 quam
2349 1199 2601 1258 Periston
2661 1217 3070 1273 nuncupamus,
3110 1202 3339 1257 alteram
3385 1202 3706 1269 Forabium,

2128 1293 2345 1348 tertiam
2392 1292 2817 1365 Bellogradum,
2874 1294 3169 1353 intendens
3212 1306 3335 1367 post
3380 1305 3548 1352 totam
3582 1313 3707 1366 per-

459 1376 792 1445 imaginibus
849 1387 903 1434 ct
957 1381 1206 1453 reliquiis
1251 1385 1513 1453 sanctis;
1562 1402 1753 1445 sancta
1800 1391 2031 1448 canibus
2127 1413 2129 1423 ε

2127 1398 2354 1438 currere
2404 1380 2698 1456 Ungariam
2731 1423 2750 1450 ,
2802 1400 3037 1455 eamque
3075 1386 3335 1457 spoliare.
3391 1386 3702 1453 devastare,

458 1468 699 1531 dabant;
746 1473 1075 1539 margaritas
1121 1487 1599 1534 sacramentorum
1646 1489 1773 1536 ante
1824 1498 2022 1552 porcos
2128 1486 2454 1533 conterere:
2501 1487 2561 1533 ut
2591 1479 2866 1535 neminem
2902 1488 3051 1535 retro
3082 1479 3407 1535 sedimittat
3436 1480 3701 1548 impedire

461 1555 849 1625 projiciebant.
912 1557 1051 1615 Dum
1094 1562 1209 1619 hac
1252 1565 1460 1630 recolo,
1505 1580 1652 1624 totus
1694 1588 1759 1626 ex
1799 1574 2030 1631 horrore
2132 1570 2199 1623 ad
2223 1569 2331 1623 alia
2366 1569 2486 1625 loca
2518 1570 2798 1640 proﬁcisci
2826 1572 3124 1629 volentem.
3150 1569 3294 1639 Quin
3320 1571 3484 1627 etiam
3512 1572 3577 1627 ad
3601 1570 3710 1629 lla-

455 1652 821 1708 contremisco
846 1670 862 1708 :
910 1670 1014 1710 nec
1045 1658 1271 1715 ulterius
1300 1660 1438 1730 stylo
1467 1678 1695 1719 exarare
1730 1682 1877 1738 queo
1908 1671 2030 1726 illo-

2130 1661 2257 1715 liam
2300 1677 2465 1732 quam
2496 1662 2663 1719 citius
2703 1664 3095 1735 transmigrare
3124 1663 3407 1721 contendit
3435 1706 3451 1730 ,
3500 1679 3705 1737 prepa-

460 1759 583 1799 rum
610 1746 848 1814 piacula,
884 1756 939 1804 et
979 1748 1105 1804 lidei
1139 1749 1469 1809 Christiana:
1494 1756 1777 1827 religionis
1805 1760 2032 1817 irrisio-
2066 1773 2111 1832 Β

2066 1773 2111 1832 Β
2138 1766 2263 1807 rare
2298 1768 2519 1822 quoque
2556 1762 2792 1809 conatur
2815 1755 2998 1825 galeas
3031 1770 3259 1827 magnas
3289 1765 3343 1810 ct
3374 1770 3569 1823 parvas
3600 1766 3708 1813 trc-

456 1854 558 1896 nes
576 1852 630 1895 et
644 1837 914 1899 dedecora
937 1842 1157 1913 injecta.
1175 1844 1502 1903 Ilonasteria
1521 1860 1630 1903 tam
1648 1852 2037 1908 monachorum

458 1950 627 2004 quam
662 1936 980 1991 monialiutu
1006 1939 1332 1997 invadentes
1353 1944 1537 1997 omnia
1553 1944 1911 2015 diripiebant,
1938 1949 2040 2017 eji—

449 2028 666 2083 cicntes
687 2026 808 2085 illos
828 2028 894 2084 de
910 2030 1338 2089 habitationibus
1358 2034 1495 2103 suis,
1525 2039 1862 2094 xenodochia
1885 2040 2039 2094 inl‘tr-

464 2133 678 2173 tnurum
695 2119 1071 2179 destruebant.
1097 2124 1209 2180 Etsi
1226 2126 1296 2181 de
1313 2126 1496 2184 multis
1510 2139 1566 2183 ct
1584 2131 1791 2200 magnis
1807 2131 2036 2187 excidiis

470 2224 535 2263 ac
599 2215 941 2271 exterminiis
1019 2217 1306 2274 civitatum
1378 2219 1811 2293 historiographi
1868 2227 2032 2279 etiam

461 2304 749 2369 gentilium
807 2307 1068 2375 referant,
1121 2312 1235 2368 fere
1281 2312 1431 2369 nulla
1478 2328 1669 2385 posset
1698 2318 2029 2376 desolationi

462 2396 628 2467 hujus
662 2401 963 2469 comquari.
1018 2400 1243 2460 Nullum
1276 2406 1510 2463 incolam
1538 2409 1682 2464 intra
1717 2411 1908 2468 urbem
1940 2429 2030 2469 re-

451 2488 777 2559 diquerunt:
819 2508 930 2549 non
982 2494 1259 2563 Graecum,
1301 2515 1412 2555 non
1451 2498 1732 2570 Latinum,
1776 2520 1885 2561 non
1930 2506 2031 2560 Ar-

460 2584 724 2650 menium,
758 2602 867 2641 non
895 2588 1189 2656 Judaum;
1233 2591 1425 2649 urbem
1466 2596 1640 2667 ipsatu
1669 2598 1782 2654 suis
1816 2599 2031 2657 civibus

454 2676 746 2745 nudatam,
785 2681 943 2748 quasi
991 2684 1272 2740 desertam
1302 2684 1655 2757 etl‘ecerunt;
1688 2690 1809 2760 ipse
1836 2706 2029 2747 eorum

455 2778 610 2825 actus
636 2780 690 2826 et
718 2785 884 2841 opera
921 2777 1159 2845 propriis
1184 2779 1361 2834 oculis
1397 2780 1526 2849 vidi,
1583 2795 1637 2837 ct
1667 2798 1794 2840 cum
1835 2786 2033 2854 aliqui-

456 2858 560 2915 bus
592 2866 1061 2921 constantissimis
1092 2868 1226 2924 viris
1257 2885 1363 2925 una
1398 2874 1551 2942 plura
1582 2888 1875 2945 perpessus
1905 2893 2026 2932 sum

455 2952 597 3006 mala
627 2961 679 3008 et
710 2956 955 3025 pericula
981 2974 997 3014 :
1032 2959 1156 3017 licet
1187 2964 1253 3018 de
1296 2969 1552 3022 manibus
1582 2983 1771 3026 eorum
1811 2988 1897 3026 me
1919 2973 2031 3027 eri-

454 3046 638 3113 puerit
679 3047 842 3114 Deus.
873 3061 931 3106 ut
952 3048 1147 3108 Ionam
1173 3056 1241 3110 de
1274 3070 1463 3115 ventre
1486 3062 1597 3116 ceti
1623 3103 1639 3118 .

2140 1852 2351 1909 centas,
2377 1859 2542 1899 naves
2575 1857 2797 1913 magnas
2830 1842 3045 1913 viginti,
3073 1843 3407 1914 pedestrium
3432 1853 3485 1899 et
3514 1857 3709 1913 eques.

2140 1936 2305 1989 trium
2359 1936 2698 1991 exercituum
2753 1936 2896 1990 ultra
2938 1947 3160 1992 contum
3208 1936 3374 1991 millia
3409 1952 3423 1989 :
3470 1945 3526 1992 et
3554 1936 3637 1993 sic
3675 1951 3706 1991 a

2141 2026 2480 2098 Dyrrhachio
2527 2026 2902 2085 Brundusium
2959 2029 3195 2089 transire
3240 2029 3545 2097 contendit,
3585 2046 3707 2101 qua

2134 2116 2337 2173 civitas
2369 2117 2475 2173 sita
2504 2128 2591 2173 est
2621 2119 2676 2172 in
2710 2133 2881 2188 regno
2906 2119 3135 2189 Apuliae.

2207 2208 2551 2280 Quapmptcr
2598 2211 2883 2284 deprecor,
2914 2226 3086 2269 exoro
3116 2225 3281 2283 atquc
3308 2214 3573 2271 exhortor
3608 2230 3707 2271 vos

2134 2318 2329 2359 omnes
2352 2303 2737 2366 Christicolas.
2771 2312 2834 2360 ut
2862 2305 2979 2360 zelo
3018 2304 3141 2363 lidei
3172 2317 3227 2362 et
3255 2305 3587 2364 Christiana:
3616 2325 3705 2365 re-

2138 2395 2359 2467 ligionis
2410 2410 2513 2468 pro
2572 2407 2755 2453 vestra
2824 2398 3078 2454 libertate
3135 2399 3315 2469 gladio
3345 2400 3705 2471 accingamini

2132 2497 2319 2542 contra
2378 2497 2487 2543 tam
2541 2490 2694 2545 diros
2743 2488 2929 2547 hostes
2968 2489 3142 2545 divini
3188 2491 3371 2549 cultus
3396 2532 3413 2558 ,
3442 2501 3499 2548 et
3527 2495 3706 2550 omnis

2132 2580 2528 2646 sanctimoniae,
2570 2590 2627 2637 et
2670 2582 2795 2639 vitae
2845 2582 3120 2640 moralis:
3169 2593 3227 2639 et
3278 2586 3458 2657 primo
3485 2586 3703 2657 quidem

2131 2672 2458 2744 abjicientcs
2492 2689 2714 2732 omnem
2766 2675 3169 2734 dissensionem
3206 2687 3375 2749 atque
3407 2679 3708 2734 simulatio-

2130 2782 2279 2831 nem,
2323 2769 2665 2825 remittentes
2704 2770 2937 2827 invicem
2968 2771 3243 2839 odensas,
3286 2773 3432 2829 sicut
3458 2782 3513 2829 et
3539 2773 3703 2830 Chri-

2128 2867 2248 2915 stus
2277 2858 2510 2915 donavit
2544 2863 2824 2927 omnibus.
2854 2878 3045 2934 pacem
3073 2874 3128 2919 et
3150 2866 3411 2922 unionem
3450 2880 3702 2923 summo-

2128 2966 2259 3021 pere
2303 2953 2450 3007 inter
2470 2969 2567 3008 vos
2593 2957 3006 3024 amplectamini
3035 2974 3050 3012 :
3092 2968 3150 3013 ut
3184 2960 3319 3014 uniti
3354 2969 3411 3017 et
3443 2960 3703 3018 fortiores

2135 3043 2263 3099 inde
2339 3040 2540 3111 eﬂ‘ecti,
2600 3049 2944 3105 conﬁdentes
2995 3050 3049 3102 itt
3100 3051 3377 3121 adjutorio
3428 3052 3702 3110 Altissimi

528 3137 851 3208 Expugnata
904 3144 1383 3218 Constantinopoli
1434 3152 1625 3208 Peram
1658 3170 1765 3209 non
1794 3159 2025 3213 multum
2054 3129 2101 3189 θ
2134 3136 2315 3205 (“Im
2364 3144 2450 3193 θδί
2484 3138 2719 3195 νίθιθτίδ
2768 3149 2823 3196 et
2890 3141 3094 3197 bellum
3118 3182 3135 3208 υ
3167 3158 3277 3198 "0"
3307 3146 3701 3219 m'mim‘linis)

460 3228 586 3286 inde
618 3232 913 3290 distantem
944 3253 1288 3309 occuparunt
1319 3262 1333 3298 :
1364 3249 1567 3301 mantia
1598 3248 1719 3319 ejus
1753 3243 2025 3309 ad'solttm

456 3337 630 3392 usque
664 3324 1020 3385 deducentcs.
1072 3332 1147 3385 Ex
1173 3341 1459 3404 campanis
1478 3341 1842 3399 ecclesiarum
1872 3345 2031 3402 bom-

458 3418 657 3474 liardas
709 3420 1091 3504 conﬂaveruut
1122 3440 1137 3477 :
1183 3441 1426 3495 crucem,
1462 3449 1583 3501 qua:
1619 3445 1739 3489 erat
1765 3436 1818 3491 in
1858 3455 2021 3494 cacu-

460 3508 608 3565 mine
631 3516 800 3570 turris
820 3516 962 3585 ejus,
987 3532 1112 3573 cum
1138 3522 1249 3589 ipsa
1277 3525 1413 3578 turri
1437 3529 1850 3586 contriverunt:
1876 3549 2023 3587 rem-

466 3602 741 3672 publicam
773 3606 839 3662 ad
870 3609 1100 3666 nihilum
1131 3614 1501 3681 reduxerunt;
1522 3620 1766 3691 judicent
1795 3636 1850 3679 et
1881 3630 2033 3695 prin-

466 3696 645 3779 cipem
715 3698 838 3768 ejus
914 3701 1153 3760 Turcnm
1229 3718 1694 3782 constituentes;
1758 3719 2030 3791 pedagia,

466 3786 748 3884 quidagia,
798 3792 1182 3862 impositiones
1233 3810 1287 3855 et
1333 3806 1648 3871 gravamioa
1698 3786 1812 3866 illic
1860 3786 2033 3884 appli-

468 3878 722 3936 rantibns
773 3884 855 3941 vel
902 3892 1349 3957 permanentibus
1390 3906 1587 3967 suapte
1625 3878 1909 3961 voluntate
1927 3878 2037 3962 sta-

465 3980 712 4029 luet'ttttt.

2134 3227 2313 3298 ipsum
2356 3228 2618 3285 Satanam
2671 3248 2795 3286 cum
2831 3235 3164 3291 satellitibus
3188 3240 3306 3293 suis
3335 3239 3442 3295 sub
3471 3240 3704 3309 pedibus

2132 3320 2329 3377 vestris
2367 3332 2650 3378 conterere
2685 3325 2912 3381 Valeatis
2935 3366 2949 3381 .
2992 3328 3142 3384 Licet
3170 3331 3316 3385 enim
3345 3330 3401 3385 in
3440 3335 3699 3388 multitu-

2133 3410 2263 3467 dine
2299 3412 2559 3477 conlldat.
2606 3427 2660 3471 et
2709 3417 2922 3473 feritate
2971 3435 3200 3476 suorum
3228 3461 3243 3484 .
3291 3424 3478 3493 plures
3520 3436 3702 3481 tamen

2135 3514 2287 3569 sunt,
2322 3506 2416 3575 qui
2458 3509 2747 3565 nobiscum
2788 3524 2915 3566 sunt
2954 3513 3107 3569 :imo
3150 3514 3416 3575 Dominus
3447 3521 3563 3588 ipse
3598 3522 3706 3575 mi-

2136 3591 2374 3647 litiarum
2400 3634 2418 3661 ,
2465 3612 2561 3663 pro
2596 3599 2756 3667 cujus
2788 3601 2895 3655 [ide
2932 3612 2985 3658 et
3022 3606 3289 3674 religione
3316 3610 3600 3678 pugnatis,
3626 3612 3699 3665 ita

2138 3695 2199 3741 ut
2228 3696 2447 3742 rentum
2491 3704 2556 3743 ex
2611 3691 2765 3748 vobis
2819 3696 3070 3765 persequi
3107 3706 3164 3751 et
3198 3713 3462 3769 superare
3488 3702 3707 3759 valeant

2142 3778 2291 3833 mille
2316 3795 2380 3835 ex
2415 3778 2546 3845 illis,
2565 3792 2619 3838 et
2646 3783 2795 3840 mille
2823 3801 2890 3839 ex
2929 3788 3084 3843 vobis
3102 3791 3291 3846 decem
3323 3794 3518 3849 millia.
3549 3794 3707 3867 lgna-

2139 3872 2225 3926 via
2258 3872 2404 3927 enim
2435 3880 2489 3928 et
2524 3874 2797 3944 imperitia
2827 3878 2955 3932 belli
2988 3881 3068 3937 eis
3101 3883 3318 3940 innata.

2209 3963 2389 4032 Peras;
2423 3979 2567 4021 anno
2597 3967 2805 4025 Christi
2840 3971 2997 4029 1459..
