  <div class='ocr_page' id='page_1' title='image "/cluster/home/n/w/nwhite01/storage/ocr_20150623/159/mdp.39015015350443/489.png"; bbox 0 0 4230 6280; ppageno 0'>
   <div class='ocr_carea' id='block_1_1' title="bbox 328 408 432 474">
    <p class='ocr_par' dir='ltr' id='par_1_1' title="bbox 328 408 432 474">
     <span class='ocr_line' id='line_1_1' title="bbox 328 408 432 474; baseline -0.038 0"><span class='ocrx_word' id='word_1_1' title='bbox 328 408 432 474; x_wconf 74' lang='lat'><strong>953</strong></span> 
     </span>
    </p>
   </div>
   <div class='ocr_carea' id='block_1_2' title="bbox 1284 389 2590 463">
    <p class='ocr_par' dir='ltr' id='par_1_2' title="bbox 1284 389 2590 463">
     <span class='ocr_line' id='line_1_2' title="bbox 1284 389 2590 463; baseline -0.011 0"><span class='ocrx_word' id='word_1_2' title='bbox 1284 400 1599 463; x_wconf 74' lang='lat' dir='ltr'><strong>IOSEPHI</strong></span> <span class='ocrx_word' id='word_1_3' title='bbox 1645 390 2197 460; x_wconf 72' lang='lat' dir='ltr'><strong>METIIONENSIS</strong></span> <span class='ocrx_word' id='word_1_4' title='bbox 2244 389 2590 452; x_wconf 77' lang='lat' dir='ltr'><strong>EPISCOPI</strong></span> 
     </span>
    </p>
   </div>
   <div class='ocr_carea' id='block_1_3' title="bbox 3478 385 3583 449">
    <p class='ocr_par' dir='ltr' id='par_1_3' title="bbox 3478 385 3583 449">
     <span class='ocr_line' id='line_1_3' title="bbox 3478 385 3583 449; baseline -0.019 -1"><span class='ocrx_word' id='word_1_5' title='bbox 3478 385 3583 449; x_wconf 62' lang='lat'><strong>96‘</strong></span> 
     </span>
    </p>
   </div>
   <div class='ocr_carea' id='block_1_4' title="bbox 332 505 2002 587">
    <p class='ocr_par' dir='ltr' id='par_1_4' title="bbox 332 516 1979 587">
     <span class='ocr_line' id='line_1_4' title="bbox 332 516 1979 587; baseline -0.007 -7"><span class='ocrx_word' id='word_1_6' title='bbox 332 527 439 582; x_wconf 80' lang='lat' dir='ltr'><strong>tide</strong></span> <span class='ocrx_word' id='word_1_7' title='bbox 481 522 691 579; x_wconf 85' lang='lat' dir='ltr'><strong>Latinis</strong></span> <span class='ocrx_word' id='word_1_8' title='bbox 737 522 920 578; x_wconf 83' lang='lat' dir='ltr'><strong>unitos</strong></span> <span class='ocrx_word' id='word_1_9' title='bbox 972 535 1095 577; x_wconf 85' lang='lat' dir='ltr'><strong>esse</strong></span> <span class='ocrx_word' id='word_1_10' title='bbox 1134 518 1333 575; x_wconf 84' lang='lat' dir='ltr'><strong>tradis.</strong></span> <span class='ocrx_word' id='word_1_11' title='bbox 1366 518 1480 574; x_wconf 92' lang='lat' dir='ltr'><strong>lloc</strong></span> <span class='ocrx_word' id='word_1_12' title='bbox 1510 516 1771 587; x_wconf 83' lang='lat' dir='ltr'><strong>quidnam</strong></span> <span class='ocrx_word' id='word_1_13' title='bbox 1813 516 1898 569; x_wconf 91' lang='lat' dir='ltr'><strong>in-</strong></span> <span class='ocrx_word' id='word_1_14' title='bbox 1933 519 1979 575; x_wconf 77' lang='grc' dir='ltr'><strong>Α</strong></span> 
     </span>
    </p>
   </div>
   <div class='ocr_carea' id='block_1_5' title="bbox 1915 505 3585 587">
    <p class='ocr_par' dir='ltr' id='par_1_5' title="bbox 1933 505 3585 576">
     <span class='ocr_line' id='line_1_5' title="bbox 1933 505 3585 576; baseline -0.005 -10"><span class='ocrx_word' id='word_1_15' title='bbox 1933 519 1979 575; x_wconf 75' lang='grc' dir='ltr'><strong>Α</strong></span> <span class='ocrx_word' id='word_1_16' title='bbox 2008 513 2101 566; x_wconf 73' lang='grc' dir='ltr'>καὶ</span> <span class='ocrx_word' id='word_1_17' title='bbox 2133 511 2436 574; x_wconf 76' lang='grc' dir='ltr'>ἑνωθέντας</span> <span class='ocrx_word' id='word_1_18' title='bbox 2499 510 2768 573; x_wconf 79' lang='grc' dir='ltr'>Λατίνοις.</span> <span class='ocrx_word' id='word_1_19' title='bbox 2802 506 2971 561; x_wconf 78' lang='grc' dir='ltr'>Τοῦτο</span> <span class='ocrx_word' id='word_1_20' title='bbox 2998 510 3048 559; x_wconf 77' lang='grc' dir='ltr'><strong>τί</strong></span> <span class='ocrx_word' id='word_1_21' title='bbox 3099 506 3290 575; x_wconf 51' lang='grc' dir='ltr'>δηλοῦν</span> <span class='ocrx_word' id='word_1_22' title='bbox 3314 505 3585 576; x_wconf 64' lang='grc' dir='ltr'>βούλεται.</span> 
     </span>
    </p>
   </div>
   <div class='ocr_carea' id='block_1_6' title="bbox 336 615 1008 685">
    <p class='ocr_par' dir='ltr' id='par_1_6' title="bbox 336 615 1008 685">
     <span class='ocr_line' id='line_1_6' title="bbox 336 615 1008 685; baseline -0.006 -14"><span class='ocrx_word' id='word_1_23' title='bbox 336 629 490 683; x_wconf 81' lang='lat' dir='ltr'><strong>uuat,</strong></span> <span class='ocrx_word' id='word_1_24' title='bbox 522 633 631 673; x_wconf 90' lang='lat' dir='ltr'><strong>non</strong></span> <span class='ocrx_word' id='word_1_25' title='bbox 655 616 793 671; x_wconf 88' lang='lat' dir='ltr'><strong>satis</strong></span> <span class='ocrx_word' id='word_1_26' title='bbox 827 615 1008 685; x_wconf 86' lang='lat' dir='ltr'><strong>capio.</strong></span> 
     </span>
    </p>
   </div>
   <div class='ocr_carea' id='block_1_7' title="bbox 404 699 1913 767">
    <p class='ocr_par' dir='ltr' id='par_1_7' title="bbox 404 699 1913 767">
     <span class='ocr_line' id='line_1_7' title="bbox 404 699 1913 767; baseline -0.005 -4"><span class='ocrx_word' id='word_1_27' title='bbox 404 708 563 763; x_wconf 82' lang='lat' dir='ltr'><strong>Publ.</strong></span> <span class='ocrx_word' id='word_1_28' title='bbox 610 705 858 761; x_wconf 79' lang='lat' dir='ltr'><strong>Narrabo</strong></span> <span class='ocrx_word' id='word_1_29' title='bbox 887 704 987 759; x_wconf 92' lang='lat' dir='ltr'><strong>tibi</strong></span> <span class='ocrx_word' id='word_1_30' title='bbox 1026 704 1215 758; x_wconf 82' lang='lat' dir='ltr'><strong>omnia</strong></span> <span class='ocrx_word' id='word_1_31' title='bbox 1269 702 1705 759; x_wconf 83' lang='lat' dir='ltr'><strong>accuratissime.</strong></span> <span class='ocrx_word' id='word_1_32' title='bbox 1740 699 1913 767; x_wconf 87' lang='lat' dir='ltr'><strong>Quin-</strong></span> 
     </span>
    </p>
   </div>
   <div class='ocr_carea' id='block_1_8' title="bbox 2012 604 2375 671">
    <p class='ocr_par' dir='ltr' id='par_1_8' title="bbox 2012 604 2375 671">
     <span class='ocr_line' id='line_1_8' title="bbox 2012 604 2375 671; baseline -0.006 -12"><span class='ocrx_word' id='word_1_33' title='bbox 2012 606 2073 659; x_wconf 74' lang='grc' dir='ltr'><strong>ού</strong></span> <span class='ocrx_word' id='word_1_34' title='bbox 2102 604 2375 671; x_wconf 77' lang='grc' dir='ltr'><strong>γινώσκω.</strong></span> 
     </span>
    </p>
   </div>
   <div class='ocr_carea' id='block_1_9' title="bbox 2090 684 3590 765">
    <p class='ocr_par' dir='ltr' id='par_1_9' title="bbox 2090 684 3590 765">
     <span class='ocr_line' id='line_1_9' title="bbox 2090 684 3590 765; baseline -0.008 -12"><span class='ocrx_word' id='word_1_35' title='bbox 2090 701 2222 755; x_wconf 72' lang='grc' dir='ltr'>Τελ.</span> <span class='ocrx_word' id='word_1_36' title='bbox 2275 695 2418 765; x_wconf 82' lang='grc' dir='ltr'><strong>Ἑγὼ</strong></span> <span class='ocrx_word' id='word_1_37' title='bbox 2469 714 2551 748; x_wconf 89' lang='grc' dir='ltr'><strong>σοι</strong></span> <span class='ocrx_word' id='word_1_38' title='bbox 2584 693 2695 763; x_wconf 83' lang='grc' dir='ltr'><strong>ἐρῶ</strong></span> <span class='ocrx_word' id='word_1_39' title='bbox 2746 693 2808 745; x_wconf 82' lang='grc' dir='ltr'>τὸ</span> <span class='ocrx_word' id='word_1_40' title='bbox 2844 694 2953 747; x_wconf 76' lang='grc' dir='ltr'><strong>πᾶν</strong></span> <span class='ocrx_word' id='word_1_41' title='bbox 3018 690 3286 761; x_wconf 77' lang='grc' dir='ltr'>ἀκριϐῶς.</span> <span class='ocrx_word' id='word_1_42' title='bbox 3324 684 3502 743; x_wconf 82' lang='grc' dir='ltr'>Πλείω</span> <span class='ocrx_word' id='word_1_43' title='bbox 3556 688 3590 754; x_wconf 83' lang='grc' dir='ltr'><strong>ἢ</strong></span> 
     </span>
    </p>
   </div>
   <div class='ocr_carea' id='block_1_10' title="bbox 335 780 2005 872">
    <p class='ocr_par' dir='ltr' id='par_1_10' title="bbox 335 793 1917 872">
     <span class='ocr_line' id='line_1_10' title="bbox 335 793 1917 872; baseline -0.008 -14"><span class='ocrx_word' id='word_1_44' title='bbox 335 803 510 872; x_wconf 72' lang='lat' dir='ltr'><strong>genti,</strong></span> <span class='ocrx_word' id='word_1_45' title='bbox 536 808 591 855; x_wconf 90' lang='lat' dir='ltr'><strong>et</strong></span> <span class='ocrx_word' id='word_1_46' title='bbox 622 800 745 869; x_wconf 86' lang='lat' dir='ltr'><strong>plus</strong></span> <span class='ocrx_word' id='word_1_47' title='bbox 779 797 896 854; x_wconf 79' lang='lat' dir='ltr'><strong>fere</strong></span> <span class='ocrx_word' id='word_1_48' title='bbox 920 797 1050 852; x_wconf 88' lang='lat' dir='ltr'><strong>anni</strong></span> <span class='ocrx_word' id='word_1_49' title='bbox 1078 804 1226 859; x_wconf 89' lang='lat' dir='ltr'><strong>sunt,</strong></span> <span class='ocrx_word' id='word_1_50' title='bbox 1260 811 1384 849; x_wconf 77' lang='lat' dir='ltr'><strong>cum</strong></span> <span class='ocrx_word' id='word_1_51' title='bbox 1420 795 1490 849; x_wconf 88' lang='lat' dir='ltr'><strong>ab</strong></span> <span class='ocrx_word' id='word_1_52' title='bbox 1524 795 1660 865; x_wconf 82' lang='lat' dir='ltr'><strong>ipsis</strong></span> <span class='ocrx_word' id='word_1_53' title='bbox 1705 793 1917 848; x_wconf 82' lang='lat' dir='ltr'><strong>Latinis</strong></span> 
     </span>
    </p>
   </div>
   <div class='ocr_carea' id='block_1_11' title="bbox 1920 780 3590 872">
    <p class='ocr_par' dir='ltr' id='par_1_11' title="bbox 2016 780 3590 861">
     <span class='ocr_line' id='line_1_11' title="bbox 2016 780 3590 861; baseline -0.006 -14"><span class='ocrx_word' id='word_1_54' title='bbox 2016 792 2353 847; x_wconf 74' lang='grc' dir='ltr'>πεντακόσια</span> <span class='ocrx_word' id='word_1_55' title='bbox 2396 792 2491 860; x_wconf 79' lang='grc' dir='ltr'>ἔτη</span> <span class='ocrx_word' id='word_1_56' title='bbox 2528 790 2715 861; x_wconf 84' lang='grc' dir='ltr'>σχεδόν</span> <span class='ocrx_word' id='word_1_57' title='bbox 2755 791 2917 855; x_wconf 75' lang='grc' dir='ltr'>είσιν,</span> <span class='ocrx_word' id='word_1_58' title='bbox 2968 787 3064 855; x_wconf 75' lang='grc' dir='ltr'><strong>ἀφ’</strong></span> <span class='ocrx_word' id='word_1_59' title='bbox 3094 780 3158 842; x_wconf 77' lang='grc' dir='ltr'>οὖ</span> <span class='ocrx_word' id='word_1_60' title='bbox 3190 787 3371 840; x_wconf 76' lang='grc' dir='ltr'>αὐτῶν</span> <span class='ocrx_word' id='word_1_61' title='bbox 3400 783 3590 857; x_wconf 76' lang='grc' dir='ltr'>έχωρί·</span> 
     </span>
    </p>
   </div>
   <div class='ocr_carea' id='block_1_12' title="bbox 338 884 1918 963">
    <p class='ocr_par' dir='ltr' id='par_1_12' title="bbox 338 884 1918 963">
     <span class='ocr_line' id='line_1_12' title="bbox 338 884 1918 963; baseline -0.005 -17"><span class='ocrx_word' id='word_1_62' title='bbox 338 892 581 963; x_wconf 69' lang='lat' dir='ltr'><strong>separati</strong></span> <span class='ocrx_word' id='word_1_63' title='bbox 619 904 832 946; x_wconf 85' lang='lat' dir='ltr'><strong>sumus.</strong></span> <span class='ocrx_word' id='word_1_64' title='bbox 862 891 932 945; x_wconf 76' lang='lat' dir='ltr'><strong>At</strong></span> <span class='ocrx_word' id='word_1_65' title='bbox 965 904 1112 944; x_wconf 88' lang='lat' dir='ltr'><strong>nunc</strong></span> <span class='ocrx_word' id='word_1_66' title='bbox 1164 904 1359 945; x_wconf 87' lang='lat' dir='ltr'><strong>recens</strong></span> <span class='ocrx_word' id='word_1_67' title='bbox 1402 887 1645 959; x_wconf 75' lang='lat' dir='ltr'><strong>synodus</strong></span> <span class='ocrx_word' id='word_1_68' title='bbox 1690 885 1746 939; x_wconf 92' lang='lat' dir='ltr'><strong>in</strong></span> <span class='ocrx_word' id='word_1_69' title='bbox 1779 884 1918 939; x_wconf 85' lang='lat' dir='ltr'><strong>urbe</strong></span> 
     </span>
    </p>
   </div>
   <div class='ocr_carea' id='block_1_13' title="bbox 342 977 1916 1050">
    <p class='ocr_par' dir='ltr' id='par_1_13' title="bbox 342 977 1916 1050">
     <span class='ocr_line' id='line_1_13' title="bbox 342 977 1916 1050; baseline -0.009 -10"><span class='ocrx_word' id='word_1_70' title='bbox 342 984 657 1041; x_wconf 86' lang='lat' dir='ltr'><strong>Florentina</strong></span> <span class='ocrx_word' id='word_1_71' title='bbox 683 990 873 1038; x_wconf 90' lang='lat' dir='ltr'><strong>coacta</strong></span> <span class='ocrx_word' id='word_1_72' title='bbox 899 992 1006 1044; x_wconf 85' lang='lat' dir='ltr'><strong>est,</strong></span> <span class='ocrx_word' id='word_1_73' title='bbox 1042 979 1407 1050; x_wconf 68' lang='lat' dir='ltr'><strong>praesentibus</strong></span> <span class='ocrx_word' id='word_1_74' title='bbox 1438 977 1648 1041; x_wconf 87' lang='lat' dir='ltr'><strong>multis.</strong></span> <span class='ocrx_word' id='word_1_75' title='bbox 1677 988 1780 1031; x_wconf 86' lang='lat' dir='ltr'><strong>nec</strong></span> <span class='ocrx_word' id='word_1_76' title='bbox 1809 988 1916 1029; x_wconf 89' lang='lat' dir='ltr'><strong>non</strong></span> 
     </span>
    </p>
   </div>
   <div class='ocr_carea' id='block_1_14' title="bbox 341 1067 1916 1145">
    <p class='ocr_par' dir='ltr' id='par_1_14' title="bbox 341 1067 1916 1145">
     <span class='ocr_line' id='line_1_14' title="bbox 341 1067 1916 1145; baseline -0.005 -15"><span class='ocrx_word' id='word_1_77' title='bbox 341 1078 699 1145; x_wconf 85' lang='lat' dir='ltr'><strong>imperatore,</strong></span> <span class='ocrx_word' id='word_1_78' title='bbox 728 1075 1063 1144; x_wconf 77' lang='lat' dir='ltr'><strong>patriarcha.</strong></span> <span class='ocrx_word' id='word_1_79' title='bbox 1112 1070 1573 1141; x_wconf 73' lang='lat' dir='ltr'><strong>archiepiscopis.</strong></span> <span class='ocrx_word' id='word_1_80' title='bbox 1620 1067 1916 1137; x_wconf 87' lang='lat' dir='ltr'><strong>episcopis.</strong></span> 
     </span>
    </p>
   </div>
   <div class='ocr_carea' id='block_1_15' title="bbox 341 1155 1923 1229">
    <p class='ocr_par' dir='ltr' id='par_1_15' title="bbox 341 1155 1923 1229">
     <span class='ocr_line' id='line_1_15' title="bbox 341 1155 1923 1229; baseline -0.006 -10"><span class='ocrx_word' id='word_1_81' title='bbox 341 1166 658 1229; x_wconf 73' lang='lat' dir='ltr'><strong>abbatibus.</strong></span> <span class='ocrx_word' id='word_1_82' title='bbox 684 1163 999 1221; x_wconf 76' lang='lat' dir='ltr'><strong>cruciferis.</strong></span> <span class='ocrx_word' id='word_1_83' title='bbox 1027 1160 1084 1217; x_wconf 91' lang='lat' dir='ltr'><strong>lu</strong></span> <span class='ocrx_word' id='word_1_84' title='bbox 1130 1176 1194 1217; x_wconf 86' lang='lat' dir='ltr'><strong>ea</strong></span> <span class='ocrx_word' id='word_1_85' title='bbox 1224 1160 1656 1223; x_wconf 86' lang='lat' dir='ltr'><strong>concordarunt,</strong></span> <span class='ocrx_word' id='word_1_86' title='bbox 1684 1155 1923 1211; x_wconf 71' lang='lat' dir='ltr'><strong>adiuua-</strong></span> 
     </span>
    </p>
   </div>
   <div class='ocr_carea' id='block_1_16' title="bbox 339 1247 1925 1326">
    <p class='ocr_par' dir='ltr' id='par_1_16' title="bbox 339 1247 1925 1326">
     <span class='ocr_line' id='line_1_16' title="bbox 339 1247 1925 1326; baseline -0.007 -15"><span class='ocrx_word' id='word_1_87' title='bbox 339 1264 579 1326; x_wconf 87' lang='lat' dir='ltr'><strong>ruutqnc</strong></span> <span class='ocrx_word' id='word_1_88' title='bbox 606 1254 857 1319; x_wconf 86' lang='lat' dir='ltr'><strong>Latinos,</strong></span> <span class='ocrx_word' id='word_1_89' title='bbox 889 1269 1055 1325; x_wconf 89' lang='lat' dir='ltr'><strong>quam</strong></span> <span class='ocrx_word' id='word_1_90' title='bbox 1078 1260 1133 1306; x_wconf 86' lang='lat' dir='ltr'><strong>et</strong></span> <span class='ocrx_word' id='word_1_91' title='bbox 1161 1249 1338 1306; x_wconf 74' lang='lat' dir='ltr'><strong>Grzcci</strong></span> <span class='ocrx_word' id='word_1_92' title='bbox 1372 1250 1596 1314; x_wconf 85' lang='lat' dir='ltr'><strong>habent,</strong></span> <span class='ocrx_word' id='word_1_93' title='bbox 1631 1247 1793 1303; x_wconf 84' lang='lat' dir='ltr'><strong>ﬁdem</strong></span> <span class='ocrx_word' id='word_1_94' title='bbox 1828 1247 1925 1302; x_wconf 82' lang='lat' dir='ltr'><strong>ha-</strong></span> 
     </span>
    </p>
   </div>
   <div class='ocr_carea' id='block_1_17' title="bbox 338 1342 1926 1413">
    <p class='ocr_par' dir='ltr' id='par_1_17' title="bbox 338 1342 1926 1413">
     <span class='ocr_line' id='line_1_17' title="bbox 338 1342 1926 1413; baseline -0.006 -8"><span class='ocrx_word' id='word_1_95' title='bbox 338 1354 489 1405; x_wconf 87' lang='lat' dir='ltr'><strong>bere.</strong></span> <span class='ocrx_word' id='word_1_96' title='bbox 538 1347 649 1406; x_wconf 86' lang='lat' dir='ltr'><strong>Nos</strong></span> <span class='ocrx_word' id='word_1_97' title='bbox 688 1363 820 1405; x_wconf 84' lang='lat' dir='ltr'><strong>vero</strong></span> <span class='ocrx_word' id='word_1_98' title='bbox 875 1346 1115 1403; x_wconf 84' lang='lat' dir='ltr'><strong>dicimus</strong></span> <span class='ocrx_word' id='word_1_99' title='bbox 1162 1359 1257 1400; x_wconf 92' lang='lat' dir='ltr'><strong>eos</strong></span> <span class='ocrx_word' id='word_1_100' title='bbox 1329 1356 1509 1411; x_wconf 89' lang='lat' dir='ltr'><strong>neque</strong></span> <span class='ocrx_word' id='word_1_101' title='bbox 1548 1342 1720 1413; x_wconf 81' lang='lat' dir='ltr'><strong>jusle,</strong></span> <span class='ocrx_word' id='word_1_102' title='bbox 1751 1354 1926 1410; x_wconf 87' lang='lat' dir='ltr'><strong>neque</strong></span> 
     </span>
    </p>
   </div>
   <div class='ocr_carea' id='block_1_18' title="bbox 339 1433 1927 1512">
    <p class='ocr_par' dir='ltr' id='par_1_18' title="bbox 339 1433 1927 1512">
     <span class='ocr_line' id='line_1_18' title="bbox 339 1433 1927 1512; baseline -0.007 -14"><span class='ocrx_word' id='word_1_103' title='bbox 339 1457 468 1498; x_wconf 68' lang='lat' dir='ltr'><strong>vere</strong></span> <span class='ocrx_word' id='word_1_104' title='bbox 495 1441 696 1512; x_wconf 72' lang='lat' dir='ltr'><strong>egisse.</strong></span> <span class='ocrx_word' id='word_1_105' title='bbox 738 1440 805 1497; x_wconf 79' lang='lat' dir='ltr'><strong>Hi</strong></span> <span class='ocrx_word' id='word_1_106' title='bbox 847 1440 1033 1509; x_wconf 89' lang='lat' dir='ltr'><strong>itaque</strong></span> <span class='ocrx_word' id='word_1_107' title='bbox 1065 1438 1140 1493; x_wconf 87' lang='lat' dir='ltr'><strong>ibi</strong></span> <span class='ocrx_word' id='word_1_108' title='bbox 1179 1446 1336 1508; x_wconf 75' lang='lat' dir='ltr'><strong>gesta</strong></span> <span class='ocrx_word' id='word_1_109' title='bbox 1379 1433 1797 1506; x_wconf 80' lang='lat' dir='ltr'><strong>amplectentes,</strong></span> <span class='ocrx_word' id='word_1_110' title='bbox 1833 1444 1927 1489; x_wconf 85' lang='lat' dir='ltr'><strong>or-</strong></span> 
     </span>
    </p>
   </div>
   <div class='ocr_carea' id='block_1_19' title="bbox 342 1532 1287 1608">
    <p class='ocr_par' dir='ltr' id='par_1_19' title="bbox 342 1532 1287 1608">
     <span class='ocr_line' id='line_1_19' title="bbox 342 1532 1287 1608; baseline -0.004 -20"><span class='ocrx_word' id='word_1_111' title='bbox 342 1532 595 1608; x_wconf 56' lang='lat' dir='ltr'><strong>thodoxa:</strong></span> <span class='ocrx_word' id='word_1_112' title='bbox 624 1532 751 1590; x_wconf 84' lang='lat' dir='ltr'><strong>lidel</strong></span> <span class='ocrx_word' id='word_1_113' title='bbox 790 1532 1103 1590; x_wconf 82' lang='lat' dir='ltr'><strong>desertores</strong></span> <span class='ocrx_word' id='word_1_114' title='bbox 1135 1537 1287 1586; x_wconf 88' lang='lat' dir='ltr'><strong>sunt.</strong></span> 
     </span>
    </p>
   </div>
   <div class='ocr_carea' id='block_1_20' title="bbox 418 1704 1929 1780">
    <p class='ocr_par' dir='ltr' id='par_1_20' title="bbox 418 1704 1929 1780">
     <span class='ocr_line' id='line_1_20' title="bbox 418 1704 1929 1780; baseline -0.007 -15"><span class='ocrx_word' id='word_1_115' title='bbox 418 1708 764 1774; x_wconf 74' lang='lat' dir='ltr'><strong>Pius.’;Nunc.</strong></span> <span class='ocrx_word' id='word_1_116' title='bbox 787 1720 843 1765; x_wconf 91' lang='lat' dir='ltr'><strong>ut</strong></span> <span class='ocrx_word' id='word_1_117' title='bbox 863 1717 1108 1780; x_wconf 82' lang='lat' dir='ltr'><strong>apparet.</strong></span> <span class='ocrx_word' id='word_1_118' title='bbox 1124 1722 1193 1763; x_wconf 90' lang='lat' dir='ltr'><strong>ex</strong></span> <span class='ocrx_word' id='word_1_119' title='bbox 1219 1714 1375 1777; x_wconf 80' lang='lat' dir='ltr'><strong>parte</strong></span> <span class='ocrx_word' id='word_1_120' title='bbox 1398 1705 1467 1762; x_wconf 89' lang='lat' dir='ltr'><strong>ad</strong></span> <span class='ocrx_word' id='word_1_121' title='bbox 1483 1706 1750 1762; x_wconf 78' lang='lat' dir='ltr'><strong>dictorum</strong></span> <span class='ocrx_word' id='word_1_122' title='bbox 1771 1704 1929 1760; x_wconf 89' lang='lat' dir='ltr'><strong>intel-</strong></span> 
     </span>
    </p>
   </div>
   <div class='ocr_carea' id='block_1_21' title="bbox 342 1797 1930 1873">
    <p class='ocr_par' dir='ltr' id='par_1_21' title="bbox 342 1797 1930 1873">
     <span class='ocr_line' id='line_1_21' title="bbox 342 1797 1930 1873; baseline -0.004 -17"><span class='ocrx_word' id='word_1_123' title='bbox 342 1803 626 1873; x_wconf 79' lang='lat' dir='ltr'><strong>ligentiam</strong></span> <span class='ocrx_word' id='word_1_124' title='bbox 667 1801 865 1858; x_wconf 92' lang='lat' dir='ltr'><strong>ducor.</strong></span> <span class='ocrx_word' id='word_1_125' title='bbox 897 1800 1207 1872; x_wconf 77' lang='lat' dir='ltr'><strong>Antequam</strong></span> <span class='ocrx_word' id='word_1_126' title='bbox 1244 1813 1377 1856; x_wconf 81' lang='lat' dir='ltr'><strong>vero</strong></span> <span class='ocrx_word' id='word_1_127' title='bbox 1409 1813 1499 1854; x_wconf 85' lang='lat' dir='ltr'><strong>res</strong></span> <span class='ocrx_word' id='word_1_128' title='bbox 1531 1798 1585 1853; x_wconf 91' lang='lat' dir='ltr'><strong>in</strong></span> <span class='ocrx_word' id='word_1_129' title='bbox 1618 1812 1683 1853; x_wconf 88' lang='lat' dir='ltr'><strong>ea</strong></span> <span class='ocrx_word' id='word_1_130' title='bbox 1717 1797 1930 1868; x_wconf 78' lang='lat' dir='ltr'><strong>synodo</strong></span> 
     </span>
    </p>
   </div>
   <div class='ocr_carea' id='block_1_22' title="bbox 343 1881 1999 1967">
    <p class='ocr_par' dir='ltr' id='par_1_22' title="bbox 343 1881 1999 1967">
     <span class='ocr_line' id='line_1_22' title="bbox 343 1881 1999 1967; baseline -0.005 -18"><span class='ocrx_word' id='word_1_131' title='bbox 343 1905 499 1949; x_wconf 86' lang='lat' dir='ltr'><strong>aetas</strong></span> <span class='ocrx_word' id='word_1_132' title='bbox 543 1893 857 1967; x_wconf 69' lang='lat' dir='ltr'><strong>singulatim</strong></span> <span class='ocrx_word' id='word_1_133' title='bbox 904 1894 1242 1965; x_wconf 88' lang='lat' dir='ltr'><strong>perquiram,</strong></span> <span class='ocrx_word' id='word_1_134' title='bbox 1276 1891 1616 1945; x_wconf 82' lang='lat' dir='ltr'><strong>tantumdem</strong></span> <span class='ocrx_word' id='word_1_135' title='bbox 1654 1897 1706 1945; x_wconf 90' lang='lat' dir='ltr'><strong>te</strong></span> <span class='ocrx_word' id='word_1_136' title='bbox 1751 1890 1919 1943; x_wconf 88' lang='lat' dir='ltr'><strong>inter-</strong></span> <span class='ocrx_word' id='word_1_137' title='bbox 1959 1881 1999 1935; x_wconf 80' lang='grc' dir='ltr'><strong><em>Β</em></strong></span> 
     </span>
    </p>
   </div>
   <div class='ocr_carea' id='block_1_23' title="bbox 346 1981 1921 2055">
    <p class='ocr_par' dir='ltr' id='par_1_23' title="bbox 346 1981 1921 2055">
     <span class='ocr_line' id='line_1_23' title="bbox 346 1981 1921 2055; baseline -0.003 -15"><span class='ocrx_word' id='word_1_138' title='bbox 346 2001 525 2055; x_wconf 75' lang='lat' dir='ltr'><strong>rogo:</strong></span> <span class='ocrx_word' id='word_1_139' title='bbox 574 1983 851 2055; x_wconf 87' lang='lat' dir='ltr'><strong>Synodum</strong></span> <span class='ocrx_word' id='word_1_140' title='bbox 904 1983 1044 2040; x_wconf 88' lang='lat' dir='ltr'><strong>hanc</strong></span> <span class='ocrx_word' id='word_1_141' title='bbox 1084 1984 1215 2041; x_wconf 86' lang='lat' dir='ltr'><strong>hine</strong></span> <span class='ocrx_word' id='word_1_142' title='bbox 1256 1982 1567 2048; x_wconf 86' lang='lat' dir='ltr'><strong>duodecim,</strong></span> <span class='ocrx_word' id='word_1_143' title='bbox 1618 1997 1689 2036; x_wconf 85' lang='lat' dir='ltr'><strong>an</strong></span> <span class='ocrx_word' id='word_1_144' title='bbox 1737 1992 1785 2037; x_wconf 93' lang='lat' dir='ltr'><strong>et</strong></span> <span class='ocrx_word' id='word_1_145' title='bbox 1830 1981 1921 2037; x_wconf 90' lang='lat' dir='ltr'><strong>alii</strong></span> 
     </span>
    </p>
   </div>
   <div class='ocr_carea' id='block_1_24' title="bbox 348 2074 1577 2149">
    <p class='ocr_par' dir='ltr' id='par_1_24' title="bbox 348 2074 1577 2149">
     <span class='ocr_line' id='line_1_24' title="bbox 348 2074 1577 2149; baseline -0.003 -17"><span class='ocrx_word' id='word_1_146' title='bbox 348 2078 499 2133; x_wconf 84' lang='lat' dir='ltr'><strong>hisce</strong></span> <span class='ocrx_word' id='word_1_147' title='bbox 533 2077 705 2133; x_wconf 88' lang='lat' dir='ltr'><strong>multo</strong></span> <span class='ocrx_word' id='word_1_148' title='bbox 733 2076 1145 2149; x_wconf 73' lang='lat' dir='ltr'><strong>pmstantioms</strong></span> <span class='ocrx_word' id='word_1_149' title='bbox 1176 2074 1577 2134; x_wconf 75' lang='lat' dir='ltr'><strong>celebrarunt?</strong></span> 
     </span>
    </p>
   </div>
   <div class='ocr_carea' id='block_1_25' title="bbox 424 2168 1924 2239">
    <p class='ocr_par' dir='ltr' id='par_1_25' title="bbox 424 2168 1924 2239">
     <span class='ocr_line' id='line_1_25' title="bbox 424 2168 1924 2239; baseline 0.001 -14"><span class='ocrx_word' id='word_1_150' title='bbox 424 2169 583 2225; x_wconf 76' lang='lat' dir='ltr'><strong>Psbi.</strong></span> <span class='ocrx_word' id='word_1_151' title='bbox 624 2169 718 2226; x_wconf 87' lang='lat' dir='ltr'><strong>llis</strong></span> <span class='ocrx_word' id='word_1_152' title='bbox 753 2171 926 2226; x_wconf 89' lang='lat' dir='ltr'><strong>multo</strong></span> <span class='ocrx_word' id='word_1_153' title='bbox 958 2170 1389 2239; x_wconf 65' lang='lat' dir='ltr'><strong>praestantiorcs,</strong></span> <span class='ocrx_word' id='word_1_154' title='bbox 1439 2168 1533 2239; x_wconf 87' lang='lat' dir='ltr'><strong>qui</strong></span> <span class='ocrx_word' id='word_1_155' title='bbox 1581 2181 1648 2223; x_wconf 89' lang='lat' dir='ltr'><strong>ne</strong></span> <span class='ocrx_word' id='word_1_156' title='bbox 1695 2181 1924 2239; x_wconf 81' lang='lat' dir='ltr'><strong>compa-</strong></span> 
     </span>
    </p>
   </div>
   <div class='ocr_carea' id='block_1_26' title="bbox 350 2263 1218 2334">
    <p class='ocr_par' dir='ltr' id='par_1_26' title="bbox 350 2263 1218 2334">
     <span class='ocr_line' id='line_1_26' title="bbox 350 2263 1218 2334; baseline -0.002 -14"><span class='ocrx_word' id='word_1_157' title='bbox 350 2264 505 2320; x_wconf 84' lang='lat' dir='ltr'><strong>randi</strong></span> <span class='ocrx_word' id='word_1_158' title='bbox 539 2263 761 2334; x_wconf 87' lang='lat' dir='ltr'><strong>quidem</strong></span> <span class='ocrx_word' id='word_1_159' title='bbox 800 2263 867 2318; x_wconf 86' lang='lat' dir='ltr'><strong>ad</strong></span> <span class='ocrx_word' id='word_1_160' title='bbox 908 2264 1033 2319; x_wconf 86' lang='lat' dir='ltr'><strong>illos</strong></span> <span class='ocrx_word' id='word_1_161' title='bbox 1067 2272 1218 2319; x_wconf 91' lang='lat' dir='ltr'><strong>sunt.</strong></span> 
     </span>
    </p>
   </div>
   <div class='ocr_carea' id='block_1_27' title="bbox 426 2351 1926 2425">
    <p class='ocr_par' dir='ltr' id='par_1_27' title="bbox 426 2351 1926 2425">
     <span class='ocr_line' id='line_1_27' title="bbox 426 2351 1926 2425; baseline -0.003 -16"><span class='ocrx_word' id='word_1_162' title='bbox 426 2355 574 2409; x_wconf 85' lang='lat' dir='ltr'><strong>Pius.</strong></span> <span class='ocrx_word' id='word_1_163' title='bbox 615 2354 764 2409; x_wconf 83' lang='lat' dir='ltr'><strong>Etde</strong></span> <span class='ocrx_word' id='word_1_164' title='bbox 796 2353 951 2409; x_wconf 84' lang='lat' dir='ltr'><strong>hisce</strong></span> <span class='ocrx_word' id='word_1_165' title='bbox 992 2352 1372 2410; x_wconf 84' lang='lat' dir='ltr'><strong>tantummodo</strong></span> <span class='ocrx_word' id='word_1_166' title='bbox 1404 2353 1744 2425; x_wconf 70' lang='lat' dir='ltr'><strong>expostulas.</strong></span> <span class='ocrx_word' id='word_1_167' title='bbox 1783 2351 1926 2423; x_wconf 79' lang='lat' dir='ltr'><strong>quod</strong></span> 
     </span>
    </p>
   </div>
   <div class='ocr_carea' id='block_1_28' title="bbox 350 2446 1628 2516">
    <p class='ocr_par' dir='ltr' id='par_1_28' title="bbox 350 2446 1628 2516">
     <span class='ocr_line' id='line_1_28' title="bbox 350 2446 1628 2516; baseline -0.002 -14"><span class='ocrx_word' id='word_1_168' title='bbox 350 2463 410 2502; x_wconf 90' lang='lat' dir='ltr'><strong>se</strong></span> <span class='ocrx_word' id='word_1_169' title='bbox 450 2447 658 2503; x_wconf 75' lang='lat' dir='ltr'><strong>Latinis</strong></span> <span class='ocrx_word' id='word_1_170' title='bbox 687 2447 1050 2516; x_wconf 81' lang='lat' dir='ltr'><strong>subjecerint,</strong></span> <span class='ocrx_word' id='word_1_171' title='bbox 1083 2461 1155 2501; x_wconf 90' lang='lat' dir='ltr'><strong>an</strong></span> <span class='ocrx_word' id='word_1_172' title='bbox 1185 2447 1353 2503; x_wconf 87' lang='lat' dir='ltr'><strong>etiam</strong></span> <span class='ocrx_word' id='word_1_173' title='bbox 1380 2447 1447 2513; x_wconf 88' lang='lat' dir='ltr'><strong>de</strong></span> <span class='ocrx_word' id='word_1_174' title='bbox 1484 2446 1628 2505; x_wconf 78' lang='lat' dir='ltr'><strong>illis?</strong></span> 
     </span>
    </p>
   </div>
   <div class='ocr_carea' id='block_1_29' title="bbox 425 2536 998 2597">
    <p class='ocr_par' dir='ltr' id='par_1_29' title="bbox 425 2536 998 2597">
     <span class='ocr_line' id='line_1_29' title="bbox 425 2536 998 2597; baseline 0.007 -7"><span class='ocrx_word' id='word_1_175' title='bbox 425 2538 580 2592; x_wconf 78' lang='lat' dir='ltr'><strong>Publ.</strong></span> <span class='ocrx_word' id='word_1_176' title='bbox 607 2537 683 2592; x_wconf 89' lang='lat' dir='ltr'><strong>De</strong></span> <span class='ocrx_word' id='word_1_177' title='bbox 711 2536 998 2597; x_wconf 82' lang='lat' dir='ltr'><strong>omnibus.</strong></span> 
     </span>
    </p>
   </div>
   <div class='ocr_carea' id='block_1_30' title="bbox 426 2629 1925 2703">
    <p class='ocr_par' dir='ltr' id='par_1_30' title="bbox 426 2629 1925 2703">
     <span class='ocr_line' id='line_1_30' title="bbox 426 2629 1925 2703; baseline 0.002 -20"><span class='ocrx_word' id='word_1_178' title='bbox 426 2630 573 2683; x_wconf 78' lang='lat' dir='ltr'><strong>Pius.</strong></span> <span class='ocrx_word' id='word_1_179' title='bbox 606 2629 721 2686; x_wconf 80' lang='lat' dir='ltr'><strong>Hoc</strong></span> <span class='ocrx_word' id='word_1_180' title='bbox 760 2645 890 2687; x_wconf 79' lang='lat' dir='ltr'><strong>vero</strong></span> <span class='ocrx_word' id='word_1_181' title='bbox 918 2640 1022 2694; x_wconf 89' lang='lat' dir='ltr'><strong>est.</strong></span> <span class='ocrx_word' id='word_1_182' title='bbox 1070 2632 1216 2703; x_wconf 86' lang='lat' dir='ltr'><strong>quod</strong></span> <span class='ocrx_word' id='word_1_183' title='bbox 1248 2633 1304 2687; x_wconf 87' lang='lat' dir='ltr'><strong>in</strong></span> <span class='ocrx_word' id='word_1_184' title='bbox 1344 2632 1614 2703; x_wconf 85' lang='lat' dir='ltr'><strong>principio</strong></span> <span class='ocrx_word' id='word_1_185' title='bbox 1656 2634 1925 2699; x_wconf 79' lang='lat' dir='ltr'><strong>dixeram,</strong></span> 
     </span>
    </p>
   </div>
   <div class='ocr_carea' id='block_1_31' title="bbox 351 2724 1236 2796">
    <p class='ocr_par' dir='ltr' id='par_1_31' title="bbox 351 2724 1236 2796">
     <span class='ocr_line' id='line_1_31' title="bbox 351 2724 1236 2796; baseline 0.007 -19"><span class='ocrx_word' id='word_1_186' title='bbox 351 2739 441 2778; x_wconf 85' lang='lat' dir='ltr'><strong>me</strong></span> <span class='ocrx_word' id='word_1_187' title='bbox 462 2724 609 2780; x_wconf 87' lang='lat' dir='ltr'><strong>dicta</strong></span> <span class='ocrx_word' id='word_1_188' title='bbox 638 2733 733 2780; x_wconf 84' lang='lat' dir='ltr'><strong>tua</strong></span> <span class='ocrx_word' id='word_1_189' title='bbox 764 2740 874 2781; x_wconf 91' lang='lat' dir='ltr'><strong>non</strong></span> <span class='ocrx_word' id='word_1_190' title='bbox 908 2725 1236 2796; x_wconf 75' lang='lat' dir='ltr'><strong>inlelligere.</strong></span> 
     </span>
    </p>
   </div>
   <div class='ocr_carea' id='block_1_32' title="bbox 424 2818 1203 2887">
    <p class='ocr_par' dir='ltr' id='par_1_32' title="bbox 424 2818 1203 2887">
     <span class='ocr_line' id='line_1_32' title="bbox 424 2818 1203 2887; baseline 0.006 -16"><span class='ocrx_word' id='word_1_191' title='bbox 424 2818 582 2873; x_wconf 73' lang='grc' dir='ltr'>Ριιι.</span> <span class='ocrx_word' id='word_1_192' title='bbox 616 2818 862 2887; x_wconf 84' lang='lat' dir='ltr'><strong>Quanam</strong></span> <span class='ocrx_word' id='word_1_193' title='bbox 897 2834 962 2875; x_wconf 87' lang='lat' dir='ltr'><strong>ex</strong></span> <span class='ocrx_word' id='word_1_194' title='bbox 991 2820 1203 2876; x_wconf 77' lang='lat' dir='ltr'><strong>causa?</strong></span> 
     </span>
    </p>
   </div>
   <div class='ocr_carea' id='block_1_33' title="bbox 423 2910 1932 2981">
    <p class='ocr_par' dir='ltr' id='par_1_33' title="bbox 423 2910 1932 2981">
     <span class='ocr_line' id='line_1_33' title="bbox 423 2910 1932 2981; baseline 0.002 -14"><span class='ocrx_word' id='word_1_195' title='bbox 423 2910 572 2967; x_wconf 83' lang='lat' dir='ltr'><strong>Pius.</strong></span> <span class='ocrx_word' id='word_1_196' title='bbox 607 2912 766 2979; x_wconf 84' lang='lat' dir='ltr'><strong>Quod</strong></span> <span class='ocrx_word' id='word_1_197' title='bbox 797 2929 908 2970; x_wconf 86' lang='lat' dir='ltr'><strong>non</strong></span> <span class='ocrx_word' id='word_1_198' title='bbox 938 2913 1007 2969; x_wconf 88' lang='lat' dir='ltr'><strong>de</strong></span> <span class='ocrx_word' id='word_1_199' title='bbox 1052 2913 1136 2969; x_wconf 84' lang='lat' dir='ltr'><strong>bis</strong></span> <span class='ocrx_word' id='word_1_200' title='bbox 1181 2913 1471 2971; x_wconf 88' lang='lat' dir='ltr'><strong>duodecim</strong></span> <span class='ocrx_word' id='word_1_201' title='bbox 1499 2914 1703 2981; x_wconf 86' lang='lat' dir='ltr'><strong>solum.</strong></span> <span class='ocrx_word' id='word_1_202' title='bbox 1737 2915 1834 2973; x_wconf 88' lang='lat' dir='ltr'><strong>scd</strong></span> <span class='ocrx_word' id='word_1_203' title='bbox 1864 2916 1932 2970; x_wconf 91' lang='lat' dir='ltr'><strong>de</strong></span> 
     </span>
    </p>
   </div>
   <div class='ocr_carea' id='block_1_34' title="bbox 352 3005 1949 3080">
    <p class='ocr_par' dir='ltr' id='par_1_34' title="bbox 352 3005 1949 3080">
     <span class='ocr_line' id='line_1_34' title="bbox 352 3005 1949 3080; baseline 0.003 -20"><span class='ocrx_word' id='word_1_204' title='bbox 352 3014 467 3062; x_wconf 88' lang='lat' dir='ltr'><strong>tota</strong></span> <span class='ocrx_word' id='word_1_205' title='bbox 501 3006 797 3062; x_wconf 78' lang='lat' dir='ltr'><strong>universali</strong></span> <span class='ocrx_word' id='word_1_206' title='bbox 830 3005 1039 3077; x_wconf 85' lang='lat' dir='ltr'><strong>synodo</strong></span> <span class='ocrx_word' id='word_1_207' title='bbox 1070 3009 1453 3077; x_wconf 87' lang='lat' dir='ltr'><strong>conquereris.</strong></span> <span class='ocrx_word' id='word_1_208' title='bbox 1480 3008 1548 3064; x_wconf 86' lang='lat' dir='ltr'><strong>Et</strong></span> <span class='ocrx_word' id='word_1_209' title='bbox 1582 3009 1837 3080; x_wconf 83' lang='lat' dir='ltr'><strong>quisnam</strong></span> <span class='ocrx_word' id='word_1_210' title='bbox 1872 3017 1949 3065; x_wconf 85' lang='lat' dir='ltr'><strong>es&#39;</strong></span> 
     </span>
    </p>
   </div>
   <div class='ocr_carea' id='block_1_35' title="bbox 354 3100 1793 3172">
    <p class='ocr_par' dir='ltr' id='par_1_35' title="bbox 354 3100 1793 3172">
     <span class='ocr_line' id='line_1_35' title="bbox 354 3100 1793 3172; baseline -0.001 -15"><span class='ocrx_word' id='word_1_211' title='bbox 354 3113 419 3157; x_wconf 88' lang='lat' dir='ltr'><strong>tu</strong></span> <span class='ocrx_word' id='word_1_212' title='bbox 443 3115 594 3166; x_wconf 85' lang='lat' dir='ltr'><strong>vero,</strong></span> <span class='ocrx_word' id='word_1_213' title='bbox 624 3102 717 3171; x_wconf 91' lang='lat' dir='ltr'><strong>qui</strong></span> <span class='ocrx_word' id='word_1_214' title='bbox 748 3101 1019 3172; x_wconf 82' lang='lat' dir='ltr'><strong>synodum</strong></span> <span class='ocrx_word' id='word_1_215' title='bbox 1051 3100 1412 3157; x_wconf 84' lang='lat' dir='ltr'><strong>universalem</strong></span> <span class='ocrx_word' id='word_1_216' title='bbox 1439 3101 1793 3157; x_wconf 86' lang='lat' dir='ltr'><strong>criminaris?</strong></span> 
     </span>
    </p>
   </div>
   <div class='ocr_carea' id='block_1_36' title="bbox 426 3192 1405 3250">
    <p class='ocr_par' dir='ltr' id='par_1_36' title="bbox 426 3192 1405 3250">
     <span class='ocr_line' id='line_1_36' title="bbox 426 3192 1405 3250; baseline -0.002 -2"><span class='ocrx_word' id='word_1_217' title='bbox 426 3192 589 3248; x_wconf 75' lang='lat' dir='ltr'><strong>Publ.</strong></span> <span class='ocrx_word' id='word_1_218' title='bbox 623 3194 814 3248; x_wconf 82' lang='lat' dir='ltr'><strong>Patres</strong></span> <span class='ocrx_word' id='word_1_219' title='bbox 844 3194 949 3248; x_wconf 88' lang='lat' dir='ltr'><strong>mei</strong></span> <span class='ocrx_word' id='word_1_220' title='bbox 986 3193 1102 3248; x_wconf 62' lang='lat' dir='ltr'><strong>haec</strong></span> <span class='ocrx_word' id='word_1_221' title='bbox 1132 3200 1405 3250; x_wconf 82' lang='lat' dir='ltr'><strong>asserunt.</strong></span> 
     </span>
    </p>
   </div>
   <div class='ocr_carea' id='block_1_37' title="bbox 424 3284 1934 3357">
    <p class='ocr_par' dir='ltr' id='par_1_37' title="bbox 424 3284 1934 3357">
     <span class='ocr_line' id='line_1_37' title="bbox 424 3284 1934 3357; baseline 0.002 -17"><span class='ocrx_word' id='word_1_222' title='bbox 424 3284 579 3341; x_wconf 74' lang='lat' dir='ltr'><strong>Pius.</strong></span> <span class='ocrx_word' id='word_1_223' title='bbox 607 3284 666 3340; x_wconf 88' lang='lat' dir='ltr'><strong>Id</strong></span> <span class='ocrx_word' id='word_1_224' title='bbox 704 3284 869 3340; x_wconf 81' lang='lat' dir='ltr'><strong>anxie</strong></span> <span class='ocrx_word' id='word_1_225' title='bbox 898 3295 949 3340; x_wconf 88' lang='lat' dir='ltr'><strong>et</strong></span> <span class='ocrx_word' id='word_1_226' title='bbox 972 3285 1089 3356; x_wconf 84' lang='lat' dir='ltr'><strong>ipse</strong></span> <span class='ocrx_word' id='word_1_227' title='bbox 1118 3287 1305 3357; x_wconf 89' lang='lat' dir='ltr'><strong>cupio,</strong></span> <span class='ocrx_word' id='word_1_228' title='bbox 1337 3284 1529 3341; x_wconf 83' lang='lat' dir='ltr'><strong>Patres</strong></span> <span class='ocrx_word' id='word_1_229' title='bbox 1559 3284 1682 3340; x_wconf 92' lang='lat' dir='ltr'><strong>illos</strong></span> <span class='ocrx_word' id='word_1_230' title='bbox 1702 3302 1934 3357; x_wconf 79' lang='lat' dir='ltr'><strong>cognos-</strong></span> 
     </span>
    </p>
   </div>
   <div class='ocr_carea' id='block_1_38' title="bbox 355 3376 1937 3447">
    <p class='ocr_par' dir='ltr' id='par_1_38' title="bbox 355 3376 1937 3447">
     <span class='ocr_line' id='line_1_38' title="bbox 355 3376 1937 3447; baseline 0.001 -14"><span class='ocrx_word' id='word_1_231' title='bbox 355 3393 515 3441; x_wconf 87' lang='lat' dir='ltr'><strong>cere,</strong></span> <span class='ocrx_word' id='word_1_232' title='bbox 540 3378 686 3433; x_wconf 89' lang='lat' dir='ltr'><strong>etab</strong></span> <span class='ocrx_word' id='word_1_233' title='bbox 716 3377 825 3432; x_wconf 84' lang='lat' dir='ltr'><strong>illis</strong></span> <span class='ocrx_word' id='word_1_234' title='bbox 857 3376 1091 3444; x_wconf 89' lang='lat' dir='ltr'><strong>instrui,</strong></span> <span class='ocrx_word' id='word_1_235' title='bbox 1125 3378 1475 3446; x_wconf 87' lang='lat' dir='ltr'><strong>edocerique,</strong></span> <span class='ocrx_word' id='word_1_236' title='bbox 1502 3380 1781 3447; x_wconf 84' lang='lat' dir='ltr'><strong>quodnam</strong></span> <span class='ocrx_word' id='word_1_237' title='bbox 1818 3394 1937 3435; x_wconf 74' lang='lat' dir='ltr'><strong>nta-</strong></span> 
     </span>
    </p>
   </div>
   <div class='ocr_carea' id='block_1_39' title="bbox 354 3468 1936 3543">
    <p class='ocr_par' dir='ltr' id='par_1_39' title="bbox 354 3468 1936 3543">
     <span class='ocr_line' id='line_1_39' title="bbox 354 3468 1936 3543; baseline 0.003 -22"><span class='ocrx_word' id='word_1_238' title='bbox 354 3470 439 3538; x_wconf 72' lang='lat' dir='ltr'><strong>gis</strong></span> <span class='ocrx_word' id='word_1_239' title='bbox 488 3468 766 3537; x_wconf 77' lang='lat' dir='ltr'><strong>convenit,</strong></span> <span class='ocrx_word' id='word_1_240' title='bbox 814 3468 1117 3533; x_wconf 71' lang='lat' dir='ltr'><strong>adhaerere.</strong></span> <span class='ocrx_word' id='word_1_241' title='bbox 1163 3470 1645 3543; x_wconf 84' lang='lat' dir='ltr'><strong>appropinquare,</strong></span> <span class='ocrx_word' id='word_1_242' title='bbox 1686 3480 1742 3527; x_wconf 88' lang='lat' dir='ltr'><strong>et</strong></span> <span class='ocrx_word' id='word_1_243' title='bbox 1791 3471 1936 3527; x_wconf 87' lang='lat' dir='ltr'><strong>uniri</strong></span> 
     </span>
    </p>
   </div>
   <div class='ocr_carea' id='block_1_40' title="bbox 355 3560 1383 3626">
    <p class='ocr_par' dir='ltr' id='par_1_40' title="bbox 355 3560 1383 3626">
     <span class='ocr_line' id='line_1_40' title="bbox 355 3560 1383 3626; baseline -0.034 -3"><span class='ocrx_word' id='word_1_244' title='bbox 355 3560 636 3626; x_wconf 75' lang='lat' dir='ltr'><strong>Ecclesiae,</strong></span> <span class='ocrx_word' id='word_1_245' title='bbox 689 3575 759 3616; x_wconf 89' lang='lat' dir='ltr'><strong>an</strong></span> <span class='ocrx_word' id='word_1_246' title='bbox 797 3561 866 3617; x_wconf 88' lang='lat' dir='ltr'><strong>ab</strong></span> <span class='ocrx_word' id='word_1_247' title='bbox 922 3577 989 3618; x_wconf 90' lang='lat' dir='ltr'><strong>ea</strong></span> <span class='ocrx_word' id='word_1_248' title='bbox 1017 3562 1278 3619; x_wconf 87' lang='lat' dir='ltr'><strong>discindi.</strong></span> <span class='ocrx_word' id='word_1_249' title='bbox 1317 3563 1383 3589; x_wconf 69' lang='grc' dir='ltr'><strong>αα.</strong></span> 
     </span>
    </p>
   </div>
   <div class='ocr_carea' id='block_1_41' title="bbox 432 3651 1169 3711">
    <p class='ocr_par' dir='ltr' id='par_1_41' title="bbox 432 3651 1169 3711">
     <span class='ocr_line' id='line_1_41' title="bbox 432 3651 1169 3711; baseline 0.005 -5"><span class='ocrx_word' id='word_1_250' title='bbox 432 3651 592 3708; x_wconf 77' lang='lat' dir='ltr'><strong>Publ.</strong></span> <span class='ocrx_word' id='word_1_251' title='bbox 623 3652 982 3711; x_wconf 78' lang='lat' dir='ltr'><strong>Adducemus</strong></span> <span class='ocrx_word' id='word_1_252' title='bbox 1013 3669 1169 3710; x_wconf 84' lang='lat' dir='ltr'><strong>sane.</strong></span> 
     </span>
    </p>
   </div>
   <div class='ocr_carea' id='block_1_42' title="bbox 437 3745 1940 3823">
    <p class='ocr_par' dir='ltr' id='par_1_42' title="bbox 437 3745 1940 3823">
     <span class='ocr_line' id='line_1_42' title="bbox 437 3745 1940 3823; baseline 0.006 -24"><span class='ocrx_word' id='word_1_253' title='bbox 437 3746 589 3800; x_wconf 74' lang='lat' dir='ltr'><strong>Pius.</strong></span> <span class='ocrx_word' id='word_1_254' title='bbox 622 3745 945 3819; x_wconf 73' lang='lat' dir='ltr'><strong>Pergratum</strong></span> <span class='ocrx_word' id='word_1_255' title='bbox 976 3749 1113 3803; x_wconf 84' lang='lat' dir='ltr'><strong>mihi</strong></span> <span class='ocrx_word' id='word_1_256' title='bbox 1142 3748 1371 3820; x_wconf 58' lang='lat' dir='ltr'><strong>,l’eceris,</strong></span> <span class='ocrx_word' id='word_1_257' title='bbox 1398 3751 1448 3806; x_wconf 85' lang='lat' dir='ltr'><strong>si</strong></span> <span class='ocrx_word' id='word_1_258' title='bbox 1480 3752 1663 3823; x_wconf 85' lang='lat' dir='ltr'><strong>ipsum</strong></span> <span class='ocrx_word' id='word_1_259' title='bbox 1696 3751 1808 3808; x_wconf 81' lang='lat' dir='ltr'><strong>huc</strong></span> <span class='ocrx_word' id='word_1_260' title='bbox 1839 3750 1940 3808; x_wconf 77' lang='lat' dir='ltr'><strong>ad-</strong></span> 
     </span>
    </p>
   </div>
   <div class='ocr_carea' id='block_1_43' title="bbox 360 3838 550 3894">
    <p class='ocr_par' dir='ltr' id='par_1_43' title="bbox 360 3838 550 3894">
     <span class='ocr_line' id='line_1_43' title="bbox 360 3838 550 3894; baseline 0.011 -2"><span class='ocrx_word' id='word_1_261' title='bbox 360 3838 550 3894; x_wconf 85' lang='lat' dir='ltr'><strong>ducas.</strong></span> 
     </span>
    </p>
   </div>
   <div class='ocr_carea' id='block_1_44' title="bbox 433 3920 1345 4005">
    <p class='ocr_par' dir='ltr' id='par_1_44' title="bbox 433 3920 1345 4005">
     <span class='ocr_line' id='line_1_44' title="bbox 433 3920 1345 4005; baseline 0.005 -20"><span class='ocrx_word' id='word_1_262' title='bbox 433 3932 595 3987; x_wconf 82' lang='lat' dir='ltr'><strong>Publ.</strong></span> <span class='ocrx_word' id='word_1_263' title='bbox 635 3932 915 3989; x_wconf 82' lang='lat' dir='ltr'><strong>Adducam</strong></span> <span class='ocrx_word' id='word_1_264' title='bbox 953 3933 1130 4005; x_wconf 85' lang='lat' dir='ltr'><strong>ipsum</strong></span> <span class='ocrx_word' id='word_1_265' title='bbox 1162 3920 1345 3991; x_wconf 85' lang='lat' dir='ltr'><strong>mane.</strong></span> 
     </span>
    </p>
   </div>
   <div class='ocr_carea' id='block_1_45' title="bbox 431 4024 1938 4100">
    <p class='ocr_par' dir='ltr' id='par_1_45' title="bbox 431 4024 1938 4100">
     <span class='ocr_line' id='line_1_45' title="bbox 431 4024 1938 4100; baseline 0.005 -21"><span class='ocrx_word' id='word_1_266' title='bbox 431 4025 679 4080; x_wconf 77' lang='lat' dir='ltr'><strong>Auditor.</strong></span> <span class='ocrx_word' id='word_1_267' title='bbox 698 4024 954 4082; x_wconf 85' lang='lat' dir='ltr'><strong>Fecimus</strong></span> <span class='ocrx_word' id='word_1_268' title='bbox 980 4026 1034 4082; x_wconf 90' lang='lat' dir='ltr'><strong>id</strong></span> <span class='ocrx_word' id='word_1_269' title='bbox 1061 4027 1207 4096; x_wconf 86' lang='lat' dir='ltr'><strong>quod</strong></span> <span class='ocrx_word' id='word_1_270' title='bbox 1230 4027 1400 4083; x_wconf 81' lang='lat' dir='ltr'><strong>semel</strong></span> <span class='ocrx_word' id='word_1_271' title='bbox 1429 4030 1760 4100; x_wconf 82' lang='lat' dir='ltr'><strong>recepimus.</strong></span> <span class='ocrx_word' id='word_1_272' title='bbox 1782 4029 1938 4087; x_wconf 79' lang='lat' dir='ltr'><strong>Mane</strong></span> 
     </span>
    </p>
   </div>
   <div class='ocr_carea' id='block_1_46' title="bbox 361 4115 1939 4183">
    <p class='ocr_par' dir='ltr' id='par_1_46' title="bbox 361 4115 1939 4183">
     <span class='ocr_line' id='line_1_46' title="bbox 361 4115 1939 4183; baseline 0.004 -14"><span class='ocrx_word' id='word_1_273' title='bbox 361 4118 717 4173; x_wconf 77' lang='lat' dir='ltr'><strong>convenimus</strong></span> <span class='ocrx_word' id='word_1_274' title='bbox 751 4118 806 4174; x_wconf 92' lang='lat' dir='ltr'><strong>in</strong></span> <span class='ocrx_word' id='word_1_275' title='bbox 850 4115 1159 4183; x_wconf 70' lang='lat' dir='ltr'><strong>ofﬁcinam,</strong></span> <span class='ocrx_word' id='word_1_276' title='bbox 1199 4130 1253 4175; x_wconf 89' lang='lat' dir='ltr'><strong>et</strong></span> <span class='ocrx_word' id='word_1_277' title='bbox 1297 4120 1551 4176; x_wconf 86' lang='lat' dir='ltr'><strong>sedentes</strong></span> <span class='ocrx_word' id='word_1_278' title='bbox 1580 4120 1939 4177; x_wconf 84' lang='lat' dir='ltr'><strong>Publicauuut</strong></span> 
     </span>
    </p>
   </div>
   <div class='ocr_carea' id='block_1_47' title="bbox 359 4209 1944 4283">
    <p class='ocr_par' dir='ltr' id='par_1_47' title="bbox 359 4209 1944 4283">
     <span class='ocr_line' id='line_1_47' title="bbox 359 4209 1944 4283; baseline 0.004 -19"><span class='ocrx_word' id='word_1_279' title='bbox 359 4213 831 4278; x_wconf 87' lang='lat' dir='ltr'><strong>exspectabantus,</strong></span> <span class='ocrx_word' id='word_1_280' title='bbox 886 4220 944 4266; x_wconf 88' lang='lat' dir='ltr'><strong>ut</strong></span> <span class='ocrx_word' id='word_1_281' title='bbox 968 4225 1093 4266; x_wconf 89' lang='lat' dir='ltr'><strong>cum</strong></span> <span class='ocrx_word' id='word_1_282' title='bbox 1130 4209 1314 4277; x_wconf 85' lang='lat' dir='ltr'><strong>Patre,</strong></span> <span class='ocrx_word' id='word_1_283' title='bbox 1352 4213 1430 4268; x_wconf 88' lang='lat' dir='ltr'><strong>uti</strong></span> <span class='ocrx_word' id='word_1_284' title='bbox 1459 4215 1810 4283; x_wconf 86' lang='lat' dir='ltr'><strong>promiserat,</strong></span> <span class='ocrx_word' id='word_1_285' title='bbox 1843 4217 1944 4271; x_wconf 89' lang='lat' dir='ltr'><strong>ad-</strong></span> 
     </span>
    </p>
   </div>
   <div class='ocr_carea' id='block_1_48' title="bbox 364 4298 1941 4360">
    <p class='ocr_par' dir='ltr' id='par_1_48' title="bbox 364 4298 1941 4360">
     <span class='ocr_line' id='line_1_48' title="bbox 364 4298 1941 4360; baseline 0.006 -10"><span class='ocrx_word' id='word_1_286' title='bbox 364 4300 595 4353; x_wconf 79' lang='lat' dir='ltr'><strong>veniret.</strong></span> <span class='ocrx_word' id='word_1_287' title='bbox 636 4298 700 4353; x_wconf 83' lang='lat' dir='ltr'><strong>Et</strong></span> <span class='ocrx_word' id='word_1_288' title='bbox 729 4301 877 4354; x_wconf 86' lang='lat' dir='ltr'><strong>circa</strong></span> <span class='ocrx_word' id='word_1_289' title='bbox 926 4299 1035 4356; x_wconf 89' lang='lat' dir='ltr'><strong>diei</strong></span> <span class='ocrx_word' id='word_1_290' title='bbox 1086 4300 1278 4356; x_wconf 80' lang='lat' dir='ltr'><strong>horam</strong></span> <span class='ocrx_word' id='word_1_291' title='bbox 1329 4304 1627 4359; x_wconf 86' lang='lat' dir='ltr'><strong>secundam</strong></span> <span class='ocrx_word' id='word_1_292' title='bbox 1671 4319 1778 4359; x_wconf 85' lang='lat' dir='ltr'><strong>una</strong></span> <span class='ocrx_word' id='word_1_293' title='bbox 1817 4322 1941 4360; x_wconf 84' lang='lat' dir='ltr'><strong>cum</strong></span> 
     </span>
    </p>
   </div>
   <div class='ocr_carea' id='block_1_49' title="bbox 362 4388 1941 4466">
    <p class='ocr_par' dir='ltr' id='par_1_49' title="bbox 362 4388 1941 4466">
     <span class='ocr_line' id='line_1_49' title="bbox 362 4388 1941 4466; baseline 0.006 -25"><span class='ocrx_word' id='word_1_294' title='bbox 362 4403 426 4441; x_wconf 88' lang='lat' dir='ltr'><strong>eo</strong></span> <span class='ocrx_word' id='word_1_295' title='bbox 467 4389 678 4444; x_wconf 85' lang='lat' dir='ltr'><strong>accedit</strong></span> <span class='ocrx_word' id='word_1_296' title='bbox 712 4388 1062 4461; x_wconf 71' lang='lat' dir='ltr'><strong>lihaccndyta</strong></span> <span class='ocrx_word' id='word_1_297' title='bbox 1116 4390 1338 4461; x_wconf 80' lang='lat' dir='ltr'><strong>quidam</strong></span> <span class='ocrx_word' id='word_1_298' title='bbox 1370 4432 1387 4459; x_wconf 93' lang='lat'><strong>,</strong></span> <span class='ocrx_word' id='word_1_299' title='bbox 1431 4395 1636 4465; x_wconf 82' lang='lat' dir='ltr'><strong>ingenti</strong></span> <span class='ocrx_word' id='word_1_300' title='bbox 1690 4412 1941 4466; x_wconf 90' lang='lat' dir='ltr'><strong>corpore,</strong></span> 
     </span>
    </p>
   </div>
   <div class='ocr_carea' id='block_1_50' title="bbox 366 4479 1943 4556">
    <p class='ocr_par' dir='ltr' id='par_1_50' title="bbox 366 4479 1943 4556">
     <span class='ocr_line' id='line_1_50' title="bbox 366 4479 1943 4556; baseline 0.007 -25"><span class='ocrx_word' id='word_1_301' title='bbox 366 4491 596 4536; x_wconf 84' lang='lat' dir='ltr'><strong>venusta</strong></span> <span class='ocrx_word' id='word_1_302' title='bbox 639 4479 799 4547; x_wconf 84' lang='lat' dir='ltr'><strong>facie,</strong></span> <span class='ocrx_word' id='word_1_303' title='bbox 831 4494 897 4537; x_wconf 88' lang='lat' dir='ltr'><strong>ac</strong></span> <span class='ocrx_word' id='word_1_304' title='bbox 943 4481 1169 4546; x_wconf 89' lang='lat' dir='ltr'><strong>decora.</strong></span> <span class='ocrx_word' id='word_1_305' title='bbox 1201 4485 1297 4539; x_wconf 90' lang='lat' dir='ltr'><strong>sed</strong></span> <span class='ocrx_word' id='word_1_306' title='bbox 1332 4500 1438 4538; x_wconf 91' lang='lat' dir='ltr'><strong>non</strong></span> <span class='ocrx_word' id='word_1_307' title='bbox 1486 4487 1715 4556; x_wconf 80' lang='lat' dir='ltr'><strong>integris</strong></span> <span class='ocrx_word' id='word_1_308' title='bbox 1748 4489 1943 4542; x_wconf 90' lang='lat' dir='ltr'><strong>oculis.</strong></span> 
     </span>
    </p>
   </div>
   <div class='ocr_carea' id='block_1_51' title="bbox 2020 876 3591 956">
    <p class='ocr_par' dir='ltr' id='par_1_51' title="bbox 2020 876 3591 956">
     <span class='ocr_line' id='line_1_51' title="bbox 2020 876 3591 956; baseline -0.005 -18"><span class='ocrx_word' id='word_1_309' title='bbox 2020 884 2231 956; x_wconf 75' lang='grc' dir='ltr'>συημεν</span> <span class='ocrx_word' id='word_1_310' title='bbox 2256 884 2368 938; x_wconf 84' lang='grc' dir='ltr'><strong>τῶν</strong></span> <span class='ocrx_word' id='word_1_311' title='bbox 2396 885 2667 938; x_wconf 80' lang='grc' dir='ltr'>Λατίνων.</span> <span class='ocrx_word' id='word_1_312' title='bbox 2687 881 2805 935; x_wconf 86' lang='grc' dir='ltr'>Νῦν</span> <span class='ocrx_word' id='word_1_313' title='bbox 2839 882 2885 947; x_wconf 83' lang='grc' dir='ltr'>δ’</span> <span class='ocrx_word' id='word_1_314' title='bbox 2934 878 3169 950; x_wconf 67' lang='grc' dir='ltr'>ἔναγχος</span> <span class='ocrx_word' id='word_1_315' title='bbox 3229 877 3448 940; x_wconf 78' lang='grc' dir='ltr'>σύνοδος</span> <span class='ocrx_word' id='word_1_316' title='bbox 3496 876 3591 945; x_wconf 81' lang='grc' dir='ltr'>γέ-</span> 
     </span>
    </p>
   </div>
   <div class='ocr_carea' id='block_1_52' title="bbox 2021 970 3589 1049">
    <p class='ocr_par' dir='ltr' id='par_1_52' title="bbox 2021 970 3589 1049">
     <span class='ocr_line' id='line_1_52' title="bbox 2021 970 3589 1049; baseline -0.005 -18"><span class='ocrx_word' id='word_1_317' title='bbox 2021 995 2181 1047; x_wconf 88' lang='grc' dir='ltr'>γονεν</span> <span class='ocrx_word' id='word_1_318' title='bbox 2234 979 2291 1032; x_wconf 74' lang='grc' dir='ltr'>ἐν</span> <span class='ocrx_word' id='word_1_319' title='bbox 2337 975 2654 1049; x_wconf 66' lang='grc' dir='ltr'>Φλωρεντίᾳ</span> <span class='ocrx_word' id='word_1_320' title='bbox 2702 978 2768 1045; x_wconf 73' lang='grc' dir='ltr'>τῇ</span> <span class='ocrx_word' id='word_1_321' title='bbox 2824 974 3001 1039; x_wconf 79' lang='grc' dir='ltr'>πόλει,</span> <span class='ocrx_word' id='word_1_322' title='bbox 3035 973 3321 1043; x_wconf 80' lang='grc' dir='ltr'><strong>παρόντων</strong></span> <span class='ocrx_word' id='word_1_323' title='bbox 3355 970 3589 1031; x_wconf 81' lang='grc' dir='ltr'>πολλῶν.</span> 
     </span>
    </p>
   </div>
   <div class='ocr_carea' id='block_1_53' title="bbox 2024 1066 3594 1142">
    <p class='ocr_par' dir='ltr' id='par_1_53' title="bbox 2024 1066 3594 1142">
     <span class='ocr_line' id='line_1_53' title="bbox 2024 1066 3594 1142; baseline -0.005 -16"><span class='ocrx_word' id='word_1_324' title='bbox 2024 1073 2122 1126; x_wconf 79' lang='grc' dir='ltr'>καὶ</span> <span class='ocrx_word' id='word_1_325' title='bbox 2138 1071 2435 1142; x_wconf 80' lang='grc' dir='ltr'>βασιλέως,</span> <span class='ocrx_word' id='word_1_326' title='bbox 2468 1071 2561 1127; x_wconf 84' lang='grc' dir='ltr'>καὶ</span> <span class='ocrx_word' id='word_1_327' title='bbox 2587 1070 2953 1141; x_wconf 69' lang='grc' dir='ltr'><strong>πατριάρχου,</strong></span> <span class='ocrx_word' id='word_1_328' title='bbox 2973 1070 3085 1122; x_wconf 69' lang='grc' dir='ltr'>καὶ</span> <span class='ocrx_word' id='word_1_329' title='bbox 3119 1066 3594 1136; x_wconf 78' lang='grc' dir='ltr'>ἁρχιεπισκόπων,</span> 
     </span>
    </p>
   </div>
   <div class='ocr_carea' id='block_1_54' title="bbox 2026 1158 3594 1234">
    <p class='ocr_par' dir='ltr' id='par_1_54' title="bbox 2026 1158 3594 1234">
     <span class='ocr_line' id='line_1_54' title="bbox 2026 1158 3594 1234; baseline -0.004 -16"><span class='ocrx_word' id='word_1_330' title='bbox 2026 1170 2125 1219; x_wconf 82' lang='grc' dir='ltr'>καὶ</span> <span class='ocrx_word' id='word_1_331' title='bbox 2176 1164 2524 1229; x_wconf 70' lang='grc' dir='ltr'>ἔπισκόπων,</span> <span class='ocrx_word' id='word_1_332' title='bbox 2554 1166 2649 1218; x_wconf 77' lang='grc' dir='ltr'>καὶ</span> <span class='ocrx_word' id='word_1_333' title='bbox 2680 1164 3029 1234; x_wconf 71' lang='grc' dir='ltr'>ἡγουμένων,</span> <span class='ocrx_word' id='word_1_334' title='bbox 3058 1160 3155 1215; x_wconf 77' lang='grc' dir='ltr'>καὶ</span> <span class='ocrx_word' id='word_1_335' title='bbox 3185 1158 3594 1231; x_wconf 70' lang='grc' dir='ltr'>σταυροφόρων.</span> 
     </span>
    </p>
   </div>
   <div class='ocr_carea' id='block_1_55' title="bbox 2024 1249 3595 1332">
    <p class='ocr_par' dir='ltr' id='par_1_55' title="bbox 2024 1249 3595 1332">
     <span class='ocr_line' id='line_1_55' title="bbox 2024 1249 3595 1332; baseline -0.003 -24"><span class='ocrx_word' id='word_1_336' title='bbox 2024 1258 2083 1311; x_wconf 73' lang='grc' dir='ltr'><strong>έν</strong></span> <span class='ocrx_word' id='word_1_337' title='bbox 2111 1249 2145 1332; x_wconf 76' lang='grc' dir='ltr'>ᾗ</span> <span class='ocrx_word' id='word_1_338' title='bbox 2172 1255 2584 1326; x_wconf 79' lang='grc' dir='ltr'><strong>συνεφώνησαν,</strong></span> <span class='ocrx_word' id='word_1_339' title='bbox 2616 1261 2712 1317; x_wconf 76' lang='grc' dir='ltr'><strong>καὶ</strong></span> <span class='ocrx_word' id='word_1_340' title='bbox 2758 1263 2930 1310; x_wconf 61' lang='lat' dir='ltr'><strong>sint!</strong></span> <span class='ocrx_word' id='word_1_341' title='bbox 2982 1261 3066 1312; x_wconf 68' lang='grc' dir='ltr'>ὅτι</span> <span class='ocrx_word' id='word_1_342' title='bbox 3120 1254 3216 1309; x_wconf 77' lang='grc' dir='ltr'>καὶ</span> <span class='ocrx_word' id='word_1_343' title='bbox 3265 1254 3315 1307; x_wconf 81' lang='lat' dir='ltr'><strong>oi</strong></span> <span class='ocrx_word' id='word_1_344' title='bbox 3376 1254 3595 1307; x_wconf 70' lang='grc' dir='ltr'>Δατῐνο.</span> 
     </span>
    </p>
   </div>
   <div class='ocr_carea' id='block_1_56' title="bbox 2024 1344 3596 1421">
    <p class='ocr_par' dir='ltr' id='par_1_56' title="bbox 2024 1344 3596 1421">
     <span class='ocr_line' id='line_1_56' title="bbox 2024 1344 3596 1421; baseline -0.004 -19"><span class='ocrx_word' id='word_1_345' title='bbox 2024 1348 2125 1420; x_wconf 76' lang='grc' dir='ltr'>τὴν</span> <span class='ocrx_word' id='word_1_346' title='bbox 2151 1349 2324 1420; x_wconf 77' lang='grc' dir='ltr'>αὐτὴν</span> <span class='ocrx_word' id='word_1_347' title='bbox 2354 1349 2570 1421; x_wconf 69' lang='grc' dir='ltr'>ἔχουσιν</span> <span class='ocrx_word' id='word_1_348' title='bbox 2593 1351 2729 1420; x_wconf 71' lang='grc' dir='ltr'>ἡμίν</span> <span class='ocrx_word' id='word_1_349' title='bbox 2768 1350 2992 1403; x_wconf 75' lang='grc' dir='ltr'>πίστιν..</span> <span class='ocrx_word' id='word_1_350' title='bbox 3029 1344 3301 1418; x_wconf 72' lang='grc' dir='ltr'>Ἦμεῐςδὶ</span> <span class='ocrx_word' id='word_1_351' title='bbox 3362 1344 3596 1414; x_wconf 77' lang='grc' dir='ltr'>λέγομεν</span> 
     </span>
    </p>
   </div>
   <div class='ocr_carea' id='block_1_57' title="bbox 2025 1432 3597 1512">
    <p class='ocr_par' dir='ltr' id='par_1_57' title="bbox 2025 1432 3597 1512">
     <span class='ocr_line' id='line_1_57' title="bbox 2025 1432 3597 1512; baseline -0.004 -17"><span class='ocrx_word' id='word_1_352' title='bbox 2025 1442 2112 1495; x_wconf 79' lang='grc' dir='ltr'>ὅτι</span> <span class='ocrx_word' id='word_1_353' title='bbox 2178 1441 2278 1496; x_wconf 86' lang='grc' dir='ltr'>οὐκ</span> <span class='ocrx_word' id='word_1_354' title='bbox 2331 1441 2580 1511; x_wconf 75' lang='grc' dir='ltr'>ῑπραξαν</span> <span class='ocrx_word' id='word_1_355' title='bbox 2634 1441 2841 1507; x_wconf 84' lang='grc' dir='ltr'>δίκαια,</span> <span class='ocrx_word' id='word_1_356' title='bbox 2871 1440 2983 1496; x_wconf 74' lang='grc' dir='ltr'>οὐδ’</span> <span class='ocrx_word' id='word_1_357' title='bbox 3027 1439 3224 1512; x_wconf 68' lang='grc' dir='ltr'><strong>ἀληθῆ.</strong></span> <span class='ocrx_word' id='word_1_358' title='bbox 3284 1435 3447 1493; x_wconf 86' lang='grc' dir='ltr'>οὗτοι</span> <span class='ocrx_word' id='word_1_359' title='bbox 3505 1432 3597 1489; x_wconf 84' lang='grc' dir='ltr'>οὖν</span> 
     </span>
    </p>
   </div>
   <div class='ocr_carea' id='block_1_58' title="bbox 2031 1528 3598 1605">
    <p class='ocr_par' dir='ltr' id='par_1_58' title="bbox 2031 1528 3598 1605">
     <span class='ocr_line' id='line_1_58' title="bbox 2031 1528 3598 1605; baseline -0.003 -18"><span class='ocrx_word' id='word_1_360' title='bbox 2031 1531 2356 1602; x_wconf 79' lang='grc' dir='ltr'>στέργουσιν</span> <span class='ocrx_word' id='word_1_361' title='bbox 2382 1534 2527 1604; x_wconf 76' lang='grc' dir='ltr'>ἅπερ</span> <span class='ocrx_word' id='word_1_362' title='bbox 2550 1534 2672 1588; x_wconf 65' lang='grc' dir='ltr'>ἐκεῖ</span> <span class='ocrx_word' id='word_1_363' title='bbox 2715 1533 2996 1605; x_wconf 65' lang='grc' dir='ltr'>ἐπράχθη,</span> <span class='ocrx_word' id='word_1_364' title='bbox 3041 1532 3139 1587; x_wconf 84' lang='grc' dir='ltr'>καὶ</span> <span class='ocrx_word' id='word_1_365' title='bbox 3188 1533 3480 1602; x_wconf 77' lang='grc' dir='ltr'>γεγόνασιν</span> <span class='ocrx_word' id='word_1_366' title='bbox 3504 1528 3598 1597; x_wconf 71' lang='lat' dir='ltr'><strong>dp-</strong></span> 
     </span>
    </p>
   </div>
   <div class='ocr_carea' id='block_1_59' title="bbox 2028 1626 2927 1700">
    <p class='ocr_par' dir='ltr' id='par_1_59' title="bbox 2028 1626 2927 1700">
     <span class='ocr_line' id='line_1_59' title="bbox 2028 1626 2927 1700; baseline 0.002 -21"><span class='ocrx_word' id='word_1_367' title='bbox 2028 1627 2190 1698; x_wconf 77' lang='grc' dir='ltr'>νηταὶ</span> <span class='ocrx_word' id='word_1_368' title='bbox 2218 1627 2318 1697; x_wconf 82' lang='grc' dir='ltr'>τῆς</span> <span class='ocrx_word' id='word_1_369' title='bbox 2347 1626 2635 1694; x_wconf 81' lang='grc' dir='ltr'>ὁρθοδόξου</span> <span class='ocrx_word' id='word_1_370' title='bbox 2666 1627 2927 1700; x_wconf 62' lang='grc' dir='ltr'>πίστεως,</span> 
     </span>
    </p>
   </div>
   <div class='ocr_carea' id='block_1_60' title="bbox 2100 1714 3600 1786">
    <p class='ocr_par' dir='ltr' id='par_1_60' title="bbox 2100 1714 3600 1786">
     <span class='ocr_line' id='line_1_60' title="bbox 2100 1714 3600 1786; baseline -0.001 -16"><span class='ocrx_word' id='word_1_371' title='bbox 2100 1716 2252 1771; x_wconf 70' lang='grc' dir='ltr'><strong>Εὑλ.</strong></span> <span class='ocrx_word' id='word_1_372' title='bbox 2279 1716 2393 1770; x_wconf 85' lang='grc' dir='ltr'>Νῦν</span> <span class='ocrx_word' id='word_1_373' title='bbox 2420 1714 2512 1770; x_wconf 80' lang='grc' dir='ltr'>οὖν</span> <span class='ocrx_word' id='word_1_374' title='bbox 2542 1717 2821 1786; x_wconf 83' lang='grc' dir='ltr'>ὰνάγομαι</span> <span class='ocrx_word' id='word_1_375' title='bbox 2875 1718 2987 1770; x_wconf 74' lang='grc' dir='ltr'><strong>ἀπὸ</strong></span> <span class='ocrx_word' id='word_1_376' title='bbox 3023 1716 3227 1785; x_wconf 84' lang='grc' dir='ltr'>μέρους</span> <span class='ocrx_word' id='word_1_377' title='bbox 3278 1715 3484 1768; x_wconf 71' lang='grc' dir='ltr'>ἐννοεῖν</span> <span class='ocrx_word' id='word_1_378' title='bbox 3533 1714 3600 1768; x_wconf 79' lang='grc' dir='ltr'>τὰ</span> 
     </span>
    </p>
   </div>
   <div class='ocr_carea' id='block_1_61' title="bbox 2031 1806 3600 1880">
    <p class='ocr_par' dir='ltr' id='par_1_61' title="bbox 2031 1806 3600 1880">
     <span class='ocr_line' id='line_1_61' title="bbox 2031 1806 3600 1880; baseline 0 -19"><span class='ocrx_word' id='word_1_379' title='bbox 2031 1808 2466 1879; x_wconf 64' lang='grc' dir='ltr'><strong>προλελεγμένα·</strong></span> <span class='ocrx_word' id='word_1_380' title='bbox 2499 1809 2609 1880; x_wconf 79' lang='grc' dir='ltr'>πρὸ</span> <span class='ocrx_word' id='word_1_381' title='bbox 2636 1809 2694 1862; x_wconf 80' lang='grc' dir='ltr'>δὲ</span> <span class='ocrx_word' id='word_1_382' title='bbox 2722 1808 2819 1863; x_wconf 88' lang='grc' dir='ltr'><strong>τοῦ</strong></span> <span class='ocrx_word' id='word_1_383' title='bbox 2837 1808 3073 1879; x_wconf 76' lang='grc' dir='ltr'>ζητῆσαι</span> <span class='ocrx_word' id='word_1_384' title='bbox 3102 1807 3246 1861; x_wconf 77' lang='grc' dir='ltr'>κατά</span> <span class='ocrx_word' id='word_1_385' title='bbox 3272 1806 3461 1878; x_wconf 85' lang='grc' dir='ltr'>μέρος,</span> <span class='ocrx_word' id='word_1_386' title='bbox 3481 1806 3600 1861; x_wconf 77' lang='grc' dir='ltr'>τίνα</span> 
     </span>
    </p>
   </div>
   <div class='ocr_carea' id='block_1_62' title="bbox 2028 1900 3601 1974">
    <p class='ocr_par' dir='ltr' id='par_1_62' title="bbox 2028 1900 3601 1974">
     <span class='ocr_line' id='line_1_62' title="bbox 2028 1900 3601 1974; baseline -0.001 -17"><span class='ocrx_word' id='word_1_387' title='bbox 2028 1901 2136 1957; x_wconf 67' lang='lat' dir='ltr'><strong>sisi.</strong></span> <span class='ocrx_word' id='word_1_388' title='bbox 2177 1901 2248 1958; x_wconf 77' lang='grc' dir='ltr'>τὰ</span> <span class='ocrx_word' id='word_1_389' title='bbox 2296 1902 2356 1957; x_wconf 78' lang='grc' dir='ltr'>ὲν</span> <span class='ocrx_word' id='word_1_390' title='bbox 2406 1902 2547 1974; x_wconf 75' lang='grc' dir='ltr'>αὐτῇ</span> <span class='ocrx_word' id='word_1_391' title='bbox 2603 1903 2995 1974; x_wconf 74' lang='grc' dir='ltr'>πεπραγμένα,</span> <span class='ocrx_word' id='word_1_392' title='bbox 3056 1900 3250 1971; x_wconf 80' lang='grc' dir='ltr'>έρωτῶ</span> <span class='ocrx_word' id='word_1_393' title='bbox 3284 1918 3343 1955; x_wconf 79' lang='grc' dir='ltr'><strong>σε</strong></span> <span class='ocrx_word' id='word_1_394' title='bbox 3381 1901 3601 1973; x_wconf 80' lang='grc' dir='ltr'>μικρόν.</span> 
     </span>
    </p>
   </div>
   <div class='ocr_carea' id='block_1_63' title="bbox 2026 1994 3601 2072">
    <p class='ocr_par' dir='ltr' id='par_1_63' title="bbox 2026 1994 3601 2072">
     <span class='ocr_line' id='line_1_63' title="bbox 2026 1994 3601 2072; baseline -0.003 -19"><span class='ocrx_word' id='word_1_395' title='bbox 2026 1997 2251 2070; x_wconf 88' lang='grc' dir='ltr'>Ταύτην</span> <span class='ocrx_word' id='word_1_396' title='bbox 2295 2000 2400 2072; x_wconf 75' lang='grc' dir='ltr'>τὴν</span> <span class='ocrx_word' id='word_1_397' title='bbox 2459 2000 2679 2053; x_wconf 82' lang='grc' dir='ltr'>σύνοδον</span> <span class='ocrx_word' id='word_1_398' title='bbox 2713 2000 2763 2054; x_wconf 84' lang='grc' dir='ltr'><strong>οι</strong></span> <span class='ocrx_word' id='word_1_399' title='bbox 2822 1998 3033 2057; x_wconf 75' lang='grc' dir='ltr'>δώδεκα</span> <span class='ocrx_word' id='word_1_400' title='bbox 3072 1998 3338 2069; x_wconf 79' lang='grc' dir='ltr'>ιπραξαν,</span> <span class='ocrx_word' id='word_1_401' title='bbox 3389 1994 3601 2067; x_wconf 72' lang='grc' dir='ltr'>ῆᾶλλοι</span> 
     </span>
    </p>
   </div>
   <div class='ocr_carea' id='block_1_64' title="bbox 2024 2090 2941 2161">
    <p class='ocr_par' dir='ltr' id='par_1_64' title="bbox 2024 2090 2941 2161">
     <span class='ocr_line' id='line_1_64' title="bbox 2024 2090 2941 2161; baseline 0.009 -20"><span class='ocrx_word' id='word_1_402' title='bbox 2024 2090 2169 2154; x_wconf 84' lang='grc' dir='ltr'>τινὲς</span> <span class='ocrx_word' id='word_1_403' title='bbox 2220 2092 2473 2161; x_wconf 81' lang='grc' dir='ltr'>μείζονες</span> <span class='ocrx_word' id='word_1_404' title='bbox 2500 2091 2710 2147; x_wconf 82' lang='grc' dir='ltr'>τούτων</span> <span class='ocrx_word' id='word_1_405' title='bbox 2937 2144 2941 2149; x_wconf 83' lang='grc'><strong>,</strong></span> 
     </span>
    </p>
   </div>
   <div class='ocr_carea' id='block_1_65' title="bbox 2103 2181 3150 2252">
    <p class='ocr_par' dir='ltr' id='par_1_65' title="bbox 2103 2181 3150 2252">
     <span class='ocr_line' id='line_1_65' title="bbox 2103 2181 3150 2252; baseline -0.003 -13"><span class='ocrx_word' id='word_1_406' title='bbox 2103 2184 2237 2243; x_wconf 73' lang='grc' dir='ltr'>Τελ.</span> <span class='ocrx_word' id='word_1_407' title='bbox 2261 2181 2530 2246; x_wconf 80' lang='grc' dir='ltr'>Μείζονες</span> <span class='ocrx_word' id='word_1_408' title='bbox 2563 2182 2745 2249; x_wconf 73' lang='grc' dir='ltr'>αὐτῶν</span> <span class='ocrx_word' id='word_1_409' title='bbox 2770 2183 3150 2252; x_wconf 78' lang='grc' dir='ltr'>ἀσυγκρίτως.</span> 
     </span>
    </p>
   </div>
   <div class='ocr_carea' id='block_1_66' title="bbox 2102 2359 3601 2434">
    <p class='ocr_par' dir='ltr' id='par_1_66' title="bbox 2102 2359 3601 2434">
     <span class='ocr_line' id='line_1_66' title="bbox 2102 2359 3601 2434; baseline 0.001 -21"><span class='ocrx_word' id='word_1_410' title='bbox 2102 2360 2249 2416; x_wconf 63' lang='lat' dir='ltr'><strong>EN.</strong></span> <span class='ocrx_word' id='word_1_411' title='bbox 2282 2362 2397 2419; x_wconf 78' lang='grc' dir='ltr'><strong>Καὶ</strong></span> <span class='ocrx_word' id='word_1_412' title='bbox 2436 2362 2648 2428; x_wconf 81' lang='grc' dir='ltr'>τούτοις</span> <span class='ocrx_word' id='word_1_413' title='bbox 2685 2364 2867 2434; x_wconf 71' lang='grc' dir='ltr'>μόνοις</span> <span class='ocrx_word' id='word_1_414' title='bbox 2921 2362 3173 2431; x_wconf 69' lang='grc' dir='ltr'>ἑγκαλεῖς</span> <span class='ocrx_word' id='word_1_415' title='bbox 3199 2362 3274 2425; x_wconf 81' lang='grc' dir='ltr'>ὥς</span> <span class='ocrx_word' id='word_1_416' title='bbox 3305 2359 3601 2430; x_wconf 58' lang='lat' dir='ltr'><strong>ductariu-</strong></span> 
     </span>
    </p>
   </div>
   <div class='ocr_carea' id='block_1_67' title="bbox 2029 2455 2771 2527">
    <p class='ocr_par' dir='ltr' id='par_1_67' title="bbox 2029 2455 2771 2527">
     <span class='ocr_line' id='line_1_67' title="bbox 2029 2455 2771 2527; baseline 0.004 -19"><span class='ocrx_word' id='word_1_417' title='bbox 2029 2471 2127 2520; x_wconf 90' lang='grc' dir='ltr'><strong>τας</strong></span> <span class='ocrx_word' id='word_1_418' title='bbox 2154 2455 2366 2527; x_wconf 78' lang='grc' dir='ltr'>αὐτοῖς,</span> <span class='ocrx_word' id='word_1_419' title='bbox 2400 2456 2433 2527; x_wconf 82' lang='grc' dir='ltr'>ἢ</span> <span class='ocrx_word' id='word_1_420' title='bbox 2459 2458 2731 2521; x_wconf 82' lang='grc' dir='ltr'>κάκείνοις</span> <span class='ocrx_word' id='word_1_421' title='bbox 2754 2474 2771 2525; x_wconf 86' lang='lat'><strong>;</strong></span> 
     </span>
    </p>
   </div>
   <div class='ocr_carea' id='block_1_68' title="bbox 2105 2548 2966 2614">
    <p class='ocr_par' dir='ltr' id='par_1_68' title="bbox 2105 2548 2966 2614">
     <span class='ocr_line' id='line_1_68' title="bbox 2105 2548 2966 2614; baseline 0 -11"><span class='ocrx_word' id='word_1_422' title='bbox 2105 2551 2237 2604; x_wconf 68' lang='lat' dir='ltr'><strong>T81.</strong></span> <span class='ocrx_word' id='word_1_423' title='bbox 2270 2548 2381 2602; x_wconf 71' lang='grc' dir='ltr'><strong>Καὶ</strong></span> <span class='ocrx_word' id='word_1_424' title='bbox 2398 2548 2635 2614; x_wconf 81' lang='grc' dir='ltr'>τούτοις,</span> <span class='ocrx_word' id='word_1_425' title='bbox 2675 2549 2966 2612; x_wconf 76' lang='grc' dir='ltr'>κάκείνοις.</span> 
     </span>
    </p>
   </div>
   <div class='ocr_carea' id='block_1_69' title="bbox 2104 2639 3605 2714">
    <p class='ocr_par' dir='ltr' id='par_1_69' title="bbox 2104 2639 3605 2714">
     <span class='ocr_line' id='line_1_69' title="bbox 2104 2639 3605 2714; baseline 0.002 -21"><span class='ocrx_word' id='word_1_426' title='bbox 2104 2639 2256 2694; x_wconf 68' lang='grc' dir='ltr'><strong>Εὑλ.</strong></span> <span class='ocrx_word' id='word_1_427' title='bbox 2287 2639 2462 2696; x_wconf 77' lang='grc' dir='ltr'>Τοῦτό</span> <span class='ocrx_word' id='word_1_428' title='bbox 2497 2642 2671 2710; x_wconf 71' lang='grc' dir='ltr'>ἔστιν,</span> <span class='ocrx_word' id='word_1_429' title='bbox 2699 2643 2841 2713; x_wconf 80' lang='grc' dir='ltr'>ὅπερ</span> <span class='ocrx_word' id='word_1_430' title='bbox 2874 2643 3062 2711; x_wconf 75' lang='grc' dir='ltr'>ἔλεγον</span> <span class='ocrx_word' id='word_1_431' title='bbox 3092 2642 3398 2714; x_wconf 81' lang='grc' dir='ltr'>καταρχὰς,</span> <span class='ocrx_word' id='word_1_432' title='bbox 3430 2643 3513 2696; x_wconf 85' lang='grc' dir='ltr'>ὅτι</span> <span class='ocrx_word' id='word_1_433' title='bbox 3542 2644 3605 2696; x_wconf 88' lang='grc' dir='ltr'><strong>ού</strong></span> 
     </span>
    </p>
   </div>
   <div class='ocr_carea' id='block_1_70' title="bbox 2030 2732 3046 2807">
    <p class='ocr_par' dir='ltr' id='par_1_70' title="bbox 2030 2732 3046 2807">
     <span class='ocr_line' id='line_1_70' title="bbox 2030 2732 3046 2807; baseline 0.007 -23"><span class='ocrx_word' id='word_1_434' title='bbox 2030 2732 2268 2801; x_wconf 70' lang='grc' dir='ltr'>δύναμαι</span> <span class='ocrx_word' id='word_1_435' title='bbox 2298 2733 2523 2803; x_wconf 86' lang='grc' dir='ltr'>γνῶναι,</span> <span class='ocrx_word' id='word_1_436' title='bbox 2549 2734 2695 2805; x_wconf 80' lang='grc' dir='ltr'>άπερ</span> <span class='ocrx_word' id='word_1_437' title='bbox 2720 2753 2812 2805; x_wconf 90' lang='grc' dir='ltr'><strong>μοι</strong></span> <span class='ocrx_word' id='word_1_438' title='bbox 2844 2736 3046 2807; x_wconf 77' lang='grc' dir='ltr'>λέγεις.</span> 
     </span>
    </p>
   </div>
   <div class='ocr_carea' id='block_1_71' title="bbox 2110 2829 2593 2899">
    <p class='ocr_par' dir='ltr' id='par_1_71' title="bbox 2110 2829 2593 2899">
     <span class='ocr_line' id='line_1_71' title="bbox 2110 2829 2593 2899; baseline 0.004 -19"><span class='ocrx_word' id='word_1_439' title='bbox 2110 2829 2236 2880; x_wconf 75' lang='grc' dir='ltr'>Τελ.</span> <span class='ocrx_word' id='word_1_440' title='bbox 2262 2830 2361 2882; x_wconf 82' lang='grc' dir='ltr'><strong>Διὰ</strong></span> <span class='ocrx_word' id='word_1_441' title='bbox 2393 2829 2445 2880; x_wconf 92' lang='grc' dir='ltr'><strong>τί</strong></span> <span class='ocrx_word' id='word_1_442' title='bbox 2481 2829 2545 2899; x_wconf 84' lang='grc' dir='ltr'>δή</span> <span class='ocrx_word' id='word_1_443' title='bbox 2578 2846 2593 2894; x_wconf 86' lang='lat'><strong>;</strong></span> 
     </span>
    </p>
   </div>
   <div class='ocr_carea' id='block_1_72' title="bbox 2098 2919 3606 2993">
    <p class='ocr_par' dir='ltr' id='par_1_72' title="bbox 2098 2919 3606 2993">
     <span class='ocr_line' id='line_1_72' title="bbox 2098 2919 3606 2993; baseline 0.006 -22"><span class='ocrx_word' id='word_1_444' title='bbox 2098 2920 2250 2973; x_wconf 75' lang='grc' dir='ltr'><strong>Εὺλ.</strong></span> <span class='ocrx_word' id='word_1_445' title='bbox 2303 2919 2448 2973; x_wconf 76' lang='grc' dir='ltr'>Διὸτι</span> <span class='ocrx_word' id='word_1_446' title='bbox 2503 2922 2563 2974; x_wconf 89' lang='grc' dir='ltr'><strong>ού</strong></span> <span class='ocrx_word' id='word_1_447' title='bbox 2625 2923 2739 2985; x_wconf 79' lang='grc' dir='ltr'>τοῖς</span> <span class='ocrx_word' id='word_1_448' title='bbox 2793 2921 3010 2977; x_wconf 80' lang='grc' dir='ltr'>δώδεκα</span> <span class='ocrx_word' id='word_1_449' title='bbox 3070 2924 3252 2993; x_wconf 79' lang='grc' dir='ltr'>μόνον,</span> <span class='ocrx_word' id='word_1_450' title='bbox 3322 2924 3461 2976; x_wconf 73' lang='grc' dir='ltr'>ἀλλὰ</span> <span class='ocrx_word' id='word_1_451' title='bbox 3516 2924 3606 2980; x_wconf 64' lang='grc' dir='ltr'>καὶ</span> 
     </span>
    </p>
   </div>
   <div class='ocr_carea' id='block_1_73' title="bbox 2034 3007 3609 3081">
    <p class='ocr_par' dir='ltr' id='par_1_73' title="bbox 2034 3007 3609 3081">
     <span class='ocr_line' id='line_1_73' title="bbox 2034 3007 3609 3081; baseline 0.002 -19"><span class='ocrx_word' id='word_1_452' title='bbox 2034 3011 2185 3080; x_wconf 77' lang='grc' dir='ltr'>πάσῃ</span> <span class='ocrx_word' id='word_1_453' title='bbox 2227 3012 2293 3079; x_wconf 76' lang='grc' dir='ltr'>τῇ</span> <span class='ocrx_word' id='word_1_454' title='bbox 2340 3010 2700 3081; x_wconf 75' lang='grc' dir='ltr'>οίκουμενικῇ</span> <span class='ocrx_word' id='word_1_455' title='bbox 2734 3011 2941 3080; x_wconf 77' lang='grc' dir='ltr'>συνόδῳ</span> <span class='ocrx_word' id='word_1_456' title='bbox 2969 3013 3241 3080; x_wconf 72' lang='grc' dir='ltr'>ἐγκαλεῖς.</span> <span class='ocrx_word' id='word_1_457' title='bbox 3273 3013 3383 3066; x_wconf 83' lang='lat' dir='ltr'><strong>Kal.</strong></span> <span class='ocrx_word' id='word_1_458' title='bbox 3412 3012 3498 3076; x_wconf 91' lang='grc' dir='ltr'><strong>τίς</strong></span> <span class='ocrx_word' id='word_1_459' title='bbox 3561 3007 3609 3065; x_wconf 67' lang='grc' dir='ltr'>ετ</span> 
     </span>
    </p>
   </div>
   <div class='ocr_carea' id='block_1_74' title="bbox 2036 3104 3193 3177">
    <p class='ocr_par' dir='ltr' id='par_1_74' title="bbox 2036 3104 3193 3177">
     <span class='ocr_line' id='line_1_74' title="bbox 2036 3104 3193 3177; baseline 0.005 -23"><span class='ocrx_word' id='word_1_460' title='bbox 2036 3104 2100 3154; x_wconf 81' lang='grc' dir='ltr'>σὺ</span> <span class='ocrx_word' id='word_1_461' title='bbox 2130 3104 2157 3155; x_wconf 86' lang='grc' dir='ltr'>ὁ</span> <span class='ocrx_word' id='word_1_462' title='bbox 2188 3105 2254 3172; x_wconf 75' lang='grc' dir='ltr'>τῇ</span> <span class='ocrx_word' id='word_1_463' title='bbox 2289 3104 2649 3177; x_wconf 75' lang='grc' dir='ltr'>οἱκουμενικῇ</span> <span class='ocrx_word' id='word_1_464' title='bbox 2682 3105 2888 3174; x_wconf 77' lang='grc' dir='ltr'>συνόδῳ</span> <span class='ocrx_word' id='word_1_465' title='bbox 2917 3106 3193 3175; x_wconf 69' lang='grc' dir='ltr'>ἐγκαλῶν.</span> 
     </span>
    </p>
   </div>
   <div class='ocr_carea' id='block_1_75' title="bbox 1960 3196 3256 3281">
    <p class='ocr_par' dir='ltr' id='par_1_75' title="bbox 1960 3196 3256 3281">
     <span class='ocr_line' id='line_1_75' title="bbox 1960 3196 3256 3281; baseline 0.004 -31"><span class='ocrx_word' id='word_1_466' title='bbox 1960 3220 2006 3281; x_wconf 77' lang='lat' dir='ltr'>C</span> <span class='ocrx_word' id='word_1_467' title='bbox 2112 3200 2243 3251; x_wconf 73' lang='grc' dir='ltr'>Τελ.</span> <span class='ocrx_word' id='word_1_468' title='bbox 2277 3197 2343 3249; x_wconf 84' lang='lat' dir='ltr'><strong>0i</strong></span> <span class='ocrx_word' id='word_1_469' title='bbox 2366 3196 2613 3267; x_wconf 75' lang='grc' dir='ltr'>Πατέρες</span> <span class='ocrx_word' id='word_1_470' title='bbox 2645 3214 2749 3269; x_wconf 90' lang='grc' dir='ltr'><strong>μου</strong></span> <span class='ocrx_word' id='word_1_471' title='bbox 2781 3199 2957 3253; x_wconf 85' lang='grc' dir='ltr'>ταῦτα</span> <span class='ocrx_word' id='word_1_472' title='bbox 2982 3198 3256 3267; x_wconf 84' lang='grc' dir='ltr'>λέγουσιν.</span> 
     </span>
    </p>
   </div>
   <div class='ocr_carea' id='block_1_76' title="bbox 2110 3286 3601 3359">
    <p class='ocr_par' dir='ltr' id='par_1_76' title="bbox 2110 3286 3601 3359">
     <span class='ocr_line' id='line_1_76' title="bbox 2110 3286 3601 3359; baseline 0.001 -18"><span class='ocrx_word' id='word_1_473' title='bbox 2110 3286 2264 3346; x_wconf 73' lang='grc' dir='ltr'><strong>Εὑλ.</strong></span> <span class='ocrx_word' id='word_1_474' title='bbox 2292 3288 2521 3343; x_wconf 81' lang='grc' dir='ltr'>Ἤθελον</span> <span class='ocrx_word' id='word_1_475' title='bbox 2574 3288 2779 3343; x_wconf 80' lang='grc' dir='ltr'>ειδέναι</span> <span class='ocrx_word' id='word_1_476' title='bbox 2815 3289 2973 3358; x_wconf 78' lang='grc' dir='ltr'><strong>κάγὼ</strong></span> <span class='ocrx_word' id='word_1_477' title='bbox 3006 3291 3136 3352; x_wconf 75' lang='grc' dir='ltr'>τοὺς</span> <span class='ocrx_word' id='word_1_478' title='bbox 3190 3292 3439 3359; x_wconf 81' lang='grc' dir='ltr'>Πατέρας</span> <span class='ocrx_word' id='word_1_479' title='bbox 3474 3291 3601 3346; x_wconf 77' lang='grc' dir='ltr'>ὲκεί-</span> 
     </span>
    </p>
   </div>
   <div class='ocr_carea' id='block_1_77' title="bbox 2039 3379 3613 3451">
    <p class='ocr_par' dir='ltr' id='par_1_77' title="bbox 2039 3379 3613 3451">
     <span class='ocr_line' id='line_1_77' title="bbox 2039 3379 3613 3451; baseline 0.003 -20"><span class='ocrx_word' id='word_1_480' title='bbox 2039 3395 2185 3440; x_wconf 83' lang='grc' dir='ltr'>νους,</span> <span class='ocrx_word' id='word_1_481' title='bbox 2224 3380 2318 3431; x_wconf 84' lang='grc' dir='ltr'>καὶ</span> <span class='ocrx_word' id='word_1_482' title='bbox 2369 3380 2501 3449; x_wconf 76' lang='grc' dir='ltr'>παρ’</span> <span class='ocrx_word' id='word_1_483' title='bbox 2555 3379 2736 3433; x_wconf 73' lang='grc' dir='ltr'>αὐτῶν</span> <span class='ocrx_word' id='word_1_484' title='bbox 2767 3379 3025 3445; x_wconf 80' lang='grc' dir='ltr'>ἀκοῦσαι,</span> <span class='ocrx_word' id='word_1_485' title='bbox 3058 3382 3152 3436; x_wconf 79' lang='grc' dir='ltr'>καὶ</span> <span class='ocrx_word' id='word_1_486' title='bbox 3200 3382 3394 3451; x_wconf 70' lang='grc' dir='ltr'>μαθεῖν</span> <span class='ocrx_word' id='word_1_487' title='bbox 3460 3382 3513 3433; x_wconf 86' lang='grc' dir='ltr'><strong>τί</strong></span> <span class='ocrx_word' id='word_1_488' title='bbox 3556 3384 3613 3435; x_wconf 84' lang='grc' dir='ltr'>τὸ</span> 
     </span>
    </p>
   </div>
   <div class='ocr_carea' id='block_1_78' title="bbox 2040 3469 3615 3544">
    <p class='ocr_par' dir='ltr' id='par_1_78' title="bbox 2040 3469 3615 3544">
     <span class='ocr_line' id='line_1_78' title="bbox 2040 3469 3615 3544; baseline 0.003 -22"><span class='ocrx_word' id='word_1_489' title='bbox 2040 3469 2330 3541; x_wconf 83' lang='grc' dir='ltr'>πρεπῶδές</span> <span class='ocrx_word' id='word_1_490' title='bbox 2378 3471 2551 3536; x_wconf 73' lang='grc' dir='ltr'>ἐστιν,</span> <span class='ocrx_word' id='word_1_491' title='bbox 2612 3470 2920 3542; x_wconf 81' lang='grc' dir='ltr'>ἀπέχεσθαι</span> <span class='ocrx_word' id='word_1_492' title='bbox 2968 3471 3002 3542; x_wconf 74' lang='grc' dir='ltr'><strong>ἢ</strong></span> <span class='ocrx_word' id='word_1_493' title='bbox 3053 3474 3463 3544; x_wconf 77' lang='grc' dir='ltr'>προσεγγίζειν,</span> <span class='ocrx_word' id='word_1_494' title='bbox 3520 3476 3615 3527; x_wconf 73' lang='grc' dir='ltr'>καὶ</span> 
     </span>
    </p>
   </div>
   <div class='ocr_carea' id='block_1_79' title="bbox 2041 3562 3261 3636">
    <p class='ocr_par' dir='ltr' id='par_1_79' title="bbox 2041 3562 3261 3636">
     <span class='ocr_line' id='line_1_79' title="bbox 2041 3562 3261 3636; baseline 0.005 -21"><span class='ocrx_word' id='word_1_495' title='bbox 2041 3563 2291 3617; x_wconf 76' lang='grc' dir='ltr'>ἑνοῦσθαι</span> <span class='ocrx_word' id='word_1_496' title='bbox 2344 3563 2380 3634; x_wconf 70' lang='grc' dir='ltr'>ἢ</span> <span class='ocrx_word' id='word_1_497' title='bbox 2411 3564 2744 3635; x_wconf 78' lang='grc' dir='ltr'>διαιρεῖσθαι</span> <span class='ocrx_word' id='word_1_498' title='bbox 2772 3565 2873 3636; x_wconf 76' lang='grc' dir='ltr'>τῆς</span> <span class='ocrx_word' id='word_1_499' title='bbox 2911 3562 3261 3635; x_wconf 82' lang='grc' dir='ltr'>Ἐκκλησίας.</span> 
     </span>
    </p>
   </div>
   <div class='ocr_carea' id='block_1_80' title="bbox 2116 3651 2674 3726">
    <p class='ocr_par' dir='ltr' id='par_1_80' title="bbox 2116 3651 2674 3726">
     <span class='ocr_line' id='line_1_80' title="bbox 2116 3651 2674 3726; baseline 0.007 -19"><span class='ocrx_word' id='word_1_500' title='bbox 2116 3651 2251 3708; x_wconf 71' lang='grc' dir='ltr'>Τελ.</span> <span class='ocrx_word' id='word_1_501' title='bbox 2289 3654 2551 3724; x_wconf 75' lang='grc' dir='ltr'>Ἄγωμεν</span> <span class='ocrx_word' id='word_1_502' title='bbox 2584 3654 2674 3726; x_wconf 82' lang='grc' dir='ltr'><strong>δή.</strong></span> 
     </span>
    </p>
   </div>
   <div class='ocr_carea' id='block_1_81' title="bbox 2110 3743 3615 3822">
    <p class='ocr_par' dir='ltr' id='par_1_81' title="bbox 2110 3743 3615 3822">
     <span class='ocr_line' id='line_1_81' title="bbox 2110 3743 3615 3822; baseline 0.005 -25"><span class='ocrx_word' id='word_1_503' title='bbox 2110 3743 2264 3801; x_wconf 71' lang='grc' dir='ltr'><strong>Εὐλ.</strong></span> <span class='ocrx_word' id='word_1_504' title='bbox 2294 3746 2356 3800; x_wconf 80' lang='grc' dir='ltr'><strong>Εἰ</strong></span> <span class='ocrx_word' id='word_1_505' title='bbox 2383 3745 2562 3807; x_wconf 71' lang='grc' dir='ltr'>θέλεις</span> <span class='ocrx_word' id='word_1_506' title='bbox 2588 3746 2933 3819; x_wconf 73' lang='grc' dir='ltr'>χαρίσασθαι</span> <span class='ocrx_word' id='word_1_507' title='bbox 2973 3765 3089 3817; x_wconf 86' lang='grc' dir='ltr'>μοι,</span> <span class='ocrx_word' id='word_1_508' title='bbox 3126 3749 3259 3822; x_wconf 78' lang='grc' dir='ltr'>φέρε</span> <span class='ocrx_word' id='word_1_509' title='bbox 3316 3767 3408 3821; x_wconf 88' lang='grc' dir='ltr'><strong>μοι</strong></span> <span class='ocrx_word' id='word_1_510' title='bbox 3449 3751 3615 3806; x_wconf 68' lang='grc' dir='ltr'>αὔτ’,ν</span> 
     </span>
    </p>
   </div>
   <div class='ocr_carea' id='block_1_82' title="bbox 2041 3830 2167 3892">
    <p class='ocr_par' dir='ltr' id='par_1_82' title="bbox 2041 3830 2167 3892">
     <span class='ocr_line' id='line_1_82' title="bbox 2041 3830 2167 3892; baseline -0.008 0"><span class='ocrx_word' id='word_1_511' title='bbox 2041 3830 2167 3892; x_wconf 81' lang='grc' dir='ltr'>ὧδε.</span> 
     </span>
    </p>
   </div>
   <div class='ocr_carea' id='block_1_83' title="bbox 2120 3930 3159 4007">
    <p class='ocr_par' dir='ltr' id='par_1_83' title="bbox 2120 3930 3159 4007">
     <span class='ocr_line' id='line_1_83' title="bbox 2120 3930 3159 4007; baseline 0.011 -25"><span class='ocrx_word' id='word_1_512' title='bbox 2120 3932 2251 3984; x_wconf 66' lang='lat' dir='ltr'><strong>Tel.</strong></span> <span class='ocrx_word' id='word_1_513' title='bbox 2299 3930 2593 4001; x_wconf 70' lang='grc' dir='ltr'>Ἀγά-ίοιμι</span> <span class='ocrx_word' id='word_1_514' title='bbox 2611 3932 2675 3985; x_wconf 81' lang='grc' dir='ltr'>Ξιν</span> <span class='ocrx_word' id='word_1_515' title='bbox 2693 3932 2763 3987; x_wconf 81' lang='grc' dir='ltr'>αὑ</span> <span class='ocrx_word' id='word_1_516' title='bbox 2776 3934 2858 3987; x_wconf 68' lang='grc' dir='ltr'><strong>τὸν</strong></span> <span class='ocrx_word' id='word_1_517' title='bbox 2886 3932 2967 4003; x_wconf 83' lang='grc' dir='ltr'><strong>τῷ</strong></span> <span class='ocrx_word' id='word_1_518' title='bbox 2992 3934 3159 4007; x_wconf 63' lang='grc' dir='ltr'>πρωῒ.</span> 
     </span>
    </p>
   </div>
   <div class='ocr_carea' id='block_1_84' title="bbox 2129 4023 3619 4105">
    <p class='ocr_par' dir='ltr' id='par_1_84' title="bbox 2129 4023 3619 4105">
     <span class='ocr_line' id='line_1_84' title="bbox 2129 4023 3619 4105; baseline 0.006 -25"><span class='ocrx_word' id='word_1_519' title='bbox 2129 4023 2464 4094; x_wconf 77' lang='grc' dir='ltr'>Ἀκρεατής.</span> <span class='ocrx_word' id='word_1_520' title='bbox 2500 4028 2651 4083; x_wconf 69' lang='grc' dir='ltr'>Κατὰ</span> <span class='ocrx_word' id='word_1_521' title='bbox 2702 4029 2800 4100; x_wconf 75' lang='grc' dir='ltr'>τὴν</span> <span class='ocrx_word' id='word_1_522' title='bbox 2840 4035 2940 4105; x_wconf 67' lang='grc' dir='ltr'>ήδη</span> <span class='ocrx_word' id='word_1_523' title='bbox 2993 4033 3453 4103; x_wconf 66' lang='grc' dir='ltr'>συμφωηθεῖσαν</span> <span class='ocrx_word' id='word_1_524' title='bbox 3492 4033 3619 4089; x_wconf 68' lang='grc' dir='ltr'><strong>ὑπό·</strong></span> 
     </span>
    </p>
   </div>
   <div class='ocr_carea' id='block_1_85' title="bbox 2048 4118 3622 4197">
    <p class='ocr_par' dir='ltr' id='par_1_85' title="bbox 2048 4118 3622 4197">
     <span class='ocr_line' id='line_1_85' title="bbox 2048 4118 3622 4197; baseline 0.005 -27"><span class='ocrx_word' id='word_1_525' title='bbox 2048 4135 2236 4189; x_wconf 83' lang='grc' dir='ltr'>σχεσιν</span> <span class='ocrx_word' id='word_1_526' title='bbox 2264 4118 2343 4187; x_wconf 86' lang='grc' dir='ltr'>τῷ</span> <span class='ocrx_word' id='word_1_527' title='bbox 2384 4120 2530 4190; x_wconf 74' lang='grc' dir='ltr'>πρωϊ</span> <span class='ocrx_word' id='word_1_528' title='bbox 2571 4122 2912 4196; x_wconf 72' lang='grc' dir='ltr'>συνήλϋομεν</span> <span class='ocrx_word' id='word_1_529' title='bbox 2959 4126 3019 4177; x_wconf 78' lang='grc' dir='ltr'>ἐν</span> <span class='ocrx_word' id='word_1_530' title='bbox 3072 4123 3151 4195; x_wconf 80' lang='grc' dir='ltr'><strong>τῷ</strong></span> <span class='ocrx_word' id='word_1_531' title='bbox 3200 4125 3469 4197; x_wconf 68' lang='grc' dir='ltr'>ἐμπορίῳ,</span> <span class='ocrx_word' id='word_1_532' title='bbox 3524 4128 3622 4181; x_wconf 79' lang='grc' dir='ltr'>καὶ</span> 
     </span>
    </p>
   </div>
   <div class='ocr_carea' id='block_1_86' title="bbox 2047 4199 3622 4291">
    <p class='ocr_par' dir='ltr' id='par_1_86' title="bbox 2047 4199 3622 4291">
     <span class='ocr_line' id='line_1_86' title="bbox 2047 4199 3622 4291; baseline 0.007 -27"><span class='ocrx_word' id='word_1_533' title='bbox 2047 4212 2346 4281; x_wconf 76' lang='grc' dir='ltr'>καθήμενοι</span> <span class='ocrx_word' id='word_1_534' title='bbox 2412 4213 2776 4285; x_wconf 74' lang='grc' dir='ltr'>ἐξεδεχόμεθα</span> <span class='ocrx_word' id='word_1_535' title='bbox 2836 4218 2929 4272; x_wconf 75' lang='grc' dir='ltr'>τὸν</span> <span class='ocrx_word' id='word_1_536' title='bbox 2988 4218 3229 4290; x_wconf 76' lang='grc' dir='ltr'>τελώνην</span> <span class='ocrx_word' id='word_1_537' title='bbox 3270 4199 3473 4274; x_wconf 76' lang='grc' dir='ltr'>ιλοετν’</span> <span class='ocrx_word' id='word_1_538' title='bbox 3500 4221 3622 4291; x_wconf 84' lang='grc' dir='ltr'>μετ’</span> 
     </span>
    </p>
   </div>
   <div class='ocr_carea' id='block_1_87' title="bbox 2048 4299 3622 4385">
    <p class='ocr_par' dir='ltr' id='par_1_87' title="bbox 2048 4299 3622 4385">
     <span class='ocr_line' id='line_1_87' title="bbox 2048 4299 3622 4385; baseline 0.006 -27"><span class='ocrx_word' id='word_1_539' title='bbox 2048 4299 2111 4358; x_wconf 74' lang='grc' dir='ltr'><strong>οὗ</strong></span> <span class='ocrx_word' id='word_1_540' title='bbox 2144 4304 2361 4373; x_wconf 75' lang='grc' dir='ltr'>Πατρδς</span> <span class='ocrx_word' id='word_1_541' title='bbox 2388 4305 2687 4378; x_wconf 81' lang='grc' dir='ltr'>ὑπεσχέθη’</span> <span class='ocrx_word' id='word_1_542' title='bbox 2728 4312 2823 4365; x_wconf 83' lang='grc' dir='ltr'><strong>καί</strong></span> <span class='ocrx_word' id='word_1_543' title='bbox 2855 4310 2965 4366; x_wconf 76' lang='grc' dir='ltr'>ἰδοὺ</span> <span class='ocrx_word' id='word_1_544' title='bbox 2997 4312 3127 4382; x_wconf 74' lang='grc' dir='ltr'>περὶ</span> <span class='ocrx_word' id='word_1_545' title='bbox 3160 4309 3312 4380; x_wconf 82' lang='grc' dir='ltr'>ὥραν</span> <span class='ocrx_word' id='word_1_546' title='bbox 3337 4314 3438 4383; x_wconf 80' lang='grc' dir='ltr'><strong>τῆς</strong></span> <span class='ocrx_word' id='word_1_547' title='bbox 3486 4314 3622 4385; x_wconf 75' lang='grc' dir='ltr'>ἡμέ-</span> 
     </span>
    </p>
   </div>
   <div class='ocr_carea' id='block_1_88' title="bbox 2050 4397 3623 4479">
    <p class='ocr_par' dir='ltr' id='par_1_88' title="bbox 2050 4397 3623 4479">
     <span class='ocr_line' id='line_1_88' title="bbox 2050 4397 3623 4479; baseline -0.002 -17"><span class='ocrx_word' id='word_1_548' title='bbox 2050 4414 2150 4467; x_wconf 83' lang='grc' dir='ltr'>ρας</span> <span class='ocrx_word' id='word_1_549' title='bbox 2181 4397 2448 4466; x_wconf 83' lang='grc' dir='ltr'>δευτέραν</span> <span class='ocrx_word' id='word_1_550' title='bbox 2479 4398 2720 4470; x_wconf 77' lang='grc' dir='ltr'>ἔρχεται,</span> <span class='ocrx_word' id='word_1_551' title='bbox 2754 4404 2849 4459; x_wconf 74' lang='grc' dir='ltr'>καὶ</span> <span class='ocrx_word' id='word_1_552' title='bbox 2898 4404 3019 4474; x_wconf 84' lang='grc' dir='ltr'>μετ’</span> <span class='ocrx_word' id='word_1_553' title='bbox 3050 4404 3220 4461; x_wconf 80' lang='grc' dir='ltr'>αὐτοῦ</span> <span class='ocrx_word' id='word_1_554' title='bbox 3260 4403 3623 4479; x_wconf 82' lang='grc' dir='ltr'>Ῥακενδύτης</span> 
     </span>
    </p>
   </div>
   <div class='ocr_carea' id='block_1_89' title="bbox 2051 4492 3622 4573">
    <p class='ocr_par' dir='ltr' id='par_1_89' title="bbox 2051 4492 3622 4573">
     <span class='ocr_line' id='line_1_89' title="bbox 2051 4492 3622 4573; baseline -0.001 -19"><span class='ocrx_word' id='word_1_555' title='bbox 2051 4507 2160 4555; x_wconf 81' lang='grc' dir='ltr'>τις,</span> <span class='ocrx_word' id='word_1_556' title='bbox 2196 4492 2374 4559; x_wconf 81' lang='grc' dir='ltr'>μέγας</span> <span class='ocrx_word' id='word_1_557' title='bbox 2405 4492 2506 4561; x_wconf 76' lang='grc' dir='ltr'>μὲν</span> <span class='ocrx_word' id='word_1_558' title='bbox 2552 4494 2629 4563; x_wconf 72' lang='grc' dir='ltr'>τῷ</span> <span class='ocrx_word' id='word_1_559' title='bbox 2664 4497 2899 4568; x_wconf 84' lang='grc' dir='ltr'>σώματι.</span> <span class='ocrx_word' id='word_1_560' title='bbox 2950 4499 3045 4552; x_wconf 77' lang='grc' dir='ltr'>καὶ</span> <span class='ocrx_word' id='word_1_561' title='bbox 3084 4496 3284 4571; x_wconf 78' lang='grc' dir='ltr'>ὡραῐος</span> <span class='ocrx_word' id='word_1_562' title='bbox 3331 4499 3430 4573; x_wconf 81' lang='grc' dir='ltr'>τὴν</span> <span class='ocrx_word' id='word_1_563' title='bbox 3476 4501 3622 4572; x_wconf 73' lang='grc' dir='ltr'>δψιν,</span> 
     </span>
    </p>
   </div>
   <div class='ocr_carea' id='block_1_90' title="bbox 363 4571 2033 4663">
    <p class='ocr_par' dir='ltr' id='par_1_90' title="bbox 363 4571 2013 4650">
     <span class='ocr_line' id='line_1_90' title="bbox 363 4571 2013 4650; baseline 0.007 -25"><span class='ocrx_word' id='word_1_564' title='bbox 363 4572 580 4628; x_wconf 86' lang='lat' dir='ltr'><strong>Intraus</strong></span> <span class='ocrx_word' id='word_1_565' title='bbox 609 4573 661 4625; x_wconf 90' lang='lat' dir='ltr'><strong>in</strong></span> <span class='ocrx_word' id='word_1_566' title='bbox 689 4571 917 4628; x_wconf 70' lang='lat' dir='ltr'><strong>ofﬁcina:</strong></span> <span class='ocrx_word' id='word_1_567' title='bbox 945 4574 1123 4627; x_wconf 85' lang='lat' dir='ltr'><strong>medio</strong></span> <span class='ocrx_word' id='word_1_568' title='bbox 1149 4576 1311 4638; x_wconf 84' lang='lat' dir='ltr'><strong>sedit.</strong></span> <span class='ocrx_word' id='word_1_569' title='bbox 1343 4591 1755 4649; x_wconf 62' lang='lat' dir='ltr'><strong>conversusque</strong></span> <span class='ocrx_word' id='word_1_570' title='bbox 1782 4582 1933 4650; x_wconf 83' lang='lat' dir='ltr'><strong>gravi</strong></span> <span class='ocrx_word' id='word_1_571' title='bbox 1970 4588 2013 4643; x_wconf 79' lang='grc' dir='ltr'>ο</span> 
     </span>
    </p>
   </div>
   <div class='ocr_carea' id='block_1_91' title="bbox 1951 4571 3621 4663">
    <p class='ocr_par' dir='ltr' id='par_1_91' title="bbox 1970 4571 3621 4663">
     <span class='ocr_line' id='line_1_91' title="bbox 1970 4571 3621 4663; baseline 0.01 -31"><span class='ocrx_word' id='word_1_572' title='bbox 1970 4588 2013 4643; x_wconf 83' lang='lat' dir='ltr'><strong>D</strong></span> <span class='ocrx_word' id='word_1_573' title='bbox 2051 4581 2188 4649; x_wconf 77' lang='grc' dir='ltr'>πλὴν</span> <span class='ocrx_word' id='word_1_574' title='bbox 2221 4584 2550 4654; x_wconf 59' lang='grc' dir='ltr'>παραϐλόνψ.</span> <span class='ocrx_word' id='word_1_575' title='bbox 2591 4587 2793 4643; x_wconf 73' lang='grc' dir='ltr'>Ἐλθὼν</span> <span class='ocrx_word' id='word_1_576' title='bbox 2816 4589 2911 4643; x_wconf 77' lang='grc' dir='ltr'>οὖν</span> <span class='ocrx_word' id='word_1_577' title='bbox 2942 4590 3111 4661; x_wconf 79' lang='grc' dir='ltr'>μέσον</span> <span class='ocrx_word' id='word_1_578' title='bbox 3168 4590 3266 4644; x_wconf 86' lang='grc' dir='ltr'><strong>τοῦ</strong></span> <span class='ocrx_word' id='word_1_579' title='bbox 3330 4571 3621 4663; x_wconf 71' lang='grc' dir='ltr'>ἐμπορίου.</span> 
     </span>
    </p>
   </div>
   <div class='ocr_carea' id='block_1_92' title="bbox 366 4664 1866 4734">
    <p class='ocr_par' dir='ltr' id='par_1_92' title="bbox 366 4664 1866 4734">
     <span class='ocr_line' id='line_1_92' title="bbox 366 4664 1866 4734; baseline 0.006 -16"><span class='ocrx_word' id='word_1_580' title='bbox 366 4680 491 4718; x_wconf 84' lang='lat' dir='ltr'><strong>cum</strong></span> <span class='ocrx_word' id='word_1_581' title='bbox 529 4665 825 4734; x_wconf 83' lang='lat' dir='ltr'><strong>supercilio</strong></span> <span class='ocrx_word' id='word_1_582' title='bbox 861 4664 925 4719; x_wconf 87' lang='lat' dir='ltr'><strong>ad</strong></span> <span class='ocrx_word' id='word_1_583' title='bbox 960 4664 1137 4732; x_wconf 83' lang='lat' dir='ltr'><strong>Pium,</strong></span> <span class='ocrx_word' id='word_1_584' title='bbox 1175 4667 1247 4722; x_wconf 86' lang='lat' dir='ltr'><strong>ita</strong></span> <span class='ocrx_word' id='word_1_585' title='bbox 1278 4683 1510 4725; x_wconf 82' lang='lat' dir='ltr'><strong>exorsus</strong></span> <span class='ocrx_word' id='word_1_586' title='bbox 1541 4681 1626 4726; x_wconf 90' lang='lat' dir='ltr'><strong>est</strong></span> <span class='ocrx_word' id='word_1_587' title='bbox 1660 4671 1866 4727; x_wconf 89' lang='lat' dir='ltr'><strong>dicere.</strong></span> 
     </span>
    </p>
   </div>
   <div class='ocr_carea' id='block_1_93' title="bbox 436 4839 1940 4917">
    <p class='ocr_par' dir='ltr' id='par_1_93' title="bbox 436 4839 1940 4917">
     <span class='ocr_line' id='line_1_93' title="bbox 436 4839 1940 4917; baseline 0.011 -25"><span class='ocrx_word' id='word_1_588' title='bbox 436 4839 798 4912; x_wconf 77' lang='lat' dir='ltr'><strong>Rhacendyta.</strong></span> <span class='ocrx_word' id='word_1_589' title='bbox 830 4843 987 4910; x_wconf 82' lang='lat' dir='ltr'><strong>_Quid</strong></span> <span class='ocrx_word' id='word_1_590' title='bbox 1021 4854 1127 4910; x_wconf 84' lang='lat' dir='ltr'><strong>est,</strong></span> <span class='ocrx_word' id='word_1_591' title='bbox 1157 4845 1225 4901; x_wconf 90' lang='lat' dir='ltr'><strong>de</strong></span> <span class='ocrx_word' id='word_1_592' title='bbox 1268 4859 1378 4915; x_wconf 91' lang='lat' dir='ltr'><strong>quo</strong></span> <span class='ocrx_word' id='word_1_593' title='bbox 1419 4847 1659 4917; x_wconf 73' lang='lat' dir='ltr'><strong>luesitas,</strong></span> <span class='ocrx_word' id='word_1_594' title='bbox 1692 4852 1831 4906; x_wconf 81' lang='lat' dir='ltr'><strong>inter</strong></span> <span class='ocrx_word' id='word_1_595' title='bbox 1877 4869 1940 4909; x_wconf 90' lang='lat' dir='ltr'><strong>ea</strong></span> 
     </span>
    </p>
   </div>
   <div class='ocr_carea' id='block_1_94' title="bbox 365 4934 1943 5003">
    <p class='ocr_par' dir='ltr' id='par_1_94' title="bbox 365 4934 1943 5003">
     <span class='ocr_line' id='line_1_94' title="bbox 365 4934 1943 5003; baseline 0.009 -16"><span class='ocrx_word' id='word_1_596' title='bbox 365 4950 486 5003; x_wconf 68' lang='lat' dir='ltr'><strong>quae</strong></span> <span class='ocrx_word' id='word_1_597' title='bbox 515 4934 611 4989; x_wconf 91' lang='lat' dir='ltr'><strong>tibi</strong></span> <span class='ocrx_word' id='word_1_598' title='bbox 649 4944 875 4990; x_wconf 88' lang='lat' dir='ltr'><strong>externo</strong></span> <span class='ocrx_word' id='word_1_599' title='bbox 904 4937 991 4991; x_wconf 86' lang='lat' dir='ltr'><strong>die</strong></span> <span class='ocrx_word' id='word_1_600' title='bbox 1021 4952 1050 4990; x_wconf 89' lang='lat' dir='ltr'><strong>a</strong></span> <span class='ocrx_word' id='word_1_601' title='bbox 1078 4937 1244 4993; x_wconf 80' lang='lat' dir='ltr'><strong>fratre</strong></span> <span class='ocrx_word' id='word_1_602' title='bbox 1267 4936 1565 4997; x_wconf 73' lang='lat' dir='ltr'><strong>Pultlicano</strong></span> <span class='ocrx_word' id='word_1_603' title='bbox 1589 4953 1781 4999; x_wconf 86' lang='lat' dir='ltr'><strong>contra</strong></span> <span class='ocrx_word' id='word_1_604' title='bbox 1808 4947 1943 5001; x_wconf 90' lang='lat' dir='ltr'><strong>duo-</strong></span> 
     </span>
    </p>
   </div>
   <div class='ocr_carea' id='block_1_95' title="bbox 365 5024 1940 5099">
    <p class='ocr_par' dir='ltr' id='par_1_95' title="bbox 365 5024 1940 5099">
     <span class='ocr_line' id='line_1_95' title="bbox 365 5024 1940 5099; baseline 0.011 -22"><span class='ocrx_word' id='word_1_605' title='bbox 365 5024 538 5078; x_wconf 78' lang='lat' dir='ltr'><strong>decim</strong></span> <span class='ocrx_word' id='word_1_606' title='bbox 582 5028 747 5080; x_wconf 83' lang='lat' dir='ltr'><strong>hosce</strong></span> <span class='ocrx_word' id='word_1_607' title='bbox 800 5029 1116 5084; x_wconf 84' lang='lat' dir='ltr'><strong>sacerdotes</strong></span> <span class='ocrx_word' id='word_1_608' title='bbox 1159 5030 1422 5099; x_wconf 83' lang='lat' dir='ltr'><strong>profanos</strong></span> <span class='ocrx_word' id='word_1_609' title='bbox 1475 5037 1742 5091; x_wconf 85' lang='lat' dir='ltr'><strong>recensita</strong></span> <span class='ocrx_word' id='word_1_610' title='bbox 1788 5052 1940 5094; x_wconf 85' lang='lat' dir='ltr'><strong>sunt.</strong></span> 
     </span>
    </p>
   </div>
   <div class='ocr_carea' id='block_1_96' title="bbox 364 5115 1944 5200">
    <p class='ocr_par' dir='ltr' id='par_1_96' title="bbox 364 5115 1944 5200">
     <span class='ocr_line' id='line_1_96' title="bbox 364 5115 1944 5200; baseline 0.011 -31"><span class='ocrx_word' id='word_1_611' title='bbox 364 5115 499 5169; x_wconf 81' lang='lat' dir='ltr'><strong>Nam</strong></span> <span class='ocrx_word' id='word_1_612' title='bbox 549 5116 745 5171; x_wconf 86' lang='lat' dir='ltr'><strong>miselli</strong></span> <span class='ocrx_word' id='word_1_613' title='bbox 795 5118 849 5172; x_wconf 79' lang='grc' dir='ltr'><strong>Ιιί</strong></span> <span class='ocrx_word' id='word_1_614' title='bbox 902 5135 1075 5189; x_wconf 87' lang='lat' dir='ltr'><strong>neque</strong></span> <span class='ocrx_word' id='word_1_615' title='bbox 1125 5123 1332 5186; x_wconf 86' lang='lat' dir='ltr'><strong>sciunt.</strong></span> <span class='ocrx_word' id='word_1_616' title='bbox 1370 5141 1547 5195; x_wconf 88' lang='lat' dir='ltr'><strong>neque</strong></span> <span class='ocrx_word' id='word_1_617' title='bbox 1606 5127 1944 5200; x_wconf 81' lang='lat' dir='ltr'><strong>intelligunt,</strong></span> 
     </span>
    </p>
   </div>
   <div class='ocr_carea' id='block_1_97' title="bbox 370 5206 1943 5289">
    <p class='ocr_par' dir='ltr' id='par_1_97' title="bbox 370 5206 1943 5289">
     <span class='ocr_line' id='line_1_97' title="bbox 370 5206 1943 5289; baseline 0.013 -32"><span class='ocrx_word' id='word_1_618' title='bbox 370 5206 602 5276; x_wconf 78' lang='lat' dir='ltr'><strong>ileoque</strong></span> <span class='ocrx_word' id='word_1_619' title='bbox 630 5224 753 5263; x_wconf 90' lang='lat' dir='ltr'><strong>cum</strong></span> <span class='ocrx_word' id='word_1_620' title='bbox 789 5209 1023 5277; x_wconf 87' lang='lat' dir='ltr'><strong>Latinis,</strong></span> <span class='ocrx_word' id='word_1_621' title='bbox 1053 5214 1228 5282; x_wconf 88' lang='lat' dir='ltr'><strong>patrio</strong></span> <span class='ocrx_word' id='word_1_622' title='bbox 1255 5217 1470 5286; x_wconf 70' lang='lat' dir='ltr'><strong>eiurato</strong></span> <span class='ocrx_word' id='word_1_623' title='bbox 1495 5219 1769 5289; x_wconf 75' lang='lat' dir='ltr'><strong>dogmate,</strong></span> <span class='ocrx_word' id='word_1_624' title='bbox 1804 5224 1943 5278; x_wconf 82' lang='lat' dir='ltr'><strong>uniti</strong></span> 
     </span>
    </p>
   </div>
   <div class='ocr_carea' id='block_1_98' title="bbox 370 5298 1941 5379">
    <p class='ocr_par' dir='ltr' id='par_1_98' title="bbox 370 5298 1941 5379">
     <span class='ocr_line' id='line_1_98' title="bbox 370 5298 1941 5379; baseline 0.011 -28"><span class='ocrx_word' id='word_1_625' title='bbox 370 5307 519 5353; x_wconf 90' lang='lat' dir='ltr'><strong>sunt.</strong></span> <span class='ocrx_word' id='word_1_626' title='bbox 560 5298 833 5371; x_wconf 71' lang='lat' dir='ltr'><strong>Interroga</strong></span> <span class='ocrx_word' id='word_1_627' title='bbox 861 5318 948 5356; x_wconf 86' lang='lat' dir='ltr'><strong>tne</strong></span> <span class='ocrx_word' id='word_1_628' title='bbox 970 5319 1189 5374; x_wconf 84' lang='lat' dir='ltr'><strong>quoque</strong></span> <span class='ocrx_word' id='word_1_629' title='bbox 1207 5345 1226 5371; x_wconf 89' lang='lat'><strong>,</strong></span> <span class='ocrx_word' id='word_1_630' title='bbox 1247 5315 1303 5361; x_wconf 89' lang='lat' dir='ltr'><strong>et</strong></span> <span class='ocrx_word' id='word_1_631' title='bbox 1332 5311 1715 5379; x_wconf 89' lang='lat' dir='ltr'><strong>respondendo</strong></span> <span class='ocrx_word' id='word_1_632' title='bbox 1743 5312 1941 5369; x_wconf 79' lang='lat' dir='ltr'><strong>faciam</strong></span> 
     </span>
    </p>
   </div>
   <div class='ocr_carea' id='block_1_99' title="bbox 370 5388 1305 5465">
    <p class='ocr_par' dir='ltr' id='par_1_99' title="bbox 370 5388 1305 5465">
     <span class='ocr_line' id='line_1_99' title="bbox 370 5388 1305 5465; baseline 0.012 -23"><span class='ocrx_word' id='word_1_633' title='bbox 370 5388 504 5443; x_wconf 90' lang='lat' dir='ltr'><strong>satis</strong></span> <span class='ocrx_word' id='word_1_634' title='bbox 534 5388 604 5444; x_wconf 91' lang='lat' dir='ltr'><strong>de</strong></span> <span class='ocrx_word' id='word_1_635' title='bbox 644 5392 767 5455; x_wconf 90' lang='lat' dir='ltr'><strong>illis,</strong></span> <span class='ocrx_word' id='word_1_636' title='bbox 801 5395 852 5446; x_wconf 91' lang='lat' dir='ltr'><strong>in</strong></span> <span class='ocrx_word' id='word_1_637' title='bbox 878 5395 1079 5465; x_wconf 90' lang='lat' dir='ltr'><strong>quibus</strong></span> <span class='ocrx_word' id='word_1_638' title='bbox 1108 5397 1305 5453; x_wconf 66' lang='lat' dir='ltr'><strong>limes.</strong></span> 
     </span>
    </p>
   </div>
   <div class='ocr_carea' id='block_1_100' title="bbox 443 5480 1943 5553">
    <p class='ocr_par' dir='ltr' id='par_1_100' title="bbox 443 5480 1943 5553">
     <span class='ocr_line' id='line_1_100' title="bbox 443 5480 1943 5553; baseline 0.013 -19"><span class='ocrx_word' id='word_1_639' title='bbox 443 5480 594 5539; x_wconf 81' lang='lat' dir='ltr'><strong>Pius.</strong></span> <span class='ocrx_word' id='word_1_640' title='bbox 626 5483 873 5542; x_wconf 84' lang='lat' dir='ltr'><strong>Fratrem</strong></span> <span class='ocrx_word' id='word_1_641' title='bbox 906 5487 1261 5545; x_wconf 86' lang='lat' dir='ltr'><strong>Publicanum</strong></span> <span class='ocrx_word' id='word_1_642' title='bbox 1299 5492 1483 5548; x_wconf 77' lang='lat' dir='ltr'><strong>audivi</strong></span> <span class='ocrx_word' id='word_1_643' title='bbox 1520 5496 1635 5551; x_wconf 82' lang='lat' dir='ltr'><strong>lteri</strong></span> <span class='ocrx_word' id='word_1_644' title='bbox 1682 5500 1943 5553; x_wconf 84' lang='lat' dir='ltr'><strong>condem-</strong></span> 
     </span>
    </p>
   </div>
   <div class='ocr_carea' id='block_1_101' title="bbox 372 5578 1942 5650">
    <p class='ocr_par' dir='ltr' id='par_1_101' title="bbox 372 5578 1942 5650">
     <span class='ocr_line' id='line_1_101' title="bbox 372 5578 1942 5650; baseline 0.013 -22"><span class='ocrx_word' id='word_1_645' title='bbox 372 5585 590 5630; x_wconf 86' lang='lat' dir='ltr'><strong>nautem</strong></span> <span class='ocrx_word' id='word_1_646' title='bbox 640 5578 925 5635; x_wconf 90' lang='lat' dir='ltr'><strong>duodecim</strong></span> <span class='ocrx_word' id='word_1_647' title='bbox 976 5583 1323 5650; x_wconf 85' lang='lat' dir='ltr'><strong>sacerdotes,</strong></span> <span class='ocrx_word' id='word_1_648' title='bbox 1378 5595 1434 5641; x_wconf 89' lang='lat' dir='ltr'><strong>et</strong></span> <span class='ocrx_word' id='word_1_649' title='bbox 1472 5602 1618 5647; x_wconf 78' lang='lat' dir='ltr'><strong>nunc</strong></span> <span class='ocrx_word' id='word_1_650' title='bbox 1664 5599 1715 5643; x_wconf 88' lang='lat' dir='ltr'><strong>te</strong></span> <span class='ocrx_word' id='word_1_651' title='bbox 1762 5590 1942 5648; x_wconf 86' lang='lat' dir='ltr'><strong>hodie.</strong></span> 
     </span>
    </p>
   </div>
   <div class='ocr_carea' id='block_1_102' title="bbox 375 5670 1944 5749">
    <p class='ocr_par' dir='ltr' id='par_1_102' title="bbox 375 5670 1944 5749">
     <span class='ocr_line' id='line_1_102' title="bbox 375 5670 1944 5749; baseline 0.012 -28"><span class='ocrx_word' id='word_1_652' title='bbox 375 5670 669 5725; x_wconf 80' lang='lat' dir='ltr'><strong>Aﬂirmatis</strong></span> <span class='ocrx_word' id='word_1_653' title='bbox 689 5672 955 5743; x_wconf 86' lang='lat' dir='ltr'><strong>siquidem</strong></span> <span class='ocrx_word' id='word_1_654' title='bbox 984 5675 1103 5731; x_wconf 90' lang='lat' dir='ltr'><strong>illos</strong></span> <span class='ocrx_word' id='word_1_655' title='bbox 1128 5691 1251 5731; x_wconf 87' lang='lat' dir='ltr'><strong>cum</strong></span> <span class='ocrx_word' id='word_1_656' title='bbox 1300 5675 1512 5735; x_wconf 84' lang='lat' dir='ltr'><strong>Latinis</strong></span> <span class='ocrx_word' id='word_1_657' title='bbox 1538 5684 1765 5749; x_wconf 86' lang='lat' dir='ltr'><strong>sentire,</strong></span> <span class='ocrx_word' id='word_1_658' title='bbox 1789 5684 1944 5740; x_wconf 55' lang='lat' dir='ltr'><strong>dese.</strong></span> 
     </span>
    </p>
   </div>
   <div class='ocr_carea' id='block_1_103' title="bbox 372 5761 1947 5847">
    <p class='ocr_par' dir='ltr' id='par_1_103' title="bbox 372 5761 1947 5847">
     <span class='ocr_line' id='line_1_103' title="bbox 372 5761 1947 5847; baseline 0.013 -35"><span class='ocrx_word' id='word_1_659' title='bbox 372 5761 657 5831; x_wconf 83' lang='lat' dir='ltr'><strong>ruisseque</strong></span> <span class='ocrx_word' id='word_1_660' title='bbox 689 5763 845 5819; x_wconf 80' lang='lat' dir='ltr'><strong>iidem</strong></span> <span class='ocrx_word' id='word_1_661' title='bbox 878 5770 1413 5839; x_wconf 75' lang='lat' dir='ltr'><strong>ortltodoxam,quod</strong></span> <span class='ocrx_word' id='word_1_662' title='bbox 1439 5788 1560 5827; x_wconf 82' lang='lat' dir='ltr'><strong>sese</strong></span> <span class='ocrx_word' id='word_1_663' title='bbox 1583 5790 1753 5830; x_wconf 78' lang='lat' dir='ltr'><strong>sacrae</strong></span> <span class='ocrx_word' id='word_1_664' title='bbox 1785 5793 1947 5847; x_wconf 81' lang='lat' dir='ltr'><strong>syno-</strong></span> 
     </span>
    </p>
   </div>
   <div class='ocr_carea' id='block_1_104' title="bbox 375 5852 1943 5932">
    <p class='ocr_par' dir='ltr' id='par_1_104' title="bbox 375 5852 1943 5932">
     <span class='ocr_line' id='line_1_104' title="bbox 375 5852 1943 5932; baseline 0.011 -26"><span class='ocrx_word' id='word_1_665' title='bbox 375 5852 447 5907; x_wconf 88' lang='lat' dir='ltr'><strong>do</strong></span> <span class='ocrx_word' id='word_1_666' title='bbox 468 5854 813 5922; x_wconf 84' lang='lat' dir='ltr'><strong>subjecerint.</strong></span> <span class='ocrx_word' id='word_1_667' title='bbox 840 5859 987 5916; x_wconf 76' lang='lat' dir='ltr'><strong>Areo</strong></span> <span class='ocrx_word' id='word_1_668' title='bbox 1016 5862 1202 5932; x_wconf 79' lang='lat' dir='ltr'><strong>itaque</strong></span> <span class='ocrx_word' id='word_1_669' title='bbox 1229 5878 1259 5917; x_wconf 85' lang='lat' dir='ltr'><strong>a</strong></span> <span class='ocrx_word' id='word_1_670' title='bbox 1294 5872 1345 5920; x_wconf 86' lang='lat' dir='ltr'><strong>te</strong></span> <span class='ocrx_word' id='word_1_671' title='bbox 1367 5864 1601 5931; x_wconf 84' lang='lat' dir='ltr'><strong>discere,</strong></span> <span class='ocrx_word' id='word_1_672' title='bbox 1632 5867 1678 5923; x_wconf 87' lang='lat' dir='ltr'><strong>si</strong></span> <span class='ocrx_word' id='word_1_673' title='bbox 1708 5884 1831 5923; x_wconf 78' lang='lat' dir='ltr'><strong>vere</strong></span> <span class='ocrx_word' id='word_1_674' title='bbox 1857 5870 1943 5923; x_wconf 80' lang='lat' dir='ltr'><strong>isti</strong></span> 
     </span>
    </p>
   </div>
   <div class='ocr_carea' id='block_1_105' title="bbox 2049 4676 3623 4759">
    <p class='ocr_par' dir='ltr' id='par_1_105' title="bbox 2049 4676 3623 4759">
     <span class='ocr_line' id='line_1_105' title="bbox 2049 4676 3623 4759; baseline 0.01 -31"><span class='ocrx_word' id='word_1_675' title='bbox 2049 4676 2298 4745; x_wconf 74' lang='grc' dir='ltr'>ἐκάθισε,</span> <span class='ocrx_word' id='word_1_676' title='bbox 2340 4680 2434 4732; x_wconf 79' lang='grc' dir='ltr'>καὶ</span> <span class='ocrx_word' id='word_1_677' title='bbox 2467 4680 2678 4750; x_wconf 73' lang='grc' dir='ltr'>ῆρξατο</span> <span class='ocrx_word' id='word_1_678' title='bbox 2730 4684 2868 4752; x_wconf 77' lang='grc' dir='ltr'>μετὰ</span> <span class='ocrx_word' id='word_1_679' title='bbox 2906 4683 3145 4755; x_wconf 77' lang='grc' dir='ltr'>σοϐαροῦ</span> <span class='ocrx_word' id='word_1_680' title='bbox 3177 4683 3272 4739; x_wconf 83' lang='grc' dir='ltr'><strong>τοῦ</strong></span> <span class='ocrx_word' id='word_1_681' title='bbox 3302 4685 3623 4759; x_wconf 74' lang='grc' dir='ltr'>βλέμματος</span> 
     </span>
    </p>
   </div>
   <div class='ocr_carea' id='block_1_106' title="bbox 2046 4767 2790 4841">
    <p class='ocr_par' dir='ltr' id='par_1_106' title="bbox 2046 4767 2790 4841">
     <span class='ocr_line' id='line_1_106' title="bbox 2046 4767 2790 4841; baseline 0.016 -23"><span class='ocrx_word' id='word_1_682' title='bbox 2046 4767 2183 4839; x_wconf 77' lang='grc' dir='ltr'>πρὸς</span> <span class='ocrx_word' id='word_1_683' title='bbox 2213 4769 2305 4821; x_wconf 66' lang='grc' dir='ltr'><strong>τὸν</strong></span> <span class='ocrx_word' id='word_1_684' title='bbox 2342 4770 2562 4841; x_wconf 78' lang='grc' dir='ltr'>Εὐλαόῆ</span> <span class='ocrx_word' id='word_1_685' title='bbox 2590 4770 2790 4841; x_wconf 78' lang='grc' dir='ltr'>λέγειν.</span> 
     </span>
    </p>
   </div>
   <div class='ocr_carea' id='block_1_107' title="bbox 2117 4859 3626 4940">
    <p class='ocr_par' dir='ltr' id='par_1_107' title="bbox 2117 4859 3626 4940">
     <span class='ocr_line' id='line_1_107' title="bbox 2117 4859 3626 4940; baseline 0.01 -28"><span class='ocrx_word' id='word_1_686' title='bbox 2117 4859 2539 4929; x_wconf 75' lang='grc' dir='ltr'>Ῥακενὸὐτης.</span> <span class='ocrx_word' id='word_1_687' title='bbox 2594 4865 2660 4920; x_wconf 89' lang='grc' dir='ltr'>Τί</span> <span class='ocrx_word' id='word_1_688' title='bbox 2691 4868 2861 4934; x_wconf 79' lang='grc' dir='ltr'>ἐστιν,</span> <span class='ocrx_word' id='word_1_689' title='bbox 2892 4869 3033 4940; x_wconf 72' lang='grc' dir='ltr'>ὅπερ</span> <span class='ocrx_word' id='word_1_690' title='bbox 3094 4869 3371 4936; x_wconf 76' lang='grc' dir='ltr'>διατάξεις</span> <span class='ocrx_word' id='word_1_691' title='bbox 3422 4874 3486 4927; x_wconf 73' lang='lat' dir='ltr'><strong>lx</strong></span> <span class='ocrx_word' id='word_1_692' title='bbox 3513 4874 3626 4927; x_wconf 82' lang='grc' dir='ltr'><strong>τῶν</strong></span> 
     </span>
    </p>
   </div>
   <div class='ocr_carea' id='block_1_108' title="bbox 2048 4954 3624 5037">
    <p class='ocr_par' dir='ltr' id='par_1_108' title="bbox 2048 4954 3624 5037">
     <span class='ocr_line' id='line_1_108' title="bbox 2048 4954 3624 5037; baseline 0.012 -33"><span class='ocrx_word' id='word_1_693' title='bbox 2048 4954 2360 5024; x_wconf 80' lang='grc' dir='ltr'>εἰρημένων</span> <span class='ocrx_word' id='word_1_694' title='bbox 2388 4974 2469 5009; x_wconf 87' lang='grc' dir='ltr'><strong>σοι</strong></span> <span class='ocrx_word' id='word_1_695' title='bbox 2503 4958 2655 5030; x_wconf 86' lang='grc' dir='ltr'><strong>παρά</strong></span> <span class='ocrx_word' id='word_1_696' title='bbox 2681 4960 2777 5014; x_wconf 90' lang='grc' dir='ltr'><strong>τοῦ</strong></span> <span class='ocrx_word' id='word_1_697' title='bbox 2815 4962 3045 5032; x_wconf 73' lang='grc' dir='ltr'>ἀδελφοῦ</span> <span class='ocrx_word' id='word_1_698' title='bbox 3076 4964 3311 5019; x_wconf 82' lang='grc' dir='ltr'>τελώνου</span> <span class='ocrx_word' id='word_1_699' title='bbox 3366 4970 3434 5037; x_wconf 78' lang='grc' dir='ltr'>τῇ</span> <span class='ocrx_word' id='word_1_700' title='bbox 3498 4969 3624 5037; x_wconf 74' lang='grc' dir='ltr'><strong>χθὲς</strong></span> 
     </span>
    </p>
   </div>
   <div class='ocr_carea' id='block_1_109' title="bbox 2048 5048 3624 5131">
    <p class='ocr_par' dir='ltr' id='par_1_109' title="bbox 2048 5048 3624 5131">
     <span class='ocr_line' id='line_1_109' title="bbox 2048 5048 3624 5131; baseline 0.011 -32"><span class='ocrx_word' id='word_1_701' title='bbox 2048 5048 2189 5103; x_wconf 81' lang='grc' dir='ltr'>κατὰ</span> <span class='ocrx_word' id='word_1_702' title='bbox 2209 5050 2315 5101; x_wconf 84' lang='grc' dir='ltr'>τῶν</span> <span class='ocrx_word' id='word_1_703' title='bbox 2349 5051 2579 5119; x_wconf 82' lang='grc' dir='ltr'>ἀνιέρων</span> <span class='ocrx_word' id='word_1_704' title='bbox 2609 5053 2818 5111; x_wconf 82' lang='grc' dir='ltr'>δώδεκα</span> <span class='ocrx_word' id='word_1_705' title='bbox 2853 5059 3084 5111; x_wconf 78' lang='grc' dir='ltr'>τουτωνί</span> <span class='ocrx_word' id='word_1_706' title='bbox 3118 5077 3133 5125; x_wconf 87' lang='lat'><strong>;</strong></span> <span class='ocrx_word' id='word_1_707' title='bbox 3165 5060 3240 5113; x_wconf 85' lang='grc' dir='ltr'><strong>Οὐ</strong></span> <span class='ocrx_word' id='word_1_708' title='bbox 3265 5061 3374 5131; x_wconf 72' lang='grc' dir='ltr'><strong>γὰρ</strong></span> <span class='ocrx_word' id='word_1_709' title='bbox 3417 5063 3624 5117; x_wconf 79' lang='grc' dir='ltr'>οίδασιν</span> 
     </span>
    </p>
   </div>
   <div class='ocr_carea' id='block_1_110' title="bbox 2048 5139 3624 5223">
    <p class='ocr_par' dir='ltr' id='par_1_110' title="bbox 2048 5139 3624 5223">
     <span class='ocr_line' id='line_1_110' title="bbox 2048 5139 3624 5223; baseline 0.012 -34"><span class='ocrx_word' id='word_1_710' title='bbox 2048 5139 2097 5190; x_wconf 79' lang='grc' dir='ltr'>οἱ</span> <span class='ocrx_word' id='word_1_711' title='bbox 2154 5140 2518 5211; x_wconf 54' lang='grc' dir='ltr'>ταλαίπωροι,</span> <span class='ocrx_word' id='word_1_712' title='bbox 2569 5145 2676 5196; x_wconf 75' lang='grc' dir='ltr'>οὐδ’</span> <span class='ocrx_word' id='word_1_713' title='bbox 2729 5147 2999 5215; x_wconf 78' lang='grc' dir='ltr'>ἔγνωσαν,</span> <span class='ocrx_word' id='word_1_714' title='bbox 3046 5154 3141 5204; x_wconf 73' lang='grc' dir='ltr'>καὶ</span> <span class='ocrx_word' id='word_1_715' title='bbox 3189 5151 3481 5223; x_wconf 73' lang='grc' dir='ltr'>ἠνὼθησαν</span> <span class='ocrx_word' id='word_1_716' title='bbox 3511 5156 3624 5216; x_wconf 78' lang='grc' dir='ltr'>τοῖς</span> 
     </span>
    </p>
   </div>
   <div class='ocr_carea' id='block_1_111' title="bbox 2048 5233 3624 5315">
    <p class='ocr_par' dir='ltr' id='par_1_111' title="bbox 2048 5233 3624 5315">
     <span class='ocr_line' id='line_1_111' title="bbox 2048 5233 3624 5315; baseline 0.008 -31"><span class='ocrx_word' id='word_1_717' title='bbox 2048 5233 2321 5296; x_wconf 75' lang='grc' dir='ltr'>Λατίνοις,</span> <span class='ocrx_word' id='word_1_718' title='bbox 2354 5236 2415 5286; x_wconf 66' lang='grc' dir='ltr'><strong>τὺ</strong></span> <span class='ocrx_word' id='word_1_719' title='bbox 2444 5236 2677 5307; x_wconf 71' lang='grc' dir='ltr'>πάτριον</span> <span class='ocrx_word' id='word_1_720' title='bbox 2730 5240 3097 5306; x_wconf 79' lang='grc' dir='ltr'>ἀπολέσαντες</span> <span class='ocrx_word' id='word_1_721' title='bbox 3136 5245 3413 5314; x_wconf 76' lang='grc' dir='ltr'>φρόνημα.</span> <span class='ocrx_word' id='word_1_722' title='bbox 3458 5246 3624 5315; x_wconf 81' lang='grc' dir='ltr'><strong>Ἐρώ-</strong></span> 
     </span>
    </p>
   </div>
   <div class='ocr_carea' id='block_1_112' title="bbox 2048 5324 3621 5408">
    <p class='ocr_par' dir='ltr' id='par_1_112' title="bbox 2048 5324 3621 5408">
     <span class='ocr_line' id='line_1_112' title="bbox 2048 5324 3621 5408; baseline 0.011 -34"><span class='ocrx_word' id='word_1_723' title='bbox 2048 5338 2215 5391; x_wconf 81' lang='grc' dir='ltr'>τησον</span> <span class='ocrx_word' id='word_1_724' title='bbox 2247 5324 2302 5376; x_wconf 82' lang='grc' dir='ltr'>δὲ</span> <span class='ocrx_word' id='word_1_725' title='bbox 2334 5326 2499 5396; x_wconf 69' lang='grc' dir='ltr'>κάμὲ,</span> <span class='ocrx_word' id='word_1_726' title='bbox 2538 5332 2631 5383; x_wconf 76' lang='grc' dir='ltr'>καὶ</span> <span class='ocrx_word' id='word_1_727' title='bbox 2666 5332 2859 5403; x_wconf 75' lang='grc' dir='ltr'>ἱκανήν</span> <span class='ocrx_word' id='word_1_728' title='bbox 2901 5350 2985 5386; x_wconf 78' lang='grc' dir='ltr'><strong>σοι</strong></span> <span class='ocrx_word' id='word_1_729' title='bbox 3010 5335 3241 5406; x_wconf 78' lang='grc' dir='ltr'>’παρέξω</span> <span class='ocrx_word' id='word_1_730' title='bbox 3300 5337 3621 5408; x_wconf 74' lang='grc' dir='ltr'>ἀπολογίαν,</span> 
     </span>
    </p>
   </div>
   <div class='ocr_carea' id='block_1_113' title="bbox 2048 5411 2573 5489">
    <p class='ocr_par' dir='ltr' id='par_1_113' title="bbox 2048 5411 2573 5489">
     <span class='ocr_line' id='line_1_113' title="bbox 2048 5411 2573 5489; baseline 0.019 -25"><span class='ocrx_word' id='word_1_731' title='bbox 2048 5413 2133 5481; x_wconf 73' lang='grc' dir='ltr'><strong>ἐφ’</strong></span> <span class='ocrx_word' id='word_1_732' title='bbox 2162 5411 2247 5476; x_wconf 80' lang='grc' dir='ltr'>οἷς</span> <span class='ocrx_word' id='word_1_733' title='bbox 2275 5416 2343 5470; x_wconf 80' lang='grc' dir='ltr'>ἂν</span> <span class='ocrx_word' id='word_1_734' title='bbox 2371 5419 2573 5489; x_wconf 83' lang='grc' dir='ltr'>ἀπορῇ.</span> 
     </span>
    </p>
   </div>
   <div class='ocr_carea' id='block_1_114' title="bbox 2125 5503 3624 5593">
    <p class='ocr_par' dir='ltr' id='par_1_114' title="bbox 2125 5503 3624 5593">
     <span class='ocr_line' id='line_1_114' title="bbox 2125 5503 3624 5593; baseline 0.013 -35"><span class='ocrx_word' id='word_1_735' title='bbox 2125 5503 2273 5561; x_wconf 70' lang='grc' dir='ltr'><strong>Εὐλ.</strong></span> <span class='ocrx_word' id='word_1_736' title='bbox 2308 5508 2415 5563; x_wconf 89' lang='grc' dir='ltr'><strong>Τοῦ</strong></span> <span class='ocrx_word' id='word_1_737' title='bbox 2435 5511 2668 5582; x_wconf 80' lang='grc' dir='ltr'>ἀδελφοῦ</span> <span class='ocrx_word' id='word_1_738' title='bbox 2719 5516 2953 5571; x_wconf 73' lang='grc' dir='ltr'>τελώνου</span> <span class='ocrx_word' id='word_1_739' title='bbox 2999 5522 3064 5589; x_wconf 80' lang='grc' dir='ltr'>τῇ</span> <span class='ocrx_word' id='word_1_740' title='bbox 3113 5521 3235 5589; x_wconf 69' lang='grc' dir='ltr'><strong>χθὲς</strong></span> <span class='ocrx_word' id='word_1_741' title='bbox 3267 5522 3479 5593; x_wconf 70' lang='grc' dir='ltr'>ἥκουσα</span> <span class='ocrx_word' id='word_1_742' title='bbox 3526 5542 3624 5576; x_wconf 55' lang='grc' dir='ltr'>καί</span> 
     </span>
    </p>
   </div>
   <div class='ocr_carea' id='block_1_115' title="bbox 2048 5600 3620 5683">
    <p class='ocr_par' dir='ltr' id='par_1_115' title="bbox 2048 5600 3620 5683">
     <span class='ocr_line' id='line_1_115' title="bbox 2048 5600 3620 5683; baseline 0.011 -35"><span class='ocrx_word' id='word_1_743' title='bbox 2048 5600 2399 5667; x_wconf 84' lang='grc' dir='ltr'>τακρίνοντος</span> <span class='ocrx_word' id='word_1_744' title='bbox 2428 5603 2640 5658; x_wconf 79' lang='grc' dir='ltr'>δώδεκα</span> <span class='ocrx_word' id='word_1_745' title='bbox 2666 5608 2855 5676; x_wconf 77' lang='grc' dir='ltr'>ἱερεῖς,</span> <span class='ocrx_word' id='word_1_746' title='bbox 2904 5612 2997 5662; x_wconf 75' lang='grc' dir='ltr'>καὶ</span> <span class='ocrx_word' id='word_1_747' title='bbox 3030 5611 3181 5682; x_wconf 71' lang='grc' dir='ltr'>παρὰ</span> <span class='ocrx_word' id='word_1_748' title='bbox 3219 5611 3315 5666; x_wconf 83' lang='grc' dir='ltr'><strong>σοῦ</strong></span> <span class='ocrx_word' id='word_1_749' title='bbox 3352 5614 3620 5683; x_wconf 84' lang='grc' dir='ltr'>σήμερον.</span> 
     </span>
    </p>
   </div>
   <div class='ocr_carea' id='block_1_116' title="bbox 2051 5689 3624 5777">
    <p class='ocr_par' dir='ltr' id='par_1_116' title="bbox 2051 5689 3624 5777">
     <span class='ocr_line' id='line_1_116' title="bbox 2051 5689 3624 5777; baseline 0.012 -36"><span class='ocrx_word' id='word_1_750' title='bbox 2051 5689 2253 5755; x_wconf 81' lang='grc' dir='ltr'>Λέγετε</span> <span class='ocrx_word' id='word_1_751' title='bbox 2285 5691 2396 5763; x_wconf 83' lang='grc' dir='ltr'>γὰρ</span> <span class='ocrx_word' id='word_1_752' title='bbox 2428 5696 2625 5761; x_wconf 73' lang='grc' dir='ltr'>αὐτοὺς</span> <span class='ocrx_word' id='word_1_753' title='bbox 2658 5700 3088 5771; x_wconf 60' lang='grc' dir='ltr'>Λατινόςρονας,</span> <span class='ocrx_word' id='word_1_754' title='bbox 3120 5706 3216 5758; x_wconf 79' lang='grc' dir='ltr'>καὶ</span> <span class='ocrx_word' id='word_1_755' title='bbox 3239 5708 3482 5777; x_wconf 67' lang='grc' dir='ltr'>ἀρνητὰς</span> <span class='ocrx_word' id='word_1_756' title='bbox 3520 5707 3624 5771; x_wconf 81' lang='grc' dir='ltr'>τῆς</span> 
     </span>
    </p>
   </div>
   <div class='ocr_carea' id='block_1_117' title="bbox 2050 5780 3624 5867">
    <p class='ocr_par' dir='ltr' id='par_1_117' title="bbox 2050 5780 3624 5867">
     <span class='ocr_line' id='line_1_117' title="bbox 2050 5780 3624 5867; baseline 0.01 -36"><span class='ocrx_word' id='word_1_757' title='bbox 2050 5780 2337 5849; x_wconf 77' lang='grc' dir='ltr'>ὀρθοδόξου</span> <span class='ocrx_word' id='word_1_758' title='bbox 2375 5787 2637 5856; x_wconf 81' lang='grc' dir='ltr'>πίστεως,</span> <span class='ocrx_word' id='word_1_759' title='bbox 2665 5790 2753 5843; x_wconf 79' lang='grc' dir='ltr'>διὰ</span> <span class='ocrx_word' id='word_1_760' title='bbox 2781 5792 2841 5842; x_wconf 54' lang='lat' dir='ltr'><strong>ea</strong></span> <span class='ocrx_word' id='word_1_761' title='bbox 2864 5792 3208 5862; x_wconf 78' lang='grc' dir='ltr'>ὑποταγῆναι</span> <span class='ocrx_word' id='word_1_762' title='bbox 3242 5798 3306 5866; x_wconf 77' lang='grc' dir='ltr'><strong>τῇ</strong></span> <span class='ocrx_word' id='word_1_763' title='bbox 3342 5797 3467 5867; x_wconf 78' lang='grc' dir='ltr'>ἱερᾷ</span> <span class='ocrx_word' id='word_1_764' title='bbox 3496 5815 3624 5850; x_wconf 84' lang='grc' dir='ltr'>συν-</span> 
     </span>
    </p>
   </div>
   <div class='ocr_carea' id='block_1_118' title="bbox 2051 5871 3624 5952">
    <p class='ocr_par' dir='ltr' id='par_1_118' title="bbox 2051 5871 3624 5952">
     <span class='ocr_line' id='line_1_118' title="bbox 2051 5871 3624 5952; baseline 0.011 -26"><span class='ocrx_word' id='word_1_765' title='bbox 2051 5871 2179 5942; x_wconf 77' lang='grc' dir='ltr'><strong>ὁῗῳ.</strong></span> <span class='ocrx_word' id='word_1_766' title='bbox 2211 5873 2597 5944; x_wconf 62' lang='grc' dir='ltr'>Βοιτλομαιοῦν</span> <span class='ocrx_word' id='word_1_767' title='bbox 2624 5883 2773 5951; x_wconf 71' lang='grc' dir='ltr'>ταρὰ</span> <span class='ocrx_word' id='word_1_768' title='bbox 2811 5887 2905 5937; x_wconf 75' lang='grc' dir='ltr'><strong>σοῦ</strong></span> <span class='ocrx_word' id='word_1_769' title='bbox 2954 5886 3147 5952; x_wconf 71' lang='grc' dir='ltr'>μαθεῖν</span> <span class='ocrx_word' id='word_1_770' title='bbox 3197 5889 3246 5941; x_wconf 78' lang='grc' dir='ltr'><strong>εί</strong></span> <span class='ocrx_word' id='word_1_771' title='bbox 3285 5884 3434 5945; x_wconf 56' lang='lat' dir='ltr'><strong>sinet</strong></span> <span class='ocrx_word' id='word_1_772' title='bbox 3471 5890 3624 5943; x_wconf 78' lang='grc' dir='ltr'>ἀλλό-</span> 
     </span>
    </p>
   </div>
  </div>
