4230 6280
460 371 598 437 illi!)

1387 366 1715 434 IOSEPHI
1759 367 2322 432 METHONENSIS
2366 372 2714 438 EPISCOPI

3592 370 3744 436 102-0".

456 487 744 545 inutilibus
771 486 1285 561 concertationibus
1329 497 1384 544 et
1436 489 1864 560 lalsiloquentiis
1895 497 2036 544 tem-

2146 492 2283 566 ὑπὲρ
2310 489 2387 549 ὧν
2411 495 2438 547 δ
2463 494 2700 564 Χριστος
2729 493 2788 547 τὸ
2816 488 2955 565 αἷμα
2984 493 3218 564 ἐξέχεεν,
3243 493 3308 546 ἂν
3332 492 3408 564 μὴ
3451 494 3718 563 «pl-cepa:

464 597 557 652 pus
587 594 936 645 consumere,
961 580 1275 652 frustraque
1317 590 1482 652 atque
1510 583 1857 637 incommode
1911 597 2033 636 eum

457 676 722 732 fratribus
754 674 1092 745 depugnare,
1123 690 1222 745 pro
1251 675 1455 748 quibus
1499 674 1754 731 Christus
1816 676 2043 745 sangui-

458 781 578 821 nem
621 764 837 828 eﬂ'udit,
875 765 928 817 nl
963 763 1117 834 prius
1166 764 1234 818 ab
1268 763 1459 818 iisdem
1514 763 1802 819 audiamus
1853 774 1906 818 et
1940 781 2039 819 co-

453 873 807 928 gnoscamus,
836 858 879 912 si
907 867 1053 912 recte
1077 858 1344 912 sentiunt.
1387 857 1528 911 llinc
1551 872 1709 912 sacra
1749 856 2014 913 Commen
2034 887 2046 899 ι

455 950 619 1017 taria,
653 949 788 1005 Acta
814 949 1069 1004 videlicet
1095 949 1308 1020 sytmdi,
1378 952 1596 1005 curiose
1653 949 2044 1022 diligenterque

458 1041 806 1112 maximaque
829 1056 953 1097 cum
982 1040 1339 1095 delectatione
1357 1051 1763 1112 percurrentes,
1796 1041 2045 1112 aliosque

457 1135 712 1189 doctores
741 1134 1152 1198 convenientes,
1181 1133 1272 1203 qui
1300 1148 1400 1188 suo
1433 1134 1751 1188 testimonio
1783 1134 1924 1190 dicta
1952 1153 2045 1208 sy—

461 1227 588 1282 nodi
613 1226 996 1296 comprobant,
1030 1223 1210 1279 locum
1243 1224 1455 1278 veritati
1522 1224 1796 1280 dedimus.
1859 1225 2046 1296 Neque

458 1318 830 1388 cuimjustum
855 1330 961 1384 est,
987 1331 1160 1388 neque
1185 1318 1357 1386 pium,
1382 1317 1546 1371 Pater
1573 1319 1892 1380 reverenda,
1919 1334 2041 1372 eum

459 1412 553 1481 qui
581 1411 811 1468 salutem
838 1410 1032 1474 ambit,
1060 1418 1284 1466 ostenso
1308 1410 1515 1466 lumine
1549 1410 1742 1466 oculos
1766 1410 2041 1478 claudere,

461 1508 558 1562 sed
589 1522 715 1562 cum
751 1506 972 1576 gaudio,
1019 1519 1142 1559 cum
1179 1505 1495 1576 apparuerit
1522 1505 1747 1572 veritas,
1769 1518 1890 1558 eam
1921 1519 2045 1572 pro-

462 1600 636 1655 tensis
670 1600 814 1654 ulnis
845 1597 1120 1669 amplecti.
1155 1597 1497 1667 Quapropter
1525 1604 1582 1653 et
1612 1614 1712 1652 nos
1760 1599 2044 1654 veritatem

462 1707 562 1761 per
592 1706 805 1746 sacram
838 1689 1103 1761 synodum
1147 1687 1555 1744 manifestatam
1583 1699 1895 1748 reverenter
1932 1703 2049 1743 am-

463 1784 753 1854 plectimur
777 1789 832 1837 et
862 1779 1268 1848 exosculamur,
1325 1794 1500 1852 eaque
1563 1796 1709 1837 nunc
1779 1781 2042 1847 dicimus,

2147 588 2277 655 παρ’
2309 587 2486 641 αὐτῶν
2518 585 2875 655 ἀκούσαιμεν,
2914 584 3013 639 καὶ
3038 585 3284 655 γνῶμεν,
3317 585 3365 637 εί
3409 585 3517 654 ἆρα
3550 583 3724 653 ὀρθῶς

2144 676 2462 748 φρονοῦσιν.
2493 677 2658 730 Ὅθεν
2680 679 2748 747 τῇ
2779 676 2904 748 ἱερᾷ
2937 676 3318 748 πραγματείᾳ,
3347 674 3587 745 δηλονότι
3621 672 3725 725 τῶν

2145 774 2475 844 Πρακτικῶν
2522 773 2622 841 τῆς
2673 771 2892 825 συνόδου
2945 769 3226 841 ἐπιμελῶς
3254 769 3723 840 ἐντρυφήσαντα,

2146 867 2244 920 καὶ
2303 865 2500 930 ἄλλους
2559 866 2668 920 τῶν
2715 865 3057 920 διδασκάλων
3127 863 3411 934 μετιόντες
3472 860 3540 914 τά
3587 860 3730 914 αὐτὰ.

2148 957 2688 1029 συμμαρτυροῦντας
2712 958 2874 1025 αὐτῇ,
2899 959 2965 1028 τῇ
3000 956 3231 1026 ἀληθείᾳ
3259 954 3724 1027 ὑπεχωρήσαμεν.

2147 1052 2222 1105 Οὐ
2260 1051 2371 1121 γὰρ
2413 1053 2624 1105 δίκαιον
2665 1049 2787 1104 οὐδὲ
2848 1049 3034 1114 ὅσιον,
3085 1048 3270 1118 Πάτερ
3331 1047 3604 1116 αἰδέσιμε,
3647 1045 3727 1113 τῷ

2150 1143 2464 1214 βιυλομένῳ
2503 1143 2782 1213 σωτηρίας
2814 1140 3041 1212 τυχεῖν,
3063 1139 3158 1194 τοῦ
3192 1140 3370 1210 φωτὸς
3398 1138 3726 1208 δειχθέντος,

2147 1237 2433 1306 καμμύειν
2468 1239 2593 1298 τοὺς
2651 1235 2992 1306 ὀφθαλμοὺς,
3039 1235 3173 1288 ἀλλὰ
3233 1236 3376 1304 μετὰ
3427 1237 3604 1305 χαρᾶς
3631 1235 3728 1302 τῆς

2148 1319 2410 1399 ἀληθείας
2442 1329 2726 1398 φανείσης,
2766 1329 2938 1396 αὐτὴν
2972 1327 3458 1385 κατασπάσασθαι,
3505 1330 3595 1380 Διὸ
3637 1331 3732 1381 καὶ

2150 1423 2337 1492 ἡμεῖς,
2371 1423 2471 1492 τῆς
2503 1421 2766 1490 ἀληθείας
2804 1423 2894 1476 διὰ
2924 1425 3024 1489 τῆς
3059 1423 3213 1494 ἱερᾶς
3254 1421 3476 1474 συνόδου
3507 1420 3735 1490 δειχθεί-

2155 1532 2278 1585 σης,
2330 1514 2581 1577 εὐλαϐῶς
2633 1515 2909 1585 ἐλάϐομεν
2953 1515 3148 1585 αὐτὴν,
3185 1516 3281 1568 καὶ
3333 1514 3730 1583 ὑπεδεξάμεθα,

2150 1606 2245 1658 καὶ
2276 1605 2509 1676 λέγομεν
2550 1605 2666 1674 νῦν,
2705 1605 2854 1678 ἅπερ
2901 1608 3169 1678 πρότερον
3224 1608 3326 1660 οὐκ
3362 1607 3586 1676 ᾔδειμεν
3611 1605 3735 1658 οὐδὲ

2153 1693 2428 1763 ἔγνωμεν,
2490 1697 2587 1748 καὶ
2629 1697 2979 1767 κηρύττομεν
3021 1697 3120 1750 οὐκ
3176 1698 3334 1762 ἄλλα,
3362 1699 3394 1758 ἢ
3435 1698 3536 1750 ὅσα
3585 1698 3736 1767 παρὰ

2151 1785 2249 1854 τῆς
2283 1787 2438 1856 ἱερᾶς
2473 1787 2699 1841 συνόδου
2744 1788 3048 1859 ἐμάθομεν,
3086 1788 3209 1859 ἣτις
3258 1789 3427 1843 ἔσωσε
3465 1789 3562 1851 τὰς
3603 1789 3737 1857 ἠμε-

465 1893 589 1947 qure
618 1877 771 1945 prius
804 1890 982 1946 neque
1006 1873 1349 1940 sciebamus,
1376 1889 1553 1945 neque
1579 1887 1932 1941 noveramus,
1992 1883 2042 1929 et

2150 1875 2318 1946 τέρας
2357 1877 2540 1946 ψυχάς
2569 1877 2865 1948 γενομένη.

466 1970 830 2042 praedicamus
863 1988 969 2028 non
993 1974 1120 2043 alia,
1158 1991 1321 2046 quam
1372 1991 1494 2046 qua:
1527 1990 1556 2030 a
1606 1976 1818 2047 synodo
1856 1974 2313 2045 didicimus,qua:
2377 1993 2479 2032 suo
2537 1978 2763 2034 decreto
2828 1981 3135 2034 animarum
3199 1988 3510 2034 nostrarum
3571 1976 3736 2032 saluti

465 2069 721 2137 providit.

538 2163 703 2220 Rhac.
728 2165 912 2223 Satius
943 2177 1063 2224 erat
1098 2187 1375 2241 nunquam
1399 2189 1521 2230 eam
1553 2174 1698 2244 cogi,
1727 2189 1851 2230 eum
1886 2190 2047 2231 sean-

465 2258 593 2315 dalo
623 2262 832 2330 potius.
863 2278 1028 2333 quam
1053 2265 1170 2336 paci
1192 2267 1448 2324 universo
1474 2277 1748 2325 terrarum
1782 2267 1901 2323 orbi
1930 2267 2050 2324 fue-

467 2353 565 2406 rit.

539 2441 694 2499 Catii.
724 2445 843 2499 Non
875 2445 1052 2501 dicam
1083 2445 1184 2503 hoc
1205 2462 1326 2518 ego,
1360 2465 1596 2520 namque
1629 2464 1816 2520 pacem
1856 2456 1911 2503 et
1955 2464 2045 2503 sa-

2237 2175 2408 2229 Ῥακ.
2433 2173 2695 2240 ’Ἄμεινον
2727 2164 2795 2240 ἦν
2827 2169 2996 2238 αὐτὴν
3021 2168 3095 2238 μὴ
3131 2164 3559 2237 γενέσθαι¹ποτέ,
3583 2166 3735 2218 ἐπει-

2149 2268 2215 2338 δὴ
2253 2265 2560 2320 σκάνδαλον
2613 2265 2760 2333 μέγα
2815 2261 3155 2332 προὺξένηοε
3196 2260 3401 2330 μᾶλλον
3438 2258 3470 2330 ἢ
3509 2259 3738 2329 εἰρήνην

2152 2358 2229 2428 τῷ
2257 2359 2450 2427 κόσμῳ
2481 2356 2667 2410 παντί.

2223 2456 2365 2507 Καθ.
2416 2452 2557 2515 Ἐγὼ
2608 2449 2768 2502 τοῦτο
2809 2440 3008 2501 οὔποτε
3087 2447 3326 2517 φήσαιμι
3375 2445 3463 2500 ἄν.
3498 2443 3735 2514 Εἰρήνην

465 2535 656 2603 lutem,
684 2546 736 2592 et
773 2553 882 2591 non
936 2539 1255 2595 scandalum
1305 2542 1632 2598 conciliasse
1687 2542 1889 2596 dicam.
1944 2540 2044 2606 Qui

2152 2543 2259 2612 γὰρ
2284 2543 2378 2597 καὶ
2410 2542 2689 2610 σωτηρίαν
2720 2541 2932 2609 εἴποιμι
2967 2539 3192 2610 μᾶλλον,
3226 2539 3321 2592 καὶ
3350 2538 3408 2591 οὐ
3439 2536 3734 2591 σκάνδαλον

465 2628 665 2682 etenim
695 2640 917 2702 propter
947 2631 1050 2688 hoc
1077 2649 1215 2702 opus
1246 2635 1465 2690 uniouis
1517 2633 1836 2690 scandalum
1906 2633 2044 2703 pati-

463 2721 671 2775 entur?

539 2808 708 2865 erac.
745 2810 923 2869 Latini
951 2824 1005 2870 et
1036 2815 1211 2874 Graeci
1249 2819 1458 2874 mutuis
1478 2821 1648 2876 armis
1699 2821 2047 2875 contendunt

467 2904 900 2978 conﬂiguntque.
943 2907 1120 2966 Latini
1146 2926 1270 2966 cum
1301 2911 1525 2980 Grecis,
1580 2928 1676 2969 eos
1734 2913 2051 2969 Schismati-

465 3010 562 3051 cos
614 3012 680 3053 ac
752 2999 1040 3057 haereticos
1075 3012 1262 3073 aperte
1297 3004 1729 3071 conclamantes,
1776 3013 1832 3061 et
1871 3004 2048 3060 Graeci

469 3091 527 3143 iu
548 3090 768 3147 Graecos
792 3095 1047 3159 saeviunt,
1080 3095 1299 3152 etinter
1323 3111 1382 3152 se
1419 3106 1609 3154 mutuo
1648 3112 1792 3165 sese,
1823 3107 1878 3153 et
1933 3113 2049 3152 ma-

467 3181 678 3238 ximum
737 3183 790 3238 in
850 3187 1071 3241 modum
1107 3189 1410 3258 exagitant.
1459 3189 1641 3255 Quare
1678 3191 1875 3246 melius
1899 3197 2042 3258 erat,

466 3289 588 3329 eam
621 3290 898 3344 nunquam
938 3277 1108 3333 fuisse
1130 3279 1483 3335 celebratam.

2146 2636 2481 2706 προῦφερεν.
2515 2634 2674 2697 Τίνες
2692 2633 2799 2702 γὰρ
2823 2629 2936 2685 εἷεν
2965 2633 3014 2685 οί
3047 2631 3529 2701 σκανδαλιζὸμενοι
3562 2629 3648 2682 διὰ
3672 2629 3735 2681 τὸ

2148 2728 2308 2801 ἔργον
2339 2729 2439 2796 τῆς
2466 2727 2617 2788 Θείας
2648 2722 2893 2788 ἐνώσεως
2919 2742 2935 2789 ;

2233 2820 2408 2874 'Pax.
2440 2818 2664 2873 Λατῖνοί
2694 2835 2757 2870 τε
2783 2817 2880 2871 καὶ
2904 2817 3134 2888 Γραικοὶ
3163 2815 3284 2871 κατ’
3301 2813 3549 2884 ἀλλήλων
3577 2812 3734 2867 ὁπλί-

2153 2914 2364 2980 ζονται,
2393 2914 2488 2968 καὶ
2528 2913 2796 2982 μάχονται
2847 2910 2947 2982 μὲν
2977 2911 3027 2963 οἱ
3062 2910 3284 2964 Λατῖνοι
3318 2908 3600 2978 Γραικοῖς,
3642 2905 3736 2958 καὶ

2161 3007 2560 3079 σχισματικοὺς
2593 3005 2894 3077 διαρρήδην
2959 3003 3129 3072 βοῶσί
3176 3019 3234 3056 τε
3276 3003 3371 3055 καὶ
3399 3000 3747 3073 αἱρετικοίις,¹

2156 3103 2252 3156 καὶ
2280 3100 2510 3170 Γραικοὶ
2541 3099 2684 3152 κατά
2721 3096 2975 3167 Γραικῶν
3006 3096 3315 3166 μαίνονται,
3351 3095 3449 3148 καὶ
3491 3093 3737 3162 διωγμὸν

2156 3196 2434 3264 ἐγείρουσι
2474 3193 2731 3262 μέγιστον
2777 3191 2915 3262 πρὸς
2969 3189 3258 3260 ἀλλήλους.
3292 3189 3384 3241 Διδ
3447 3187 3545 3240 καὶ
3579 3187 3739 3256 ἄμει-

2155 3305 2245 3340 νον
2279 3282 2347 3352 ἦν
2391 3286 2466 3354 μὴ
2496 3282 2757 3351 γενέσθαι
2812 3281 2986 3352 αὐτὴν
3024 3298 3178 3337 ποτε.

539 3364 726 3421 Testis.
752 3364 954 3421 Horum
982 3382 1148 3423 causa
1191 3369 1339 3424 fuere
1383 3371 1660 3439 monachi,
1701 3370 2050 3443 imperitissi-

2232 3377 2422 3444 Μάρτ.
2456 3374 2642 3430 Ταῦτα
2669 3375 2935 3442 ἐποίησαν
2978 3373 3027 3427 οἱ
3054 3373 3375 3444 καλόγηροι,
3418 3371 3738 3442 ἀμαθέσταιο

469 3473 619 3513 mum
669 3458 1165 3528 stultissimumque
1199 3460 1479 3517 hominum
1517 3479 1709 3532 genus.

546 3550 662 3606 Dic.
690 3551 1141 3607 Scandalizantur
1159 3551 1403 3622 quidem,
1431 3555 1523 3623 qui
1553 3554 1808 3611 scandala
1832 3563 2051 3620 amant;

465 3641 564 3712 qui
603 3644 884 3699 veritatem
930 3645 1202 3708 ambiunt,
1252 3661 1362 3700 non
1391 3645 1849 3701 scandalizantur.
1899 3647 2056 3714 Quo-

474 3735 635 3789 modo
662 3735 806 3787 enim
832 3732 1150 3789 scandalum
1180 3738 1474 3803 patientur,
1507 3738 1600 3808 qui
1627 3739 1778 3807 prius
1803 3755 1832 3794 a
1853 3725 2058 3794 Graecis

471 3825 890 3896 appellabantur
921 3826 1166 3883 haeretici
1195 3829 1217 3882 ?
1253 3827 1462 3885 Deinde
1492 3846 1601 3885 non
1627 3846 1777 3886 arma
1834 3842 2060 3888 sumunt

474 3919 528 3974 ia
559 3917 798 3976 Gracos.
844 3921 1046 3992 Apage.
1099 3920 1216 3978 lmo
1282 3933 1595 3993 peroptant,
1655 3935 2060 3996 precanturqne

473 4024 578 4063 una
605 4026 731 4066 cum
795 4011 902 4066 illis
933 4027 1059 4068 esse
1100 4013 1153 4066 in
1192 4015 1492 4070 concordia
1544 4025 1597 4071 et
1642 4032 1800 4087 pace.
1834 4017 2056 4074 Contri-

475 4113 693 4159 stantur
721 4119 873 4170 vero,
902 4120 1002 4161 nec
1033 4107 1307 4162 immerito
1345 4109 1609 4165 adversus
1647 4109 1888 4176 Graecos,
1914 4112 2058 4181 quod

474 4203 603 4266 post
633 4205 1004 4250 sacrosancta:
1061 4197 1255 4268 synodi
1287 4195 1554 4267 judicium
1586 4213 1682 4254 eos
1707 4215 1814 4254 non
1843 4212 2063 4258 cessant

477 4303 673 4343 vocare
691 4297 747 4344 et
773 4288 1080 4354 haereticos,
1110 4299 1164 4345 et
1191 4290 1383 4346 aliena:
1406 4290 1529 4346 lidei
1562 4300 1881 4348 sectatores.
1909 4293 2061 4350 ϐιω-

475 4378 524 4432 ci
549 4392 677 4432 vero
707 4378 762 4433 in
789 4378 1009 4434 Graecos
1033 4377 1466 4445 debacchantur,
1497 4391 1552 4435 et
1576 4382 1858 4438 decertant
1885 4387 1920 4438 ii
1964 4388 2061 4456 qui

476 4480 739 4524 recusant
764 4473 1019 4525 unionem
1051 4487 1173 4526 cum
1208 4469 1630 4541 acceptantibus
1663 4488 1804 4539 eam,
1849 4491 2062 4530 nuncu-
2090 4531 2104 4553 ὅ

480 4567 718 4628 pantque
756 4575 850 4617 eos
882 4558 1104 4617 Latinos
1130 4572 1187 4616 et
1211 4562 1523 4628 haereticos,
1575 4577 1644 4618 eo
1691 4563 1813 4618 solo
1835 4567 1982 4637 quod
2006 4580 2065 4624 se

2157 3486 2239 3522 τοι
2261 3471 2357 3521 καὶ
2385 3469 2562 3537 μωροὶ
2591 3466 2766 3530 ὄντες.

2232 3564 2359 3616 Am.
2386 3561 2849 3625 Σκανδαλίξονται
2882 3561 2982 3632 μὲν
3002 3560 3052 3612 ol
3082 3561 3150 3613 τὰ
3176 3559 3451 3614 σκάνδαλα
3481 3559 3738 3627 ἀγαπῶν-

2160 3672 2273 3717 τες,
2303 3655 2352 3708 cl
2401 3654 2458 3709 δὲ
2489 3653 2588 3725 τὴν
2617 3654 2878 3724 ἀλήθειαν
2916 3654 3165 3723 θέλοντες
3217 3653 3471 3706 οὐδέποτε
3508 3653 3740 3706 σκανδα-

2165 3747 2428 3810 λίζονται.
2465 3747 2591 3809 Πῶς
2621 3752 2731 3818 γὰρ
2789 3749 2885 3802 καὶ
2925 3745 3484 3817 σκανδαλισθήσονται
3516 3744 3565 3798 οἳ
3608 3743 3742 3816 πρό-

2160 3856 2323 3909 τερον
2380 3839 2538 3909 παρὰ
2599 3839 2711 3900 τῶν
2776 3838 3030 3909 Γραικῶν
3088 3835 3384 3890 ἐκαλοῦντο
3432 3832 3737 3904 αίρετικοί;

2166 3929 2407 3984 Ἔπειτα
2440 3929 2497 3983 δέ
2525 3929 2625 4000 οὐχ
2676 3929 2991 3994 ὁπλίζονται
3021 3926 3166 3980 κατά
3202 3926 3469 3997 Γραικῶν.
3501 3927 3738 3994 ΙἈτιεαγε.

2174 4027 2339 4083 Ἀλλά
2399 4017 2625 4080 θέλουσι
2676 4025 2774 4079 καὶ
2827 4025 3038 4078 δέονται
3072 4017 3215 4076 εῖναι
3269 4021 3386 4093 μετ’
3445 4019 3648 4074 αὐτῶν-
3685 4023 3742 4074 ἐν

2164 4123 2394 4192 ὁμονοία
2425 4138 2485 4174 τε
2511 4120 2606 4173 καὶ
2635 4119 2852 4190 εἰρήνῃ.
2896 4115 3215 4171 Δυποῦνται
3243 4115 3299 4169 δὲ
3329 4115 3552 4177 δικαίως
3600 4113 3743 4167 κατὰ

2164 4214 2440 4283 Γραικῶν,
2478 4210 2561 4265 δτι.
2613 4211 2752 4280 μετὰ
2806 4211 2910 4275 τὴν
2946 4209 3133 4280 κρίσιν
3182 4207 3286 4275 τῆς
3340 4207 3492 4276 ίερᾶς
3526 4207 3743 4259 συνόδου

2165 4306 2251 4360 ἔτι
2315 4301 2692 4360 ἀποκαλοῦσιν
2745 4300 2946 4361 αὐτοὺς
2999 4297 3317 4366 αίρετικοὺς
3361 4297 3454 4350 καὶ
3510 4296 3746 4368 ἑτεροδό-

2168 4399 2316 4466 ξους.
2353 4395 2585 4466 Γραικοὶ
2605 4395 2663 4448 δὲ
2692 4393 2833 4447 κατὰ
2868 4392 3147 4463 Γραικῶν,
3171 4390 3247 4454 ὡς
3274 4391 3340 4443 σὺ
3374 4390 3504 4460 φῂς,
3533 4392 3748 4458 μαίνον-

2108 4540 2118 4548 ._
2167 4506 2279 4555 ται,
2316 4488 2606 4554 μαίνονται
2651 4484 2708 4539 δέ
2738 4484 2833 4538 καὶ
2873 4483 3139 4553 μάχονται
3167 4483 3217 4536 ol
3271 4481 3346 4551 μὴ
3374 4481 3622 4545 θέλοντες
3649 4482 3748 4550 τὴν

2165 4582 2363 4637 ἕνωσιν
2382 4582 2493 4643 τοῖς
2522 4576 2945 4647 ὑποδεχομένοις
2967 4575 3164 4642 αὐτήν.
3193 4572 3306 4628 Καὶ
3335 4574 3597 4637 Λατίνους
3619 4575 3749 4626 ἀπο-

480 4649 691 4720 synodo
711 4651 1035 4723 subjiciunt,
1069 4660 1122 4707 et
1141 4649 1488 4709 Christianos
1517 4654 1788 4724 appellant
1816 4653 2056 4712 Latinos.

2169 4673 2427 4730 καλοῦσιν
2460 4672 2682 4736 αὐτοὺς,
2731 4669 2827 4722 καὶ
2883 4668 3218 4737 αἱρετικοὺς,
3265 4664 3336 4718 δι’
3395 4665 3550 4718 οὐδὲν
3599 4664 3747 4729 ἄλλο,

553 4943 720 5002 Rliar.
761 4944 1054 5016 Propterea
1086 4961 1188 5019 ego
1219 4946 1342 5002 dico
1371 4944 1566 5002 melius
1618 4944 1814 5014 fuisse,
1850 4950 1894 5006 si
1924 4966 2066 5006 nun-

482 5054 647 5109 quam
681 5052 870 5097 coacta
895 5049 1065 5097 esset.

558 5131 678 5188 Dic.
712 5132 870 5199 Quod
894 5136 1053 5201 dicis,
1080 5151 1258 5209 neque
1277 5137 1486 5208 justum
1515 5149 1619 5207 est,
1651 5154 1827 5210 neque
1850 5138 2022 5208 pium.

559 5223 717 5278 Calh.
749 5225 918 5280 Audis
947 5225 1236 5283 Dominum
1273 5230 1570 5297 dicentem,
1599 5246 1704 5286 non
1734 5243 1856 5287 esse
1904 5243 2069 5283 mun-

488 5315 616 5370 dum
643 5316 1035 5375 conferendum
1065 5336 1190 5376 eum
1225 5338 1328 5375 una
1397 5325 1578 5378 anima
1627 5322 1886 5382 hominis.
1922 5329 1979 5376 et
2013 5331 2067 5373 tu

492 5409 575 5467 ais
604 5409 803 5467 melius
831 5411 1002 5470 fuisse
1042 5415 1090 5470 si
1134 5429 1243 5470 non
1272 5424 1421 5471 esset
1472 5428 1799 5487 congregata
1823 5413 1847 5468 ?
1875 5414 2068 5468 Annon

491 5500 646 5557 vides
683 5518 783 5557 nos
803 5514 926 5572 post
967 5505 1113 5561 illam
1140 5507 1406 5579 synodum
1454 5507 1718 5563 didicisse
1764 5507 2069 5569 veritatem,

494 5611 658 5665 quam
693 5607 850 5652 antea
891 5597 1426 5670 ignorabamunAn
1452 5601 1670 5669 ignoras
1703 5610 1833 5669 quot
1877 5599 2072 5652 animae

498 5688 713 5759 ejurato
739 5690 1036 5747 schismate.
1059 5703 1112 5747 et
1163 5693 1434 5748 divisione
1471 5695 1523 5746 in
1549 5693 1901 5748 concordiam
1933 5691 2074 5746 redi-

501 5781 698 5835 erunt?
719 5781 834 5838 Non
858 5783 1007 5840 vides
1037 5799 1137 5842 nos
1157 5801 1186 5840 a
1213 5801 1350 5841 vana
1373 5784 1461 5842 illa
1483 5785 1921 5857 prmsumptionc,
1945 5799 2077 5841 con-

2165 4767 2284 4826 en'
2313 4767 2348 4838 ἢ
2379 4767 2468 4822 διά
2487 4767 2551 4820 τὸ
2572 4762 2915 4832 ὑποταγῆναι
2936 4761 3133 4825 αὐτοὺς
3156 4761 3220 4832 τῇ
3247 4760 3476 4830 συνόδῳ,
3501 4760 3593 4814 καὶ
3626 4761 3753 4823 τοὺς

2165 4859 2428 4922 Λατίνους
2454 4858 2637 4928 λέγειν
2663 4854 3044 4926 Χριστιανούς.

2254 4952 2425 5006 Ῥακ.
2457 4949 2556 5002 Διὰ
2574 4949 2733 5002 τοῦτο
2761 4947 2874 5015 ἐγὼ
2913 4945 3076 5014 λέγω,
3131 4945 3212 5000 ὅτι
3271 4944 3522 5018 κρεῖττον
3552 4940 3623 5016 ἦν
3675 4944 3750 5014 μὴ

2175 5045 2437 5113 γενέσθαι
2475 5042 2608 5096 ποτέ
2631 5042 2830 5112 αὐτὴν.

2248 5141 2370 5193 Δικ.
2419 5136 2494 5190 Οὐ
2522 5135 2735 5190 δίκαιον
2761 5134 2822 5186 τὸ
2863 5133 3031 5205 ῥηθὲν
3057 5133 3182 5203 ἠδη,
3243 5129 3369 5184 οὔτε
3428 5131 3537 5200 μὴν
3586 5130 3755 5184 ὅσιον.

2249 5233 2390 5286 Καθ.
2428 5227 2536 5281 Τοῦ
2566 5226 2776 5299 Κυρίου
2808 5225 3032 5288 ἀκούεις
3083 5223 3355 5292 λέγοντος,
3412 5225 3535 5278 Οὐκ
3584 5223 3757 5277 ἔστιν

2177 5326 2211 5378 ὀ
2239 5324 2470 5391 κόσμος
2495 5321 2643 5385 ὅλος
2670 5317 2960 5384 ἀντάξιος
3022 5315 3178 5385 ὑπὲρ
3231 5315 3368 5385 μιᾶς
3405 5315 3616 5385 ψυχῆς
3652 5317 3757 5370 ἁν-

2177 5415 2442 5483 θρώπου,
2475 5413 2568 5467 καὶ
2598 5413 2662 5465 σὺ
2692 5411 2894 5480 λέγεις,
2931 5412 3198 5481 Ἀμεινον
3226 5405 3295 5481 ἦν
3318 5410 3489 5478 αὐτὴν
3538 5410 3614 5479 μὴ
3664 5427 3758 5476 γε·

2178 5510 2368 5564 νέσθαι
2402 5528 2415 5572 ;
2450 5509 2564 5560 Οὐκ
2608 5501 2795 5571 οἶδας,
2853 5507 2956 5570 ὃτι,
3010 5504 3317 5574 γενομένης
3373 5503 3474 5571 τῆς
3513 5503 3753 5566 συνόδου,

2182 5603 2461 5672 ἐμάθομεν
2489 5602 2588 5670 τὴν
2635 5597 2918 5669 ἀλήθειαν,
2959 5598 3029 5666 ἢν
3087 5597 3354 5666 πρότερον
3391 5597 3492 5648 οὐκ
3535 5597 3759 5650 ἐπιστάς

2186 5692 2327 5763 μεθα
2354 5710 2368 5757 ;
2401 5691 2516 5744 Οὐκ
2547 5685 2707 5743 οἶσθα
2737 5689 2904 5741 πόσαι
2936 5687 3108 5758 ψυχαὶ
3161 5685 3423 5755 ὲξὲφυγον
3467 5685 3562 5740 τοῦ
3607 5686 3759 5756 qia-

2189 5801 2357 5855 ματος
2395 5785 2484 5836 καλ
2513 5782 2608 5853 τῆς
2639 5779 2989 5853 διαιρέσεωςς
3023 5780 3135 5834 Οὐκ
3193 5776 3341 5841 οἶδας
3379 5779 3489 5843 πῶς
3525 5777 3758 5846 ἐλυτρώ-
