4228 6298
456 425 594 489 1033

1481 421 1916 485 REFUTATIO
1960 419 2199 480 MARCI
2243 417 2628 480 EPllESle.

3563 414 3694 475 1034

450 544 542 596 νύν
571 543 669 596 οὐκ
724 540 1037 595 ἐπαύσαντο
1093 537 1272 593 πάντα
1335 537 1484 591 λὶοον
1541 540 1819 601 κινοῦντες
1875 536 2019 591 κατᾶ
2054 539 2090 592 Α

2054 539 2090 592 Α
2125 549 2342 587 omnem
2377 549 2590 586 movere
2628 531 2883 599 lapidem,
2920 539 2972 584 et
3015 527 3242 585 dicenda
3279 527 3615 596 tacendaqne
3643 529 3691 580 in

451 637 716 698 Λατίνων,
752 636 847 688 καὶ
875 637 1015 706 ρητὶι
1051 636 1145 687 καὶ
1177 636 1396 706 ἇρῤητα
1429 633 1549 687 κατ’
1605 633 1784 686 αὐτῶν
1817 634 1972 703 ἐμεῖν
2005 647 2019 661 ⁸

447 731 541 782 καὶ
573 728 696 782 οὔτε
754 729 914 798 φόϐος
969 728 1127 790 Θεοῦ,
1162 726 1289 781 οὔτε
1337 725 1688 796 πολυχρόνιος
1728 725 1982 785 ἔνστασις
2006 765 2020 788 ,

444 821 569 875 οὒτε
597 821 818 884 σύνοδος
844 819 1222 891 οῖκουμενικὴ,
1259 818 1374 872 οὔτ’
1400 819 1540 887 αὐτή
1579 820 1612 889 ἡ
1645 817 1877 886 ἀλήθεια
1896 819 2023 887 ἠδυ-

447 917 585 985 νήθη
619 917 808 968 πεῖσαι
842 913 1066 976 αύτούς.
1109 910 1506 979 ’Δπελογοῦντο
1550 911 1609 965 δέ
1648 927 1732 963 σοι
1776 910 1870 964 διὰ
1925 907 2022 962 τού

447 1009 885 1080 ἁρχιεπισκόπου
937 1006 1148 1070 Ῥόδου,
1174 1005 1488 1067 δεικνύντες
1517 1003 1690 1074 ψευδῆ
1721 997 2022 1072 εἷναιᾶπερ

446 1103 652 1165 ἔλεγες·
674 1101 748 1164 ὡς
763 1102 862 1170 οὐχ
885 1102 918 1170 ή
953 1099 1251 1170 Ἐκκλησία
1267 1100 1364 1170 τῆς
1395 1097 1637 1168 Ῥώμης,
1662 1096 1772 1150 οὐδ’
1796 1099 1828 1166 ή
1854 1114 2022 1165 προσ-

450 1193 593 1263 θήκη
623 1192 774 1246 αἰτία
815 1193 912 1260 τῆς
939 1188 1257 1261 διαιρέσεώς
1279 1208 1339 1243 τε
1363 1190 1458 1244 καὶ
1481 1191 1662 1260 μάχης
1683 1185 1774 1260 ἦν’
1808 1189 1941 1242 διότι
1959 1187 2020 1240 οὐ

448 1287 612 1356 μόνον
636 1286 740 1355 πρὸ
763 1284 1060 1356 σχῖσματος
1099 1283 1212 1336 τῶν
1255 1282 1561 1353 ἐκκλησιῶν
1583 1286 1641 1335 ἐν
1662 1281 1741 1348 τῷ
1761 1282 1832 1334 Συ
1843 1279 2023 1350 μϐόλῳ

447 1379 480 1448 η
502 1376 790 1446 προσθήκη
819 1377 1002 1443 ἐτέοη,
1038 1373 1173 1428 ἀλλὰ
1205 1375 1298 1428 καὶ
1339 1375 1444 1444 πρὸ
1478 1373 1588 1430 τῶν
1620 1372 2022 1441 οἰκουμενικῶν

448 1468 704 1532 συνόδων,
743 1469 842 1536 τῆς
866 1467 1104 1537 ἑϐδόμης
1134 1467 1280 1536 φημὶ
1316 1469 1407 1520 καὶ
1444 1469 1540 1535 τῆς
1572 1467 1761 1537 ἐκτης,
1792 1469 1866 1528 ὡς
1885 1483 2022 1537 μαρ-

446 1561 653 1629 τυρεῖὸ
683 1557 1026 1627 δμολογητὴε
1079 1556 1334 1625 Μάξιμος
1384 1558 1442 1609 ἐν
1472 1558 1536 1626 τῇ
1597 1557 1733 1627 πρὸς
1777 1557 2022 1625 Μαρῐνον

444 1652 533 1704 τὸν
597 1650 972 1721 πρεσϐύτερον
1032 1651 1261 1720 Κύπρον
1311 1649 1612 1719 ἐπιστολῇ·
1669 1650 1766 1702 καὶ
1801 1650 1862 1702 οὐ
1914 1650 2022 1718 πρὸ

449 1743 656 1796 τούτων
715 1743 902 1813 μόνον,
946 1742 1021 1806 ὡς
1079 1743 1319 1812 ειρηται,
1368 1740 1672 1804 ἁλλέύθυς
1723 1742 1862 1811 μετὰ
1919 1742 2019 1812 τήν

445 1835 706 1904 δευτέραν
763 1833 981 1888 σύνοδον
1028 1835 1086 1886 ἐν
1138 1834 1217 1904 τῷ
1278 1832 1453 1902 καιρῷ
1496 1832 1755 1901 Δαμάσου
1793 1833 2018 1898 πάππα,

446 1929 520 1990 ὡς
548 1928 820 1997 μαρτυρεῖ
845 1926 1122 1996 Γεώργιος
1152 1925 1454 1994 Ἀριστινδς
1481 1929 1508 1978 ὁ
1539 1926 1829 1993 ἱστορικός.
1857 1925 2022 1978 Ὥστε

447 2021 697 2075 ἐντεῦθεν
736 2019 1092 2088 ἐλεγχόμενος
1123 2018 1291 2087 φαίνῃ
1335 2017 1502 2086 μηδὲν
1543 2017 1746 2085 ἀληθὲς
1780 2016 1962 2084 λέγων
1996 2031 2011 2047 °

455 2114 572 2167 ἀλλ’
588 2113 698 2165 οὐδ’
748 2114 782 2181 ἡ
812 2111 1098 2183 προσθήκη
1149 2109 1374 2177 γέγονεν
1414 2109 1563 2163 αἰτία
1595 2108 1691 2161 τοῦ
1751 2108 2026 2180 διαιρεθῆ-

451 2223 537 2260 ναι
597 2204 693 2268 τὰς
747 2202 1066 2273 ἐκκλησίας.
1101 2202 1166 2254 Εἰ
1222 2201 1321 2269 μὶν
1382 2199 1494 2270 γὰρ
1541 2201 1601 2252 τὸ
1646 2201 1851 2269 σχίσμα
1907 2199 2024 2252 ἐστὶ

453 2297 591 2367 μετὰ
621 2297 720 2365 τὴν
768 2296 1004 2365 ἑϐδόμην
1032 2293 1273 2352 σύνοδον,
1321 2293 1419 2345 καὶ
1450 2291 1630 2361 πολλῷ
1669 2293 1840 2346 πλείω
1872 2291 2026 2346 ὓστε-

455 2410 544 2460 ρον
578 2389 804 2457 ταύτης,
840 2391 874 2459 ή
900 2390 956 2442 δὲ
992 2388 1284 2456 προσθήκη
1318 2385 1426 2438 ἀπὸ
1456 2388 1556 2454 τῆς
1583 2386 1840 2454 δευτέρας
1865 2385 2024 2451 γέγο-

450 2500 562 2547 νεν,
592 2484 647 2535 αἱ
675 2483 718 2534 δ’
748 2485 811 2534 ἐκ
826 2480 1033 2549 ηλησέαι
1068 2481 1346 2549 ἡνωμέναι
1397 2472 1538 2547 ἦσαν
1570 2477 1734 2544 μέχρι
1799 2475 1890 2528 καὶ
1927 2475 2026 2543 τῆς

449 2575 705 2643 ἑϐδόμης,
757 2575 848 2628 καὶ
894 2574 997 2627 ούκ
1030 2572 1323 2626 ἐνεκάλουν
1361 2568 1624 2638 ἀλλήλαις
1659 2567 1846 2620 ἕνεκεν
1902 2565 2025 2618 τού-

449 2686 544 2722 του
569 2686 583 2698 ο
617 2669 734 2731 πῶς
763 2670 796 2737 ἠ
837 2665 1130 2736 προσθήκη
1157 2663 1306 2716 αἰτία
1336 2662 1528 2729 γέγονε
1560 2661 1659 2730 τῆς
1681 2660 2026 2729 διαιρέσεωςς

451 2761 667 2815 Μᾶλλον
720 2761 777 2812 δὲ
827 2759 1107 2812 δείκνυται
1169 2755 1278 2807 ἀπὸ
1337 2755 1570 2815 τούτου,
1638 2753 1722 2805 δτι
1781 2751 2028 2819 ἐδέχοντο

450 2854 499 2906 οἱ
535 2852 844 2906 ἁνατο).ικο“ι
894 2852 994 2918 τήν
1033 2847 1337 2917 σαφήνειαν
1364 2845 1591 2914 ταύτην,
1647 2842 1838 2912 ἐπειδὴ
1882 2841 2032 2910 ὡμο-

453 2949 604 2999 νόουν
655 2938 1121 3010 προστεθειμένου
1144 2941 1200 2992 ἐν
1224 2937 1305 3008 τῷ
1355 2934 1619 3005 Συμϐόλῳ
1653 2936 1748 2987 καὶ
1786 2934 1905 2998 τοῦ,
1957 2935 2025 2986 ἐκ

455 3038 560 3092 τοῦ
598 3036 753 3091 Υιοῦ.

1142 3126 1329 3180 ΕΦΕΣ.

527 3223 760 3275 Ἔπειτα
815 3234 954 3272 κατα
991 3220 1090 3282 τὰς
1149 3218 1350 3288 ἐφεξῆς
1401 3217 1746 3281 συνελεύσεις
1801 3232 2025 3286 προχει-

461 3313 755 3383 ρισάμενος
789 3311 886 3373 τὰς
925 3309 1160 3380 Πράξεις
1190 3310 1301 3361 τῶν
1342 3309 1504 3376 ιερῶν
1535 3309 1770 3362 συνόδων
1787 3309 2028 3376 ἀνέγνων

457 3408 516 3470 ἐξ
537 3404 717 3460 αὐτῶν
745 3404 874 3465 τοὺς
907 3404 1089 3471 ὄρους.
1125 3403 1184 3453 ἐν
1218 3397 1299 3465 οἷς
1338 3400 1777 3469 ἀπαγορεύουσιν
1815 3399 1865 3450 οι
1894 3399 2026 3450 Οεῖοι

462 3496 704 3565 [ιατέρςς
739 3495 937 3545 ἐκεῖνοι
972 3491 1070 3562 τήν
1121 3491 1424 3560 ἐναλλαγήν
1453 3491 1548 3543 τοῦ
1605 3489 1892 3560 Συμϐόλου
1929 3488 2028 3558 μέ.

461 3606 550 3658 χρι
600 3583 796 3650 λέξεώς
846 3601 904 3635 τε
949 3585 1045 3637 καὶ
1084 3581 1379 3650 συλλαϐῆς,
1419 3582 1513 3634 καὶ
1563 3580 1857 3652 φρικώδεις
1889 3582 2028 3649 ἀρὰς

457 3672 764 3740 ἐκφωνοῦσι
797 3671 938 3724 κατὰ
989 3673 1099 3723 τῶν
1154 3671 1365 3739 ταύτην
1426 3671 1558 3724 ποτὲ
1606 3671 2024 3740 τολμησόντων’

457 3765 597 3819 ὥστε
629 3766 756 3828 τοὺς
780 3766 1114 3827 ἐπισκόπους
1157 3767 1256 3834 μὶν
1281 3767 1376 3818 καὶ
1404 3766 1532 3828 τοὺς
1560 3765 1856 3835 κληρικοὺς
1887 3766 2032 3818 ἀνιέ-

462 3878 587 3928 ρους
620 3854 762 3910 εἶναι
796 3859 857 3909 τὸ
895 3859 1001 3911 ἀπ’»
1033 3857 1211 3922 τοῦδε,
1249 3860 1339 3910 καὶ
1370 3860 1470 3924 τῆς
1511 3857 1807 3927 δεδομένης
1845 3859 2030 3918 αὐτοῖς

459 3951 677 4019 χάριτος
704 3949 1041 4018 ἀλλοτρίους,
1075 3949 1202 4012 τοὺς
1230 3951 1287 4002 δέ
1337 3949 1562 4010 λαῖκοὺς
1599 3949 1924 4002 ὑποκεῖσθαι
1953 3950 2030 4019 τῷ

460 4039 770 4110 ὰναθέματι
789 4055 802 4068 °
837 4039 994 4092 τοῦτο
1012 4039 1067 4094 δέ
1086 4040 1232 4092 ἐστιν
1260 4043 1288 4093 ό
1315 4041 1421 4093 ἀπὸ
1441 4039 1534 4093 τοῦ
1552 4040 1688 4093 Θεοῦ
1718 4042 2021 4111 χωρισμός.

1132 4131 1353 4186 ἈΠΟᾹ.

535 4221 660 4274 Ὀτι
693 4223 792 4290 μὲν
835 4222 1074 4290 ἀνέγνως
1101 4224 1163 4274 ἐκ
1197 4222 1305 4274 τῶν
1344 4225 1743 4292 οῖκουμενικῶν
1792 4225 2028 4279 συνόδων

462 4309 595 4374 ἐκεῖ,
635 4310 1012 4380 μαρτυροῦσιν
1052 4311 1110 4364 αἱ
1168 4310 1407 4382 Πράξεις
1435 4327 1449 4341 ο
1491 4313 1606 4366 ἐκεῖ
1637 4316 1747 4383 γάρ
1787 4316 1897 4368 εισι
1938 4331 2030 4384 γε-

459 4404 761 4473 γραμμένα
783 4403 926 4472 Ξπερ
955 4403 1197 4470 ἀνέγνως
1216 4421 1231 4435 ο
1262 4404 1343 4457 δτι
1368 4406 1424 4458 δέ
1451 4406 1605 4460 οὐδὲν
1631 4407 1837 4478 ἔφησας
1861 4412 2031 4477 ἁναγ⁹

461 4496 639 4554 καῖον,
666 4493 786 4545 οὐδὲ
815 4494 954 4547 κατὰ
981 4493 1224 4546 Λατίνων
1249 4488 1390 4564 ἦσαν
1413 4496 1620 4564 ἐκεῖνα,
1649 4499 1677 4547 ὁ
1703 4497 2030 4566 βουλόμενος

2127 625 2247 680 illos
2279 641 2576 680 evomere:
2609 634 2661 678 ct
2710 638 2807 678 nec
2855 622 2946 676 Dei
3008 622 3188 687 timor,
3229 636 3403 690 neque
3445 619 3693 674 diuturna

2124 714 2426 782 contentio,
2479 729 2580 769 nec
2631 713 2872 784 synodus
2912 711 3272 773 meumenica,
3333 722 3433 761 nec
3494 710 3694 763 veritas

2125 809 2242 878 ipsa
2271 807 2601 877 persuadere
2637 805 2744 860 illis
2777 805 2974 872 potuit.
3015 801 3120 856 Pro
3158 817 3253 856 sua
3295 817 3458 870 porro
3502 801 3692 854 defen-

2124 901 2279 956 sione
2313 897 2708 968 respondebant
2739 894 2834 948 tibi
2867 908 2960 963 per
2984 893 3452 963 archiepiscopum
3493 891 3693 959 Rhodi,

2126 991 2259 1046 falsa
2285 1005 2410 1047 esse
2465 989 2815 1044 ostendentes
2849 1002 2970 1056 qua:
2998 985 3216 1041 dicebas
3248 1003 3260 1039 :
3293 985 3439 1055 quod
3487 999 3695 1055 nequa-

2123 1100 2286 1154 quam
2334 1081 2574 1136 Ecclesia
2608 1079 2876 1144 Romana,
2912 1092 3010 1132 nec
3065 1076 3493 1131 additamentum
3543 1078 3697 1144 origo

2125 1177 2290 1231 fuerit
2322 1175 2608 1229 divisionis
2635 1183 2688 1227 et
2713 1186 2941 1242 pugnae;
2981 1184 3158 1241 neque
3193 1170 3337 1224 enim
3370 1169 3544 1224 solum
3570 1178 3696 1222 ante

2124 1268 2362 1324 schisma
2425 1267 2780 1321 ecclesiarum
2844 1265 3150 1335 appositum
3197 1275 3315 1318 erat
3385 1264 3692 1335 Symbolo,

2126 1363 2223 1414 sed
2244 1368 2370 1414 ante
2394 1359 2543 1429 ipsas
2569 1356 2808 1428 synodos
2837 1357 3226 1418 meumenicas,
3263 1357 3546 1426 septimam
3569 1357 3694 1410 dico

2122 1462 2177 1506 et
2225 1459 2460 1515 sextam,
2504 1457 2564 1502 ut
2615 1455 2850 1503 testatur
2880 1446 3164 1501 confessor
3202 1446 3465 1502 Maximus
3493 1446 3546 1500 in
3581 1447 3697 1514 epi-

2125 1545 2265 1600 stola
2305 1545 2371 1598 ad
2400 1542 2665 1596 Marinum
2699 1540 3074 1610 presbyterum
3105 1542 3362 1611 Cyprium
3400 1557 3414 1595 :
3447 1556 3546 1594 nec
3575 1552 3698 1594 ante

2126 1638 2244 1692 illas
2283 1645 2513 1698 tantum,
2556 1640 2615 1687 ut
2659 1633 2863 1687 dictum
2913 1643 3017 1697 est,
3066 1633 3160 1688 sed
3206 1648 3331 1687 mox
3378 1648 3409 1687 a
3454 1631 3696 1688 secunda

2125 1730 2331 1801 synodo
2367 1739 2612 1797 tempore
2643 1741 2794 1796 papae
2829 1726 3066 1794 Damasi,
3099 1735 3158 1780 ut
3189 1728 3390 1783 asserit
3433 1725 3699 1798 Georgius

2125 1827 2404 1882 Aristinus
2442 1819 2753 1875 historicus.
2783 1821 2962 1876 Ouare
3004 1822 3133 1876 hinc
3167 1822 3510 1893 redargueris
3547 1836 3699 1877 cout-

2126 1922 2370 1977 ntentitia
2394 1925 2576 1978 dicere
2602 1940 2615 1976 :
2652 1937 2828 1992 neque
2861 1923 3006 1976 enim
3028 1921 3455 1975 additamentum
3480 1932 3697 1973 causam

2126 2016 2276 2069 dedit
2305 2015 2670 2084 sejunctionis
2707 2016 3087 2070 ecclesiarum.
3121 2014 3255 2068 Nam
3305 2014 3350 2067 si
3403 2024 3524 2081 post
3577 2027 3698 2082 sep-

2130 2108 2316 2161 timam
2349 2107 2614 2177 synodum
2663 2119 2910 2162 exortum
2954 2116 3034 2161 est
3105 2105 3367 2171 schisma,
3425 2113 3477 2157 et
3529 2103 3699 2157 multo

2126 2201 2289 2254 etiam
2316 2209 2398 2255 est
2430 2201 2514 2254 illa
2555 2203 2849 2270 posterius,
2894 2200 3136 2254 additum
3168 2214 3296 2253 vero
3343 2197 3522 2253 fuerat
3545 2197 3701 2267 Sym-

2127 2292 2248 2346 bolo
2290 2301 2411 2362 post
2435 2294 2728 2347 secundam
2769 2291 3061 2360 synodum,
3103 2298 3155 2344 et
3180 2290 3425 2345 ecclesia:
3470 2304 3697 2344 concor-

2127 2385 2329 2440 dabant
2359 2401 2530 2454 usque
2562 2385 2626 2437 ad
2675 2385 2986 2451 septimam,
3017 2395 3069 2438 et
3093 2384 3259 2438 altera
3288 2383 3511 2437 alteram
3539 2382 3698 2450 hujus

2127 2475 2204 2529 rei
2248 2490 2414 2529 causa
2476 2491 2580 2527 non
2635 2476 2941 2542 accusabat,
2990 2478 3082 2543 qui
3127 2476 3216 2529 fiat
3261 2486 3319 2528 ut
3372 2491 3436 2529 ex
3489 2476 3698 2529 addita-

2129 2577 2312 2620 mento
2360 2568 2430 2622 sit
2475 2577 2654 2621 ortum
2703 2567 3030 2621 dissidium‘l
3088 2568 3202 2620 ltro
3250 2568 3432 2638 potius
3487 2583 3552 2622 ex
3597 2571 3698 2621 hoc

2128 2658 2817 2724 ostenditur,orientalibus
2848 2659 3284 2727 explanationem
3337 2661 3477 2714 hanc
3528 2661 3698 2714 fuisse

2130 2760 2429 2820 acceptam,
2482 2749 2923 2820 quandoquidem
2981 2751 3162 2806 addita
3221 2754 3384 2806 etiam
3441 2753 3696 2824 Sytnbolo

2129 2857 2259 2898 voce
2295 2843 2406 2904 illa,
2435 2838 2694 2912 Filioque,
2730 2856 2836 2896 non
2873 2841 3236 2899 dissidebant.

2785 3116 3024 3174 EPIIES.

2205 3211 2408 3266 Deinde
2447 3226 2544 3281 per
2577 3221 2976 3279 consequentes
3023 3215 3322 3278 sessiones,
3358 3216 3586 3286 prolatis
3616 3233 3703 3272 sa-

2083 3297 2100 3308 ”
2133 3319 2354 3355 erorum
2379 3303 2738 3357 conciliorum
2758 3303 2934 3366 Actis.
2955 3306 3176 3360 recitavi
3196 3306 3537 3364 definitiones
3559 3310 3704 3380 ipso-

2134 3412 2273 3460 rum,
2316 3396 2367 3448 in
2405 3396 2605 3464 quibus
2632 3399 2805 3450 sancti
2843 3397 2916 3451 illi
2947 3397 3135 3452 Patres
3177 3400 3508 3457 interdicunt
3538 3401 3705 3473 Synt-

2130 3490 2239 3543 boli
2275 3491 2630 3544 mutationem
2665 3503 2841 3559 usque
2871 3490 2937 3542 ad
2974 3491 3272 3546 dictionem
3303 3501 3357 3546 et
3410 3495 3696 3563 syllabam,

2132 3591 2187 3634 et
2222 3581 2528 3635 horrendas
2575 3580 2986 3636 exsecrationes
3047 3585 3302 3640 sanciunt
3350 3586 3402 3637 in
3457 3601 3550 3639 eos
3605 3594 3698 3655 qui

2132 3674 2251 3726 ausi
2306 3688 2544 3741 unquam
2592 3670 2794 3726 fuerint
2828 3674 3122 3742 quidquam
3178 3675 3468 3730 immutare
3499 3677 3607 3730 :ita
3643 3687 3702 3730 ut

2133 3764 2375 3832 episcopi
2394 3764 2618 3832 quidem
2639 3773 2691 3817 et
2711 3764 2895 3818 clerici
2917 3766 3226 3820 sacerdotio
3244 3769 3299 3819 itt
3322 3780 3592 3835 posterum
3615 3783 3704 3821 ca-

2137 3865 2313 3918 reant,
2355 3857 2577 3923 sintque
2607 3870 2635 3907 a
2673 3857 2846 3924 gratia
2883 3857 2986 3910 sibi
3022 3861 3141 3913 data
3162 3857 3363 3916 alieni:
3419 3859 3542 3913 laici
3574 3874 3703 3912 vero

2135 3947 2368 4016 subjecti
2402 3951 2507 4000 sint
2534 3948 2891 4015 anathemati,
2922 3951 3065 4020 quod
3092 3958 3177 4004 est
3211 3952 3480 4018 separatio
3503 3967 3530 4005 a
3572 3950 3700 4006 Deo.

2832 4131 3028 4187 RESP.

2205 4220 2359 4287 Quod
2399 4232 2452 4275 tu
2487 4222 2707 4291 quidem
2743 4223 2923 4292 aliqua
2962 4225 3031 4277 ibi
3057 4227 3355 4295 protuleris
3382 4244 3442 4280 es
3469 4228 3703 4284 decretis

2135 4312 2468 4381 generalium
2504 4315 2890 4377 conciliorum,
2927 4318 3061 4370 Acta
3129 4326 3442 4382 testantur;
3499 4321 3699 4390 scripta

2136 4404 2281 4458 enim
2312 4417 2442 4460 sunt
2479 4406 2584 4460 illis
2622 4421 2743 4476 qua:
2775 4408 3042 4462 recitasti.
3074 4406 3220 4461 Nihil
3277 4423 3406 4463 vero
3429 4425 3552 4465 esse
3587 4427 3616 4465 a
3646 4423 3700 4467 te

2143 4495 2376 4561 dictum,
2421 4497 2568 4565 quod
2604 4507 2853 4565 urgeret,
2877 4507 2928 4551 et
2960 4497 3095 4551 nihil
3135 4499 3224 4553 ilia
3256 4509 3448 4555 contra
3478 4499 3703 4558 Latinos

461 4583 762 4649 ἀναγνώτω
785 4584 880 4645 τὰς
917 4584 1170 4656 Πράξεις,
1201 4587 1295 4640 καὶ
1323 4585 1550 4655 εὑρήσει
1583 4587 1908 4656 με.λέγοντα
1936 4589 2033 4655 τήν
2069 4593 2110 4648 D

2069 4593 2110 4648 ο
2143 4585 2344 4653 facere,
2366 4587 2457 4656 qui
2479 4586 2625 4641 scire
2647 4587 2898 4649 voluerit.
2917 4590 3045 4641 Acta
3080 4589 3239 4659 legat,
3274 4598 3326 4644 et
3350 4607 3536 4646 verum
3565 4608 3592 4645 a
3619 4608 3703 4647 me

465 4676 750 4745 ἀλήθειαν.
774 4675 900 4728 ὐτι
937 4676 1047 4744 γὰρ
1075 4676 1516 4745 ἀπαγορεύουσιν
1540 4677 1591 4729 οῖ
1617 4678 1748 4731 θεῖοι
1787 4677 2028 4748 Πατέρες

459 4765 557 4835 τήν
600 4765 907 4836 ἐναλλαγήν
955 4766 1050 4819 τοῦ
1097 4766 1400 4835 Συμϐόλου,
1433 4767 1525 4821 καὶ
1580 4769 1629 4820 οἱ
1670 4769 1890 4821 Λατῖνοι
1935 4770 2030 4820 καὶ

456 4858 621 4923 ἡμεῖς
666 4855 1041 4923 ὁμολογοῦμεν
1066 4872 1079 4884 ·
1118 4855 1214 4908 καὶ
1263 4857 1359 4916 τὰς
1397 4855 1694 4925 φρικώδεις
1728 4857 1892 4928 ἀρὰς,
1933 4861 2029 4909 καὶ

462 4952 531 5002 τὰ
554 4948 902 5018 ἁναθέματα,
950 4949 1042 5001 καὶ
1084 4948 1208 5011 τοὺς
1245 4946 1408 5016 ἱερεῖς
1441 4949 1714 5017 ἀνιέρους,
1749 4950 1842 5000 καὶ
1900 4950 2026 5011 τοὺς

453 5040 676 5101 λαῖκοὺς
698 5040 805 5093 ἀπὸ
835 5038 930 5092 τοῦ
957 5038 1097 5090 Θεοῦ
1134 5039 1597 5107 κεχωρισμένους,
1638 5039 1733 5092 καὶ
1768 5043 1834 5093 τὰ
1861 5039 2026 5092 λοιπὰ

455 5132 489 5182 ἃ.
519 5132 696 5198 λέγεις
719 5130 857 5199 πρὸς
885 5131 944 5182 το
970 5132 1198 5199 συγχέαι
1232 5132 1358 5192 τοὺς
1382 5130 1808 5199 ἁπλουςτέρους,
1843 5132 2026 5184 πάντα

457 5239 540 5275 σοι
572 5218 997 5289 συνομολογοῦσι
1028 5222 1254 5274 Λατῖνοι
1279 5237 1294 5251 ⁸
1326 5221 1668 5288 ἀντιλέγουσι
1695 5223 1751 5274 δέ
1781 5239 1861 5274 σοι
1890 5222 1925 5275 ἆ
1959 5226 2023 5276 σὺ

457 5315 688 5382 σιωπᾷς,
739 5314 822 5365 ὃτι
878 5313 1103 5380 γέγονεν
1157 5316 1216 5364 ἐν
1269 5316 1336 5382 τῇ
1369 5313 1637 5382 ὀσφρήσει
1686 5331 1782 5366 σου
1810 5317 2020 5386 σίνηπι.

455 5408 723 5458 Δύνανται
779 5405 889 5475 γὰρ
943 5407 1163 5457 Λατῖνοι
1221 5406 1316 5456 καὶ
1374 5407 1534 5474 ήειεῖς
1573 5407 1628 5457 οἱ
1664 5406 1763 5474 τῆς
1804 5410 2021 5463 συνόδου

457 5497 748 5564 συνήγοροι
782 5498 916 5566 πρὸς
975 5495 1036 5548 at
1082 5498 1382 5560 ἀντειπεῖν,
1438 5497 1521 5547 ὅτι
1572 5497 1765 5559 Καλῶς
1817 5497 2018 5566 λέγεις,

454 5586 702 5654 αἱδέσιμε
733 5583 988 5652 Ἑφέσου,
1045 5587 1143 5637 καὶ
1173 5586 1331 5652 ἡμεῖς
1381 5584 1554 5636 ταῦτα
1602 5585 1976 5655 ὁμολογοῦμεν
2004 5605 2016 5616 ·

457 5675 571 5726 ἀλλ’
606 5676 706 5727 ούκ
754 5675 1126 5744 ἐνηλλὰξαμεν
1181 5676 1331 5744 ὅμως
1370 5676 1531 5744 ἡμεῖς
1589 5676 1652 5726 τὸ
1722 5676 2021 5746 ἱερώτατον

458 5763 828 5832 Σύμϐολον,οὔ
839 5782 891 5816 τε
910 5765 1017 5833 μὴν
1033 5765 1430 5833 ἐνηλλαγμένον
1451 5764 1582 5817 αὐτὸ
1600 5781 1702 5834 πρε
1714 5767 1983 5836 σϐεύομεν
2002 5787 2014 5800 ·

464 5857 581 5914 τοὺς
609 5854 713 5922 γὰρ
741 5854 1165 5918 ἐναλλάξαντας,
1197 5856 1308 5906 εῖτε
1353 5856 1457 5922 μὴν
1489 5853 1797 5917 ἐναλλάξειν
1824 5861 2022 5930 τολμη-

778 5945 1049 6004 l‘nnoL.
1077 5949 1192 6006 Gtt.
1243 5945 1444 6006 CLIX.

2135 4676 2243 4731 dici
2285 4678 2605 4746 comperiet.
2640 4677 2994 4733 lnterdictum
3057 4684 3260 4750 quippe
3281 4696 3404 4737 esse
3435 4698 3464 4736 a
3493 4686 3699 4739 sanctis

2135 4767 2409 4833 Panibus,
2434 4784 2500 4820 ne
2526 4770 2630 4822 ulla
2660 4770 2753 4824 fiat
2786 4772 2836 4823 itt
2857 4769 3119 4841 Symbolo
3154 4775 3482 4840 immutatio,
3506 4788 3559 4830 et
3591 4776 3696 4831 La-

2133 4858 2232 4911 tini
2267 4868 2321 4913 et
2357 4873 2456 4913 nos
2487 4859 2740 4923 fatemur,
2772 4871 2826 4915 et
2854 4865 3036 4916 omnia
3061 4881 3182 4933 qua:
3207 4870 3458 4936 congeris
3485 4871 3550 4925 ad
3579 4880 3691 4924 t-ur-

2132 4950 2342 5004 bandos
2373 4950 2760 5019 simpliciores,
2786 4956 3195 5011 exsecrationes
3220 4958 3544 5024 horrendas,
3568 4977 3696 5014 ana-

2136 5043 2340 5105 thema,
2366 5041 2729 5110 privationem
2766 5046 3080 5112 saeerdotii,
3127 5048 3390 5103 laieornm
3428 5068 3454 5103 a
3490 5051 3597 5105 Deo
3613 5070 3701 5107 se—

2131 5133 2503 5200 parationem,
2550 5133 2729 5188 Latini
2761 5136 2855 5190 tibi
2885 5140 3213 5202 concedunt,
3247 5143 3339 5195 sed
3375 5144 3426 5196 in
3458 5157 3524 5197 eo
3570 5159 3700 5197 con-

2132 5225 2414 5278 ti-adicunt
2452 5228 2596 5294 quod
2621 5237 2790 5292 taces,
2825 5229 2952 5294 quia
2984 5232 3205 5285 naribus
3260 5234 3369 5286 tuis
3391 5235 3561 5303 sinapi
3591 5247 3696 5290 est.

2137 5313 2373 5369 Possmit
2404 5318 2551 5371 enim
2578 5316 2753 5369 Latini
2787 5330 2839 5371 et
2887 5334 2984 5372 nos
3034 5322 3225 5388 synodi
3273 5322 3586 5380 defensores
3629 5327 3700 5379 ita

2137 5407 2235 5459 tibi
2295 5422 2640 5461 occurrere:
2713 5409 2856 5462 liene
2918 5409 3079 5474 dicis,
3148 5415 3453 5468 venerande
3507 5422 3701 5484 praesul

2128 5495 2390 5564 Eplicsie.
2420 5506 2474 5550 et
2501 5512 2601 5552 nos
2632 5498 2746 5552 hare
2773 5500 2959 5555 eadem
2989 5499 3245 5568 fatemur,
3275 5504 3368 5558 sed
3403 5507 3602 5560 nullam
3627 5521 3706 5561 ta-

2128 5603 2248 5641 men
2291 5602 2391 5643 nos
2421 5589 2855 5646 immutationem
2910 5593 2962 5645 iit
2997 5595 3378 5650 saeratissimo
3432 5600 3695 5667 Syri-bolo

2128 5681 2298 5735 moliti
2324 5697 2540 5745 sumus,
2572 5699 2748 5753 neque
2782 5685 3131 5741 immutatum
3170 5689 3301 5743 illud
3355 5691 3590 5746 colimus
3650 5703 3705 5744 et

2127 5785 2450 5824 veneramur
2509 5788 2636 5824 nam
2679 5789 2770 5829 eos
2792 5776 2882 5844 qui
2916 5777 3278 5832 immutarunt
3311 5781 3392 5834 vel
3417 5781 3705 5834 immutare

2130 5862 2436 5925 audebunt,
2477 5879 2574 5917 nos
2611 5864 2772 5917 etiam
2811 5870 3143 5921 anathemati
3179 5871 3465 5926 tradimus.
3489 5871 3700 5926 litenint

3232 5962 3304 6019 33
