4230 6280
505 369 641 434 1039

1477 358 1793 422 JUSEPHI
1831 354 2379 420 METHONENSIS
2429 347 2770 409 EPISCOPl

3630 335 3761 397 1040

494 492 734 557 dogma;
779 483 978 539 veritas
1038 492 1220 536 autem
1283 493 1389 534 non
1444 477 1902 537 additamentum,
1973 472 2067 527 sed
2102 477 2142 532 Α

2102 477 2142 532 Α
2177 488 2276 540 μεν
2300 485 2312 500 ⁸
2344 467 2631 539 προσθήκη
2670 464 2780 532 γὰρ
2810 461 2869 512 τι
2905 459 3183 529 ἀλλότριον
3213 455 3408 523 λέγοιτ’
3439 453 3504 507 ἂν
3544 451 3721 522 δόγμα
3741 467 3754 481 ’

494 579 805 648 explicatio,
841 588 890 629 ιιι
932 590 1073 646 saepe
1105 575 1310 645 dictum
1344 580 1448 626 est.
1478 569 1633 634 Quod
1659 583 1788 621 vero
1831 564 2068 619 hortaris

495 683 546 727 ιιι
579 672 848 733 dieatnus,
880 667 1336 738 quemadmodum
1374 663 1526 716 initio
1545 661 1880 724 dicebamus,
1904 674 2074 726 quau-

491 765 562 818 do
602 780 708 818 non
731 773 846 818 erat
878 761 1118 817 schisnia
1157 760 1297 812 inter
1325 771 1448 820 nos,
1513 754 1566 808 id
1596 767 1728 808 sane
1757 767 1786 807 e
1842 748 2073 817 vestigio

495 858 752 912 falsitatis
788 856 1035 926 arguitur
1075 871 1087 907 :
1124 853 1395 923 siquidem
1433 847 1675 905 schisma
1708 855 1926 901 centum
1951 853 2073 912 post

494 949 783 1014 septimam
817 945 1081 1017 synodum
1133 944 1292 996 annis
1356 953 1535 995 ortum
1611 947 1694 991 est
1745 934 2072 989 auctoribus

497 1039 758 1094 Michacle
792 1040 1119 1106 imperatore
1171 1045 1224 1090 ct
1253 1032 1446 1086 Photio
1471 1027 1799 1100 patriarcha,
1839 1024 2074 1097 Symbo-

498 1135 606 1185 lum
645 1145 772 1186 vero
805 1139 927 1200 post
971 1127 1267 1183 secundam
1297 1125 1569 1196 synodum
1604 1120 1854 1175 Romana
1912 1132 2074 1171 cane-

499 1223 585 1276 bat
617 1221 880 1286 Ecclesia,
918 1221 1061 1274 sicut
1096 1219 1255 1272 hodie
1291 1217 1459 1282 canit,
1495 1224 1632 1270 teste
1690 1211 1928 1282 Georgio
1953 1209 2075 1264 Ari—

496 1317 664 1380 stino,
697 1323 755 1368 ut
787 1313 1048 1368 diximus.
1089 1312 1221 1365 Nam
1254 1321 1308 1364 et
1343 1311 1634 1372 Maximus,
1675 1305 1768 1375 qui
1797 1303 1896 1359 fuit
1951 1313 2076 1355 ante

495 1419 706 1463 sextam
741 1405 1031 1475 synodum,
1066 1412 1297 1456 testatur
1322 1400 1426 1454 hoc
1465 1398 1519 1450 in
1552 1394 1782 1465 epistola
1839 1391 1904 1444 ad
1967 1390 2076 1442 Ma-

498 1503 680 1555 rinum
712 1499 1093 1569 presbyterum
1160 1494 1447 1564 Cyprium,
1503 1491 1802 1544 llouiauam
1861 1484 2077 1541 scilicet

498 1595 795 1653 Ecclesium
839 1594 907 1644 ita
966 1589 1189 1652 sentire,
1223 1588 1300 1640 sic
1351 1584 1637 1639 scribens:
1677 1577 2075 1650 Synodicarum

501 1686 841 1747 sanctissimi
880 1700 1031 1756 papa:
1057 1681 1293 1745 Martini,
1341 1679 1432 1748 qni
1469 1693 1612 1731 nunc
1635 1672 1903 1742 prtesidet,
1933 1669 2076 1722 litte.

503 1798 709 1848 rarum,
742 1795 851 1833 non
879 1783 1010 1846 quot
1049 1775 1147 1843 ipsi
1173 1774 1491 1841 scripsistis,
1526 1766 1726 1838 capita,
1755 1761 2076 1819 Constanti-

2178 566 2209 634 ἡ
2243 565 2284 616 δ’
2316 563 2542 631 ἀλήθεια
2584 560 2642 612 ού
2679 555 2990 626 προσθήκη,
3016 553 3130 606 ἀλλ’
3160 548 3481 613 ἁνάπτυξις,
3512 547 3587 611 ὡς
3632 546 3759 599 πολ-

2175 659 2331 720 λάκις
2387 657 2629 722 είρηται.
2695 652 2818 704 Ὀτι
2881 651 2936 702 δὲ
2996 647 3309 718 παραινεῖς,
3363 643 3452 697 ἵνα
3508 641 3758 708 λέγωμεν

2176 749 2366 819 ὥσπερ
2421 747 2679 814 ἐλέγομεν
2735 746 2856 798 κατ’
2901 741 3101 811 ἀρχὰς,
3130 740 3220 792 ὅτε
3271 738 3372 791 οὑκ
3402 731 3470 807 ἦν
3523 736 3583 784 ὲν
3629 731 3762 800 ἡμῖν

2179 843 2405 912 σχίσμα,
2455 839 2647 894 τούτου
2711 837 2853 890 κατὰ
2913 834 3081 897 πόδας
3137 835 3166 886 ὁ
3219 831 3486 899 ἔλεγχος·
3537 826 3600 878 τδ
3661 823 3761 892 μὲν

2177 933 2382 1002 σχίσμα
2415 931 2553 1000 μετὰ
2603 930 2699 998 τὴν
2731 927 2969 997 ἑϐδόμην
3021 925 3239 978 σύνοδον
3289 919 3485 975 ἑκατὸν
3512 917 3605 988 ῑτη
3639 915 3761 983 ἑ.γέ-

2178 1043 2299 1078 νετο
2343 1026 2494 1096 αἰτία
2541 1021 2767 1094 Μιχαὴλ
2815 1021 3080 1092 βασιλέως
3135 1018 3230 1072 καὶ
3255 1015 3461 1070 ⁴ιιωτίου
3491 1011 3764 1082 πατριάρ-

2177 1117 2382 1186 χου,τὺ
2425 1115 2480 1169 δὲ
2531 1114 2809 1185 Σύμϐολον
2855 1113 2962 1166 ἀπὸ
3013 1112 3114 1181 τῆς
3163 1109 3424 1179 δευτέρας
3473 1104 3694 1159 συνόδου
3723 1103 3759 1173 ἠ

2188 1207 2474 1279 Ῥωμαῖκὴ
2523 1206 2697 1270 οὕτως
2747 1206 2977 1274 ἔψαλλεν
3020 1202 3341 1269 Ἐκκλησία,
3374 1201 3452 1264 ὼς
3501 1200 3618 1270 ᾅδει
3665 1200 3760 1252 καὶ

2178 1303 2442 1372 σήμερον,
2477 1301 2662 1362 καθὼς
2703 1301 2976 1370 μαρτυρεῖ
3019 1296 3294 1366 Γεὼργιος
3351 1296 3378 1348 δ
3432 1291 3760 1364 ’Δριστινὺς,

2177 1395 2250 1457 ὡς
2276 1394 2491 1465 ἔφημεν
2515 1409 2528 1422 ⁸
2563 1394 2659 1447 καὶ
2689 1391 2945 1461 Μάξιμος
2975 1392 3030 1444 δὲ
3065 1393 3094 1444 ὁ
3120 1394 3226 1459 πρὸ
3249 1388 3348 1460 τῆς
3379 1388 3548 1453 ἕκτης
3586 1386 3764 1454 ὑπάρ-

2179 1503 2290 1558 χων
2323 1486 2540 1538 συνόδου
2572 1486 2841 1554 μαρτυρεῖ
2868 1482 3031 1538 τοῦτο
3063 1485 3119 1534 ὲν
3145 1485 3210 1552 τῇ
3239 1479 3493 1549 ἐπιστολῇ
3526 1480 3592 1550 τῇ
3619 1476 3758 1550 πρὸς

2179 1581 2426 1649 Μαρῖνον
2475 1577 2851 1648 πρεσϐύτερον
2916 1575 3305 1645 Κύπρου,,ὠς
3373 1575 3405 1644 ή
3467 1573 3760 1642 Ῥωμαῖκὴ

2193 1671 2492 1740 Ἐκκλησία
2522 1670 2728 1738 ταύτην
2763 1670 2876 1739 ἔχει
2908 1669 3007 1738 τὴν
3033 1669 3211 1733 δόξαν,
3249 1667 3429 1736 λέγων
3458 1667 3591 1720 ὡδί·
3632 1664 3755 1716 Τῶν

2179 1762 2273 1817 τοῦ
2333 1762 2428 1815 νῦν
2507 1763 2812 1830 ἀγιωτάτον
2870 1762 3070 1814 πάππα
3124 1763 3405 1830 Μαρτίνου
3457 1759 3754 1813 συνοδικῶν

503 1870 802 1942 nopoiitani
829 1873 1103 1932 netarunt,
1141 1863 1234 1917 sed
1263 1862 1370 1916 duo
1391 1871 1620 1924 tantum,
1643 1869 1876 1927 quarunt
1911 1864 2077 1904 unum
2116 1841 2155 1898 Β

2116 1841 2283 1907 Βοῦκ
2339 1855 2397 1906 ὲν
2443 1853 2719 1914 τοσούτοις
2779 1853 2925 1914 ὅσοις
2977 1853 3294 1922 γεγράφατε
3341 1851 3660 1920 κεφαλαίοις
3711 1851 3761 1903 οί

502 1968 570 2023 ad
599 1965 780 2019 divina
815 1969 1044 2028 spectat,
1077 1957 1218 2021 quod
1275 1953 1495 2019 dixerit,
1571 1950 1843 2021 inquiunt,
1913 1944 2082 2015 Spiri-

505 2070 619 2114 tuin
648 2067 899 2112 sanctum
937 2069 964 2106 a
1014 2050 1152 2103 Filio
1211 2061 1428 2118 quoque
1470 2043 1791 2115 prooedere,
1854 2050 1906 2094 et
1966 2052 2086 2106 quae

504 2159 827 2221 serpinntur,
858 2163 927 2201 ne
955 2144 1170 2213 singula
1209 2139 1504 2213 proferam.
1577 2135 1757 2203 Quare
1808 2148 1914 2187 nou
1985 2129 2088 2184 fuit

505 2246 658 2318 origo
680 2240 1010 2306 schismatis,
1043 2234 1188 2306 quod
1215 2247 1268 2286 tu
1291 2247 1453 2287 vocas
1484 2229 1943 2291 additamentum,
1993 2220 2087 2276 sed

507 2317 752 2398 ﬂuuiana
787 2336 1023 2394 Ecclesia
1096 2328 1412 2403 Symbolum
1469 2324 1756 2387 recitabat,
1815 2329 1872 2375 ut
1930 2317 2089 2372 hodie

513 2437 709 2492 recitat
773 2448 787 2496 ;
849 2437 903 2484 et
976 2442 1096 2492 nos,
1166 2423 1380 2478 scilicet
1444 2415 1638 2482 (li'atci,
1699 2408 2084 2471 recitahamus,

510 2541 566 2584 ul
623 2541 763 2582 ιιυιιε
827 2523 1078 2585 facimus,
1141 2527 1194 2572 ct
1246 2513 1620 2568 scliismanon
1685 2513 1803 2561 erat
1870 2501 1924 2555 iu
1996 2515 2091 2552 no-

510 2624 615 2678 bis.
651 2620 884 2674 l‘ossunt
930 2627 1058 2681 ergo
1115 2610 1276 2665 etiam
1319 2604 1495 2659 Latini
1542 2599 1730 2654 iisdem
1787 2596 1852 2648 ad
1912 2606 1961 2648 te
2014 2589 2091 2644 ιιεί

513 2714 774 2770 νοείιιιιεε
818 2678 1124 2762 Redeamus
1147 2701 1211 2755 ad
1243 2697 1333 2751 illa
1369 2705 1631 2761 tempora,
1667 2687 1867 2758 quibus
1914 2678 2091 2751 juncti

511 2824 772 2865 eramus.
842 2810 897 2856 ct
950 2816 1046 2853 nos
1134 2790 1450 2864 Symbolum
1511 2801 1576 2839 eo
1630 2782 1789 2835 modo
1855 2775 2094 2848 profere—

514 2906 730 2964 hamns,
775 2910 883 2966 quo
944 2904 1084 2944 nunc
1117 2883 1467 2956 proferimus,
1521 2884 1575 2930 ct
1630 2889 1722 2927 vos
1754 2867 2005 2924 similiter
2033 2878 2096 2917 eo

523 2996 684 3050 modo
753 2985 1039 3050 dicebatis,
1075 2994 1186 3050 quo
1243 2990 1389 3030 nunc
1459 2970 1662 3032 dicitis,
1703 2973 1756 3018 ct
1811 2959 2097 3015 unauitncs

517 3103 743 3144 «ramus
778 3102 794 3150 ;
830 3095 883 3137 et
940 3093 1116 3147 neque
1148 3090 1245 3129 vos
1271 3074 1336 3127 de
1371 3069 1530 3124 nobis
1581 3054 2092 3133 conquerehainini,

2185 1947 2282 2015 τῆς
2345 1944 2619 2016 βασιλίδος
2668 1944 2776 1997 τῶν
2839 1944 3049 1997 πόλεων
3112 1944 3475 2010 ἐπελάϐοντο,
3528 1944 3652 1998 δυσὶΙ
3707 1942 3764 1994 δὲ

2190 2041 2404 2109 μόνοις⁵
2465 2034 2538 2094 ὧν
2589 2040 2648 2092 τὸ
2703 2041 2802 2109 μὲν
2859 2040 3096 2108 ὑπάρχει
3147 2041 3277 2110 περὶ
3326 2039 3644 2108 θεολογίας,
3678 2039 3764 2090 ὅτι

2186 2151 2268 2197 τε,
2305 2139 2490 2204 φησιν,
2528 2130 2684 2185 εἶπεν
2714 2132 3116 2202 ἐκπορεύεσθαι
3166 2134 3265 2187 καὶ
3310 2134 3373 2186 ὲκ
3396 2133 3487 2188 τοῦ
3527 2130 3659 2185 Υίοῦ
3700 2133 3763 2183 τὸ

2192 2225 2412 2294 Πνεῦμα
2441 2226 2501 2278 τὸ
2539 2225 2713 2293 ἅγιον,
2745 2225 2842 2278 καὶ
2892 2226 2960 2278 τὰ
2990 2224 3177 2291 λοιπὰ,
3211 2225 3300 2280 ἵνα
3334 2227 3410 2294 μὴ
3444 2225 3760 2277 καθέκατιτα

2189 2319 2350 2384 λέγω.
2392 2318 2553 2371 Ὥστε
2609 2319 2676 2388 ἢν
2725 2317 2901 2386 λέγεις
2944 2318 3290 2388 προσθήκην,
3334 2319 3434 2373 οὑκ
3490 2314 3560 2389 ἦν
3616 2317 3765 2371 αἰτία

2191 2410 2284 2465 τοῦ
2339 2411 2659 2481 σχίσματος,
2694 2411 2809 2464 ἀλλ’
2864 2409 3216 2480 ήῬωμαῖκὴ
3262 2409 3554 2479 Ἐκκλησία
3609 2407 3763 2474 ἔλεγε

2190 2507 2250 2557 τὺ
2292 2507 2586 2574 Σύμϐολον,
2619 2505 2808 2574 ὥσπερ
2854 2505 3003 2573 λέγει
3057 2506 3149 2558 καὶ
3184 2505 3443 2573 σήμερον,
3477 2502 3569 2555 καὶ
3605 2501 3765 2572 ἡμεῖς

2193 2600 2466 2666 ἐλέγομεν,
2500 2597 2550 2650 οἱ
2584 2598 2805 2666 Γραικοὶ
2843 2598 3112 2667 δηλονότι,
3148 2595 3338 2665 ὥσπερ
3375 2596 3470 2647 καὶ
3503 2595 3766 2664 σήμερον,

2196 2691 2289 2743 καὶ
2344 2690 2546 2760 σχίσμα
2593 2691 2692 2742 οὐκ
2741 2685 2810 2761 ἦν
2851 2690 2911 2741 ἐν
2958 2691 3110 2758 ἡμῖν.
3154 2687 3364 2742 Οὐκοῦν
3407 2687 3662 2740 δύνανται
3709 2683 3773 2738 εδ

2195 2782 2329 2837 αὑτδ
2354 2783 2447 2835 καὶ
2472 2783 2520 2834 oi
2547 2784 2761 2836 Λατῖνοι
2798 2782 2931 2852 πρός
2985 2799 3045 2835 σε
3086 2782 3263 2834 εἰπεῖν
3295 2797 3308 2810 °
3352 2780 3771 2847 Ἐπανέλθωμεν

2196 2875 2277 2937 εἰς
2330 2875 2534 2926 ἐκεῖνον
2587 2873 2680 2926 τὸν
2745 2873 2960 2943 καιρὸν,
2996 2873 3119 2927 καθ’
3167 2874 3227 2926 ὃν
3279 2873 3552 2943 ἡνωμένοι
3604 2867 3769 2942 ἦμεν,

2200 2967 2292 3020 καὶ
2325 2968 2485 3036 ἡμεῖς
2527 2966 2790 3035 ἐλέγομεν
2821 2971 2880 3019 τὸ
2916 2966 3194 3037 Σύμϐολον
3243 2965 3435 3036 ὥσπερ
3475 2966 3569 3018 καὶ
3602 2968 3774 3034 σήμε-

2202 3077 2316 3130 ρον,
2351 3061 2446 3112 καλ⁵
2491 3060 2646 3129 ὑμεῖς
2695 3060 2896 3128 ὁμοίως
2925 3059 3114 3130 ὥσπερ
3164 3062 3257 3114 καὶ
3295 3063 3536 3129 σήμερον
3565 3059 3774 3128 λέγετε,

520 3197 698 3252 neque
727 3192 826 3232 nos
859 3175 1061 3244 pariter
1085 3169 1151 3223 de
1181 3166 1358 3220 vobis.
1392 3162 1556 3215 Miror
1604 3165 1783 3212 autem
1820 3147 2098 3223 quomodo
2124 3211 2168 3252 ρ

2124 3211 2168 3252 ρ
2203 3155 2298 3206 καὶ
2347 3148 2487 3223 ἦμεν
2542 3154 2597 3205 ὲν
2643 3155 2890 3223 ὁμονοίᾳ,
2927 3154 3022 3206 καὶ
3073 3153 3194 3207 οὔτε
3256 3154 3416 3224 ὑμεῖς
3464 3153 3772 3207 ἐνεκαλεῖτο

523 3211 698 3252 Ιιυιιιιῠ
727 3211 826 3232 Ilua
861 3211 1050 3244 ναι-ιν·
1086 3211 1151 3223 --ν
1191 3211 1358 3220 ιιι-ι--.
1392 3211 1479 3215 -.---
1501 3211 1545 3215 ,-
1610 3211 1616 3212 ,
1838 3211 1856 3223 ⁵

523 3273 718 3349 synodi
779 3263 1132 3324 mcumeuicie
1189 3274 1298 3313 non
1355 3249 1830 3322 reprehenderint,
1895 3244 1940 3297 si
1997 3257 2096 3294 nos
2124 3211 2170 3274 Ο

2124 3211 2170 3274 C
2203 3249 2359 3317 ήμῖν,
2388 3245 2510 3298 οὔτε
2538 3211 2698 3316 ἡμεῖς
2753 3211 2906 3317 ὑμῖν.
2936 3247 3213 3317 Θαυμάζω
3241 3211 3317 3312 δὲ’,
3359 3211 3494 3319 πιῦς
3517 3249 3574 3301 αἱ
3602 3246 3778 3300 cliton-

523 3340 900 3435 hlasphemare
940 3356 1209 3418 sciebant,
1238 3359 1296 3404 ut
1328 3365 1422 3403 vos
1461 3359 1604 3401 nunc
1639 3340 1821 3397 dicitis
1851 3347 1905 3392 et
1933 3349 2100 3389 accu-

523 3459 659 3514 satis
689 3473 702 3508 :
738 3452 914 3517 tertia,
950 3449 1190 3516 inquam,
1218 3446 1430 3513 quarta,
1459 3435 1677 3506 quinta,
1718 3435 1964 3491 sexta,et
2014 3439 2103 3477 se-

532 3552 700 3618 ptima
735 3564 749 3612 ;
788 3557 964 3613 neque
1023 3537 1168 3592 enim
1218 3528 1497 3587 criminari
1526 3522 1772 3594 cmpistis
1828 3518 1929 3572 nisi
1983 3522 2104 3585 post

527 3643 801 3698 Photium.
836 3634 1024 3702 Itaque
1048 3626 1463 3687 conveniamus,
1527 3618 1893 3682 dicamusque
1952 3605 2103 3677 quod

531 3748 655 3791 ante
679 3733 917 3789 schisma
951 3721 1291 3783 dicebamus,
1356 3715 1554 3783 ﬁetque
1587 3720 1644 3764 ιιι
1693 3708 1832 3762 idem
1889 3702 2106 3770 utrique

528 3832 774 3884 dicamus
801 3841 815 3890 ;
851 3832 905 3878 et
923 3819 1140 3874 tolletur
1172 3812 1432 3875 schisma,
1470 3820 1572 3875 pas
1599 3813 1780 3857 autem
1805 3796 2105 3866 subseque-

528 3939 614 3979 tur
643 3931 695 3975 et
739 3913 1029 3974 concordia
1068 3916 1283 3977 ;atque
1344 3904 1417 3956 ita
1467 3899 1675 3955 erimus
1736 3891 1845 3946 Deo
1894 3887 2107 3941 favente

528 4013 823 4084 conjuncti.

1202 4266 1445 4323 El‘llES.

611 4376 732 4430 [hec
772 4373 1015 4427 dicentes
1044 4365 1366 4419 videbamur
1398 4355 1581 4412 surdis
1619 4348 1843 4406 auribus
1887 4355 2107 4405 canere,

538 4466 883 4538 antlapidem
915 4473 1174 4529 coquere,
1209 4464 1302 4509 aut
1361 4450 1572 4506 semina
1623 4444 1771 4500 saxis
1830 4437 2109 4498 mandare,

2209 3341 2432 3410 μενικειλ⁵
2474 3341 2681 3392 σύνοδοι
2741 3339 2842 3392 οὐκ
2898 3340 3243 3404 ἐνεκάλεσαν,
3273 3342 3320 3394 εί
3375 3341 3576 3411 ᾔδεσαν
3627 3341 3778 3410 iusti:

2209 3431 2686 3502 βλασφημοῦντας,
2713 3429 2906 3502 ὥσπερ
2952 3434 3110 3501 ὑμεῖς
3141 3431 3325 3500 λέγετε
3357 3431 3454 3486 νῦν
3484 3433 3579 3485 καὶ
3609 3433 3778 3502 ἐγκαο

2204 3525 2346 3578 λεῖτε
2381 3527 2514 3594 ἡμῖν
2540 3541 2551 3553 ·
2580 3525 2724 3590 λέγω
2749 3524 2803 3577 δὲ
2838 3527 2868 3594 ή
2905 3528 3136 3596 τρίτη,ὴ
3170 3527 3432 3597 τετάρτη,
3459 3528 3491 3595 ἡ
3522 3526 3774 3596 πέμπτη,

2208 3619 2242 3690 ’ή
2269 3619 2424 3688 ἕκτη,
2453 3621 2548 3672 καὶ
2582 3621 2613 3688 ἡ
2647 3619 2850 3688 ἑϐδόμη
2871 3635 2886 3650 ο
2918 3619 3028 3671 οὐδ’
3068 3619 3228 3689 ὑμεῖς
3274 3619 3605 3679 ἑνικαλεῖτε.
3638 3619 3779 3673 ἀλλὰ

2210 3707 2352 3777 μετὰ
2413 3708 2504 3759 τὸν
2557 3707 2762 3762 Φώτιον
2819 3708 2911 3762 καὶ
2971 3708 3073 3763 ἔτι.
3133 3709 3489 3780 Συνέλθωμεν
3537 3710 3652 3778 οὖν,
3684 3713 3781 3766 καὶ

2209 3799 2452 3868 εἴπωμεν
2497 3802 2636 3869 ὅπερ
2697 3800 2956 3869 ἐλέγομεν
3007 3801 3114 3872 πρὸ
3163 3799 3258 3855 τοῦ
3303 3801 3623 3872 σχίσματος,
3685 3805 3782 3857 καὶ

2209 3892 2623 3961 εὑρεθησόμεθα
2676 3891 2743 3944 τὰ
2809 3892 2948 3943 αὐτὰ
2998 3891 3244 3961 λέγοντες
3299 3894 3625 3964 ἀμφότεροι,
3683 3897 3780 3948 καὶ

2211 3983 2484 4037 παύσεται
2536 3983 2598 4034 τὸ
2661 3983 2890 4053 σχίσμα,
2931 3984 3362 4052 ἐπακολουθήσει
3414 3985 3471 4039 δὲ
3511 3987 3545 4058 ή
3587 3988 3783 4060 εἰρήνη

2214 4091 2271 4127 τε
2307 4075 2400 4127 καὶ
2431 4073 2653 4143 ὁμόνοια
2677 4089 2692 4104 ο
2724 4074 2819 4126 καὶ
2863 4072 3039 4137 οὕτως
3084 4073 3320 4144 ἐσόμεθα
3365 4076 3465 4130 σὺν
3491 4076 3612 4149 Θεῷ
3649 4080 3787 4149 ήνω-

2217 4167 2387 4234 μένοι.

2904 4257 3089 4312 ΕΦΕΣ.

2286 4349 2472 4403 Ταῦτα
2509 4348 2762 4414 λέγοντες
2795 4351 2959 4421 κενὴν
2990 4351 3259 4421 ἐῴκειμεν
3292 4354 3539 4424 ψάλλειν,
3575 4357 3606 4428 ἢ
3639 4358 3787 4413 λίθον

2217 4444 2388 4512 ἑψεῖν,
2421 4443 2456 4511 ἢ
2487 4443 2628 4496 κατά
2659 4444 2874 4513 πετρῶν
2903 4444 3172 4512 σπείρειν,
3211 4443 3243 4514 ἦ
3287 4445 3409 4501 καθ’
3437 4447 3620 4517 ὑγρῶν
3649 4453 3789 4520 γρά-

538 4575 632 4618 aut
666 4527 720 4615 iii
746 4573 882 4628 aqua
910 4527 1172 4614 scribere,
1233 4554 1325 4600 aut
1382 4538 1646 4612 quidquid
1699 4533 1846 4588 aliud
1901 4527 2112 4596 adagiis
2143 4553 2192 4613 ο

2143 4553 2192 4613 D
2219 4553 2362 4604 φειν,
2393 4537 2426 4604 ἢ
2459 4536 2560 4588 ὃσα
2607 4535 2742 4589 ἄλλα
2784 4537 2879 4587 ἐπὶ
2919 4537 3032 4598 τοῖς
3072 4535 3353 4596 ἀδυνάτοις
3391 4538 3445 4590 al
3494 4542 3791 4611 παροιμίαι

539 4653 912 4721 signiﬁcamus
938 4645 1003 4697 ad
1034 4636 1388 4712 eXprimenda
1410 4628 1789 4701 impossibilia.

1231 4728 1270 4781 ﬂ
1282 4725 1426 4781 ESP.

619 4829 1030 4890 Possuntetiam
1062 4822 1238 4876 Latini
1283 4813 1611 4886 respondere
1642 4810 1742 4865 tibi
1775 4824 1868 4879 per
1888 4806 2119 4876 adagia:

545 4928 797 4993 A‘Ithiops
849 4936 955 4973 non
996 4916 1280 4970 dealbatur
1333 4929 1346 4975 ;
1380 4906 1546 4962 littnri
1591 4904 1864 4975 loquimur
1898 4919 1911 4954 :
1950 4916 2124 4968 neque

545 5019 691 5073 enim
723 5024 779 5067 tu
813 5009 1091 5066 auscultas
1119 5024 1134 5069 ;
1162 5001 1344 5058 fabula
1395 5002 1513 5053 sine
1551 4998 1730 5066 capite
1761 5011 1774 5048 :
1807 4995 2120 5064 imperlccta

549 5108 696 5162 enim
752 5103 887 5157 dicis
921 5107 1014 5166 ;et
1063 5097 1167 5150 alia
1220 5104 1561 5160 quaecunque
1631 5087 1685 5138 in
1764 5095 2124 5140 contumaces

551 5205 886 5266 usurpantur
912 5201 966 5245 et
994 5194 1330 5257 arrogantes.
1363 5182 1791 5249 luobsequenlcs
1807 5179 1953 5231 enim
1983 5192 2122 5228 nun-

551 5306 714 5358 quam
749 5286 1141 5352 obsequemur.
1171 5277 1244 5330 Ita
1276 5277 1432 5346 plane
1458 5281 1511 5328 et
1537 5281 1594 5324 tu
1624 5287 1639 5325 :
1697 5271 1872 5324 visum
1903 5268 1996 5320 tibi
2044 5277 2125 5323 est

555 5394 775 5434 manere
833 5377 886 5429 in
927 5371 1220 5427 schismate
1270 5376 1322 5419 ct
1386 5362 1749 5430 seiunctione,
1809 5358 2126 5413 seductione

553 5486 605 5526 et
634 5470 932 5543 pravitate;
965 5476 1018 5519 ct
1042 5461 1310 5522 mansisti,
1340 5455 1792 5528 permanchisque
1810 5452 1973 5505 etiam
2007 5461 2129 5520 post

553 5575 784 5618 mortem
815 5562 865 5613 in
899 5561 1036 5628 ipso.
1071 5557 1138 5609 At
1176 5569 1303 5607 vero
1339 5552 1429 5620 qui
1475 5563 1629 5603 suam
1670 5554 1932 5614 expettint
1979 5544 2128 5599 salu-

551 5668 684 5718 tem,
733 5653 969 5715 nauita,
1038 5660 1215 5716 neque
1269 5659 1432 5698 aures
1475 5652 1567 5694 aut
1602 5643 1793 5693 oculos
1841 5639 2124 5704 claudunt,

553 5751 648 5802 sed
688 5745 915 5798 audiunt
957 5753 1010 5795 et
1049 5742 1253 5802 vident,
1293 5746 1344 5790 et
1394 5734 1694 5803 intelligere
1728 5733 1918 5786 volunt
1980 5735 2128 5800 quod

552 5843 747 5893 melius
775 5847 827 5890 et
855 5833 1040 5888 utilius
1083 5841 1164 5885 cst
1200 5829 1263 5885 ad
1294 5841 1448 5881 suam
1485 5827 1729 5894 ipsorum
1759 5823 2009 5877 salutem.
2047 5822 2125 5875 Tu

2223 4629 2405 4696 φασίν.

2907 4719 3111 4774 ΔΠΟΔ.

2301 4815 2409 4867 Καὶ
2440 4815 2658 4868 Λατῖνοι
2699 4814 2955 4867 δύνανται
2987 4814 3050 4865 ὲκ
3075 4809 3185 4863 τῶν
3213 4813 3527 4881 παροιμιῶν
3566 4816 3698 4885 πρὸς
3731 4817 3790 4868 of:

2225 4908 2474 4976 ἀντερεῖν
2499 4922 2512 4936 ·
2551 4907 2744 4975 Αἰθίοψ
2785 4905 2845 4958 οὐ
2901 4903 3242 4957 λευκαίνεται
3268 4919 3284 4934 ⁸
3331 4906 3564 4977 αἰγιαλῴ
3607 4907 3798 4962 λαλοῦ-

2229 5015 2370 5068 μεν·
2421 5000 2650 5067 ἀνήκοος
2724 4999 2834 5068 γὰρ
2907 4999 3210 5066 ὑπάρχεις·
3255 4998 3530 5064 ἀκέφαλος
3583 5001 3750 5070 μῦθος
3782 5017 3796 5031 ·

2228 5089 2396 5157 ἀτελῆ
2436 5089 2544 5162 γὰρ
2596 5090 2772 5157 λέγεις
2802 5106 2812 5118 ·
2848 5091 2942 5141 καὶ
2973 5091 3076 5142 ὅσα
3113 5088 3246 5143 ἄλλα
3277 5092 3367 5143 ἐπὶ
3402 5091 3509 5144 τῶν
3545 5093 3797 5162 ἀνηκόων

2229 5181 2324 5232 καὶ
2355 5180 2631 5246 ἀλαζόνων
2678 5183 2732 5233 al
2761 5182 3056 5250 παροιμίαι
3084 5182 3337 5250 λέγουσιν
3364 5199 3376 5210 ’
3410 5183 3659 5246 ἀπειθεῖς
3687 5185 3798 5251 γὰρ

2230 5271 2487 5325 οὐδέποτε
2520 5274 2820 5330 πείσονται.
2856 5274 3014 5327 Οὖτω
3045 5276 3138 5328 καὶ
3167 5274 3231 5328 σύ
3259 5292 3272 5306 ο
3326 5275 3467 5340 εδοξέ
3498 5293 3578 5329 σοι
3616 5279 3800 5346 μένειν

2230 5366 2288 5418 ὲν
2317 5365 2395 5434 τῷ
2428 5366 2689 5434 σχίσματι
2720 5368 2815 5420 καὶ
2859 5369 2937 5438 τῷ
2982 5368 3271 5439 χωρισμῷ,
3309 5371 3376 5439 τῇ
3407 5369 3584 5441 πλάνῃ
3615 5387 3676 5423 τε
3706 5369 3801 5421 καὶ

2231 5456 2422 5528 κακίᾳ,
2479 5459 2573 5510 καὶ
2634 5457 2806 5522 οὕτως
2856 5458 3099 5527 ἔμεινας,
3152 5463 3208 5512 ὲν
3355 5461 3449 5513 καὶ
3512 5462 3652 5530 μετά
3713 5461 3806 5514 τὸν

2235 5547 2464 5602 θάνατον
2489 5549 2766 5620 διαμενετς
2795 5554 2887 5604 καὶ
2920 5553 3019 5624 ἔσῃ
3047 5553 3154 5607 ἀεί.
3203 5553 3344 5607 Ἀλλ’
3378 5555 3426 5606 oi
3455 5554 3550 5623 τῆς
3593 5554 3806 5606 ἑαυτῶν

2235 5639 2556 5710 ὀρεγόμενοι
2605 5643 2888 5711 σωτηρίας
2925 5646 3022 5712 οὑχ
3053 5642 3247 5710 οὕτως,
3277 5645 3396 5697 οὑδὲ
3437 5645 3676 5699 κλείουσι
3709 5645 3806 5706 τὰς

2235 5735 2438 5796 ἀκοὰς,
2505 5733 2624 5786 οὑδὲ
2691 5735 2817 5797 τοὺς
2877 5737 3186 5806 ὀρθαλμοῦς
3259 5738 3640 5806 καμμύουσιν,
3693 5737 3810 5788 ἀλλ’

2239 5826 2496 5880 ἀκούουσι
2557 5828 2650 5880 καὶ
2700 5828 2956 5897 βλέπουσι
3019 5830 3108 5882 καὶ
3175 5833 3416 5883 συνιέναι
3482 5831 3696 5884 θελουσι
3751 5832 3814 5886 τὸ
