4230 6280
474 302 596 367 1041

466 421 714 489 κρεῖττόν
768 439 824 475 τε
871 427 966 480 καὶ
1017 433 1190 498 συμξέ

466 514 535 565 ΣΞ)
581 514 636 567 δὲ
679 514 777 568 οὐκ
823 517 1118 590 ἠθέλησας,
1171 525 1304 580 ἀλλὰ
1353 532 1418 599 τῇ
1475 532 1652 602 οίήσει
1704 537 2030 606 ἀπατηθεὶς.

463 607 865 680 φρονιμώτερος
928 613 1023 666 καὶ
1084 618 1394 690 σοφώτερος
1457 623 1568 694 ῷου
1629 627 1726 696 τῆς
1800 632 2028 684 συνόδου

461 693 601 751 εἷναί
644 717 701 752 σε
751 703 954 773 πάσης,
1007 707 1143 776 ὅπερ
1191 711 1290 779 τῆς
1340 714 1516 784 ἄκρας
1569 720 1780 788 μωρίας
1832 724 2033 794 δεῖγμα

459 785 550 858 ἦν,
574 789 669 843 ἕνα
703 792 993 863 ἄνθρωπον
1028 798 1306 867 βέλτιστον
1333 800 1470 860 εἶναι
1505 808 1686 878 πάσης
1722 812 1820 880 τῆς
1851 815 2034 866 οἰκου-

463 878 628 948 μένης
653 895 667 910 ⁸
707 881 802 934 ἕνα
847 887 981 956 πρὸς
1011 887 1106 942 ἕνα
1138 889 1251 960 ἔχει
1282 895 1374 944 καὶ
1413 894 1588 961 λόγον,
1636 878 1816 968 πάσης
1848 901 1904 953 δὲ
1931 903 2030 968 τῆς

471 972 800 1044 Ἐκκλησῐας
830 979 1028 1042 κοινῶς
1063 982 1424 1054 συνελθούσης
1449 987 1546 1042 ἕνα
1576 988 1854 1056 βέλτιστον
1889 989 2029 1046 εἶναι

459 1063 715 1120 ἀδύνατον
768 1071 1048 1134 παντελῶς
1071 1088 1084 1100 ’
1120 1077 1167 1128 εἰ
1196 1076 1250 1129 δι
1309 1079 1381 1148 μή
1421 1096 1506 1149 γε.
1537 1083 1632 1134 καὶ
1663 1083 1904 1155 Ἄρειος.
1938 1085 2029 1138 καὶ

461 1157 742 1228 Εὑνόμιος,
776 1164 872 1215 καὶ
917 1165 965 1216 ol
1007 1164 1187 1235 ἕτεροι
1222 1169 1332 1222 τῶν
1357 1171 1759 1240 οίκουμενικῶν
1791 1176 2030 1230 συνόδων

457 1249 641 1322 ἐχθροὶ
668 1251 834 1308 ταυτδ
864 1256 1024 1309 τοῦτο
1062 1259 1328 1328 φήσουσιν
1349 1277 1363 1292 ·
1391 1263 1506 1315 ἀλλ’
1540 1265 1639 1318 οὐκ
1671 1266 1838 1322 ἔστιν.
1865 1270 2029 1322 Ὅθεν

456 1342 560 1396 ἔδει
595 1346 690 1400 καὶ
724 1345 786 1400 σὲ
839 1348 936 1419 τὴν
974 1348 1240 1421 ἀλήθειαν
1289 1355 1512 1422 γνόντα.
1548 1359 1639 1410 καὶ
1672 1361 1782 1411 τῶν
1811 1361 2026 1414 πολλῶν

454 1436 783 1508 ἀκούσαντα,
813 1442 913 1510 τὴν
938 1443 1202 1513 διχόνοιαν
1229 1448 1385 1501 ἐᾶσαι
1418 1451 1510 1502 καὶ
1533 1451 1593 1502 τὸ
1624 1452 1904 1521 ἐπίμονον,
1933 1460 2026 1508 καὶ

453 1531 551 1600 τὴν
585 1534 820 1600 ματαίαν
849 1535 1116 1607 πρόληψιν
1149 1539 1242 1590 καὶ
1274 1544 1496 1607 κακίαν,
1526 1547 1619 1597 καὶ
1651 1545 1922 1616 ἑνωθῆναι
1954 1551 2020 1620 τῇ

453 1625 563 1680 τῶν
607 1631 817 1684 πολλῶν
864 1629 1159 1698 ἀποφάσει,
1191 1635 1390 1701 μᾶλλον
1421 1637 1475 1691 δὲ
1516 1639 1584 1708 τῇ
1626 1637 1901 1704 ἀποφάσει
1929 1641 2026 1710 τῆς

465 1723 811 1796 Ἐκκλησίας.

1141 1827 1332 1883 ΕΦΕΣ.

537 1919 766 1972 Ἐκεῖνοι
799 1921 907 1991 γὰρ
944 1924 1057 1985 τοῖς
1091 1925 1192 1994 μὲν
1223 1925 1470 1997 ἐλέγχοις
1501 1929 2021 1999 στενοχωρούμενοι,

453 2009 740 2081 διόρθωσιν
801 2014 856 2068 δὲ
915 2014 1170 2085 οὐδαμῶς
1237 2018 1498 2087 οὐδεμίαν
1559 2022 2022 2093 παραδεχόμενοι,

452 2103 541 2156 διὰ
588 2104 645 2157 τὸ
689 2107 922 2169 ἀνιάτως
957 2109 1117 2179 ἔχειν,
1147 2112 1222 2168 ὡς
1257 2111 1427 2174 ἔοικε,
1464 2117 1815 2183 παρεκάλουν
1872 2117 2023 2186 ἡμᾶς

453 2199 546 2253 ἐπὶ
569 2200 669 2268 τὴν
698 2199 946 2266 ἐξέτασιν
995 2205 1298 2274 μεταϐῆναι
1343 2205 1437 2258 τοῦ
1465 2206 1754 2276 δόγματος,
1786 2210 1861 2270 ὡς
1908 2210 2027 2261 lxx-

453 2290 559 2342 νῶν
589 2293 688 2362 ἥδη
745 2294 1024 2364 ῥηθέντων
1055 2297 1162 2350 τῶν
1213 2298 1301 2351 ἐπὶ
1354 2302 1420 2369 τῇ
1473 2300 1762 2374 προσθήκη
1811 2301 2022 2368 λόγωνο

451 2389 686 2456 οἰόμενοι
746 2389 816 2441 δι’
860 2392 1084 2444 ἐκείνων
1149 2392 1258 2444 τῶν
1317 2393 1496 2459 λόγων
1557 2397 1900 2450 ἐπισκιάσειν
1967 2398 2025 2450 τὸ

451 2479 544 2534 τοῦ
587 2482 861 2552 Συμὸόλου
913 2483 1188 2555 τόλμημα.
1219 2489 1315 2557 τῆς
1365 2486 1523 2557 δόξης
1570 2489 1758 2556 ὑγιοῦς
1811 2489 2022 2545 δεικνυ-

457 2575 648 2645 μένης.

1133 2674 1339 2728 ΑΠΟᾹ.

523 2764 587 2817 Ol
636 2766 747 2825 τοῖς
796 2764 1039 2834 ἐλέγχοις
1085 2767 1586 2836 στενοχωρηθέντες
1637 2768 1918 2836 φαίνονται
1967 2771 2025 2823 ἐν

451 2858 560 2917 τοῖς
611 2856 942 2921 Πρακτικοῖς
989 2861 1089 2927 τῆς
1143 2860 1361 2912 συνόδου
1391 2876 1404 2890 '
1463 2861 1679 2928 ἐλέγετε
1730 2862 1876 2932 γὰρ,
1928 2862 2024 2918 καὶ

458 2947 667 3016 πρῶτος
705 2948 959 3000 ἁπάντων
993 2950 1058 3001 σὺ
1080 2989 1096 3012 ,
1131 2951 1215 3004 ὅτι
1251 2951 1706 3023 Διαζευχθῶμεν,
1742 2955 2024 3024 διαιρεθῶ-

460 3057 586 3102 μεν,
620 3040 949 3107 ἀπέλθωμεν
975 3057 990 3070 ·
1020 3042 1070 3093 oi
1102 3042 1320 3095 Λατῖνοι
1355 3045 1505 3112 σοφοὶ
1536 3045 1629 3098 καὶ
1658 3050 1893 3112 γενναῖοι
1927 3046 2020 3101 ἄν·

1482 325 1920 391 REFUTATIO
1966 336 2200 398 MARLII
2248 342 2395 403 EPH
2414 347 2521 404 ESI
2539 348 2637 407 Nl.

3575 365 3730 429 1042'

1199 452 1292 502 ρον
1349 437 1448 505 τῆς
1494 443 1768 512 σωτηρίας
1824 447 2029 505 αὐτῶν.
2064 451 2105 505 Δ
2141 471 2265 509 νοω
2298 457 2516 513 noluisti
2551 505 2562 520 ,
2607 464 2700 514 sed
2738 480 2868 532 stipe

1208 525 1257 543 κς
1282 529 1293 543 I
1391 532 1415 543 ε
1510 532 1552 543 ³⁸
1715 537 1726 543 ⁵
1899 538 1914 543 ’
1957 541 1964 543 “

2064 451 2105 505 Δ
2141 471 2265 509 vero
2298 457 2516 513 noluisti
2551 505 2562 520 .
2607 464 2700 514 sed
2738 465 2966 532 supeer
2995 467 3060 521 de
3089 478 3136 523 te
3168 471 3285 537 ipso
3312 476 3568 543 opinione
3617 482 3708 535 tle-

2137 557 2350 614 ceptus,
2399 552 2596 618 putaSIi
2640 554 2892 610 universa
2944 568 2994 613 te
3033 563 3241 631 synodo
3299 568 3708 632 prudentiorem

2135 656 2259 696 esse
2286 653 2338 697 et
2377 645 2717 712 doctiorem;
2769 652 2912 718 quod
2969 661 3226 709 extrema:
3257 659 3500 713 stultitia:
3545 678 3710 730 argn-

2136 745 2379 789 mentum
2412 748 2517 800 est,
2580 755 2748 794 unum
2810 742 3021 798 scilicet
3073 745 3349 801 hominem
3387 753 3711 808 antecellere

2136 824 2432 882 universis.
2492 827 2643 896 Esto,
2691 832 2736 886 si
2788 850 2956 890 unum
3011 853 3130 892 eum
3186 855 3296 893 uno
3331 840 3599 908 conferas,
3659 847 3710 899 id

2133 919 2279 972 enim
2306 921 2564 979 credibile
2588 936 2671 978 est
2695 943 2710 991 ;
2745 937 2797 979 at
2825 927 3079 984 universa
3110 932 3353 988 Ecclesia
3383 948 3707 1007 congregata

2135 1025 2302 1064 unum
2327 1012 2596 1067 hominem
2619 1031 2738 1071 esse
2770 1024 3196 1086 praestantiorem
3220 1023 3440 1079 omnino
3488 1038 3570 1081 est
3605 1029 3707 1081 im.

2133 1102 2393 1168 possibile
2426 1123 2436 1157 :
2475 1105 2720 1176 alioquin
2764 1118 2816 1164 et
2842 1110 3025 1177 Arius,
3058 1121 3111 1168 et
3141 1112 3460 1182 Eunomius,
3498 1130 3553 1174 et
3586 1123 3709 1174 reli-

2133 1193 2224 1258 qui
2287 1197 2622 1262 generalium
2686 1200 3044 1255 conciliorum
3120 1204 3304 1261 hostes
3376 1207 3476 1262 hoc
3531 1210 3704 1276 ipsum

2132 1285 2352 1350 dicent;
2395 1303 2577 1342 verum
2611 1289 2658 1343 id
2707 1291 2820 1344 lieri
2866 1310 2972 1347 non
3016 1305 3210 1364 potest.
3250 1297 3425 1362 Quare
3463 1309 3510 1353 te
3541 1302 3702 1354 etiam

2131 1379 2416 1442 Oportebat
2442 1381 2622 1448 agnita
2663 1383 2891 1439 veritate
2931 1389 3129 1442 multos
3166 1390 3375 1454 audire,
3406 1393 3703 1448 dissensio-

2133 1486 2362 1540 nemque
2429 1481 2483 1526 et
2548 1477 2905 1540 pervicaciam
2971 1485 3025 1532 et
3079 1497 3270 1536 vanam
3332 1483 3475 1537 illam
3538 1502 3700 1554 quam

2130 1558 2367 1618 habebas
2401 1564 2582 1620 animo
2621 1576 2959 1639 anteceptam
3010 1572 3321 1641 opinionem
3373 1592 3436 1628 ac
3483 1592 3702 1644 perver-

2129 1655 2342 1709 sitatem
2367 1657 2673 1726 deponere:
2706 1669 2759 1716 et
2798 1664 3118 1728 multorum,
3159 1666 3270 1720 imo
3296 1683 3421 1723 vero
3451 1667 3705 1726 Ecclesia

2131 1742 2452 1798 sententiam
2483 1750 2661 1816 sequi.

2785 1841 3028 1899 EPHES.

2199 1924 2278 1978 lili
2326 1928 2466 1980 enim
2519 1932 2855 1999 argumentis
2907 1935 3166 2002 convicti,
3207 1948 3261 1993 et
3316 1941 3368 1995 in
3420 1946 3703 2010 angustias

2128 2016 2350 2085 redacti,
2392 2019 2591 2074 nullam
2615 2036 2744 2076 vero
2775 2039 3004 2093 prorsus
3039 2030 3472 2087 emendationem
3500 2036 3700 2090 οιΙιιςίι-

2129 2116 2321 2172 tentes,
2354 2109 2522 2177 qnod,
2551 2119 2610 2164 ut
2634 2123 2876 2183 apparet,
2905 2117 3093 2172 morbo
3117 2119 3360 2176 laborent
3385 2123 3700 2190 insanabili,

2128 2197 2483 2255 hortabantur
2534 2218 2655 2270 nos,
2711 2213 2768 2260 ut
2829 2208 2893 2260 ad
2956 2209 3368 2279 inquisitionem
3432 2215 3701 2284 dogmatis

2129 2293 2506 2362 transiremus,
2547 2296 2689 2365 quod
2728 2309 2874 2354 esset
2901 2301 2966 2355 de
3002 2302 3371 2360 additamenta
3417 2310 3548 2363 satis
3585 2310 3697 2378 jam

2126 2382 2332 2438 dictum
2369 2402 2381 2437 :
2417 2386 2501 2440 his
2561 2387 2742 2444 verbis
2773 2392 3152 2448 existimantes
3188 2395 3388 2466 obtegi,
3446 2401 3590 2466 quod
3643 2403 3696 2455 in

2127 2474 2383 2546 Sytubolo
2410 2488 2538 2532 sunt
2589 2481 2732 2548 ausi,
2784 2481 2828 2536 si
2864 2484 3049 2551 opinio
3095 2501 3228 2540 Sana
3264 2502 3385 2543 esse
3443 2491 3698 2559 probare-

2128 2575 2231 2620 tur.

2820 2672 3011 2728 lilCSP.

2197 2756 2298 2822 Qui
2356 2756 2557 2815 iuerint
2608 2778 2702 2830 per
2743 2775 3061 2830 argumenta
3107 2769 3476 2835 coangustati,
3517 2766 3698 2822 decla-

2130 2861 2252 2903 rant
2288 2852 2421 2905 Acta
2462 2853 2678 2921 synodi.
2710 2852 2983 2912 Dicebatis
3034 2858 3204 2922 enim,
3246 2869 3297 2912 et
3330 2859 3538 2928 primus
3575 2875 3697 2913 om-

2129 2943 2279 2995 nium
2313 2952 2369 3000 tu
2402 2961 2415 2998 :
2453 2943 2863 3016 Disjungantur,
2921 2948 3252 3014 dividantur,
3301 2951 3695 3014 abscedatnus;

2127 3033 2307 3091 Latini
2349 3036 2451 3091 viri
2482 3037 2625 3092 docti
2651 3051 2702 3092 et
2727 3050 3048 3109 prmstantes
3086 3043 3288 3098 virtute
3318 3057 3467 3102 sunt.
3495 3056 3545 3099 et
3579 3045 3696 3100 dia-

452 3130 576 3199 δρες
618 3131 760 3197 alat,
797 3133 892 3185 καὶ
927 3132 1262 3187 διαλεκτικοὶ
1297 3135 1704 3204 ἐμπειρότατοι.
1743 3138 1805 3192 El
1841 3139 1933 3192 οὖν
1968 3143 2025 3194 ἐν
2053 3134 2092 3190 C

2053 3134 2092 3190 ο
2132 3128 2335 3184 lecticae
2377 3130 2715 3199 peritiSsimi.
2758 3131 2913 3198 Quod
2951 3137 2995 3190 si
3031 3135 3084 3189 in
3114 3135 3483 3206 disputatione
3507 3138 3572 3192 de
3602 3140 3695 3192 ad-

455 3223 566 3283 τοῖς
601 3221 728 3287 περὶ
757 3221 854 3291 τὴν
881 3220 1208 3291 προσθήκην
1234 3223 1414 3290 λόγοις
1445 3224 1723 3295 ἐφάνησαν
1749 3223 1892 3278 οὕτω
1919 3228 2027 3279 δει-

457 3312 537 3364 vi
559 3353 570 3372 .
607 3311 745 3365 ὥστε
785 3315 1058 3386 μηδεμίαν
1090 3317 1386 3384 ἀπολογίαν
1419 3319 1812 3389 ὑπολειφθῆναι
1853 3323 1985 3390 ἡμῖν
2007 3366 2020 3386 ,

454 3407 598 3471 τίνες
630 3409 696 3463 ἂν
726 3410 993 3476 γένωνται
1014 3452 1027 3472 ,
1061 3412 1190 3464 ὅταν
1224 3414 1351 3480 πιρι
1382 3415 1480 3479 τῆς
1514 3412 1672 3482 δόξης
1702 3413 1802 3486 τὴν
1831 3416 2024 3480 ἐξέτα-

456 3521 540 3555 ειν
567 3503 949 3571 ποιησώμεθα,
977 3505 1111 3557 ὅπου
1146 3505 1238 3559 καὶ
1267 3506 1620 3570 διδασκάλους
1649 3508 1749 3575 τῆς
1788 3509 2017 3577 Ἐκκλη-

456 3597 574 3659 σίας
607 3597 791 3666 ἔχουσι
823 3598 1024 3664 δεῖξαι,
1057 3599 1156 3669 τὴν
1183 3599 1510 3668 ὲκπόρευσιν
1535 3600 1631 3654 τοῦ
1663 3601 1820 3669 ἁγίου
1853 3602 2026 3656 Ilvati-

458 3706 624 3755 ματος
658 3691 748 3743 καὶ
780 3689 857 3759 τῷ
890 3691 1004 3760 Υἱῷ
1035 3691 1314 3758 διδόνταςς
1349 3693 1550 3747 Λοιπὸν
1587 3694 1855 3764 συμφέρει
1891 3697 2025 3763 ἡμῖν

455 3784 728 3846 ἀπελθεῖν,
779 3783 810 3852 ἦ
862 3784 1164 3853 ἡττηθῆναι
1218 3787 1314 3837 καὶ
1364 3786 1482 3855 μετ’
1513 3785 1774 3854 αἰσχύνης
1823 3787 2026 3841 ἐπανα-

454 3877 706 3948 στρέψαι.
745 3876 932 3930 Ταῦτα
966 3882 1067 3945 μιν
1100 3876 1345 3944 ἐλέγετε,
1382 3877 1599 3946 ἀληθῶς
1633 3881 1744 3940 τοῖς
1780 3879 2027 3949 ἐλέγχοις

457 3969 610 4033 ὑμεῖς
647 3968 1174 4037 στενοχωρούμενοι.
1205 3969 1502 4038 Διόρθωσιν
1530 3970 1588 4023 δὲ
1618 3971 1771 4040 παρὰ
1802 3973 1895 4024 σοῦ
1925 3974 2024 4039 τὴν

468 4059 782 4128 Ῥωμαῖκὴν
831 4059 1088 4124 δέξασθαι
1128 4059 1458 4129 Ἐκκλησίαν
1507 4063 1606 4115 οὐκ
1650 4063 1790 4116 ἔδειο
1838 4065 2024 4133 εκείνη

457 4155 565 4220 γὰρ
612 4153 802 4206 πασῶν
848 4155 1172 4225 κυϐερνῆτίς
1222 4158 1376 4220 ἐστι,
1431 4157 1525 4210 καὶ
1573 4161 1694 4222 ταῖς
1742 4159 2025 4223 νοσούσαις

455 4246 562 4296 τῶν
593 4245 898 4310 ἐκκλησιῶν
929 4247 1112 4320 ίατρδς
1139 4248 1558 4318 ἐμπειρότατος,
1593 4250 1742 4320 παρὰ
1768 4251 1860 4304 τοῦ
1891 4253 2026 4321 Χρι-

457 4333 580 4386 στοῦ
621 4334 863 4389 λαϐοῦσα
899 4336 1000 4404 τὴν
1043 4336 1292 4403 ἐξουσίαν
1331 4338 1430 4400 τὰς
1473 4337 1641 4402 ἄλλας
1690 4339 1890 4394 ίθύνειν
1929 4342 2024 4395 καὶ

455 4426 726 4497 κυϐερνᾷν
747 4469 761 4492 ,
793 4427 1169 4498 ἐπιστηρίζειν
1198 4430 1294 4482 καὶ
1321 4430 1566 4500 διορθοῦν
1587 4473 1602 4495 ,
1629 4431 1729 4484 οὐκ
1761 4432 1936 4501 αὐτὴν
1964 4433 2020 4487 δὲ

453 4519 794 4590 διορθοῦσθαι
842 4522 997 4589 παρὰ
1037 4521 1145 4574 τῶν
1188 4521 1384 4577 ἄλλων.
1434 4522 1538 4578 Kal
1585 4526 1668 4577 σύ
1713 4541 1858 4579 ποτε
1899 4525 2023 4578 ἐπι-

452 4610 770 4680 στραφείς,
802 4615 968 4681 φηςιν
992 4613 1021 4664 ό
1047 4611 1237 4681 Σωτὴρ
1269 4613 1403 4682 πρὸς
1432 4613 1522 4666 τὸν
1555 4614 1791 4684 Πέτρον,
1820 4615 2020 4683 στήρι-

454 4703 564 4768 Cor
591 4702 732 4769 τοὺς
761 4703 1065 4774 ἀδελφούς
1095 4721 1212 4758 σου
1237 4719 1251 4734 ⁶
1285 4708 1345 4759 οὐ
1377 4706 1483 4774 γὰρ
1516 4702 1660 4773 εἷπε,
1691 4707 2023 4778 Στηρίχθητι

456 4796 556 4849 ὑπὸ
583 4795 692 4848 τῶν
721 4795 966 4862 ἀδελφῶν
999 4814 1116 4863 σου,
1145 4796 1300 4862 ἀλλὰ,
1337 4796 1652 4865 Στήριξον.
1681 4799 1893 4852 Οὐκοῦν
1921 4800 2020 4853 καὶ

455 4886 516 4940 σι
544 4887 649 4942 ἔδει
677 4888 1034 4961 στηριχθῆναι
1063 4888 1194 4958 παρ’
1220 4889 1388 4958 αὐτῆς
1412 4889 1488 4953 ὡς
1517 4891 1611 4942 καὶ
1638 4892 1689 4942 ot
1718 4892 2021 4961 σοφώτεροι

455 4996 546 5032 σου
580 4979 676 5032 καὶ
705 4980 1026 5051 λογιώτεροι
1058 4982 1486 5051 ἒστηρίχθησαν.
1528 4982 1653 5036 Ἐπὶ
1686 4983 1741 5035 δὲ
1773 4983 1873 5054 τὴν
1904 4984 2022 5048 ἐξέο

454 5085 607 5122 τασιν
636 5069 938 5139 μεταϐῆναι
965 5069 1059 5124 τοῦ
1089 5071 1358 5141 δόγματος
1387 5073 1448 5126 ού
1479 5073 1828 5141 παρεκάλουν
1855 5073 2019 5127 Λατῖ-

454 5177 564 5213 νοι⁶
598 5160 713 5213 ἀλλ’
736 5163 818 5215 ὅτι
853 5161 1030 5231 μῆνας
1059 5162 1237 5232 εἴχετε
1269 5161 1671 5232 δεκατέσσαρας
1702 5164 2018 5231 διαλεγόμευ

455 5270 534 5305 νοι
572 5253 697 5323 περὶ
723 5251 838 5316 τοῦ,
869 5252 945 5305 Οὐ
975 5252 1056 5306 δεί
1088 5252 1424 5321 προσθεῖναι,
1461 5253 1607 5307 δυοῖν
1639 5255 1821 5324 μόνοιν
1847 5255 2021 5308 ὔντοιν

455 5345 570 5397 τοῖν
603 5343 975 5413 ζητημάτοιν,
1007 5349 1066 5397 ὲν
1094 5336 1175 5408 οἷς
1205 5347 1397 5409 ίκανάς
1424 5346 1718 5413 ἀπολογίας
1748 5349 2023 5419 παρέσχον

459 5437 587 5502 ὑμῖν
613 5435 766 5488 αὐτοί
793 5450 808 5465 ⁶
837 5436 926 5489 διὰ
949 5435 1106 5491 τοῦτο
1134 5437 1240 5490 ἔδει
1270 5440 1362 5492 καὶ
1388 5439 1526 5507 πρὸς
1551 5439 1612 5493 τὸ
1639 5440 1826 5509 ἕτερον
1858 5459 2027 5510 μετα-

458 5529 626 5579 θεῖναι
654 5527 742 5580 τὸν
771 5527 962 5595 λόγον’
995 5529 1101 5596 ἴνα,
1129 5530 1434 5600 δειχθέντος
1465 5529 1558 5583 τοῦ
1589 5531 1859 5598 δόγματος
1887 5534 2022 5602 ἁληο

461 5619 490 5671 0
513 5619 606 5686 ιῦς,
635 5619 838 5684 ἀδίκως
866 5621 1060 5684 αὐτοὺς
1089 5622 1395 5688 ὲπιδείξωσι
1428 5623 1556 5694 παρ’
1580 5623 1731 5694 ὑμῶν
1763 5642 2022 5696 συκοφαν-

531 5799 550 5826 ⁸
575 5793 705 5852 Luc.
736 5814 872 5866 uti,
911 5797 1001 5854 52.

2129 3221 2430 3276 rlitamento
2466 3223 2564 3278 visi
2611 3234 2735 3277 sunt
2769 3227 2906 3279 adeo
2948 3241 3103 3279 acres
3145 3228 3384 3297 ingenio,
3414 3239 3472 3284 ut
3512 3232 3695 3285 nullus

2129 3313 2391 3382 apologis:
2433 3315 2586 3368 locus
2639 3317 2710 3369 sit
2760 3318 2918 3371 nobis
2954 3319 3198 3384 relictus,
3233 3322 3324 3390 qui
3361 3334 3523 3376 erunt
3568 3339 3692 3378 cum

2131 3410 2300 3472 ipsam
2321 3405 2638 3476 opinionem
2675 3410 3134 3477 examinabimus,
3161 3429 3256 3482 pro
3289 3429 3392 3484 qua
3423 3423 3474 3468 et
3507 3419 3695 3470 docto-

2131 3511 2216 3549 res
2248 3494 2508 3552 Ecclesia:
2555 3497 2802 3566 proferre
2837 3501 3060 3565 habent,
3089 3502 3331 3575 Spiritus
3370 3507 3542 3560 sancti
3570 3521 3698 3576 pro-

2127 3585 2441 3641 ductionem
2493 3587 2632 3643 Filio
2679 3606 2901 3660 quoque
2955 3593 3508 3652 tribuentes‘lSatius
3535 3597 3696 3667 igitur

2126 3688 2210 3732 est
2266 3680 2440 3744 abire,
2471 3697 2634 3752 quam
2685 3682 2827 3738 vinci
2859 3694 3064 3740 etcum
3121 3688 3419 3755 ignominia
3471 3689 3694 3746 reverti.

2129 3770 2250 3826 llaec
2283 3773 2542 3828 dicebatis
2578 3775 2680 3843 ipsi
2725 3775 2972 3845 profecto
3009 3781 3265 3843 convicti,
3308 3789 3363 3836 et
3417 3781 3470 3836 in
3519 3796 3692 3852 angn-

2127 3866 2258 3919 Stias
2299 3880 2395 3934 per
2429 3877 2749 3934 argumenta
2794 3869 3020 3923 redacti.
3067 3872 3108 3924 Α
3137 3885 3187 3925 te
3220 3887 3383 3939 porro
3415 3875 3697 3929 emendari

2129 3957 2433 4012 liomanam
2469 3959 2770 4014 Ecclesiam
2813 3961 2886 4015 nil
2922 3976 3063 4028 Opus
3090 3973 3242 4028 erat;
3271 3980 3390 4019 nam
3432 3965 3524 4019 illa
3561 3981 3697 4020 cnn-

2127 4060 2343 4105 ctarum
2405 4059 2485 4105 est
2525 4051 2881 4121 gubernatrix
2927 4055 3310 4119 ecclesiarum,
3346 4066 3399 4110 et
3429 4067 3698 4128 :rgrotan-

2129 4143 2272 4198 tibus
2311 4143 2558 4198 ecclesiis
2582 4145 2913 4214 peritissime
2937 4145 3206 4211 medetur,
3226 4162 3348 4201 cum
3371 4157 3693 4216 potestatem

2127 4250 2154 4288 a
2203 4236 2422 4290 Christo
2468 4237 2738 4305 acceperit
2788 4239 3012 4306 regendi
3063 4239 3198 4292 alias
3231 4249 3284 4293 et
3328 4241 3693 4309 gubernandi,

2127 4329 2481 4382 centirmandi
2541 4339 2595 4383 et
2624 4332 2964 4398 corrigendi,
3015 4343 3209 4385 nonut
3260 4335 3374 4402 ipsa
3408 4335 3695 4389 conﬁrme-

2129 4430 2217 4474 tur
2251 4421 2319 4474 ah
2359 4420 2520 4476 aliis:
2562 4420 2627 4474 Et
2680 4430 2758 4486 tu,
2809 4422 2984 4491 inquit
3044 4424 3299 4479 Salvator
3331 4425 3398 4480 ad
3447 4425 3692 4492 Petrum,

2125 4514 2413 4582 aliquando
2459 4531 2733 4568 conversus
2786 4516 3046 4583 conﬁrma
3093 4517 3289 4584 fratres
3331 4528 3446 4572 tuos
3479 4518 3501 4550 ⁸
3530 4537 3550 4585 ;
3584 4534 3692 4574 non

2123 4605 2301 4662 dixit:
2335 4607 2671 4662 Conﬂrmare
2725 4623 2755 4662 a
2797 4608 3058 4664 fratribus
3085 4610 3213 4677 tuis,
3251 4611 3369 4675 sed,
3397 4611 3688 4680 Conﬁrma.

2124 4698 2419 4764 Oportebat
2453 4701 2616 4770 igitur
2645 4711 2696 4754 te
2741 4701 2905 4755 etiam
2933 4701 3000 4755 ab
3022 4703 3111 4756 illa
3137 4703 3468 4766 conﬁrmari.
3492 4720 3688 4775 quem-

2120 4787 2433 4849 admodum'
2468 4794 2828 4863 sapientiores
2887 4804 2940 4848 et
2964 4795 3239 4852 doctiores
3285 4806 3337 4853 te
3377 4797 3692 4855 conﬁrmati

2124 4899 2272 4944 sunt.
2295 4887 2365 4942 Ut
2396 4887 2703 4942 transiretis
2730 4898 2907 4942 autem
2937 4889 3003 4942 ad
3034 4889 3447 4958 inquisitionem
3469 4891 3694 4962 dogma-

2124 4980 2194 5036 tis
2233 4995 2341 5034 non
2391 4979 2752 5034 hortabantur
2789 4978 3005 5046 Latini;
3049 4996 3237 5035 verum
3294 4983 3425 5052 quia
3477 5000 3693 5041 menses

2118 5075 2229 5146 jam
2292 5081 2448 5126 erant
2516 5071 2958 5138 quatuordecim,
3008 5087 3132 5127 cum
3182 5074 3310 5128 illud
3366 5078 3693 5145 agitabatur,

2124 5165 2260 5219 nihil
2291 5178 2409 5218 esse
2438 5161 2694 5232 Symbolo
2732 5160 3123 5229 adjiciendum,
3152 5172 3205 5217 ct
3241 5165 3304 5216 ad
3333 5165 3690 5232 qutesitorum

2129 5255 2359 5310 alterum
2394 5254 2540 5325 (nam
2575 5253 2686 5307 duo
2734 5260 2941 5306 tantum
2985 5257 3161 5319 erant)
3186 5254 3296 5320 jam
3332 5256 3464 5309 satis
3497 5257 3568 5308 illi
3602 5273 3695 5310 vo-

2126 5348 2207 5402 bis
2235 5345 2645 5417 respouderaut,
2667 5353 2948 5414 propterea
2967 5359 3100 5412 opus
3139 5354 3252 5398 erat
3276 5354 3333 5397 ut
3365 5346 3429 5398 ad
3464 5345 3691 5399 alterum

2127 5440 2289 5495 etiam
2322 5437 2760 5509 pertractandum
2795 5434 3138 5496 transiretur,
3164 5451 3272 5504 quo
3309 5435 3575 5502 dogmatis
3601 5454 3689 5491 ve-

2128 5533 2282 5588 ritate
2305 5528 2570 5602 patefacta
2597 5527 2882 5598 probarent
2911 5541 2970 5581 se
3012 5541 3042 5582 a
3071 5527 3224 5582 vobis
3255 5528 3451 5598 injuria
3479 5529 3692 5583 calum-

2138 5627 2240 5679 niis
2271 5622 2401 5692 peti,
2434 5621 2588 5693 quasi
2621 5619 2763 5674 sacri
2797 5617 3032 5687 Symboli
3061 5618 3468 5687 depravatorcs;
3494 5619 3688 5674 Osten-
