4230 6280
471 243 602 307 1047
1458 243 1766 302 JOSEPlll
1811 241 2141 300 ΜΕΊῊΟΝ]

2031 241 2348 302 DNENSIS
2379 243 2719 304 El’lSCt)Pl
3573 229 3701 298 1048

474 364 635 420 vatis.
668 373 725 412 ut
756 360 871 428 ipse
902 360 1022 425 ais;
1059 359 1160 416 nisi
1197 361 1507 430 apocrypha
1537 358 1808 425 intelligas
1843 357 2029 412 Basilii
2058 374 2105 431 Α
2134 379 2144 392 ·

2058 374 2105 431 Α
2134 379 2191 413 τε
2227 363 2320 414 καὶ
2359 361 2808 428 διεφθαρμένων,
2842 357 2917 421 ὡς
2956 357 3020 410 σὺ
3058 357 3161 427 φῄς
3185 371 3197 382 ·
3237 355 3286 406 εί
3323 353 3398 422 μή
3432 370 3534 406 που
3570 353 3703 402 ἁπο-

479 455 654 522 Magni
687 462 737 504 et
769 452 1048 504 Athanasii
1082 468 1268 519 opera,
1321 467 1418 504 nec
1477 467 1580 503 non
1641 448 1930 518 Epiphanii
1983 457 2036 501 ct
2137 472 2149 506 π

2034 488 2036 498 ι
2137 472 2324 523 κρυφα
2354 456 2418 508 σὺ
2448 457 2586 518 νοεῖς
2612 455 2680 507 τὰ
2708 454 2801 508 τοῦ
2837 453 3076 521 μεγάλου
3110 449 3388 504 Βασιλεεου
3421 447 3515 501 καὶ
3551 445 3704 497 Ἀθα-

476 543 650 596 sancti
711 543 919 612 Cyrilli,
955 557 1183 610 utrorum
1219 541 1362 595 dicta
1438 539 1677 594 Joannes
1729 537 2038 607 proferebat

478 636 792 690 Latinorum
822 636 1059 694 nomine.
1097 651 1190 702 per
1229 651 1348 702 utre
1371 633 1748 686 demonstrare
1795 629 2032 683 conaba-

478 738 564 783 tur
593 727 860 795 dogmatis
895 725 1198 780 veritatem.
1234 722 1537 776 Nolucrunt
1566 722 1709 774 enim
1763 720 1904 773 sacri
1963 718 2035 770 illi

478 820 575 872 viri
603 819 1027 875 Occidentalium
1052 816 1375 872 auctoritate
1403 815 1706 875 doctorum,
1736 812 1828 865 sed
1849 812 2039 865 Orien-

481 913 669 965 talium
705 914 934 981 probare
961 916 1061 964 Itoc
1084 911 1279 977 dogma
1315 926 1330 970 ι
1358 924 1444 972 ne,
1472 909 1615 978 quod
1645 906 1807 959 etiam
1835 904 2037 964 evenit,

484 1003 716 1070 possetis
740 1000 1130 1056 contradicere.
1167 999 1248 1051 Tu
1273 1014 1402 1053 vero
1430 1013 1554 1050 cum
1592 995 1733 1050 let-re
1779 1010 1884 1047 non
1910 1007 2008 1060 pos

483 1110 570 1149 aes
606 1095 909 1156 veritatem,
935 1102 1218 1160 corruptos
1252 1101 1307 1146 et
1330 1091 1655 1159 depravatos
1689 1085 1923 1138 vocabas
1947 1084 2042 1135 du-

484 1197 691 1240 ctorum
744 1186 909 1238 libros
947 1203 959 1236 :
996 1186 1213 1252 quando
1234 1185 1394 1236 etiam
1429 1195 1625 1249 magno
1653 1187 1748 1230 tuo
1779 1176 2045 1230 dedecore

485 1277 737 1329 universa
766 1285 815 1328 te
835 1277 1077 1343 synodus
1105 1274 1412 1344 suggillavit
1439 1275 1507 1324 ita
1529 1271 1886 1331 dicentem,et
1911 1283 2048 1336 pra:-

484 1369 671 1421 st~rtim
709 1369 985 1422 ulterioris
1021 1367 1265 1421 Francize
1299 1365 1582 1435 praesules,
1645 1373 1705 1416 ut
1748 1361 2046 1415 audierunt

481 1460 841 1513 Orientalium
875 1459 1156 1513 doctorum
1189 1458 1356 1511 libros
1377 1457 1556 1510 vocari
1592 1470 1619 1508 a
1645 1465 1697 1507 te
1727 1461 2042 1520 corruptos,

487 1568 675 1619 magna
711 1568 840 1606 voce
881 1552 1259 1606 cxclamarunt
1293 1572 1305 1605 :
1343 1549 1640 1603 lltereticus
1662 1556 1745 1601 est
1783 1547 1888 1600 iste
1935 1559 2046 1596 ma-

486 1646 970 1712 lcdn-tns,a‘terna
1021 1644 1246 1698 feriatur
1307 1641 1898 1699 excommunicatione,
1952 1636 2045 1689 do-

2141 546 2324 600 νασίου
2353 547 2551 613 βιϐλία,
2588 545 2906 612 Ἐπιφανῖου
2927 562 2985 598 τε
3008 545 3101 597 καὶ
3125 542 3394 611 Κορίλλου
3418 537 3510 592 τοῦ
3533 536 3703 604 ἱεροῦ,

2141 639 2200 704 ἐξ
2231 630 2304 692 ὧν
2335 639 2639 706 προέφερεν
2670 639 2698 691 δ
2734 639 2986 706 Ἰωάννης
3015 637 3088 695 ti);
3122 637 3186 689 bc
3220 632 3514 705 προσώπου
3543 630 3708 685 Λατί-

2143 752 2247 786 νων
2279 733 2436 804 ρητά,
2454 731 2524 786 δι’
2550 729 2625 785 ῶν
2654 732 2960 801 ίσχυρίζετο
2982 731 3082 800 τὴν
3106 730 3362 798 ἀλήθειαν
3389 725 3482 780 τοῦ
3510 725 3706 793 δόγμα-

2143 840 2233 884 τος
2261 823 2630 892 παραστῆσαι.
2657 822 2736 876 Οὑ
2763 823 2872 889 γάρ
2897 820 3088 892 ἦθελον
3113 821 3161 872 οἱ
3191 819 3327 888 ἱεροὶ
3355 817 3540 885 ἄνδρες
3570 817 3707 868 ἐκεῖ-

2145 933 2224 967 νοι
2245 914 2332 967 διὰ
2353 913 2584 966 δυτικῶν
2600 913 2935 967 διδασκάλων
2955 912 3016 965 τὸ
3037 912 3210 979 δόγμα
3233 908 3394 962 τοῦτο
3417 910 3706 975 συστῆσαι,

2147 1006 2261 1059 ἀλλ’
2287 1008 2342 1070 ἐξ
2373 1005 2705 1059 ἀνατολικῶν
2738 1005 2998 1074 Πατέρων
3018 1046 3032 1068 ,
3065 1004 3151 1056 ῖνα
3187 1003 3260 1072 μὴ
3293 1002 3454 1072 ἔχητε
3485 1001 3709 1053 votiva»-

2147 1100 2258 1152 τίον
2284 1100 2478 1164 εἰπεῖν,
2507 1100 2644 1169 ὅπερ
2671 1099 2766 1152 καὶ
2791 1099 3004 1167 γέγονε.
3031 1099 3103 1152 Σὺ
3137 1098 3193 1150 δὲ
3220 1099 3319 1167 τὴν
3346 1095 3604 1165 ἀλήθειαν
3634 1093 3708 1162 μὴ

2147 1192 2442 1257 δυνάμενος
2476 1193 2661 1259 φέρειν
2685 1231 2699 1254 ,
2735 1192 3108 1260 διεφθαρμένα
3134 1209 3192 1243 τε
3222 1190 3319 1243 καὶ
3350 1187 3710 1255 νενοθευμένα

2149 1287 2219 1336 τά
2251 1285 2360 1336 τῶν
2391 1283 2727 1337 διδασκάλων
2759 1285 2976 1346 ἐκάλεις
3014 1277 3194 1351 βιϐλία
3219 1298 3234 1313 ·
3268 1282 3358 1335 ὅτε
3391 1281 3488 1334 καὶ
3525 1279 3714 1348 μῶμος

2154 1375 2482 1444 προσετρίϐη
2518 1391 2599 1427 σοι
2629 1375 2804 1443 μέγας
2832 1375 2984 1444 παρά
3009 1374 3104 1442 τῆς
3137 1373 3355 1426 συνόδου
3386 1371 3600 1437 ἀπάσης
3627 1368 3717 1420 λέ-

2152 1483 2300 1533 γοντι
2323 1465 2524 1529 οὕτως·
2554 1469 2648 1520 καὶ
2679 1467 2914 1532 μάλιστα
2941 1468 2988 1519 οἱ
3012 1467 3109 1535 τῆς
3138 1464 3416 1536 ὶνδοτέρας
3439 1463 3715 1533 Φραγκίας

2153 1556 2442 1626 ἡγούμενοι
2478 1555 2833 1622 ἀκούσαντες,
2867 1557 2951 1609 ὅτι
2983 1557 3050 1608 τὰ
3083 1554 3189 1607 τῶν
3217 1551 3553 1606 ἀνατολικῶν
3581 1549 3720 1602 διδα-

2152 1648 2365 1702 σκάλων
2391 1648 2568 1717 βιϐλία
2594 1648 2966 1717 διεφθαρμένα
2993 1646 3308 1710 ἀποκαλεῖς,
3333 1641 3546 1713 μεγάλῃ
3567 1643 3718 1710 φωνῇ

486 1750 667 1793 ctores
692 1737 834 1791 enim
863 1737 1044 1806 rejicil.
1074 1755 1086 1790 :
1131 1746 1183 1790 et
1214 1735 1257 1790 si
1293 1736 1408 1791 suis
1434 1733 1674 1789 Orientis
1728 1728 2049 1785 doctoribus
2083 1731 2126 1788 Β

2047 1762 2049 1775 ι
2083 1731 2126 1788 Β
2157 1741 2449 1808 ἱξεϐόησαν
2472 1757 2483 1768 ·
2513 1739 2798 1807 Αίρετικδς
2821 1737 2976 1799 οὗτός
3005 1739 3150 1790 ἐστιν
3175 1738 3202 1790 δ
3226 1735 3531 1804 κατάρατος
3552 1747 3565 1760 °
3591 1735 3717 1785 alto-

487 1829 644 1881 [idem
672 1844 777 1881 non
801 1828 1013 1892 tribuit,
1051 1828 1180 1897 quid
1229 1826 1295 1879 de.
1353 1826 1557 1879 nosttis
1607 1819 2052 1878 Occidentalibus

486 1921 729 1975 dixerit?
758 1922 895 1975 Hinc
942 1921 1308 1976 commotione
1380 1919 1614 1972 excitata
1665 1923 2055 1984 consurgentes

489 2015 624 2069 nihil
657 2013 803 2067 aliud
825 2014 1035 2084 egistis.
1075 2013 1327 2067 Proxima
1357 2027 1482 2065 vero
1510 2009 1754 2065 sessione
1798 2022 1923 2061 cum
1978 2004 2054 2057 illi

491 2124 557 2161 ex
586 2109 765 2175 magni
799 2109 987 2178 Cyr-illi
1023 2107 1202 2161 verbis
1254 2113 1574 2175 argumenta
1631 2101 1938 2162 duxissent,
1999 2106 2054 2148 tu

490 2199 718 2253 omnino
744 2209 994 2253 sanctum
1017 2199 1286 2270 Cyrillum
1321 2197 1531 2266 negasti
1565 2194 1638 2248 ita
1667 2193 1870 2246 dicere.
1918 2189 2056 2244 Cum

495 2306 618 2345 vero
651 2289 889 2342 Joannes
913 2289 1273 2356 Epiphaniunt
1303 2290 1492 2342 eadem
1518 2300 1642 2356 qua
1687 2281 1922 2354 Cyrinus
1977 2279 2057 2332 di-

494 2394 704 2436 centeni
732 2383 1075 2449 protulisset,
1102 2390 1156 2434 tu
1189 2386 1302 2434 lucc
1349 2380 1468 2448 ipsa
1519 2377 1683 2430 etiam
1753 2374 2058 2427 adulterata

499 2475 730 2530 vocasti.
765 2476 892 2529 lndc
917 2485 1143 2529 coactus
1191 2471 1476 2542 profundit:
1536 2471 1640 2524 illa
1699 2484 1763 2523 ac
1814 2464 2060 2520 sublimis

493 2563 914 2634 tltealogiaz'vir
961 2562 1500 2632 Basilinmliagnum
1566 2560 1746 2613 attulit
1805 2561 1856 2609 in
1923 2556 2060 2609 libro

496 2671 682 2715 contra
710 2661 1033 2714 Eunomium
1060 2658 1363 2714 consimilia
1385 2656 1658 2727 prioribus
1679 2655 2055 2706 disserentem:

498 2766 554 2808 tu
592 2768 718 2806 vero
752 2754 839 2808 illa
892 2767 1110 2821 quoque
1157 2752 1448 2821 depravata
1487 2747 1692 2801 dixisti.
1749 2744 1825 2798 lta
1893 2741 2060 2795 libros

498 2863 711 2910 omnes,
737 2847 830 2915 qui
866 2844 1113 2914 producti
1140 2852 1287 2906 sunt.
1322 2849 1610 2910 corruptos
1632 2836 1897 2895 vocando,
1928 2834 2062 2886 stul-

498 2939 746 2992 ιὶμείιιιιιε
773 2937 839 2991 ab
864 2937 1119 2989 omnibus
1145 2936 1368 2988 habitus
1406 2948 1490 2987 es.
1542 2929 1775 2997 Quando
1830 2925 2063 2980 lltiSlSliS

498 3030 660 3082 etiam
689 3027 1126 3082 Nicomediensis
1156 3027 1404 3096 przcsulis
1435 3026 1768 3087 ministrum,
1823 3030 1879 3074 ut
1908 3017 2065 3072 affer-

502 3131 584 3174 ret
619 3121 864 3174 codicem
923 3129 1097 3174 sancti
1129 3120 1336 3182 Basilii,
1400 3121 1452 3172 in
1502 3134 1612 3186 quo
1664 3118 1870 3169 dictum
1929 3081 2132 3164 illudc

503 3212 734 3264 habetur
767 3230 776 3262 :
809 3210 919 3265 Cur
948 3213 1092 3264 enim
1125 3227 1344 3264 necesse
1373 3223 1478 3277 est,
1513 3220 1617 3265 etc.
1653 3209 1745 3264 [lle
1764 3223 1891 3260 vero
1951 3207 2066 3259 sive

505 3307 706 3358 malitia
730 3320 824 3359 sua
848 3313 1150 3372 permotus,
1180 3306 1294 3358 sive
1327 3305 1487 3357 etiam
1507 3320 1536 3357 a
1562 3305 1716 3358 vobis
1736 3301 2066 3362 admonitus,

506 3397 673 3448 voluit
728 3397 977 3449 occulere
1035 3396 1310 3447 \eritatem
1369 3408 1527 3464 atque
1594 3405 1824 3461 accepto
1881 3394 2069 3446 codice

508 3489 653 3540 venit
717 3488 778 3540 ad
831 3485 1121 3540 fenestram
1185 3487 1430 3555 cogitans
1480 3485 1686 3539 dictum
1719 3485 1846 3537 illud
1907 3485 2071 3536 abra-

505 3582 656 3643 dere,
698 3580 1018 3648 signatoque
1076 3578 1227 3638 folio.
1293 3581 1344 3630 in
1399 3593 1509 3645 quo
1588 3576 1855 3630 sententia
1911 3577 2074 3626 babe-

506 3675 688 3734 batur,
755 3673 1030 3726 cultellum
1080 3671 1378 3741 quaerebat,
1422 3685 1532 3740 quo
1606 3669 1751 3723 illam
1805 3671 2072 3723 erader-t.

506 3767 574 3819 Λι
628 3781 758 3820 vero
811 3765 1044 3835 Spiritus
1104 3767 1347 3819 veritatis
1400 3779 1507 3818 non
1551 3763 1794 3834 permisit
1841 3762 1893 3816 id
1934 3763 2071 3820 “t‘l‘i.

511 3875 575 3912 ne
642 3861 842 3913 veritas
895 3859 1390 3928 exstingueretur;
1447 3855 1652 3909 excitat
1730 3871 1862 3923 ergo
1941 3853 2074 3906 θω-

512 3959 615 4007 tem
651 3961 860 4012 auram,
900 3964 993 4015 per
1021 3962 1181 4016 quam
1205 3946 1401 3999 factum
1438 3951 1604 3998 estut
1657 3942 1807 4006 lolio,
1845 3943 1897 3992 in
1959 3954 2069 4008 quo

509 4042 715 4092 dictum
741 4040 938 4101 inerat,
967 4046 1194 4099 mutato,
1229 4036 1374 4089 aliud
1435 4050 1496 4089 sc
1534 4033 1791 4086 oll'erret:
1853 4030 1942 4084 ille
1995 4030 2074 4081 fe-

515 4133 729 4185 stinans
753 4130 897 4182 aliud
926 4129 1194 4198 expunxit
1224 4143 1324 4197 pro
1348 4129 1476 4180 alio.
1518 4124 1724 4178 Deinde
1746 4122 1907 4176 celeri
1932 4136 2079 4190 gres-

514 4239 576 4279 su
616 4236 864 4276 reversus
890 4221 954 4273 ad
979 4221 1244 4290 synodum
1299 4219 1558 4273 audacter
1592 4216 1701 4270 ibat
1755 4216 1819 4268 ad
1855 4214 2081 4268 Convin-

517 4314 717 4369 rendos
745 4313 988 4366 Latinos.
1020 4311 1090 4366 Ut
1116 4326 1240 4363 vero
1274 4318 1423 4379 pater
1454 4309 1573 4378 ejus
1611 4307 1809 4361 librum
1845 4306 2079 4373 aperuit.

2157 1833 2283 1898 νίως
2306 1832 2658 1905 ἀφορισθήτω
2677 1849 2691 1863 ·
2716 1834 2842 1896 τοὺς
2863 1830 3212 1894 διδασκάλους
3236 1827 3342 1900 γάρ
3366 1825 3681 1881 ἀποσείεται
3704 1838 3714 1847 ·

2159 1927 2253 1980 καὶ
2294 1927 2344 1980 εί
2385 1928 2494 1987 τοῖς
2539 1926 2704 1981 αὑτοῦ
2747 1925 3084 1987 διδασκάλοις
3123 1926 3237 1986 τοῖς
3275 1916 3615 1983 ἀνατολικοῖς
3655 1918 3718 1970 οὑ

2160 2020 2436 2080 πιστεύει,
2466 2019 2516 2072 τί
2545 2019 2609 2074 ἂν
2639 2019 2778 2073 εῖποι
2811 2021 2940 2086 περὶ
2965 2016 3074 2072 τῶν
3104 2015 3335 2070 δυτικῶν
3362 2031 3422 2068 τε
3454 2013 3550 2066 καὶ
3579 2014 3717 2082 ημε-

2157 2111 2372 2179 τέρωνς
2397 2111 2562 2166 Ὀθεν
2592 2111 2902 2180 συγχύσεως
2933 2111 3231 2181 γενομένης
3263 2107 3521 2176 ἀνάστητε
3555 2103 3719 2173 μηόὶν

2157 2203 2286 2259 ἄλλο
2312 2202 2639 2272 πράξαντες.
2665 2203 2745 2274 Τῇ
2770 2203 2827 2255 δὲ
2849 2201 3047 2271 ῑφεξῆς
3076 2200 3386 2254 συνελεύσει
3410 2199 3470 2250 ἐν
3492 2196 3605 2255 τοῖς
3626 2191 3721 2246 τοῦ

2162 2295 2397 2362 μεγάλου
2447 2295 2714 2364 Κυρίλλου
2764 2296 2948 2366 ῥητοῖς
2997 2292 3089 2347 τὸν
3135 2292 3296 2359 λόγον
3338 2287 3721 2359 ποιησαμένων

2163 2385 2418 2448 ἐκείνων,
2451 2385 2729 2450 παντελῶς
2759 2387 2982 2457 ἠρνήσω
3009 2384 3099 2437 τὸν
3129 2386 3284 2451 ἀγιον
3307 2381 3451 2437 οὕτω
3474 2379 3720 2448 λέγοντα.

2172 2474 2232 2526 ’0
2264 2474 2320 2527 δι
2356 2475 2609 2542 Ἰωάννης
2640 2475 2730 2529 τὸν
2763 2475 3087 2544 Ἐπιφάνιον
3121 2474 3282 2546 ἔφερε
3322 2469 3724 2541 συνηγοροῦντα

2166 2568 2416 2639 Κυρίλλφ
2449 2585 2462 2597 ·
2515 2569 2610 2622 καὶ
2662 2569 2800 2623 αὑτά
2847 2568 3211 2638 νενοθευμένα
3261 2565 3544 2626 ἐκάλεσας.
3593 2558 3726 2616 Εἶτα

2167 2660 2534 2727 ἀναγκασθεὶς
2567 2663 2594 2713 6
2629 2660 2797 2731 βαθὺς
2829 2662 3035 2722 ἐκεῖνος
3072 2661 3166 2713 καὶ
3200 2659 3403 2726 osum;
3439 2654 3690 2724 θεολόγος
3711 2695 3725 2714 ,

2165 2749 2262 2804 τοῦ
2291 2751 2529 2820 μεγάλου
2560 2751 2839 2804 Βασιλεὶου
2870 2750 3034 2821 ῥητὸν
3059 2749 3166 2804 ἀπὸ
3187 2747 3294 2801 τῶν
3319 2747 3440 2802 κατ’
3464 2745 3726 2814 Εὑνομίου

2165 2841 2470 2910 προσέφερε
2489 2882 2502 2904 ,
2536 2841 2871 2912 συνηγοροῦν
2900 2843 3011 2902 τοῖς
3041 2840 3307 2909 πρότερον
3334 2837 3596 2908 ἐνεχθεῖσι
3614 2851 3626 2866 ·
3661 2837 3727 2887 σὺ

2165 2936 2220 2988 δὲ
2251 2936 2345 2988 καὶ
2369 2934 2529 2989 τοῦτο
2556 2935 2940 3002 νενοθευμένον
2968 2933 3231 2996 ἐκάλεσας
3255 2948 3269 2964 '
3301 2932 3393 2986 καὶ
3428 2930 3604 2994 πάσας
3629 2928 3730 2991 τὰς

2171 3029 2590 3100 προενεχθείσας
2619 3029 2834 3099 βίϐλους
2858 3027 3258 3098 διεφθαρμένας
3282 3027 3592 3089 ἀποκαλῶν,
3621 3042 3731 3093 μω·

2170 3122 2262 3191 pia.
2292 3122 2584 3189 ἐνομίσθης
2617 3124 2729 3184 τοῖς
2764 3122 2930 3174 πᾶσιν
2956 3137 2969 3151 ο
3002 3123 3087 3173 ὅτε
3123 3122 3218 3173 καὶ
3247 3120 3338 3172 τὸν
3368 3117 3732 3170 ὑποτακτικὸν

2171 3214 2262 3267 τοῦ
2292 3213 2651 3282 Νικομηδείας
2680 3214 3035 3265 ἀπεστείλατε
3063 3211 3122 3265 τδ
3149 3209 3352 3282 βιϐλίον
3381 3208 3605 3280 κομίσαι
3633 3206 3730 3260 τοῦ

2172 3307 2319 3376 ίεροῦ
2354 3306 2656 3371 Βασιλείου,
2687 3305 2747 3356 τὸ
2773 3305 2870 3375 τὴν
2899 3306 3054 3374 ρἧιν
3080 3303 3202 3374 ἕχον
3229 3303 3437 3358 τοιάνδε
3461 3322 3473 3335 ·
3504 3303 3596 3363 Τίς
3625 3301 3734 3370 γὰρ

2171 3400 2521 3468 άνάγκη,καὶ
2547 3398 2614 3451 τά
2648 3395 2792 3465 ἑξῆς.
2828 3397 3090 3458 Κάκεῖνος
3125 3391 3218 3450 οὖν
3246 3398 3312 3465 τῇ
3348 3393 3518 3464 κακίᾳ⁵
3551 3391 3734 3446 κινού-

2175 3509 2353 3560 μενος,
2380 3491 2413 3558 ἢ
2445 3491 2535 3541 καὶ
2569 3489 2698 3558 παρ’
2726 3488 2880 3556 ὑμῶν
2909 3486 3150 3558 κινηθεὶς
3179 3483 3454 3556 ἠϐουλήθη
3479 3483 3578 3551 τὴν
3605 3481 3736 3549 ἀλή-

2173 3584 2320 3636 θειαν
2351 3581 2558 3652 κρύψαι
2579 3597 2592 3609 ·
2624 3582 2716 3635 καὶ
2742 3579 2924 3634 λαϐὼν
2947 3579 3050 3634 άνά
3077 3580 3260 3649 χεῖρας
3288 3576 3386 3646 τὴν
3414 3573 3616 3644 βίϐλον,
3641 3571 3734 3626 καὶ

2176 3671 2345 3725 ἐλθὼν
2381 3672 2470 3723 ἐπὶ
2504 3674 2560 3724 τὸ
2597 3670 2833 3740 θυρίδιον
2855 3713 2868 3732 ,
2902 3668 3221 3740 ᾠκονόμησε
3254 3667 3314 3722 τὸ
3350 3665 3510 3735 ῥητὸν
3544 3661 3733 3726 ἀποξέ-

2179 3781 2291 3817 σαι.
2325 3765 2433 3816 Καὶ
2463 3765 2670 3832 στήσας
2696 3764 2754 3814 τὸ
2781 3761 2980 3828 φύλλον
3004 3759 3031 3812 ὃ
3059 3760 3117 3811 τὸ
3145 3758 3308 3828 ῥητὸν
3333 3752 3500 3825 εἶχεν,
3530 3751 3736 3822 ἀπῆλθε

2177 3853 2361 3906 λαϐεῖν
2393 3852 2452 3904 τὶ»
2498 3853 2739 3920 σιδήριον
2773 3851 2864 3902 τοῦ
2909 3847 3206 3917 ἀπαλεῖψαι
3249 3846 3400 3900 αὑτό.
3436 3845 3511 3896 Τὸ
3550 3843 3605 3896 δὲ
3642 3845 3740 3912 τῆς

2179 3943 2437 4010 ἀληθείας
2475 3941 2698 4010 Πνεῦμα
2734 3941 2832 3994 οὑκ
2867 3939 3099 4008 ἠθέλησε
3135 3938 3293 3990 τοῦτο
3328 3936 3613 4005 γενέσθαι,
3653 3933 3740 3985 ἵνα

2183 4033 2259 4105 μὴ
2300 4033 2498 4104 σϐεσθῇ
2536 4038 2569 4102 ἡ
2609 4033 2865 4104 ἀλήθεια,
2903 4032 3040 4085 ἀλλά
3085 4033 3234 4084 πνέει
3273 4031 3444 4100 ἀέρα,
3479 4031 3506 4082 ὀ
3541 4027 3598 4081 δὲ
3635 4026 3740 4096 ἀὴρ

2179 4129 2369 4196 τρέπει
2398 4127 2459 4179 τδ
2487 4125 2682 4194 φύλλον
2711 4126 2772 4176 τὸ
2799 4124 2960 4193 ῥητὸν
2989 4123 3129 4192 ἕχον,
3159 4123 3252 4175 καὶ
3282 4121 3466 4190 ἕτερον
3493 4120 3704 4190 ἵστησιν
3726 4134 3741 4148 ⁸

2183 4221 2391 4281 ἐκεῖνος
2418 4221 2485 4287 τῇ
2520 4217 2722 4286 σπουδῇ
2756 4216 3010 4268 ἐκκόπτει
3038 4217 3224 4285 ἕτερον
3252 4211 3371 4266 ἀνθ’
3393 4211 3601 4281 ἑτέρου.
3634 4212 3742 4264 Λα·

2183 4310 2293 4362 ϐὼν
2317 4306 2410 4362 οὖν
2440 4310 2498 4360 τὸ
2527 4307 2752 4377 βιϐλίον,
2787 4308 2881 4359 καὶ
2913 4306 3221 4367 σπουδαίως
3250 4306 3311 4356 ὲν
3335 4305 3400 4374 τῇ
3431 4302 3633 4374 συνόδῳ
3661 4303 3742 4354 έλ-

515 4408 851 4475 ctintegram
882 4403 1206 4459 sententiam
1244 4401 1399 4468 \ldit,
1456 4411 1608 4454 torve
1659 4401 1711 4451 in
1770 4396 2078 4450 ministrum
2113 4415 2185 4475 Di

2072 4411 2078 4445 I
2113 4422 2158 4475 ι)
2183 4401 2290 4454 θὼν
2313 4440 2327 4463 ,
2362 4399 2560 4469 ἦρχετο
2596 4399 2734 4468 μετὰ
2771 4398 3010 4463 θάρσους
3045 4395 3167 4457 τοὺς
3201 4397 3466 4456 Λατίνους
3503 4394 3742 4464 νικῆσαι.

521 4502 768 4558 intuens.
799 4512 911 4550 rem
945 4494 1432 4555 connnonstrabat,
1466 4501 1521 4544 at
1549 4489 1638 4543 ille
1687 4487 2082 4543 tremebundus

517 4589 772 4643 clamavit
803 4605 818 4644 :
857 4587 930 4641 Ita
955 4587 1106 4646 mihi.
1133 4585 1375 4650 Domine,
1413 4595 1503 4637 tua
1532 4582 1702 4650 prosit
1735 4579 2080 4645 benediCtio;

521 4677 700 4730 derasi
733 4676 902 4737 illam,
933 4675 1210 4744 quomodo
1241 4684 1422 4725 autem
1477 4687 1671 4728 rursus
1723 4672 1931 4738 integra
1991 4669 2080 4733 sit,

522 4777 738 4842 ignoro.
773 4775 848 4829 Ita
871 4790 995 4830 cum
1024 4776 1241 4829 inventa
1271 4782 1415 4828 esset
1433 4769 1724 4834 sententia,
1752 4767 1965 4823 confusi
1999 4780 2086 4820 re-

523 4870 808 4932 cessistis;
844 4882 894 4922 et
924 4869 1032 4936 jam
1064 4884 1172 4921 non
1216 4877 1267 4921 te
1323 4865 1487 4937 pudet
1510 4865 1713 4927 dicere,
1768 4861 2086 4915 Latinorum

525 4961 718 5029 dogma
754 4962 848 5014 abs
881 4969 936 5013 te
967 4959 1401 5013 demonStratum
1436 4971 1557 5010 esse
1583 4951 1924 5008 absurdum?
1957 4949 2090 5002 Eru-

526 5049 854 5104 bescendum
879 5049 975 5102 tibi
1000 5058 1116 5102 erat
1144 5048 1257 5102 haec
1281 5047 1545 5117 proloqui.
1573 5042 1757 5110 Neque
1777 5044 1922 5096 enim
1955 5042 2094 5096 scri-

528 5144 697 5197 bebas
725 5144 791 5194 ad
827 5140 1013 5203 rudes,
1048 5141 1126 5191 vel
1163 5157 1213 5192 ιιι
1249 5141 1500 5207 regiones
1530 5147 1685 5189 ιρι-νει·
1711 5139 1978 5198 desertas,
2000 5134 2091 5188 ubi

529 5251 638 5289 non
675 5242 883 5296 essent,
912 5233 1004 5304 qui
1038 5248 1222 5287 rerum
1256 5230 1460 5285 conscii
1489 5229 1542 5283 in
1577 5240 1700 5283 tuas
1745 5229 1954 5282 litteras
2010 5227 2092 5280 in.

527 5326 792 5383 ciderent.
827 5325 1108 5394 Siquidem
1141 5324 1273 5377 Acta
1298 5331 1570 5376 testantur
1601 5320 1910 5380 veritatem,
1959 5318 2094 5370 nilnil

531 5419 678 5473 aliud
709 5434 737 5473 a
765 5426 816 5472 te
840 5417 1196 5478 clamitatum.
1230 5431 1392 5484 quam
1427 5433 1440 5469 :
1489 5414 1741 5467 Prolatos
1800 5412 1937 5466 liber
1961 5426 2095 5479 apo-

531 5512 773 5582 crypbus
807 5518 908 5565 est.
937 5497 1295 5563 Pi'ol'ercbant
1331 5508 1521 5578 Cyrilli
1571 5508 1800 5569 dictum,
1861 5504 2098 5557 vocabas

533 5613 888 5671 Currtlpttttn‘,
928 5600 1166 5654 citabant
1200 5598 1381 5654 Basilii
1423 5596 1780 5658 sententiam,
1827 5593 2047 5647 dicebas
2081 5609 2094 5643 :

537 5687 834 5762 Depravata
869 5695 946 5742 est
976 5705 988 5752 ;
1017 5696 1067 5741 et
1105 5687 1155 5740 in
1193 5688 1294 5741 hoc
1319 5685 1423 5740 sita
1454 5694 1568 5738 erat
1593 5679 1964 5752 responsionis
1995 5690 2098 5731 tua;

2198 4491 2442 4554 ’Δνοίξας
2470 4487 2527 4540 δὲ
2556 4489 2616 4539 τὸ
2647 4487 2852 4556 βιϐλίον
2880 4489 2907 4539 ὁ
2944 4488 3124 4552 πατὴρ
3155 4484 3322 4538 αὑτοῦ
3341 4523 3358 4547 ,
3390 4487 3481 4537 καὶ
3515 4483 3639 4537 ίδὼν
3666 4486 3746 4535 ἔτι

2185 4585 2246 4637 τδ
2289 4583 2452 4654 ῥητὸν
2485 4583 2636 4648 ὑγιὲς
2681 4580 2943 4650 ὑπάρχον,
2983 4577 3227 4646 στρεϐλῷ
3259 4577 3337 4646 τῷ
3374 4575 3640 4646 ὀφθαλμῷ
3673 4576 3752 4644 τῷ

2186 4671 2534 4742 ὑποτακτικῷ
2589 4668 2890 4738 ἑκϐλέψας,
2941 4671 3250 4723 ἐδείκνυεν
3298 4668 3359 4731 ὃς
3413 4668 3551 4736 μετά
3599 4667 3752 4729 δέους

2187 4768 2446 4836 ἐϐόησεν
2491 4764 2585 4825 El;
2629 4763 2727 4832 τὴν
2772 4762 2938 4832 εὐχήν
2983 4778 3104 4824 σου,
3148 4760 3340 4829 Κύριε,
3383 4757 3554 4827 ἔκοψα
3595 4757 3748 4822 αὑτὸ,

2189 4859 2305 4918 πῶς
2343 4857 2399 4909 δὲ
2442 4856 2538 4907 καὶ
2577 4854 2744 4906 πάλιν
2779 4852 2926 4921 ὑγιές
2970 4853 3156 4916 ἐστιν,
3190 4848 3402 4917 ἀπορῶ.
3434 4847 3621 4910 Οὕτως
3657 4846 3750 4900 οὖν

2189 4948 2282 5003 τοῦ
2315 4947 2478 5020 ῥητοῦ
2511 4945 2695 5015 ὑγιοῦς
2729 4945 3045 5017 εὑρεθέντος
3077 4943 3457 5012 ὰνεχωρήσατε
3487 4957 3500 4972 ·
3533 4941 3627 4991 καὶ
3657 4938 3753 4992 νῦν

2190 5041 2290 5091 οὑκ
2319 5036 2546 5107 αἰσχύνῃ
2576 5036 2749 5103 λέγων
2769 5074 2784 5096 ,
2818 5035 2899 5088 ὃτι
2928 5032 3161 5102 ἦλεγξας
3191 5031 3252 5084 τὸ
3283 5031 3487 5085 ἄτοπον
3515 5030 3613 5098 τῆς
3644 5028 3753 5082 τῶν

2194 5131 2435 5183 Λατίνων
2464 5127 2656 5196 δόξηςς
2688 5126 2835 5180 Ἔδει
2865 5123 2957 5179 οὖν
2991 5141 3048 5177 σε
3082 5121 3431 5192 αἰσχύνεσθαι
3461 5119 3631 5175 ταῦτα
3664 5120 3752 5172 λέ-

2193 5238 2359 5288 γοντα
2380 5235 2394 5249 ο
2425 5219 2484 5271 οὑ
2513 5219 2623 5288 γὰρ
2653 5218 2789 5288 πρὸς
2821 5217 3051 5284 ἀμαθεῖς
3077 5215 3109 5283 ἢ
3143 5217 3221 5276 είς
3246 5215 3344 5282 τὴν
3371 5215 3556 5268 ἄοικον
3579 5211 3755 5266 ταῦτα

2196 5310 2535 5372 ἐπέστελλες,
2564 5311 2710 5370 ὅπως
2743 5308 2819 5377 μὴ
2846 5305 3110 5376 ἐντύχωσι
3136 5307 3246 5369 τοῖς
3274 5303 3440 5357 είδόσι
3466 5319 3480 5332 ·
3508 5303 3576 5356 τά
3606 5305 3758 5372 lipa-

2196 5403 2358 5456 κτικὲι
2391 5401 2499 5468 γάρ
2531 5399 2837 5452 δεικνύουσι
2869 5397 2967 5462 τὴν
2997 5395 3293 5465 ἀλήθειαν,
3330 5396 3412 5447 ὅτι
3445 5393 3597 5448 οὐδὲν
3630 5392 3760 5447 ἀλλο

2199 5495 2388 5558 ἐϐόας,
2430 5494 2460 5562 ἦ
2504 5490 2846 5560 ’Λπόκρυφόν
2886 5491 3003 5542 ἐστι
3040 5488 3102 5539 τὸ
3131 5485 3498 5557 προκομισθϋ
3537 5483 3758 5556 βιϐλίον.

2204 5585 2336 5651 Ἔφε
2348 5602 2438 5653 ρον
2466 5581 2558 5634 τοῦ
2591 5581 2853 5648 Κυρίλλου
2885 5578 3068 5649 ῥητὸν,
3090 5576 3482 5645 διεφθαρμένον
3508 5573 3718 5634 ἐκάλεις
3743 5590 3756 5604 ·

2203 5677 2453 5744 ἐκόμιζον
2484 5675 2576 5728 τοῦ
2613 5672 2913 5738 Βλοιλείου,
2945 5668 3328 5736 νενοθευμένον
3358 5668 3619 5739 ὑπάρχειν
3649 5665 3765 5719 ἔλε-
