4206 6342
491 299 629 366 1040

1552 305 1996 366 REFUTATIO
2035 310 2275 368 MABCI
2321 308 2709 371 EPIIESINI.
3603 302 3738 367 1050

485 440 613 490 γες·
659 425 750 476 καὶ
792 423 948 478 τοῦτο
990 425 1152 496 μόνον
1193 424 1408 494 ὑπῆρχέ
1455 443 1537 478 σοι
1577 426 1640 478 τὸ
1681 427 1931 493 γενναῖον
1968 425 2064 477 τοῦ

2172 426 2508 494 prmstantia.
2538 425 2752 480 Deinde
2778 425 2886 478 illis
2918 424 3252 490 dicentibus,
3291 431 3350 475 ut
3401 436 3586 476 verum
3627 437 3658 475 a
3696 434 3749 475 te

486 515 665 583 λόγου.
717 511 847 567 Εἶτα
895 517 1159 569 είπόντων
1205 517 1456 581 ἐκείνων,
1509 517 1568 568 σὲ
1623 518 1956 586 προκομίσαι
2005 515 2065 568 τδ

485 604 683 675 ἀληθὲς
704 648 718 668 ,
756 606 1097 676 προθεσμίαν
1129 605 1339 674 ἐζήτεις
1370 606 1624 659 ἀπελθεῖν
1655 608 1731 668 εἰς
1767 608 2060 659 Κωντταν-

484 697 790 750 τινούπολιν
823 697 916 749 καὶ
948 698 1150 764 εὑρεῖν.
1186 695 1422 748 ’τοιαῦτά
1457 714 1549 749 σου
1583 700 1651 749 τὰ
1687 698 1914 766 γενναῖα
1954 700 2052 766 ῥῆ-

487 807 630 856 ματα
665 790 756 841 καὶ
789 791 821 859 ἡ
854 790 948 842 τοῦ
1011 789 1170 856 λόγου
1235 791 1405 858 ἰσχῦς,
1476 789 1619 859 ἅπερ
1677 789 1765 841 ἐπ’
1799 789 2060 857 ἀληθείας

2172 517 2542 586 proferretur,
2581 516 2870 584 qua‘rebas
2901 515 3139 584 spatium
3163 513 3327 568 eundi
3355 512 3751 567 Constantino-

2172 610 2337 679 polim
2374 607 2441 661 ad
2476 606 2888 662 inveniendum.
2925 605 3049 658 llaec
3075 612 3235 658 erant
3257 603 3475 674 egregia
3511 611 3600 656 tua
3631 617 3753 654 vcr-

2170 703 2260 765 ba,
2285 711 2337 756 et
2362 702 2526 755 robur
2561 702 2637 755 tni
2663 700 2959 764 sermonis,
2992 714 3113 768 qua:
3167 696 3410 764 profecto
3463 711 3751 752 recensere

2175 794 2394 862 pudeat.
2424 792 2605 860 Quare
2631 793 2698 848 de
2727 793 2830 847 hoc
2859 792 3014 848 satis.

483 880 709 951 αίσχύνη
732 882 876 933 ἐστὶν
903 879 1270 948 ἀπαγγέλλειν
1339 881 1496 934 αὑτά.
1538 881 1636 932 Διά
1736 879 1896 932 τοῦτο
1946 879 2066 943 ἃλις
2111 881 2170 932 ἑν
2208 883 2443 947 τούτοις.

1176 975 1368 1030 ΕΦΕΣ.

557 1068 764 1121 Ι’Λλλων
793 1081 904 1139 γαρ
934 1068 1070 1122 ἄλλα
1103 1069 1284 1138 ῥητῶν
1317 1069 1458 1138 ῥητὰ
1487 1069 1888 1138 διαδεχομένων
1910 1110 1925 1133 ,
1960 1066 2054 1120 καὶ

481 1161 640 1228 λόγου
669 1159 828 1227 λόγον
856 1160 1174 1228 γεννῶντος,
1205 1159 1279 1222 ὼς
1312 1161 1370 1212 εν
1400 1159 1666 1223 τοιούτοις
1699 1160 1867 1222 είκδς,
1901 1158 2055 1212 οὐδέν

481 1271 532 1305 τι
567 1252 768 1321 μᾶλλον
796 1253 831 1321 ἠ
861 1249 1090 1319 ἀλήθεια
1121 1250 1220 1320 τὴν
1249 1252 1449 1319 ἑαυτῆς
1480 1251 1636 1320 ίσχὺν
1667 1249 2017 1303 ἐπεδείκνυτο
2042 1293 2053 1312 ,

480 1343 615 1398 πολὺ
649 1346 708 1397 τὸ
754 1345 924 1412 μέλαν
959 1341 1235 1414 ἐμούντων
1269 1341 1494 1396 ἐκείνων
1532 1343 1636 1411 πρὸ
1678 1343 1887 1394 ἑαυτῶν
1910 1382 1924 1408 ,
1963 1341 2058 1394 καὶ

477 1439 598 1502 ταῖς
629 1437 1017 1508 μακρολογίαις
1048 1436 1220 1506 αὐτὴν
1253 1435 1707 1501 ὲπισκιαζόντων.

1167 1528 1372 1583 ΔΠΟΛ.

551 1622 772 1690 Ἐπειδὴ
798 1623 865 1675 τὰ
890 1620 986 1676 τοῦ
1018 1620 1257 1690 μεγάλου
1285 1618 1604 1673 Ἀθανασίου
1634 1623 1773 1690 ρητά
1802 1618 2060 1691 διεφθαρ-

485 1717 624 1785 μένα
653 1715 838 1783 ἔλεγες
860 1757 876 1781 ,
907 1716 1124 1784 ἀνάγκη
1151 1709 1219 1786 ἦν
1249 1712 1391 1785 ῥητά
1423 1713 1627 1783 ἐτέρων
1656 1714 1829 1780 ἁγίων
1862 1729 2056 1781 προκο-

2830 974 3077 1032 EPHES.

2231 1067 2370 1123 Aliis
2401 1067 2548 1124 enim
2586 1069 2692 1124 alia
2713 1070 2878 1124 dictis
2910 1070 3054 1124 dicta
3087 1066 3517 1138 excipientibus,
3545 1073 3601 1121 et
3631 1082 3749 1122 scr-

2160 1177 2321 1215 mone
2355 1177 2664 1216 sermonem
2685 1164 2953 1232 pariente,
2991 1170 3050 1215 ut
3082 1163 3136 1214 in
3162 1162 3317 1216 hisce
3354 1159 3593 1224 assolet,
3639 1176 3748 1214 non

2168 1255 2450 1308 sinebatur
2493 1256 2693 1310 veritas
2713 1270 2842 1310 suas
2877 1256 3021 1309 vires
3041 1253 3354 1318 ostendere,
3390 1253 3619 1307 multum
3643 1251 3750 1306 illis

2161 1355 2526 1400 atramentum
2582 1361 2690 1414 pra:
2757 1362 2816 1402 se
2868 1346 3302 1411 oﬂ‘undentibus,
3392 1355 3449 1400 et
3526 1344 3749 1413 prolixis

2156 1437 2507 1492 sermonibus
2561 1451 2683 1490 eam
2749 1436 3172 1492 oﬂ'uscantibus.

2821 1529 3019 1585 RESP.

2229 1621 2678 1693 Quandoquidem
2707 1623 2994 1678 Athanasii
3029 1621 3206 1692 Magni
3259 1621 3426 1675 verba
3482 1626 3748 1689 corrupta

2162 1715 2410 1778 dicebas,
2445 1713 2722 1768 all‘ererula
2773 1715 2869 1769 tibi
2919 1723 3081 1768 erant
3133 1713 3450 1768 necessario
3514 1712 3745 1765 aliorum

485 1781 672 1875 μίσαι,
699 1781 794 1860 καὶ
832 1781 1138 1878 προέφερον
1287 1781 1609 1875 Ἐπιφαννίου
1636 1824 1691 1859 τε
1723 1807 1820 1858 καὶ
1852 1804 2056 1874 Κυρίλ-

2165 1819 2477 1862 sanctorum
2509 1806 2673 1872 dicta,
2704 1815 2758 1860 et
2791 1808 2955 1861 allata
2977 1815 3107 1860 sunt
3135 1821 3202 1860 ex
3233 1804 3534 1875 Epiphanio
3565 1813 3622 1856 et
3645 1802 3748 1872 Cy-

483 1897 572 1950 λου
590 1914 602 1928 ·
629 1898 722 1951 καὶ
741 1897 877 1951 αὐτὰ
895 1898 1209 1968 άπόκρυφα,
1224 1898 1480 1965 ἄγνωστά
1497 1913 1554 1950 τε
1575 1896 1668 1949 καὶ
1689 1894 2056 1963 διεφθαρμένα

486 1991 721 2054 ἐκάλεις.
750 1990 913 2046 Ὅθεν
941 1994 967 2044 ό
997 1991 1157 2059 λόγος
1183 1993 1276 2043 τὸν
1302 1990 1461 2058 λόγον
1491 1989 1694 2058 γεννῶν
1714 2027 1731 2049 ,
1760 1986 1833 2048 ὡς
1866 1983 2058 2037 εἴωθεν

483 2084 576 2136 ἐπὶ
605 2083 814 2146 τούτοις
847 2084 936 2136 ἀεὶ
969 2084 1253 2152 γίγνεσθει
1275 2123 1290 2144 ,
1324 2083 1521 2152 ἐχώρει
1553 2083 1633 2144 εἰς
1666 2081 1912 2147 ἄπειρον.
1949 2078 2058 2130 Καὶ

487 2173 578 2226 σοῦ
625 2174 724 2243 μὲν
759 2173 818 2226 ἓν
852 2174 946 2225 καὶ
988 2176 1238 2241 γενναῖον
1275 2168 1341 2242 ἦν
1376 2175 1462 2226 ἀεὶ
1506 2173 1788 2240 λέγοντος.
1825 2172 1905 2223 ὅτι
1948 2170 2055 2222 διε-

484 2264 796 2334 φθαρμένον
840 2263 1023 2329 τοῦτο,
1076 2265 1458 2333 νενοθευμένον
1511 2266 1729 2317 ἐκεῖνοο
1780 2265 2060 2330 ἄγνωστον

483 2357 663 2423 τοῦτο,
714 2356 1034 2427 ἀπόκρυφον
1086 2357 1268 2412 τᾶλλο.
1321 2360 1383 2412 Οί
1430 2359 1485 2411 δὲ
1537 2357 2056 2428 προσδιαλεγόμενοι

485 2448 593 2502 τῶν
621 2449 866 2503 Λατίνων
895 2448 1264 2518 ἠγανάκτουν,
1295 2451 1390 2503 καὶ
1423 2451 1797 2518 θαυμάζοντες
1831 2449 2015 2516 ἔλεγον
2042 2464 2055 2476 ·

484 2537 742 2608 Δίόέσιμε
774 2540 950 2608 πάτερ
981 2541 1232 2606 Ἐφέσου,
1266 2541 1427 2608 ἡμεῖς
1461 2540 1558 2610 μὲν
1593 2542 1693 2593 ὅσα
1725 2542 1830 2591 τῶν
1862 2539 2058 2605 ὑμετέ-

489 2649 597 2699 ρων
624 2631 794 2697 άγίων
827 2631 1009 2700 βιϐλία
1039 2630 1309 2699 δείξομεν,
1342 2632 1438 2685 ὅλα
1468 2631 1847 2701 διεφθαρμένα
1878 2630 2059 2696 λέγεις

483 2723 519 2777 ἃ
549 2724 837 2796 Ἑλληνικά
863 2726 1024 2776 εἰσιν.
1054 2723 1118 2777 Ei
1147 2723 1247 2791 μὲν
1272 2719 1366 2775 οὖν
1393 2723 1460 2776 τὰ
1490 2723 1775 2794 Ἐλληνικά
1803 2722 2060 2791 διεφθαρ-

488 2821 626 2888 μένα
665 2819 760 2873 καὶ
796 2820 922 2872 νόθα
963 2818 1090 2884 εἰσὶ,
1127 2819 1392 2871 Λατινικά
1429 2818 1485 2870 δι
1525 2819 1684 2889 ἡμεῖς
1723 2818 1784 2869 οὐ
1829 2817 2059 2884 θέλομεν

489 2910 754 2976 ἐπιδεῖξαι
787 2910 876 2963 διά
907 2910 968 2962 τὸ
999 2908 1346 2976 ἀνύποπτον,
1380 2909 1545 2964 πόθεν
1582 2910 1926 2978 ἐπιδείξομεν
1964 2910 2058 2980 τὴν

490 3001 770 3070 ἀλήθειαν,
804 3003 891 3054 ίνα
923 3001 987 3053 σὺ
1022 3001 1391 3070 πιστωθείης;
1425 3003 1606 3066 Δεῖξον
1641 3002 1728 3067 σὺ,
1763 3002 1945 3071 Πάτερ
1975 3003 2060 3054 αἰ·-

2165 1900 2306 1951 rillo.
2350 1899 2430 1952 Tu
2469 1915 2599 1952 vero
2625 1899 2718 1953 illa
2749 1899 2913 1952 ctiam
2952 1898 3286 1968 apocrypha,
3336 1896 3522 1965 ignota
3575 1904 3629 1949 et
3670 1893 3746 1947 vi-

2161 1992 2296 2046 tiata
2315 1991 2567 2044 vocabas.
2589 1990 2936 2059 Quapropter
2956 2006 3140 2044 sermo
3160 2002 3474 2043 sermonem
3501 1986 3744 2057 pariens.

2162 2095 2218 2139 ut
2257 2098 2476 2153 semper
2513 2084 2564 2136 in
2600 2081 2979 2152 hujuscemodi
3022 2081 3188 2136 rebus
3211 2079 3440 2144 assolet,
3505 2078 3559 2132 in
3621 2077 3745 2130 inti-

2161 2178 2331 2231 nitum
2367 2175 2816 2243 protrahebatur.
2848 2173 2911 2226 [st
2941 2181 2995 2224 tu
3028 2172 3249 2241 quidem
3295 2185 3466 2223 unum
3525 2181 3746 2235 semper

2163 2283 2217 2325 et
2254 2268 2579 2339 praeclarum
2607 2265 2828 2321 assidue
2854 2265 3152 2335 repetebas
3185 2281 3199 2318 :
3263 2262 3377 2317 Iloc
3410 2271 3494 2316 est
3552 2274 3748 2314 corru-

2162 2372 2334 2430 ptum,
2369 2359 2903 2428 illudplepravatnm,
2933 2359 3176 2426 ignotum
3214 2356 3336 2412 hoc.
3375 2352 3747 2425 apocryphum

2160 2452 2316 2507 illud.
2343 2449 2420 2504 Ex
2457 2449 2663 2505 Latinis
2692 2465 2820 2504 vero
2846 2451 2938 2518 qui
2968 2460 3149 2502 tecum
3202 2446 3580 2516 disputabant.
3633 2450 3745 2496 ειυς

2161 2545 2575 2610 machabantur,
2598 2552 2652 2596 et
2677 2539 3006 2605 mirabundi,
3040 2536 3357 2592 Reverende
3378 2533 3535 2587 Pater
3565 2529 3745 2601 Ephe-

2161 2637 2301 2701 sine,
2336 2636 2570 2699 aiebant,
2612 2647 2968 2703 quoscunque
3029 2645 3131 2684 nos
3188 2635 3505 2682 sanctorum
3534 2633 3746 2677 vestro.

2166 2743 2284 2780 rum
2319 2727 2489 2780 libros
2516 2724 2740 2780 ϐιαιως
2774 2721 3205 2785 ostenderimus,
3265 2727 3319 2773 tu
3350 2729 3517 2770 vocas
3541 2727 3741 2767 corru—

2165 2826 2330 2888 ptos;
2365 2817 2410 2870 si
2438 2831 2569 2886 ergo
2600 2814 2776 2869 ϐιαιρὶ
2820 2813 3040 2868 codices
3078 2809 3324 2879 corrupti
3356 2817 3409 2861 et
3452 2803 3748 2860 auulterini

2166 2921 2317 2972 sunt,
2369 2908 2591 2962 Latinos
2645 2923 2772 2961 vero
2799 2920 2900 2959 nos
2940 2902 3189 2973 proferre
3223 2901 3590 2962 nolumus,ut
3631 2912 3746 2950 om—

2163 3003 2249 3056 nis
2274 3000 2414 3055 absit
2443 2998 2708 3068 suspicio,
2731 2995 2873 3051 unde
2908 2995 3190 3049 veritatem
3213 2990 3739 3050 demonstrabimus,

485 3091 699 3160 δέσιμε,
728 3090 825 3160 τὴν
855 3089 1142 3160 ἀλήθειαν.
1175 3090 1276 3143 Σοῦ
1308 3091 1362 3143 δὲ
1391 3091 1518 3146 ἄλλο
1545 3110 1593 3145 τι
1628 3093 1703 3162 μὴ
1732 3093 1947 3162 ἔχοντος
1977 3094 2060 3147 λέ-

2167 3105 2228 3147 υι
2263 3094 2424 3146 [idem
2449 3092 2548 3145 tibi
2572 3090 2843 3144 faciamus
2875 3089 2896 3141 ί
2924 3087 3166 3142 Ostende
3195 3095 3278 3150 tu,
3307 3082 3606 3139 reverende
3643 3079 3746 3135 Pa-

488 3201 608 3252 γειν
632 3227 646 3249 ,
676 3183 709 3254 ἦ
742 3185 822 3238 ὅτι
852 3185 1228 3254 διεφθαρμένα
1261 3188 1356 3241 καὶ
1386 3186 1516 3239 νόοα
1547 3186 1688 3238 εἰσὶν
1708 3226 1723 3246 .
1751 3187 1966 3255 ἀνάγκη
1997 3184 2062 3256 ἦν

488 3278 726 3338 ἐκείνους
769 3277 859 3330 διά
899 3278 1009 3330 τῶν
1049 3278 1333 3346 ἑπομένων
1375 3278 1468 3331 τοῦ
1513 3279 1836 3332 διδασκάλου
1884 3279 2064 3348 ῥητῶν

489 3370 828 3439 συμόιὸάσαι
859 3370 951 3423 τὸν
980 3369 1128 3434 νοῦν,
1159 3370 1251 3424 καὶ
1287 3371 1531 3439 μακροὺς
1561 3372 1842 3424 ἀποτεῖναι
1871 3372 2063 3439 λόγους

489 3463 570 3524 εἰς
597 3459 876 3525 ἀπόδειξιν
904 3461 997 3514 καὶ
1027 3460 1289 3529 ἐξήγησιν
1320 3458 1414 3512 τοῦ
1448 3459 1636 3529 ῥητοῦ.
1666 3458 1852 3513 Μὲλαν
1878 3460 1936 3512 δὲ
1963 3460 2064 3514 οὐκ

489 3555 755 3624 ὲξέμεσαν
781 3557 840 3608 ὲν
867 3559 986 3618 ταῖς
1020 3556 1232 3608 ἑαυτῶν
1259 3555 1617 3624 ἀποκρίσεσιν
1642 3557 1690 3608 oi
1720 3557 1939 3610 Λατῖνοι
1965 3558 2066 3628 τὴν

488 3648 749 3716 ἀλήθειαν
771 3647 1124 3717 ἐρευνῶντες,
1149 3647 1266 3699 ἀλλ’
1291 3646 1322 3717 ἢ
1354 3650 1418 3700 σὺ
1452 3649 1682 3702 πάντοτε
1711 3649 1833 3717 μεθ’
1857 3648 2068 3718 ῦόρεως

489 3738 661 3805 λέγων
685 3737 780 3789 καὶ
805 3737 1058 3806 γράφων,
1084 3737 1295 3790 καὶτὸν
1322 3737 1398 3789 ίδν
1423 3738 1481 3789 ὲν
1505 3741 1614 3802 τοῖς
1641 3739 1876 3810 χείλεσιν
1902 3740 2064 3810 ἔχων,

489 3827 612 3881 ὅθεν
639 3828 731 3882 καὶ
761 3827 1143 3899 κατεγνώσθης
1173 3829 1249 3890 ὡς
1276 3828 1647 3899 δεισιδαίμων.

2171 3197 2273 3252 ter,
2298 3185 2604 3241 veritatem.
2633 3183 2714 3239 Te
2770 3193 2951 3237 autem
2976 3181 3110 3235 nihil
3162 3178 3314 3234 aliud
3360 3175 3745 3246 respondente,

2176 3297 2339 3351 quam
2372 3282 2492 3334 loca
2531 3288 2789 3349 corrupta
2837 3288 2890 3331 et
2943 3273 3254 3329 adulterina
3311 3284 3460 3333 esse,
3522 3280 3750 3322 necesse

2171 3383 2290 3429 erat
2321 3371 2550 3426 Latinos
2574 3386 2667 3441 per
2694 3367 2982 3438 sequentia
3008 3364 3177 3420 verba
3237 3361 3481 3416 doctoris
3527 3372 3747 3412 sensum

2173 3469 2540 3521 coluerentem
2566 3463 2875 3526 ostendere,
2903 3469 2958 3514 et
2980 3461 3174 3529 longos
3207 3469 3397 3511 texere
3459 3463 3749 3508 sermones

2165 3558 2229 3610 ad
2251 3556 2734 3610 demonstrandum
2756 3561 2811 3607 et
2829 3549 3229 3620 explanandqu
3251 3544 3494 3600 auctoris
3516 3543 3744 3595 dictum.

2163 3648 2383 3702 Nullum
2411 3661 2575 3716 poi-ro
2635 3656 3001 3700 atramentum
3029 3654 3324 3696 evomuere
3345 3635 3527 3691 Latini
3554 3636 3608 3688 in
3632 3633 3749 3688 suis

2164 3742 2639 3813 responsionibus.
2688 3754 2815 3792 cum
2863 3737 3152 3791 veritatem
3207 3733 3573 3800 indagareut;
3632 3728 3742 3779 imo

2166 3852 2297 3891 vero
2330 3847 2407 3901 tu,
2431 3835 2525 3904 qui
2551 3848 2768 3902 semper
2789 3841 2845 3887 et
2874 3827 3154 3900 loquendo
3173 3836 3226 3882 et
3259 3822 3551 3879 scribendo
3605 3835 3737 3874 con-

491 3921 746 3975 tumelias
772 3919 931 3987 iacis,
965 3931 1017 3974 et
1045 3920 1196 3974 labra
1229 3934 1436 3975 veneno
1481 3922 1701 3990 perfusa
1736 3922 1906 3978 babes
1933 3963 1946 3987 ,
1986 3938 2049 3977 ex
2095 3939 2204 3994 quo
2231 3929 2400 3982 etiam
2431 3926 2834 3983 condemnatus
2879 3939 2941 3982 es
2999 3931 3058 3978 ut
3113 3915 3602 3990 superstitionibus
3647 3914 3748 3968 int-

493 4015 680 4068 huius.

1186 4109 1378 4166 ΕΦΕΣ.

568 4203 760 4272 Ἀχρις
790 4200 852 4254 οῦ
888 4198 1049 4254 πάλιν
1081 4200 1468 4269 ἀπαγορεύσας
1489 4245 1502 4269 ,
1542 4204 1648 4256 υπό
1678 4221 1735 4257 τε
1767 4204 1866 4272 τῆς
1902 4203 2065 4273 συνή-

492 4295 621 4357 θους
674 4294 1061 4364 ἐνοχλούμενος
1115 4293 1428 4360 ἀσθενείας,
1477 4295 1573 4348 καὶ
1625 4295 1686 4349 τδ
1734 4296 1844 4348 τῶν
1892 4295 2066 4363 λόγων

491 4385 740 4455 ἄκαρπον
768 4383 1051 4452 καθορῶν,
1079 4383 1344 4436 ἀπέτεινα
1374 4385 1536 4454 λόγον
1562 4386 1648 4439 διὰ
1683 4385 1896 4458 μακροῦ
1930 4387 2067 4454 πρὸς

492 4471 689 4532 αὐτοὺς
737 4470 862 4523 ὅσον
914 4470 1138 4540 ἴσχυον·
1192 4472 1250 4522 ὲν
1300 4465 1344 4540 ᾧ
1402 4475 1736 4543 μαρτυρίαις
1788 4474 2068 4538 πλείσταις

493 4562 910 4634 άναντιρῥήτοις
952 4563 1274 4632 παρέστησα
1307 4564 1406 4635 τὴν
1441 4565 1701 4633 ἀλήθειαν
1733 4568 1828 4622 τοῦ
1871 4569 2068 4637 ἡμετὲ-

494 4671 591 4723 ρου
620 4654 895 4723 δόγματος
913 4696 928 4719 ,
959 4655 1150 4725 ὅτιπερ
1179 4658 1240 4708 ὲκ
1271 4657 1436 4726 μόνου
1463 4657 1556 4710 τοῦ
1592 4659 1833 4728 Πατρὸς,
1864 4660 1983 4729 οὐχὶ
2011 4660 2068 4714 δὲ

493 4745 586 4798 καὶ
610 4747 673 4798 ὲκ
701 4744 796 4799 τοῦ
826 4744 982 4813 Υίοῦ,
1017 4748 1077 4801 τὸ
1095 4747 1319 4818 Πνεῦμα
1339 4748 1400 4802 τὸ
1431 4751 1586 4818 ἅγιον
1615 4751 1999 4823 ἐκπορεύεται.

1175 4843 1383 4896 ΑΠΟΛ.

574 4934 987 5004 Ἀπηγόρευσας
1035 4936 1134 5004 μὲν
1179 4935 1417 5005 ἀληθῶς,
1451 4935 1612 5006 ἔφης,
1645 4937 1721 5006 μὴ
1769 4938 2070 5009 δυνάμενος

491 5027 608 5086 τοῖς
669 5025 939 5092 γενναίοις
1010 5026 1107 5080 τοῦ
1181 5027 1297 5097 φρά
1378 5028 1628 5081 Ἰωάννου
1682 5029 2068 5096 συλλογισμοῖς

492 5117 822 5185 ἀντιλέγειν,
863 5120 953 5172 ὅτε
980 5137 1064 5172 σοι
1090 5120 1152 5172 τὸ
1182 5118 1275 5172 τοῦ
1303 5120 1548 5190 μεγάλου
1582 5122 1870 5176 Βασιλείου
1903 5123 2067 5194 ῥητὸν

495 5212 635 5273 μετά
687 5209 1073 5281 συλλογισμῶν
1118 5211 1434 5282 ἀντηρὼτα,
1474 5212 1539 5266 τὸ
1586 5213 1784 5280 λόγον’
1835 5215 1910 5268 Οὐ
1958 5215 2065 5285 γάρ

491 5318 614 5354 τινα
640 5301 993 5374 λαμϐάνομεν
1021 5304 1172 5372 παρὰ
1203 5304 1297 5356 τοῦ
1331 5305 1670 5374 Πνεύματος,
1689 5305 1880 5377 ὥσπερ
1916 5308 2068 5376 παρά

491 5393 586 5446 τοῦ
633 5394 760 5448 Υίοῦ
803 5400 865 5448 τὸ
916 5395 1160 5466 Πνεῦμα.
1204 5397 1292 5449 Ἑν
1337 5398 1515 5466 τούτῳ
1549 5399 1655 5469 γὰρ
1699 5400 1780 5470 τῷ
1827 5401 1978 5470 ρητῷ
2008 5417 2067 5453 σε

491 5486 699 5550 ἔδειξεν
733 5488 960 5552 ἄπειρον
1007 5488 1290 5557 θεολογίας
1320 5493 1420 5560 τῆς
1464 5491 1644 5562 ίερᾶς·
1697 5494 1787 5546 ὅτε
1850 5493 1942 5545 καὶ
1991 5493 2066 5555 ὡς

491 5581 771 5651 ἀκροατήν
806 5599 866 5634 σε
897 5583 1167 5647 ἐδίδασκε,
1199 5583 1316 5645 πῶς
1355 5583 1438 5636 δεῖ
1482 5586 1624 5638 νοεῖν
1656 5585 1756 5655 τὴν
1800 5584 2069 5654 ἐκπόρευ-

497 5687 582 5723 σιν
616 5670 709 5723 τοῦ
741 5673 1011 5740 παναγίου
1039 5672 1356 5743 [Ινεύματος
1379 5691 1394 5705 ’
1429 5675 1741 5744 κατόπτρου
1772 5677 1879 5744 γὰρ
1911 5677 2068 5746 δίκην

498 5759 566 5813 τά
602 5762 884 5831 [πρακτικά
919 5764 1022 5816 είσι
1055 5763 1440 5834 μαρτυροῦντα
1480 5765 1540 5818 τὸ
1580 5765 1779 5837 ἀληθές
1807 5783 1818 5794 ·
1858 5768 1916 5820 οὐ
1955 5768 2060 5838 γὰρ

2832 4103 3074 4159 EPHES.

2237 4199 2419 4254 Donec
2449 4199 2642 4251 iterum
2667 4211 2763 4266 spe
2787 4204 2839 4251 et
2873 4194 3079 4250 viribus
3111 4191 3432 4256 destitutus,
3483 4196 3595 4243 tum
3619 4185 3746 4256 quia

2167 4300 2440 4347 consueto
2480 4289 2763 4359 allligebar
2792 4286 3007 4349 morbo,
3044 4294 3156 4338 tum
3191 4284 3322 4353 quia
3351 4280 3538 4336 inania
3591 4278 3747 4332 fundi

2173 4386 2336 4441 verba
2368 4383 2646 4447 videbam,
2687 4393 3000 4437 sermonem
3035 4369 3105 4431 ad
3135 4391 3232 4431 eos
3265 4372 3429 4429 habui
3459 4387 3622 4441 quam
3657 4388 3751 4442 po-

2173 4481 2249 4533 tui
2274 4475 2655 4546 longissimum
2685 4491 2701 4542 ;
2733 4487 2845 4543 quo
2876 4471 3128 4543 plurimis
3156 4466 3625 4536 irrel‘ragabilibus
3672 4473 3752 4519 te-

2171 4571 2446 4627 stimoniis
2471 4566 2662 4638 aperui
2689 4565 2859 4621 nostri
2885 4561 3154 4634 dogmatis
3175 4560 3484 4626 veritatem,
3509 4573 3620 4628 quo
3643 4557 3751 4612 sci-

2175 4663 2304 4718 licet
2330 4677 2398 4715 ex
2426 4659 2544 4714 solo
2571 4657 2754 4721 Patre,
2785 4671 2892 4710 non
2920 4655 3085 4710 etiam
3119 4670 3185 4710 ex
3223 4652 3380 4717 Filio,
3423 4649 3752 4722 procedebat

2178 4756 2411 4826 Spiritus
2442 4763 2688 4810 sanctus.

2874 4840 3074 4897 RESP.

2252 4937 2449 4994 Verum
2489 4947 2574 4992 est
2620 4936 2767 5004 quod
2818 4935 2921 4997 ais,
2971 4932 3140 4988 fuisse
3181 4942 3232 4986 te
3260 4947 3358 5002 spe
3382 4929 3745 4985 destitutum:

2175 5035 2306 5104 quin
2353 5042 2546 5087 contra
2583 5029 2794 5084 validos
2826 5029 3014 5083 fratris
3042 5026 3271 5083 mannis
3302 5026 3647 5096 syllogismos
3668 5023 3751 5077 di-

2179 5141 2300 5180 cere
2347 5141 2454 5179 non
2499 5125 2719 5177 valebas
2760 5119 3028 5191 ;quando
3063 5130 3114 5174 te
3142 5135 3237 5190 per
3271 5119 3621 5188 syllogismos
3667 5116 3747 5169 vi-

2172 5217 2363 5271 cissim
2410 5213 2794 5282 interregabat
2841 5211 2910 5265 de
2952 5211 3046 5264 illo
3093 5208 3276 5278 magni
3321 5206 3504 5261 Basilii
3551 5206 3742 5260 dicto:

2171 5307 2361 5378 Neque
2409 5308 2555 5360 enim
2608 5304 2910 5375 accipimus
2945 5320 2974 5356 a
3023 5303 3230 5373 Spiritu
3285 5301 3486 5369 aliqua,
3539 5299 3682 5353 sicut
3712 5313 3742 5351 a

2175 5399 2314 5455 Filio
2357 5399 2620 5469 Spiritus.
2659 5397 2719 5452 In
2761 5414 2868 5466 qua
2902 5406 2952 5452 te
2981 5396 3252 5451 sententia
3302 5395 3538 5450 ostendit
3575 5408 3746 5448 sacra-

2176 5493 2465 5564 tbeologia
2498 5493 2784 5562 ignarum;
2817 5505 2940 5545 cum
2979 5499 3032 5544 te
3062 5491 3226 5544 etiam
3259 5489 3408 5544 velut
3433 5488 3742 5542 auditorem

2175 5585 2480 5645 erudiebat,
2523 5579 2799 5650 quomodo
2844 5578 3192 5646 intelligenda
3224 5577 3293 5630 sit
3328 5577 3570 5645 Spiritus
3619 5592 3740 5628 san-

2176 5675 2249 5729 cti
2304 5673 2620 5743 processio;
2662 5669 2795 5724 Acta
2828 5671 2974 5723 enim
3020 5668 3197 5722 instar
3238 5670 3443 5736 speculi
3498 5679 3658 5723 sunt.
3692 5675 3746 5720 ιι

2177 5782 2362 5822 verum
2410 5773 2699 5820 testantur.
2730 5759 2912 5831 Neque
2946 5776 3072 5815 vero
3106 5770 3159 5816 tu
3198 5761 3346 5816 illius
3377 5759 3539 5814 verba
3591 5759 3742 5814 vidc~
