4170 6280
498 460 519 522 1
530 457 633 519 0ὰῖ

1452 447 1764 509 JOSEPIII
1818 441 2369 505 METHONENSIS
2400 438 2747 502 EPISCOPI

3608 428 3739 493 106i

492 591 587 642 per
620 572 864 625 nuntium
895 584 924 623 a
957 569 1187 632 synodo,
1238 569 1332 621 sed
1366 565 1656 627 recusasti,
1708 561 1974 616 simulans
2016 569 2065 612 te

2195 558 2287 609 ιλλ’
2326 558 2426 609 ούκ
2460 554 2757 624 ἠθέλησας,
2790 547 3074 603 ἀσθένειαν
3110 542 3337 613 ἰσχυρὰν
3368 541 3738 642 ὑποκρινάμε-

492 668 642 736 gravi
679 665 869 719 merbo
903 663 1152 719 detineri.
1182 661 1317 716 Cum
1352 675 1479 728 ergo
1509 658 1659 713 cives
1694 657 1768 711 tui
1821 655 2055 709 familia-

496 774 609 813 rem
648 758 741 809 tibi
796 756 1042 809 morbum
1100 753 1515 815 intellexissent,
1553 758 1860 805 tacuerunt.
1891 745 2067 800 Latini

492 864 623 902 vero
650 846 746 902 soli
777 846 1050 910 dicebant,
1074 845 1290 899 neruine
1314 842 1686 898 defensionem
1716 840 2067 908 suscipiente,

493 940 620 1009 quia
677 939 878 993 nullam
912 953 1050 1006 opus
1110 947 1227 991 erat
1266 936 1380 990 ﬁeri
1418 950 1446 988 a
1482 933 1689 989 nostris
1726 932 2066 1001 apologiam;

497 1048 621 1085 nam
652 1046 833 1085 sermo
878 1030 1196 1084 Latinorum
1254 1027 1540 1097 responsio
1592 1035 1708 1081 erat
1737 1023 1803 1079 ad
1831 1039 1894 1077 ea
1952 1038 2073 1093 quae

496 1122 848 1193 objeceratis.

1169 1232 1413 1289 EPHES.

569 1352 625 1406 In
658 1352 837 1421 priore
886 1350 1105 1421 quidem
1140 1350 1480 1418 proferentes
1520 1346 1668 1401 dicta
1698 1360 1923 1401 suorum
1959 1345 2059 1398 do-

496 1456 736 1509 ctorum,
788 1444 989 1513 quibus
1036 1442 1401 1496 ostendebant
1444 1439 1710 1510 Spiritum
1759 1450 2007 1494 sanetum
2042 1453 2074 1491 a

500 1537 638 1592 Filio
664 1537 979 1607 procedere.
1008 1533 1470 1604 quemadmodum
1501 1541 1554 1587 et
1589 1548 1654 1587 ex
1684 1534 1863 1586 Patre.

1192 1731 1388 1787 RESP.

572 1841 629 1896 In
661 1842 764 1895 bac
794 1840 1035 1895 sessione
1067 1841 1309 1909 synodus
1360 1840 1527 1894 misso
1559 1845 1751 1897 nuntio
1782 1854 1833 1897 te
1868 1846 1933 1898 ad
1966 1844 2078 1899 dis-

506 1936 843 2005 putationem
879 1933 1146 1993 vocabat,
1206 1934 1464 1998 quoniam
1521 1934 1568 1987 is
1600 1938 1690 2003 qui
1752 1947 1928 1989 tecum
1964 1938 2078 1990 dis-

2166 666 2274 711 νος.
2300 648 2613 715 Νοήσαντες
2655 640 2748 698 οῦν
2768 642 2814 694 oi
2842 640 3071 709 δημόται
3096 653 3187 688 σου
3208 634 3307 715 τὴν
3330 635 3564 703 φυσικὴν
3587 630 3737 684 ἀσθέ-

2172 758 2341 802 νειαν,
2384 740 2561 808 ἥνπερ
2611 731 2775 806 εἶχες,
2827 732 3185 801 ἐσιώπησαν.
3240 729 3457 783 Λατῖνοι
3482 724 3539 777 δὲ
3593 723 3743 793 μόνοι

2173 832 2360 898 ἔλεγον
2415 829 2640 900 μηδενὸς
2694 823 3159 893 ἀπολογουμένου,
3213 820 3274 873 οὐ
3326 819 3436 887 γάρ
3490 816 3649 887 χρεία
3679 809 3745 884 ἦν

2174 921 2565 989 ἀπολογεῖσθαι
2598 920 2725 980 τοὺς
2778 917 3107 987 ἡμετέρους,
3150 914 3235 967 ὅτι
3283 913 3315 964 6
3346 911 3453 963 τῶν
3498 907 3747 963 Λατίνων

2173 1018 2327 1084 λόγος
2353 1014 2620 1082 ἀπολογία
2646 1011 2861 1080 ὑπῆρχε
2887 1010 3023 1079 πρὸς
3056 1005 3126 1060 τὰ
3155 1005 3421 1076 ὑμέτερα.

2865 1204 3057 1261 ΕΦΕΣ.

2248 1322 2408 1378 Κατά
2440 1321 2539 1389 μὲν
2562 1321 2660 1389 τὴν
2700 1320 2925 1389 πρώτην
2958 1318 3022 1369 τὰ
3058 1314 3198 1387 ρητά
3227 1316 3336 1369 τῶν
3361 1315 3580 1370 οἰκείων
3606 1316 3751 1369 διδαο

2179 1416 2399 1469 σκὰλων
2427 1415 2875 1484 προενεγκόντες,
2910 1413 2967 1463 ὲν
2989 1402 3068 1471 οἷς
3092 1408 3411 1461 ἐδείκνυσαν
3440 1408 3502 1461 τὸ
3529 1409 3750 1475 Πνεῦμα

2178 1512 2240 1561 τὸ
2272 1508 2429 1574 ἆγιον
2480 1506 2923 1575 δκπορευόμενον
2976 1504 3042 1554 ἑκ
3066 1500 3161 1553 τοῦ
3195 1500 3351 1567 Υίοῦ,
3382 1500 3525 1553 καθά
3563 1501 3657 1554 καὶ
3688 1502 3752 1553 ἐκ

2178 1602 2273 1652 τοῦ
2323 1598 2555 1669 Πατρός.

2867 1708 3076 1762 ΑΠΟΔ.

2266 1826 2353 1877 Ἐν
2411 1823 2581 1893 ταύτῃ
2617 1824 2681 1892 τῇ
2720 1821 3035 1877 συνελεύσει
3092 1823 3415 1877 ἀπέστειλεν
3450 1824 3485 1891 ἠ
3534 1820 3755 1883 σύνοδος

2183 1918 2421 1988 ζητοῦσά
2459 1935 2518 1970 σε
2547 1918 2721 1969 ἐλθεῖν
2748 1917 2884 1984 πρὸς
2903 1916 3005 1987 τὴν
3029 1915 3286 1980 διάλεξιν·
3324 1914 3513 1983 ἐπειδὴ
3540 1917 3569 1968 6
3590 1928 3755 1983 προσ-

507 1985 733 2093 putabat
768 2062 785 2086 ,
840 2023 1009 2076 frater
1052 1985 1291 2075 Joannes
1352 1985 1922 2081 dicelratz‘Adducite
1974 2028 2080 2082 huc

2195 1985 2569 2078 Βιαὶεγόμενος
2619 2011 2728 2079 φρά
2787 1985 3035 2077 Ἰωάννης
3087 2008 3295 2076 ἔλεγεν,
3360 2007 3623 2075 Ἀγάγετε
3665 2012 3758 2058 τίν

509 2112 825 2179 Ephesium,
865 2120 924 2163 ut
951 2111 1341 2179 responsiones
1369 2112 1558 2165 audiat
1585 2115 1648 2167 ad
1683 2131 1742 2167 ea
1774 2133 1893 2185 qui:
1920 2117 2076 2171 dixit.

506 2203 549 2256 Τ
557 2220 587 2257 ιι
625 2219 754 2257 vero
787 2203 1024 2256 rationes
1056 2214 1177 2256 tuas
1205 2203 1453 2274 redargui
1486 2221 1607 2258 cum
1645 2206 1786 2260 ferre
1819 2224 1927 2262 non
1960 2224 2081 2277 pos-

507 2310 617 2357 ses,
650 2294 835 2348 venire
874 2293 1119 2355 noluisti,
1153 2297 1246 2349 sed
1286 2298 1535 2351 morbum
1592 2300 1884 2355 simulasti.
1938 2301 2084 2365 Quo-

509 2391 657 2440 circa
689 2386 949 2455 magister
980 2388 1219 2441 Joannes
1240 2390 1443 2443 omissa
1469 2400 1683 2445 tuorum
1710 2393 2086 2450 confutatiuue

510 2492 846 2538 sermonum,
882 2475 1103 2543 protulit
1146 2476 1428 2530 doctorum
1480 2492 1707 2532 suorum
1766 2481 2084 2546 sententias,

509 2569 780 2639 dogmatis
838 2567 1118 2621 veritatem
1157 2568 1472 2633 ostendens,
1513 2578 1566 2624 et
1603 2570 1853 2624 refellens
1879 2588 2001 2640 qua:
2030 2584 2085 2626 tu

511 2661 754 2721 dixeras,
783 2658 990 2713 scilicet
1027 2660 1292 2728 Spiritum
1326 2676 1353 2711 a
1409 2659 1547 2715 Filio
1604 2677 1711 2715 non
1753 2678 1897 2719 esse.
1940 2664 2008 2719 Et
2034 2677 2088 2720 tu

511 2754 730 2823 quidem
769 2752 1013 2818 dicebas,
1048 2763 1105 2807 at
1158 2768 1263 2805 non
1306 2755 1599 2822 probabas.
1629 2756 1725 2811 Ille
1760 2774 1894 2812 vero
1942 2758 2089 2812 dire-

513 2844 622 2907 bat,
653 2852 707 2898 et
732 2852 954 2897 strenue
987 2843 1251 2912 probabat
1272 2860 1395 2897 cum
1424 2845 1730 2901 Occidentis
1750 2849 2088 2905 doctoribus.

515 2940 593 2987 An
626 2949 753 2987 vero
776 2949 975 3003 negare
1007 2937 1230 3005 poteris,
1264 2949 1481 2991 sanctos
1512 2954 1634 2994 esse
1657 2939 1973 2995 Occidentis
1997 2944 2096 2995 do-

2195 2105 2423 2172 Ἐφέσου
2451 2096 2574 2163 ὧδε,
2610 2102 2696 2153 ινα
2731 2100 2938 2170 ἀκούσῃ
2964 2100 3062 2161 τὰς
3093 2102 3418 2169 ἀποκρίσεις
3448 2098 3558 2151 τῶν
3579 2099 3758 2165 λόγων

2184 2195 2370 2249 αύτοῦ.
2397 2194 2468 2247 Σὺ
2499 2195 2553 2246 δὲ
2593 2194 2669 2262 μὴ
2691 2194 2990 2261 δυνάμενος
3016 2191 3236 2244 ἀκούειν
3278 2192 3372 2244 τὸν
3398 2190 3619 2262 ἔλεγχον
3649 2190 3761 2242 τῶν

2185 2288 2336 2357 παρὰ
2366 2286 2459 2339 σοῦ
2491 2286 2692 2355 ῥητῶν,
2724 2285 2822 2337 οὐκ
2848 2284 3119 2353 ἠθέλησας
3148 2284 3357 2347 ἐλθεῖν,
3389 2282 3506 2336 ἀλλ’
3538 2283 3763 2351 ὑπεκρί-

2187 2398 2278 2432 νου
2307 2380 2617 2432 ἀσθένειαν.
2651 2378 2742 2431 Διδ
2783 2381 2876 2431 καὶ
2920 2381 2948 2431 ὁ
2973 2378 3294 2440 διδάσκαλος
3329 2376 3587 2445 Ἰωάννης
3632 2376 3764 2438 τοὺς

2192 2473 2290 2540 μὲν
2315 2472 2574 2540 ἐλέγχους
2599 2471 2708 2523 τῶν
2746 2471 2855 2523 σῶν
2883 2472 3048 2531 ἔασας
3085 2472 3282 2538 λόγων,
3320 2470 3389 2523 τὰ
3408 2470 3521 2522 τῶν
3547 2471 3765 2523 οἰκείων

2190 2565 2529 2618 διδασκάλων
2574 2567 2713 2635 ῥητὰ
2747 2565 3018 2637 προέφερε
3049 2564 3309 2618 δεικνύων
3361 2567 3458 2617 τοῦ
3494 2564 3761 2633 δόγματος

2190 2659 2289 2725 τὴν
2332 2656 2615 2725 ἀλήθειαν.
2663 2655 2926 2725 ἀναιρῶν,
2981 2655 3127 2723 ἅπερ
3175 2657 3398 2725 ἔλεγες,
3454 2658 3535 2709 ὃτι
3569 2657 3668 2709 οὐκ
3704 2660 3766 2708 ἐκ

2191 2746 2284 2797 τοῦ
2318 2746 2447 2798 Υἱοῦ
2482 2749 2540 2797 τὸ
2568 2746 2815 2815 Πνεῦμα.
2857 2748 3023 2799 Ἀλλὰ
3051 2749 3113 2800 σὺ
3143 2750 3241 2817 μὲν
3266 2747 3475 2814 ἔλεγες,
3507 2749 3608 2801 ούκ
3633 2748 3765 2801 ἐδεί-

2196 2854 2359 2900 κνυες
2392 2838 2483 2889 δέ·
2531 2839 2739 2900 ἐκεῖνος
2778 2838 2835 2890 δὲ
2893 2837 3071 2905 ἔλεγε,
3110 2839 3204 2891 καὶ
3237 2840 3502 2908 γενναίως
3528 2841 3767 2893 ἐδείκνυε

2200 2932 2336 3000 μετά
2364 2931 2473 2982 τῶν
2518 2931 2753 2983 δυτικῶν
2783 2931 3145 2988 διδασκάλων.
3174 2930 3301 3005 Ἆρ’
3330 2933 3501 2996 ὅντως
3540 2934 3770 2988 δύνασαι

510 3025 727 3081 ctores?
747 3025 799 3080 Si
817 3042 997 3097 neges,
1021 3028 1311 3082 haereticus
1346 3031 1589 3083 omnium
1625 3034 1971 3102 turpissimus
1996 3052 2090 3105 ap-

2195 3024 2579 3094 ἀρνήσασθαι,
2639 3023 2722 3077 ὅιι
2775 3022 2874 3076 οὔκ
2933 3027 3072 3080 εἰσιν
3096 3027 3146 3079 οἱ
3200 3028 3409 3080 δυτικοὶ
3460 3027 3773 3082 διδάσκαλοι

511 3118 761 3187 parebis;
784 3134 907 3171 nam
928 3122 1113 3186 quinta
1143 3122 1385 3193 synodus
1406 3125 1741 3177 tecumenica
1769 3125 1822 3178 in
1849 3142 1945 3180 sua
1967 3127 2090 3181 (irii-

2198 3117 2345 3184 ἆγιοι
2368 3134 2383 3183 ;
2420 3118 2482 3170 El
2503 3118 2701 3182 εἴποις,
2733 3119 3009 3188 αἱρετικός
3033 3120 3252 3173 πάντων
3272 3118 3553 3190 αἴσχιστος
3576 3120 3773 3185 δόξεις·

512 3211 719 3266 nitione
745 3212 816 3281 (l)
850 3212 925 3263 ait
968 3228 981 3266 :
1010 3212 1300 3282 Sequimur
1329 3226 1546 3270 sanctos
1577 3226 1631 3270 et
1678 3216 1867 3271 beatos
1915 3218 2090 3273 Patres

2197 3212 2281 3263 ὅτι
2310 3213 2343 3281 ἡ
2374 3210 2599 3281 πέμπτη
2634 3212 2990 3281 οἱκουμενικὴ
3014 3212 3229 3275 σύνοδος
3257 3215 3316 3267 ὲν
3345 3213 3424 3284 τῷ
3443 3215 3639 3283 ἑαυτῆς
3665 3217 3776 3286 ὅρῳ

514 3313 681 3373 atque
710 3307 987 3372 doctores,
1021 3304 1342 3377 Gregorium
1376 3307 1677 3379 Dialogum,
1700 3311 2090 3381 Augustinum,

2210 3302 2393 3370 φησίν·
2441 3301 2719 3371 Ἐπόμεθα
2742 3306 2852 3367 τοῖς
2883 3303 3058 3371 ἁγίοις
3084 3307 3177 3357 καὶ
3198 3305 3494 3376 μακαρίοις
3530 3308 3773 3377 Πατράσι

512 3392 797 3460 Basilium,
846 3394 1252 3467 Hieronymum,
1290 3401 1639 3455 Ambrosium
1699 3416 1754 3457 et
1809 3404 2085 3474 reliquos;

510 3503 812 3557 eui-umque
882 3503 1042 3543 voces
1094 3491 1455 3559 approbamus
1509 3503 1562 3547 et
1612 3496 1925 3565 recipimus.
1980 3498 2099 3551 non

516 3590 668 3647 potes
710 3595 841 3651 ergo
896 3584 1294 3637 contradicere.
1356 3582 1465 3639 llos
1516 3587 1717 3655 itaque,
1769 3604 1907 3657 quos
1956 3592 2099 3645 inter

519 3670 892 3724 mcumenieas
925 3672 1112 3739 quinta
1158 3675 1396 3741 synodus
1456 3679 1817 3748 promulgavit
1874 3692 2098 3736 sanctus

516 3773 675 3834 atque
699 3764 946 3820 doctores
971 3765 1247 3834 proferens
1276 3766 1513 3824 Joannes
1536 3773 1853 3841 ,pcrspicue
1875 3775 2089 3829 demon-

517 3859 730 3919 stravit,
767 3856 1027 3924 Spiritum
1064 3870 1312 3912 sanctum
1349 3876 1469 3915 esse
1496 3864 1659 3917 etiam
1686 3881 1713 3917 a
1760 3865 1914 3931 Filio,
1949 3868 2098 3921 refu-

518 3948 682 4000 tamlo
706 3963 824 4015 qua:
854 3956 908 4001 tu
961 3949 1201 4011 dixeras.
1262 3967 1367 4006 non
1420 3970 1540 4023 qua:
1589 3954 1792 4010 docent
1847 3959 2098 4013 doctores

516 4038 862 4106 Orientales;
892 4057 1011 4094 nam
1076 4053 1129 4096 et
1180 4043 1251 4096 illi
1325 4046 1508 4099 eadem
1560 4062 1678 4114 qua:
1724 4046 2099 4105 Occidentales

527 4132 737 4186 dicunt.
779 4130 848 4183 Ut
877 4148 1008 4186 vero
1054 4133 1194 4188 scire
1250 4136 1555 4190 volentibus
1586 4155 1714 4191 num
1768 4155 1891 4194 vera
1925 4142 2098 4206 dicas,

521 4224 699 4292 palam
730 4222 821 4276 ﬁat
848 4226 1071 4288 veritas,
1098 4224 1533 4281 Occidentalium
1565 4245 1784 4298 quoque
1812 4231 2098 4285 doctorum

519 4315 819 4367 sententias
842 4315 928 4369 bie
952 4331 1309 4383 apponemus,
1338 4333 1443 4371 non
1469 4335 1661 4375 omnes
1716 4332 1809 4373 aut
1828 4325 2098 4389 omnium,

520 4407 902 4474 sedpaucase
961 4409 1181 4470 multis;
1217 4418 1277 4462 ut
1334 4426 1429 4479 per
1482 4428 1574 4467 eas
1638 4424 1688 4467 te
1742 4417 2099 4470 ostendamus

522 4513 920 4567 usquequaque
973 4497 1184 4552 {utilem
1254 4512 1307 4555 et
1365 4516 1736 4574 arrogantem.
1791 4506 1846 4560 In
1906 4508 2100 4576 primis

521 4592 666 4643 enim
718 4592 951 4646 senioris
1007 4592 1192 4647 Romae
1234 4594 1501 4661 pontifex,
1546 4614 1799 4667 magnus,
1850 4601 2097 4669 inquam,

521 4681 822 4749 Gregorius
853 4681 1134 4751 Dialogus,
1166 4700 1325 4753 quem
1355 4683 1651 4740 Orientalis
1676 4705 1891 4759 quoque
1916 4693 2100 4745 Eccle-

528 4773 606 4826 sia
632 4774 914 4827 doctorem
949 4783 1002 4827 et
1036 4786 1286 4828 sanctum
1341 4780 1611 4844 agnoscit,
1648 4780 1701 4831 iu
1758 4783 2102 4849 eXpOSliiOliC

522 4865 661 4919 sacri
689 4863 964 4933 Evangelii
999 4868 1078 4921 sic
1126 4868 1235 4921 ait:
1284 4867 1437 4922 Unde
1466 4879 1517 4922 et
1544 4870 1658 4939 ipsa
1697 4870 1928 4937 Veritas,
1964 4885 2020 4928 ut
2048 4877 2111 4929 lio

522 4959 644 5010 dem
704 4958 989 5027 disripulis
1025 4971 1269 5029 augeret,
1333 4963 1510 5016 dixit:
1562 4964 1623 5017 Si
1664 4964 1805 5017 enim
1858 4981 1952 5035 ego
2002 4983 2101 5019 mm

522 5050 721 5113 abiero,
752 5050 1061 5105 Paraclelus
1108 5069 1210 5105 non
1238 5057 1406 5107 veniet
1446 5056 1513 5107 ad
1562 5070 1654 5108 vos
1690 5056 1757 5107 ’⁸.
1794 5056 1926 5110 Cum
1960 5063 2103 5111 enim

523 5144 893 5210 r0nstet,quia
925 5141 1242 5198 Paracletus
1279 5144 1521 5213 Spiritus
1554 5163 1618 5199 ex
1651 5145 1810 5201 Patre
1843 5150 2102 5216 prOCedal.

526 5249 740 5302 semper
762 5246 815 5289 et
853 5252 882 5287 a
922 5234 1201 5298 Filio,cur
1237 5252 1294 5291 se
1328 5236 1500 5291 Filius
1562 5255 1904 5293 recessurum
1944 5243 2097 5304 dicit,

527 5335 587 5379 ut
615 5328 702 5379 ille
734 5328 932 5389 veniat,
965 5330 1056 5397 qui
1086 5344 1113 5380 a
1146 5326 1285 5382 Filio
1316 5346 1596 5399 nunquam
1628 5333 1880 5385 recedit?

2203 3394 2297 3447 καὶ
2314 3393 2680 3458 διδασκάλοις,
2711 3396 2996 3468 Γρηγορίῳ
3017 3396 3095 3464 τῷ
3116 3396 3380 3467 Διαλόγῳ,
3409 3399 3772 3468 Αὐγουστίνῳ,

2203 3486 2486 3555 Βασιλείῳ,
2537 3487 2867 3557 Ἱερωνύμῳ,
2914 3487 3221 3559 Ἀμϐροσίῳ
3264 3489 3355 3543 καὶ
3398 3496 3512 3556 τοῖς
3540 3493 3768 3554 λοιποῖς.

2202 3580 2293 3630 καὶ
2320 3578 2418 3640 τάς
2452 3578 2639 3645 φωνὰς
2671 3578 2852 3631 αὐτῶν
2902 3580 3204 3651 στέργομεν
3232 3584 3326 3634 καὶ
3369 3585 3767 3655 ἀποδεχόμεθα·

2203 3668 2412 3721 Ούκοῦν
2466 3670 2529 3720 ού
2579 3670 2807 3723 δύνασαι
2848 3671 3143 3724 ἀντειπεῖν,
3196 3673 3433 3737 Τούτους
3489 3670 3581 3728 οὖν
3613 3677 3773 3748 οὒςή

2203 3762 2430 3832 πέμπτη
2457 3762 2565 3815 τῶν
2590 3764 2987 3832 οἱκουμενικῶν
3023 3764 3242 3826 σύνοδος
3288 3768 3479 3835 ἁγίους
3509 3769 3603 3822 καὶ
3626 3769 3777 3823 διδα-

2203 3854 2434 3916 σκάλους
2462 3853 2747 3924 ἐκήρυξεν,
2779 3856 2807 3907 6
2854 3855 3108 3927 Ἰωάννης
3136 3857 3367 3927 κομίσας
3388 3858 3585 3926 ἔδειξεν
3615 3864 3776 3932 ἐναρ-

2200 3946 2312 4014 γῶς
2354 3946 2414 3999 τὸ
2446 3948 2669 4018 Πνεῦμα
2708 3949 2765 4001 τὸ
2794 3946 2949 4014 ἅγιον
2982 3951 3076 4001 καὶ
3121 3951 3184 4001 ἐκ
3212 3948 3307 4002 τοῦ
3337 3949 3469 4003 Υἱοῦ
3516 3953 3595 4014 είς
3622 3952 3776 4005 ἀναί-

2202 4056 2355 4107 ρεσιν
2386 4039 2493 4093 τῶν
2528 4039 2638 4092 σῶν
2678 4041 2875 4106 λόγων,
2906 4040 3002 4093 καὶ
3051 4040 3110 4091 ού
3162 4040 3269 4092 τῶν
3327 4041 3663 4095 ἀνατολικῶν
3696 4043 3776 4096 δι-

2200 4131 2506 4194 δασκάλων,
2533 4130 2667 4183 διότι
2691 4130 2937 4183 κάκεῖνοι
2996 4129 3065 4182 τὰ
3120 4129 3261 4183 αὐτὰ
3281 4134 3392 4193 τοῖς
3422 4132 3663 4196 δυτικοῖς
3691 4133 3777 4185 λέ-

2203 4244 2412 4293 γουσιν.
2439 4227 2557 4278 ’Ὶνα
2583 4226 2639 4278 δὲ
2676 4225 2709 4295 ἠ
2742 4224 2974 4294 ἀλήθεια
3026 4224 3290 4297 δηλωθείη
3336 4229 3448 4289 τοῖς
3514 4227 3776 4297 βουλομέ-

2204 4337 2314 4383 νοις
2345 4322 2499 4383 ίδεῖν,
2531 4320 2688 4390 εῐπερ
2730 4319 2909 4389 ἀληθῆ
2963 4319 3168 4385 λέγεις,
3199 4319 3359 4389 ἡμεῖς
3413 4320 3508 4373 καὶ
3539 4323 3604 4374 τὰ
3633 4323 3775 4391 ρητὰ

2201 4415 2310 4467 τῶν
2332 4414 2563 4467 δυτικῶν
2585 4414 2920 4467 διδασκάλων
2942 4413 3173 4464 ἐνταῦθα
3202 4414 3462 4482 θήσομεν,
3509 4414 3569 4466 ού
3595 4418 3772 4468 πάντα

2202 4508 2327 4559 οὐδὲ
2358 4508 2599 4567 πάντων,
2626 4506 2740 4559 ἀλλ’
2768 4509 2832 4558 ἐκ
2856 4505 2966 4557 τῶν
2992 4505 3200 4559 πολλῶν
3236 4506 3413 4574 ὀλίγα,
3470 4507 3773 4569 δεικνύντες

2207 4616 2265 4653 σε
2295 4599 2573 4669 πανταχοῦ
2608 4599 2697 4652 διὰ
2720 4599 2924 4651 τούτων
2964 4598 3202 4660 ἀλαζόνα
3252 4600 3349 4650 καὶ
3381 4602 3772 4668 ματαιόφρονα.

2221 4694 2310 4746 Ἐν
2344 4692 2582 4761 πρώτοις
2614 4690 2723 4759 γὰρ
2766 4692 2794 4742 ὁ
2828 4690 2927 4760 τῆς
2987 4691 3369 4759 πρεσϐυτέρας
3428 4690 3650 4761 Ῥώμης
3682 4694 3779 4759 ἀρ·-

2212 4786 2448 4854 χιερεῦς,
2477 4785 2506 4837 6
2539 4782 2732 4851 μέγας,
2792 4782 2955 4850 φημὶ,
2987 4781 3286 4851 Γρηγόριος
3320 4784 3348 4834 6
3393 4784 3673 4848 Διάλογος,
3722 4782 3780 4833 δν

2212 4879 2304 4929 καὶ
2348 4877 2380 4944 ἠ
2415 4875 2712 4945 ἀνατολικὴ
2778 4874 3081 4944 Ἐκκλησία
3130 4873 3452 4925 διδάσκαλον
3489 4875 3585 4928 καί
3622 4874 3778 4939 ᾶγιον

2209 4969 2344 5038 ἔχει,
2380 4967 2524 5019 οὕτω
2552 4968 2717 5034 φησιν
2746 4967 2804 5017 ἐν
2836 4968 2902 5034 τῇ
2931 4966 3193 5034 ἐξηγήσει
3220 4965 3314 5017 τοῦ
3350 4966 3497 5033 ἱεροῦ
3536 4964 3782 5033 Εὑαγγε-

2209 5060 2343 5110 λίου·
2371 5058 2537 5111 Ὅθεν
2572 5059 2666 5111 καὶ
2687 5057 2826 5126 αὐτὴ
2855 5058 2888 5126 ἡ
2934 5056 3208 5126 Ἀλήθεια,
3241 5058 3326 5111 ἶνα
3368 5059 3478 5119 τοῖς
3513 5058 3778 5125 μαθηταῖς

2210 5152 2395 5204 πίστιν
2418 5151 2653 5221 προσθῇ,
2684 5146 2872 5203 εἶπενο
2912 5149 3057 5203 Ἐὰν
3094 5149 3205 5217 γὰρ
3238 5149 3351 5218 ἐγὼ
3385 5147 3469 5217 μὴ
3518 5149 3779 5214 ἀπέλθω,

2208 5249 2241 5296 ό
2268 5245 2659 5313 ΙΙαράκληι-ος
2704 5245 2817 5296 οὐκ
2863 5242 3179 5296 ἐλεύσεται
3220 5244 3371 5311 πρὸς
3399 5243 3573 5313 ὑμᾶς.
3629 5244 3782 5296 Ἐπεὶ

2205 5340 2315 5405 γάρ
2344 5340 2461 5389 ἐστι
2489 5336 2650 5405 δῆλον
2684 5335 2776 5387 τὸν
2807 5335 3165 5405 Παράκλητον
3195 5336 3253 5387 τὺ
3300 5335 3523 5406 Πνεῦμα
3578 5338 3641 5389 ὲκ
3686 5336 3782 5387 τοῦ

533 5417 746 5479 ΙΙατρδς
784 5419 869 5471 ἀεὶ
896 5421 990 5471 καὶ
1017 5421 1110 5471 τοῦ
1136 5420 1266 5472 Υίοῦ
1291 5421 1711 5492 ἐκπορεύεσθαι,
1741 5424 1881 5487 τίνος
1915 5424 2073 5494 χάριν
2099 5428 2294 5482 ἑαυτὸν
2361 5430 2389 5480 6
2472 5414 2594 5489 Υἱὸς
2648 5426 3076 5497 ἀποδημήσοντα
3140 5430 3385 5499 εἴρηκεν,
3451 5427 3521 5481 ἶν’
3570 5430 3783 5490 ἐκεῖνος

527 5511 676 5582 ἔλθῃ,
706 5515 734 5565 ὀ
769 5512 862 5564 τοῦ
898 5513 1025 5566 Υιοῦ
1060 5514 1329 5583 μηδέποτε
1362 5517 1734 5585 ἀφιστάμενος
1762 5537 1775 5581 ;

608 5698 656 5728 ¹⁶
680 5695 838 5752 Jean.
883 5714 989 5765 xu,
1024 5698 1080 5751 7.

605 5872 681 5941 (ι)
708 5873 903 5925 Cullal.
932 5874 979 5927 ί.
