4170 6280
447 365 585 437 1067

1378 366 1694 429 JOSEPHI
1736 364 2289 427 METliONENSIS
2327 365 2675 427 EPlSCOPl

3562 368 3704 435 1688

520 480 588 535 Et
626 477 757 549 quid
798 494 937 550 opus
972 487 1057 533 est
1106 491 1397 536 recensere
1448 479 1630 536 omnia
1679 493 2020 549 quaecunque

2200 480 2308 533 Καὶ
2338 481 2389 533 τί
2424 482 2504 534 δεῖ
2546 482 2723 536 πάντα
2771 481 3117 549 καταλέγειν,
3163 481 3262 536 ὅσα
3301 483 3352 536 οἱ
3380 482 3599 537 Δυτικοὶ
3625 482 3707 537 δι-

444 572 818 627 Oeeidentalis
868 571 1130 627 Ecclesiae
1155 571 1411 628 doctores
1463 572 1656 627 aiunt?
1700 570 1827 627 [hee
1872 572 2021 626 enim

447 664 589 719 satis
612 677 737 720 esse
760 664 1100 718 arbitramur
1131 663 1198 718 ad
1240 663 1704 734 comprobandam
1737 663 2021 719 veritatem

447 767 501 810 et
525 756 959 824 persuadendum
996 755 1203 824 animo,
1243 758 1337 827 qui
1364 773 1474 811 non
1500 758 1575 812 sit
1629 755 1935 825 pervicacia
1964 763 2021 809 et

444 856 731 916 anteeepta
798 848 1059 918 opinione
1120 849 1428 915 demersus,
1484 846 1662 917 qualis
1711 856 1831 902 erat
1865 854 2017 912 tuus,

445 942 773 999 venerabilis
810 940 1082 1011 Ephesio:
1121 957 1397 1009 nunquam
1450 943 1594 994 enim
1656 941 1874 993 voluisti
1930 954 2023 993 ve-

441 1051 564 1089 rum
598 1035 788 1089 animo
816 1034 1304 1103 comprehendere,
1337 1044 1391 1090 et
1413 1036 1566 1105 e'qui
1593 1045 1815 1088 sanctos
1858 1031 2021 1086 hasce

441 1130 729 1193 doctores;
766 1127 862 1183 sed
888 1128 1149 1181 maluisse
1198 1141 1326 1181 cum
1368 1125 1612 1186 Palaina.
1641 1134 1697 1179 ιιι
1738 1126 2018 1188 Cabasila,

441 1230 497 1276 ct
520 1219 742 1289 reliquis
766 1233 911 1283 esse,
947 1219 1041 1287 qui
1069 1218 1307 1273 divcxati
1349 1218 1799 1275 contorsionibus
1848 1220 2022 1274 intes-

441 1314 682 1368 tinorum
717 1311 948 1382 periere.
975 1311 1133 1377 Quod
1156 1326 1281 1364 vero
1318 1309 1444 1366 illos
1488 1309 1795 1365 ostendisse
1817 1309 1898 1364 ais
1924 1324 2023 1379 per

441 1420 574 1461 suos
608 1406 891 1467 doctores,
918 1403 1184 1474 Spiritum
1214 1412 1467 1458 sanctum
1496 1418 1563 1458 ex
1594 1401 1736 1458 Filio
1759 1404 2019 1472 procede-

442 1513 521 1563 re,
553 1496 697 1552 sicut
717 1510 783 1551 es
815 1494 975 1549 Patre
996 1536 1011 1562 ,
1044 1496 1395 1550 vehementer
1426 1509 1562 1550 sane
1615 1494 1879 1558 adniiror,
1921 1508 2020 1549 cur

440 1603 539 1659 pro
564 1590 672 1643 tuis
702 1587 865 1643 etiam
897 1587 1020 1642 illos
1047 1602 1156 1642 non
1213 1587 1440 1651 habeas,
1469 1586 1565 1657 qui
1608 1587 1863 1641 doctores
1901 1587 2022 1641 uni-

440 1680 616 1736 versis
646 1678 983 1737 Christianis
1020 1679 1283 1748 prapositi
1320 1686 1450 1734 sunt
1479 1694 1509 1732 a
1538 1677 1806 1744 conciliis,
1836 1678 1929 1749 qui
1964 1685 2021 1731 et

440 1772 543 1826 sibi
576 1780 630 1827 ct
660 1771 983 1827 doctoribus
1007 1770 1403 1835 Orientalibus,
1440 1770 1743 1838 praesertim
1791 1772 1844 1826 in
1897 1771 2016 1825 fidei

440 1862 811 1931 dogmatibus,
845 1861 1203 1931 congruentia
1237 1862 1561 1930 loquuntur.

1082 1972 1332 2029 EPIIES.

511 2106 567 2143 .n
605 2088 775 2144 altera
805 2102 936 2143 vero
966 2088 1237 2154 sessione,
1272 2101 1395 2157 qua:
1426 2102 1453 2140 a
1478 2102 1565 2142 me
1611 2087 1753 2142 dicta
1799 2088 2019 2142 fuerant

440 2192 813 2252 pervertetttes
845 2181 1030 2250 potius
1052 2196 1217 2251 quam
1253 2188 1562 2235 evertentes
1597 2196 1612 2246 ;
1650 2190 1704 2234 et
1723 2181 2016 2235 doctorum

440 2281 756 2327 nostrorum
779 2272 1081 2342 oppositas,
1102 2271 1289 2342 utillis
1312 2268 1535 2344 quidem
1566 2269 1872 2337 videbatur,
1893 2286 2021 2327 sen-

440 2361 638 2416 tentias
668 2371 1022 2433 exponentes.

1115 2479 1310 2538 RESI‘.

509 2593 568 2650 In
598 2594 701 2651 hac
733 2594 974 2651 secunda
1014 2604 1139 2667 post
1161 2607 1309 2654 tuam
1337 2598 1519 2671 fugam
1545 2601 1793 2658 sessione
1817 2600 2016 2656 iterum

439 2687 609 2741 frater
653 2684 895 2742 Joannes
947 2687 1015 2743 de
1050 2689 1215 2745 rebus
1263 2690 1466 2748 divinis
1517 2692 1860 2762 disputavit;
1919 2694 2019 2749 ite-

439 2793 674 2848 tumque
704 2793 898 2849 magna
934 2794 1065 2835 voce
1092 2781 1349 2838 clamavit
1375 2801 1388 2838 :
1415 2783 1680 2840 Adducite
1711 2784 1818 2840 huc
1847 2785 2023 2855 Ephe-

438 2872 619 2936 sium;
664 2872 790 2925 volo
843 2871 989 2928 enim
1015 2872 1266 2929 refellere
1291 2890 1415 2947 quae
1445 2875 1605 2931 ιίὶιίι.
1645 2877 1708 2933 Et
1746 2892 1941 2933 rursus
1966 2886 2021 2933 te

433 2962 680 3032 synodus
712 2977 809 3032 per
840 2962 1093 3018 nuntium
1126 2965 1194 3018 ad
1234 2980 1293 3020 se
1323 2968 1559 3022 \ocavit.
1587 2966 1694 3035 Qui
1730 2984 1858 3025 vero
1890 2969 2023 3024 mis-

438 3056 483 3109 si
514 3061 695 3120 erant,
724 3066 1033 3125 qurereutes
1061 3064 1133 3122 te,
1160 3056 1525 3114 insanientem
1572 3073 1918 3132 repererunt,
1963 3069 2018 3118 et

438 3145 669 3203 vocibus
696 3145 988 3201 inconditis
1014 3148 1359 3203 stridentem.
1392 3148 1645 3220 Cumque
1674 3162 1727 3207 te
1752 3152 1818 3207 ad
1844 3166 2018 3224 syno-
2043 3189 2089 3249 ε

436 3238 568 3293 rium
600 3239 914 3300 invitarent.
973 3239 1299 3310 respondisti
1331 3256 1346 3295 :
1387 3239 1504 3296 Non
1538 3258 1760 3313 possum
1794 3243 2015 3309 venire;

440 3332 545 3385 huc
582 3329 734 3385 cnim
765 3341 922 3386 nocte
952 3340 1219 3386 venerunt
1262 3332 1571 3389 cardinales
1593 3334 1811 3391 sublato
1840 3333 2019 3391 domi-

439 3422 553 3477 cilii
578 3430 745 3486 tecto,
767 3429 823 3477 et
854 3421 1095 3477 membra
1124 3436 1245 3476 mea
1274 3423 1440 3493 virgis
1471 3423 1647 3493 igneis
1669 3425 2017 3491 ceciderunt;

438 3511 763 3569 occiderunt
786 3527 871 3569 me
900 3510 1235 3576 cardinales,
1258 3522 1312 3569 et
1346 3527 1493 3569 nunc
1522 3514 1589 3568 ad
1618 3514 1887 3584 synodum
1936 3516 2017 3569 in-

437 3608 551 3666 vii.
571 3606 649 3661 tt?
674 3603 790 3659 Non
817 3619 1063 3676 possum.
1088 3604 1169 3657 An
1199 3618 1310 3661 non
1342 3606 1543 3660 videtis
1562 3616 1618 3662 et
1648 3607 1751 3675 ipsi
1783 3607 1970 3679 plagas
1994 3607 2019 3662 ῖ

435 3710 493 3754 et
523 3697 853 3754 ostendehas
884 3696 1127 3752 membra
1168 3707 1257 3751 tua
1285 3698 1513 3753 dicens:
1560 3697 1795 3767 Videtis,
1824 3709 1884 3754 ut
1911 3700 2014 3755 sim

436 3792 597 3861 plane
620 3798 765 3845 totus
788 3805 900 3860 prie
919 3789 1242 3845 verberibus
1267 3790 1507 3845 lividus?
1538 3790 1619 3845 Illi
1646 3803 1828 3847 autent
1857 3792 2017 3847 intel—

438 3884 671 3953 ligentes
711 3894 823 3950 quo
854 3882 1045 3935 morho
1069 3880 1376 3944 laborares,
1410 3882 1623 3938 rediere
1666 3898 1828 3939 sacro
1873 3900 2016 3938 nun-

438 3973 901 4040 tiantcsconctlio,
917 3982 971 4027 te
990 3973 1245 4029 advenire
1260 3990 1364 4029 non
1386 3989 1565 4043 posse,
1580 3976 1725 4045 quod
1747 3992 1851 4031 non
1872 3988 2016 4031 recte

438 4067 671 4121 valeres.
702 4062 969 4130 Quocirca
1002 4062 1171 4119 frater
1216 4062 1460 4121 Joannes
1510 4083 1703 4123 rursus
1736 4087 1751 4123 :
1788 4068 2013 4134 Vellem,

438 4157 639 4221 aiebat,
662 4153 936 4225 Ephesius
955 4153 1196 4220 adesset,
1223 4164 1277 4209 et
1299 4157 1592 4211 uobiscum
1624 4158 1861 4213 sessioni
1886 4157 2015 4213 huic

434 4252 727 4305 interesset
760 4264 777 4302 :
811 4262 1000 4302 verum
1034 4248 1289 4304 devictus
1348 4252 1711 4319 despondisse
1764 4252 2011 4307 animum

437 4342 676 4397 videtur.
704 4340 892 4410 Itaque
920 4340 988 4395 ad
1008 4355 1103 4395 vos
1122 4342 1499 4408 responsionis
1522 4357 1601 4395 vei
1616 4341 1683 4396 ba
1705 4340 1937 4408 faciam;
1960 4351 2015 4398 et

438 4431 751 4487 ail'erensin
814 4430 1053 4486 medium
1105 4430 1250 4483 dit-ta
1305 4429 1665 4485 Orientalium
1703 4433 2011 4497 doctorum,

2130 572 2390 628 δάσκαλοι
2443 573 2541 643 τῆς
2578 572 2904 642 Ἐκκλησίσς
2930 574 3095 643 φασίν
3116 592 3133 639 ;
3170 576 3390 646 ’Λρκεῖν
3425 574 3708 645 ἡγούμεθα

2133 664 2223 716 καὶ
2252 664 2426 719 ταῦτα
2451 666 2533 729 είς
2563 666 2910 734 παράστασιν
2948 666 3048 737 τῆς
3099 666 3384 733 ἀληθείας,
3421 666 3516 718 καὶ
3547 666 3706 718 ιλιανά

2131 757 2319 811 πεῖσαι
2353 755 2534 826 ψυχὴν
2568 760 2645 827 μή
2680 756 3132 829 βεϐαπτισμένην
3180 761 3247 829 τῇ
3282 757 3591 825 ἀπογνώσει
3646 774 3705 811 τε

2131 851 2223 900 καὶ
2255 849 2545 920 προλήψει,
2571 848 2764 920 ῶσπερ
2791 851 2825 920 ή
2863 850 2953 923 σή,
2996 851 3245 919 αἰδέσιμε
3301 850 3554 918 Ἐφέσου,
3586 848 3707 902 ἔδε-

2131 937 2400 990 δάπτιστο
2418 955 2431 968 ·
2457 939 2518 992 οὐ
2551 938 2659 1009 γάρ
2678 938 2955 1008 ἠθέλησας
2984 957 3115 993 ποτε
3138 941 3385 994 συνιέναι
3415 939 3477 994 τδ
3504 938 3709 1009 ἀληθές

2130 1030 2513 1099 καὶὲειωθῆναι
2560 1033 2674 1094 τοῖς
2722 1030 3066 1094 διδασκάλοις
3099 1032 3312 1095 τούτοις
3357 1034 3452 1087 καὶ
3506 1030 3707 1097 ἀγίοιτ.

2132 1119 2249 1171 ἀλλ’
2274 1120 2499 1187 ἐξελέξω
2554 1122 2695 1191 μετά
2738 1123 2834 1175 τοῦ
2883 1123 3121 1193 "alapa
3152 1123 3245 1177 καὶ
3283 1122 3577 1178 Καδασιλά
3610 1122 3708 1175 καὶ

2129 1211 2238 1263 τῶν
2272 1213 2478 1267 λοιπῶν
2508 1210 2670 1281 εἶναι,
2707 1214 2758 1269 οἳ
2807 1215 2902 1269 τδν
2947 1216 3065 1286 βίον
3112 1215 3490 1285 κατέστρεψαν
3518 1214 3703 1284 εἰλεῷ.

2138 1304 2205 1360 Ὀ
2231 1305 2285 1358 δὲ
2320 1306 2446 1374 φῂς.
2490 1306 2575 1360 ὅτι
2629 1307 2947 1364 ἐδείκνυσαν
2979 1308 3134 1378 παρὰ
3166 1308 3275 1362 τῶν
3306 1310 3528 1363 οἰκείων
3561 1308 3705 1363 διδα-

2130 1396 2348 1451 σκάλων
2378 1401 2820 1469 ἐκπορευόμενον
2871 1400 2933 1454 τὸ
2976 1400 3205 1470 Πνεῦμα
3239 1401 3299 1455 τὸ
3331 1402 3487 1470 ἆγιον
3515 1402 3579 1457 έκ
3610 1399 3704 1454 τοῦ

2130 1486 2257 1539 Υὶοῦ
2294 1486 2546 1558 καθάπερ
2574 1490 2633 1540 ἐκ
2663 1486 2756 1542 τοῦ
2793 1489 3029 1558 Πατρδς,
3054 1487 3323 1558 θαυμάζω
3347 1488 3505 1555 πολὺ,
3529 1488 3581 1541 si
3610 1487 3707 1541 καὶ

2130 1577 2254 1641 σοὺς
2284 1580 2344 1631 ού
2380 1580 2640 1650 νομίζεις,
2668 1580 2764 1644 οὓς
2794 1581 2852 1634 αῖ
2898 1580 3112 1636 σύνοδοι
3141 1583 3277 1636 πᾶσι
3304 1582 3413 1644 τοῖς
3443 1581 3708 1649 Χριστια-

2129 1672 2235 1731 ν·.ῖ;
2265 1671 2621 1732 διδασκάλους
2673 1673 3003 1743 παρέθεσαν,
3038 1674 3089 1727 οἳ
3134 1672 3523 1744 συμφωνοῦσιν
3572 1673 3705 1727 tau-

2126 1766 2239 1825 τοῖς
2279 1765 2374 1818 καὶ
2402 1766 2517 1828 τοῖς
2551 1762 2921 1829 ’Δνατολικοῖς
2945 1766 3311 1835 διδασκάλοις,
3338 1768 3435 1823 καὶ
3461 1766 3704 1839 μάλιστα

2049 1847 2096 1909 Β
2124 1854 2184 1906 ὲν
2210 1856 2323 1918 τοῖς
2362 1856 2491 1925 περὶ
2514 1854 2615 1924 τῆς
2650 1856 2889 1918 πίστεως
2918 1856 3207 1929 δόγμασιν.

2819 1969 3009 2025 ΕΟΕΣ.

2208 2087 2297 2139 Ἑν
2343 2088 2398 2141 δὲ
2455 2090 2520 2155 τῇ
2576 2069 2811 2157 δευτέρᾳ
2848 2084 3162 2143 συνελεύσει
3190 2085 3263 2139 τὰ
3296 2083 3588 2155 παρ’έμοῦ
3625 2083 3703 2137 εῖ-

2126 2177 2339 2247 ρημένα
2369 2178 2799 2248 διαστρέφοντες
2827 2177 3033 2247 μᾶλλον
3068 2178 3102 2246 ἢ
3132 2177 3573 2248 ἀνατρέψαντες,
3606 2177 3703 2229 καὶ

2123 2269 2352 2337 χρήσεις
2404 2268 2678 2333 ἐναντίας,
2721 2269 2798 2331 ὡς
2858 2268 3090 2332 ἐκείνοις
3147 2269 3344 2337 έδόκει,
3403 2268 3512 2323 τῶν
3562 2266 3698 2338 παρ’

2121 2360 2256 2428 ἡμῖν
2286 2358 2626 2415 διδασκάλων
2654 2360 3052 2424 έκτεθεικότες.

2809 2460 3021 2534 suun.

2210 2592 2301 2645 ‘Ev
2338 2592 2513 2664 ταύτῃ
2556 2592 2611 2646 δὲ
2652 2594 2719 2665 τῇ
2768 2592 3002 2665 δευτέρᾳ
3042 2591 3359 2650 συνελεύσει
3414 2592 3555 2663 μεεά
3601 2594 3703 2665 τὴν

2126 2681 2225 2751 σήν
2256 2682 2438 2753 φυγήν
2484 2684 2650 2738 πάλιν
2683 2686 2712 2738 ὀ
2744 2684 2859 2755 φρά
2895 2684 3156 2757 Ἰωάννης
3204 2683 3553 2756 ιθεολόγησε,
3607 2685 3702 2737 καὶ

2124 2774 2291 2828 πάλιν
2319 2777 2472 2846 φωνῇ
2500 2776 2713 2847 μεγάλῃ
2744 2776 2971 2846 ἐϐόησεν
2998 2792 3014 2809 ο
3051 2775 3319 2845 Ἀγάγετε
3342 2777 3435 2832 τὸν
3470 2776 3697 2847 Ἑφέσου

2122 2861 2223 2921 ὧδε
2250 2883 2264 2897 ⁰
2302 2867 2567 2937 βούλομαι
2602 2869 2710 2940 γάρ
2758 2867 3065 2940 ἀνατρέψαι
3096 2868 3163 2922 τά
3207 2868 3360 2941 αὺτῷ
3410 2868 3698 2940 εἰρημένα.

2124 2962 2233 3015 Καὶ
2266 2963 2430 3016 πάλιν
2451 2962 2833 3032 ἀπέστειλενή
2872 2960 3111 3029 σύνοδος,
3148 2961 3392 3032 ζητοῦσα
3419 2979 3479 3015 σε
3514 2962 3702 3016 συνελ-

2124 3052 2258 3109 θεῖν.
2298 3056 2362 3109 Oi
2391 3054 2448 3108 δὲ
2478 3054 2881 3124 ἀπεσταλμένοι
2928 3053 3223 3126 ζητοῦντές
3263 3072 3345 3121 σε,
3379 3050 3539 3126 εὖρον
3571 3072 3704 3123 μαι-

2124 3149 2373 3217 νόμενον,
2398 3148 2492 3200 καὶ
2526 3146 2736 3217 βοῶντα
2786 3146 2976 3214 φωνὰς
3020 3147 3291 3215 ἀσήμους.
3329 3148 3449 3201 Καὶ
3475 3146 3703 3201 καλούν-

2120 3242 2230 3291 των
2267 3256 2324 3292 σε
2358 3236 2637 3291 συνελθεῖν
2664 3240 2730 3307 τῇ
2765 3238 2995 3308 συνόδῳ,
3024 3239 3090 3291 σὺ
3129 3239 3369 3310 ἀντέφης
3398 3254 3412 3268 ⁸
3444 3239 3518 3293 Οῦ
3542 3238 3705 3293 δύνα-

2124 3348 2224 3401 μαι
2255 3330 2431 3384 ἐλθεῖν
2451 3347 2466 3362 ο
2508 3332 2575 3401 τῇ
2620 3330 2732 3402 γὰρ
2762 3334 2921 3385 νυκτὶ
2949 3330 3127 3403 ταύτῃ
3157 3331 3407 3395 ἐλθόντες
3431 3332 3482 3385 oi
3512 3332 3703 3401 καρδισ

2118 3420 2302 3484 νάλεις
2331 3420 2720 3490 ἀπεστέγασαν
2763 3422 2855 3475 τὸν
2884 3422 3082 3492 ὄροφον
3117 3420 3211 3475 τοῦ
3230 3422 3568 3491 οἰκήματος,
3602 3421 3701 3474 καὶ

2122 3515 2262 3584 μετὰ
2316 3516 2530 3585 ῥάϐδων
2580 3518 2831 3585 πυρίνων
2881 3515 3097 3585 ἔδειράν
3156 3531 3260 3583 μου
3309 3513 3410 3578 τάς
3466 3515 3701 3584 σάρκας.

2132 3606 2492 3663 Ἀπέκτεινάν
2518 3624 2586 3679 με
2633 3608 2683 3660 οἱ
2714 3606 3088 3679 καρδινάλεις,
3118 3609 3218 3660 καὶ
3252 3605 3347 3662 νῦν
3376 3607 3607 3662 καλοῦσί
3630 3624 3701 3677 με

2121 3701 2401 3756 συνελθεῖν
2432 3702 2556 3772 μετ’
2588 3701 2813 3769 abstini;
2866 3702 2943 3756 ού
2990 3700 3254 3769 δύναμαι.
3299 3695 3377 3753 Ἦ
3411 3700 3510 3771 οὐχ
3537 3699 3702 3770 δρᾶτε

2120 3793 2219 3846 καὶ
2249 3793 2412 3863 ὕμεῖς
2443 3794 2543 3858 τὰς
2600 3794 2817 3864 πληγάς
2844 3812 2857 3861 ;
2908 3793 3019 3849 Kal.
3054 3792 3332 3858 ἐδείκνυες
3361 3793 3460 3857 τάς
3491 3795 3703 3864 σάρκας

2120 3902 2213 3938 σου
2251 3886 2430 3953 λέγων
2455 3901 2468 3918 ο
2496 3885 2757 3951 Βλέπετε,
2784 3886 2904 3948 πῶς
2937 3888 3056 3955 είμι
3083 3885 3208 3950 ὅλος
3239 3884 3700 3956 μεμελανωμένυς

2117 3976 2227 4031 τῶν
2258 3978 2581 4047 ραϐδισμῶν
2610 3977 2799 4031 ἕνεκεν
2825 3995 2841 4041 ;
2885 3978 3118 4032 Ἐκεῖνοι
3142 3978 3199 4033 δέ
3222 3978 3578 4049 έννοήσαντες
3600 3978 3700 4046 τήν

2116 4069 2430 4137 ἀσθένειαν,
2471 4068 2720 4142 ἀπῆλθον
2767 4068 3059 4139 δηλοῦντες
3092 4072 3161 4141 τῇ
3199 4070 3325 4141 ἱερᾷ
3358 4069 3590 4142 συνόδῳ,
3621 4068 3699 4135 ὡς

2117 4162 2181 4216 ού
2213 4161 2459 4231 ,δύναται
2508 4161 2832 4226 συνελθεῖν,
2868 4161 3090 4217 ἀσθενεῖ
3137 4161 3271 4234 γάρ.
3320 4161 3489 4216 Ὅθεν
3514 4163 3543 4216 δ
3587 4162 3701 4233 cpi

2129 4254 2385 4322 Ἰωάννης
2424 4253 2593 4307 πάλιν
2632 4250 2825 4307 εἶπεν·
2868 4254 3202 4325 Ἐὁουλέμην
3232 4250 3375 4309 εἶναι
3408 4254 3502 4309 τὸν
3545 4256 3701 4324 Ἐφέ-

2119 4362 2213 4397 σου
2244 4338 2370 4407 ὧδε,
2421 4346 2512 4398 καὶ
2547 4349 2927 4417 συμπαρεῖναι
2958 4349 3096 4419 ήμῖν
3123 4349 3182 4400 εν
3210 4346 3385 4421 ταύτῃ
3412 4350 3480 4419 τῇ
3534 4364 3696 4404 συνε-

2119 4434 2301 4489 λεύσει
2328 4453 2343 4468 ·
2369 4435 2487 4489 ἀλλ’
2514 4437 2590 4500 ὡς
2619 4438 2821 4503 ἔοικεν,
2866 4438 3125 4508 ἡττηθεὶς
3161 4438 3408 4507 ἀπέγνω.
3438 4440 3533 4494 Διδ
3561 4441 3696 4511 φέρε

437 4541 561 4597 qua
588 4539 621 4579 a
645 4524 806 4580 nobis
828 4524 993 4579 etiam
1011 4537 1179 4593 supra
1202 4523 1443 4593 exposita
1465 4534 1615 4589 sunt,
1648 4538 1748 4579 nec
1772 4538 1877 4577 non
1908 4524 2011 4577 alia

2125 4527 2255 4596 πρὸς
2289 4528 2434 4598 ὑμᾶς
2474 4530 2793 4600 ποιήσωμαι
2820 4531 2925 4601 τὴν
2955 4530 3273 4600 ἀπόκρισιν.
3309 4531 3420 4584 Καὶ
3445 4547 3695 4601 προαγα-

438 4617 673 4691 plurima
711 4633 727 4683 ;
760 4632 862 4673 nos
883 4616 1029 4671 enim
1056 4617 1383 4687 protulimus
1420 4631 1591 4686 pauca
1617 4632 1633 4670 :
1659 4617 1874 4689 egregie
1903 4616 2019 4671 sole

2125 4618 2236 4688 γὼν
2280 4621 2350 4673 τά
2406 4618 2517 4674 τῶν
2550 4619 2917 4677 ’Δνατολικῶν
2967 4622 3310 4677 διδασκάλων
3349 4623 3515 4697 ῥητὰ.
3553 4624 3699 4694 amp

439 4715 557 4781 ipso
588 4710 790 4765 clarius
811 4708 1229 4775 demonstravit,
1254 4708 1521 4775 Spiritum
1544 4717 1792 4764 sanctum
1816 4725 1844 4762 a
1876 4709 2017 4764 Filio

2125 4708 2217 4762 καὶ
2244 4711 2409 4779 ἡμεῖς
2457 4712 2729 4783 πρότερον
2774 4711 3098 4783 ὲξεθέμεθα,
3127 4716 3221 4770 καὶ
3261 4713 3400 4769 ἀλλα
3444 4714 3695 4781 πλεῖστα,

436 4818 656 4875 quoque
680 4802 979 4871 procedere
1009 4818 1026 4868 ;
1056 4807 1107 4854 et
1130 4815 1253 4871 quze
1286 4800 1440 4870 prius
1468 4815 1498 4854 a
1525 4807 1578 4855 te
1604 4799 1748 4855 dicta
1774 4798 2015 4868 fuerant,

2125 4800 2283 4870 ήμεῖς
2335 4802 2444 4869 γὰρ
2492 4801 2651 4869 ὀλίγα
2697 4803 3126 4874 προετείναμεν,
3154 4806 3421 4874 γενναίως
3447 4806 3702 4871 ἀπέδειξε

438 4908 662 4948 strenue
692 4892 990 4947 demolitus
1026 4900 1131 4954 est,
1168 4903 1334 4960 atque
1397 4890 1549 4943 humi
1607 4891 1904 4959 prostravit
1956 4900 2017 4945 ut

2125 4891 2216 4944 καὶ
2250 4891 2635 4962 λαμπρότερον
2670 4893 2765 4945 τοῦ
2801 4895 2973 4963 ἡλίου,
3007 4897 3091 4949 ὅτι
3123 4898 3218 4950 καὶ
3241 4898 3307 4953 ἐκ
3354 4897 3449 4951 τοῦ
3482 4897 3614 4952 Υῖοῦ
3640 4898 3705 4952 τδ

439 4987 573 5039 falsa
596 4994 654 5037 et
678 4996 953 5053 perversa,
987 4982 1311 5051 penitusque
1343 4994 1375 5033 a
1409 4980 1683 5049 theologia
1735 4991 1790 5034 ct
1832 4991 2016 5035 mente

2128 4981 2351 5053 Πνεῦμα
2389 4983 2448 5034 τὸ
2481 4983 2639 5051 ἅγιον
2658 4985 3040 5053 ἐκπορεύεται·
3066 4987 3333 5058 ἀνέτρεφέ
3349 5004 3409 5041 τε
3438 4989 3705 5059 ἀνδρείως

436 5084 750 5131 sanctorum
779 5073 1153 5128 abhorrentia.
1211 5069 1477 5139 Exposuit
1533 5085 1662 5127 vero
1725 5071 2011 5127 doctorum

2126 5076 2195 5126 si
2222 5074 2375 5143 παρὰ
2410 5075 2501 5127 σοῦ
2538 5078 2809 5145 πρότερον
2840 5077 3132 5146 εῖρημένα,
3174 5078 3269 5131 καὶ
3298 5079 3380 5141 είς
3409 5079 3514 5150 γῆν
3543 5080 3705 5134 κατέ·

439 5175 753 5221 nostrorum
785 5162 1103 5227 sententias,
1136 5164 1204 5216 iis
1236 5177 1356 5231 quae
1382 5178 1413 5216 a
1445 5171 1498 5217 te
1526 5162 1853 5217 dicebantur
1882 5178 2013 5218 cou—

2125 5164 2355 5234 στρεψεν
2386 5164 2463 5227 ὡς
2497 5165 2667 5235 ψευδῆ
2692 5168 2786 5219 καὶ
2823 5168 3267 5239 διεστραμμένα,
3297 5169 3395 5225 καὶ
3421 5172 3702 5236 παντελῶς

441 5256 661 5321 trarias,
703 5255 914 5309 veritati
945 5263 1127 5308 autem
1179 5256 1407 5308 omnino
1463 5270 1773 5319 consonas;
1808 5271 1916 5309 non
1948 5271 2012 5311 eo

2125 5256 2376 5327 ἀλλότρια
2409 5260 2507 5328 τῆς
2536 5259 2647 5313 τῶν
2677 5259 2852 5327 ἁγίων
2876 5261 3161 5329 θεολογίας
3184 5262 3280 5317 καὶ
3304 5264 3569 5329 διανοίας.
3590 5266 3703 5322 Καὶ

439 5363 627 5411 sensu,
659 5363 769 5415 quo
794 5355 850 5400 tu
880 5360 1133 5416 perverse
1153 5345 1505 5416 intelligendo
1525 5348 1838 5417 exponehas
1862 5387 1878 5410 .
1912 5349 2009 5403 sed

2125 5350 2399 5402 ἱκτέοεικε
2455 5352 2555 5412 τὰς
2590 5354 2819 5423 χρήσεις
2851 5351 2962 5404 τῶν
3010 5353 3303 5423 ἡμετέρων
3337 5353 3699 5421 διδασκάλων,

438 5455 552 5509 quo
580 5437 699 5493 illas
724 5438 760 5492 ii
792 5439 1153 5507 scripserunt,
1186 5446 1244 5491 et
1274 5445 1423 5493 recta
1457 5449 1638 5493 mente
1687 5440 2011 5509 pronuntia-

2125 5446 2225 5506 τοῖς
2264 5446 2348 5496 σοὶ
2380 5446 2480 5512 μὲν
2519 5447 2767 5516 ῥηθεῖσιν
2819 5448 3103 5511 ἐναντίας,
3142 5452 3209 5521 τῇ
3252 5449 3310 5503 δὲ
3344 5450 3581 5521 ἀληθείᾳ
3621 5449 3703 5519 τῷ

439 5541 599 5596 runt;
636 5539 687 5585 te
713 5528 1026 5599 relinquens
1053 5528 1149 5583 ubi
1169 5528 1493 5595 constravit,
1519 5529 1821 5587 deridendo
1851 5529 2006 5599 lapsu

2125 5535 2229 5588 b'm
2264 5538 2599 5607 συνᾳδούσας
2623 5555 2637 5570 ο
2663 5540 2725 5591 οὐ
2760 5541 2868 5610 μὴν
2915 5540 2961 5595 δ’
3006 5542 3082 5603 ὡς
3134 5543 3199 5595 σὺ
3240 5542 3701 5612 διεστραμμένους

435 5628 725 5697 iacentem,
758 5623 900 5677 unde
937 5631 988 5676 te
1014 5624 1225 5694 erigere
1246 5622 1464 5691 penitus
1494 5638 1601 5676 non
1630 5622 1872 5677 valuisti.

2125 5628 2319 5698 ἐξηγοῦ
2352 5631 2447 5684 καὶ
2472 5633 2806 5701 ἐλάμϐανες,
2833 5633 2953 5686 ἀλλ’
2999 5634 3077 5698 ὼς
3109 5636 3311 5688 έκεῖνοι
3342 5633 3703 5707 συνέγραψαν

439 5719 535 5771 καὶ
565 5714 639 5775 ὡς
665 5715 698 5782 ή
732 5714 957 5767 ἐκείνων
984 5708 1128 5782 εἶχεν
1158 5711 1294 5785 ὀρθή
1316 5714 1526 5767 διάνοια
1554 5731 1566 5744 ·
1596 5714 1653 5767 σὲ
1691 5714 2007 5770 καταλιπὼν
2048 5718 2176 5774 ἔνθα
2214 5726 2303 5774 καὶ
2354 5724 2716 5792 zamia-ptas,
2787 5725 2991 5795 πτῶμα
3067 5725 3311 5794 γέλωτος
3358 5725 3532 5793 ἀξιον,
3576 5725 3700 5782 ὅθεν

442 5808 720 5876 ἀνακύψαι
752 5807 883 5871 ὅλως
916 5808 1015 5861 οῦκ
1044 5806 1330 5877 nemo“.
