4170 6280
490 237 625 304 1087

1492 246 1806 307 JOSEPHI
1850 244 2344 309 METHONENSI
2360 250 2400 308 S
2444 247 2785 312 EPISCOPI

3595 258 3732 325 1088

485 359 803 421 corruptus,
834 352 997 408 simul
1034 368 1162 408 vero
1214 354 1611 413 discessionem
1664 360 1791 416 inde
1846 361 2054 427 sitiret;

2165 363 2263 431 τὴν
2310 364 2522 417 ἐκεῖθεν
2583 365 2924 436 ἀπαλλαγὴν,
2982 371 3031 422 εἰ
3087 371 3178 424 καὶ
3239 368 3299 424 τὸ
3361 372 3537 443 χρεὼν
3572 374 3735 428 αὐτὸν

482 443 736 512 quamvis
765 458 889 497 eum
941 446 1007 499 ad
1046 455 1271 501 mortem
1312 449 1556 503 debitum
1610 448 1773 506 fatale
1816 450 2056 520 compel-

485 535 644 592 Ieret.

1170 629 1369 688 BESP.

556 740 727 799 Sacer
757 746 1065 814 patriarcha
1100 747 1311 815 primus
1344 748 1484 803 dixit
1510 749 1864 815 sententiam,
1900 765 2056 805 sanc-

488 844 572 895 tos
604 839 901 893 orientales
923 855 1229 912 congruere
1261 856 1386 897 eum
1414 842 1882 909 occidentalilnts;
1914 844 2058 899 hunc

488 928 682 985 deinde
712 935 885 986 secuti
918 940 1046 987 sunt
1092 933 1286 1004 reliqui
1320 937 1759 1004 praestantissimi
1790 937 1894 991 viri
1922 956 1936 992 :
1961 939 2053 1005 qui

487 1021 531 1073 si
564 1032 710 1078 esset
739 1024 792 1077 in
825 1025 961 1088 vita.
998 1037 1052 1079 tu
1081 1041 1181 1081 nec
1232 1026 1447 1082 diceres
1496 1043 1599 1083 nec
1643 1043 1831 1097 ageres
1891 1030 2056 1094 talia;

490 1112 587 1167 sed
621 1129 722 1169 nec
755 1116 987 1171 auderes
1014 1118 1189 1187 ipsum
1243 1134 1438 1173 vocare
1467 1120 1793 1190 jampridem
1832 1137 2057 1192 corrup-

493 1216 630 1272 tum,
667 1207 712 1263 si
750 1208 831 1261 vel
891 1211 1062 1278 ipsam
1114 1212 1312 1267 nudam
1367 1213 1487 1280 ejus
1534 1214 1782 1268 umbram
1835 1216 2056 1284 conspi-

487 1311 663 1353 ceres.
720 1299 769 1354 ls
804 1301 949 1355 enim
1002 1318 1111 1357 non
1164 1316 1331 1369 metu,
1361 1306 1441 1360 vel
1478 1306 1660 1360 studio
1716 1306 1921 1375 gloriae,
1960 1323 2059 1362 nec

493 1388 799 1445 discessum
836 1393 961 1448 inde
1019 1395 1211 1451 sitiens
1266 1412 1477 1453 sacram
1527 1398 1748 1466 optabat
1804 1398 2060 1455 Ecclesia:

496 1485 796 1547 unitatem;
831 1486 923 1540 sed
956 1487 1085 1556 quia
1116 1503 1175 1542 re
1208 1488 1326 1559 ipsa
1384 1503 1662 1560 peractum
1701 1490 1858 1554 vidit,
1911 1492 2057 1561 quod

494 1576 647 1629 multi
682 1586 809 1632 ante
863 1579 1013 1634 illum
1046 1581 1370 1651 patriarcha:
1416 1583 1604 1637 videre
1637 1584 1947 1654 cupierunt,
2006 1593 2061 1638 et

490 1684 598 1773 non
624 1671 907 1773 .vidultlttl.
934 1670 1083 1728 Vidit
1108 1674 1250 1729 enim
1274 1690 1460 1743 pacem
1492 1676 1776 1741 Eeclesim,
1814 1677 2057 1731 membra
2089 1713 2135 1773 Β

489 1762 750 1818 dominici
785 1766 1032 1836 corporis
1058 1766 1384 1836 conjuncta;
1421 1768 1712 1825 exsultavit
1763 1771 1978 1838 spiritu,
2009 1778 2062 1824 et

487 1871 612 1908 eum
668 1855 957 1913 devotione
1020 1860 1369 1930 subscripsit,
1432 1861 1720 1916 confessus
1789 1859 2051 1930 Spiritum

488 1959 738 2002 sanctum
776 1953 937 2005 etiam
974 1966 1040 2005 ex
1086 1952 1247 2019 Filio,
1282 1956 1665 2023 purgationem
1724 1952 2053 2018 animarum,

493 2039 798 2095 lloinannm
837 2043 1148 2111 pontificem
1184 2046 1429 2098 omnium
1473 2045 1816 2100 sacerdotum
1845 2055 2010 2114 eaput
2039 2060 2055 2098 :

492 2140 656 2200 atque
716 2131 787 2186 ita
840 2132 1034 2202 positis
1087 2133 1318 2203 genibus
1374 2136 1571 2198 oravit,
1610 2135 1949 2205 sublatisque
1998 2137 2051 2189 in

490 2223 688 2276 caelum
744 2223 997 2281 manibus
1030 2222 1143 2279 Deo
1172 2226 1373 2296 gratias
1402 2228 1507 2296 egit
1536 2245 1549 2292 ;
1578 2228 1766 2296 sicque
1807 2236 2054 2283 sanctam

489 2329 644 2369 suam
698 2315 936 2371 animam
990 2316 1241 2372 reddidit.
1283 2316 1361 2371 Tu
1397 2334 1548 2383 vero,
1584 2320 1677 2388 qni
1714 2320 2057 2389 impudenter

491 2406 641 2461 illum
678 2415 729 2461 et
758 2408 851 2478 qui
888 2424 1012 2463 eum
1046 2408 1141 2463 illo
1173 2408 1344 2476 fuere,
1381 2411 1759 2475 calumniaris,
1792 2426 1898 2465 non
1957 2412 2053 2475 ita,

493 2500 586 2553 sed
618 2515 723 2553 una
747 2515 869 2555 cum
907 2500 1259 2557 anistercore
1294 2503 1530 2556 animam
1554 2500 1745 2557 efliasti
1776 2519 1789 2556 :
1828 2511 2057 2557 testatur

494 2593 598 2648 hoe
620 2594 870 2649 universa
898 2593 1419 2665 Constantinopolis.
1448 2594 1526 2650 Ita
1556 2593 1649 2651 Dei
1677 2595 2053 2665 novitjnstitia

492 2686 799 2755 expendere
826 2703 1274 2759 unumquemque
1299 2704 1367 2744 ex
1396 2690 1498 2744 fide
1522 2703 1687 2758 quam
1723 2689 1887 2744 habet
1913 2688 2055 2746 sicut

491 2780 621 2835 olim
659 2781 881 2849 Arium;
917 2784 1009 2851 qui
1053 2797 1248 2837 nomen
1284 2798 1315 2837 a
1350 2783 1535 2837 furore
1568 2781 1768 2848 traxit;
1813 2797 1937 2836 nam
1968 2783 2055 2838 ille

492 2876 701 2930 viscera
732 2876 1011 2939 deorsum,
1045 2887 1100 2931 tu
1134 2886 1347 2931 stercus
1378 2890 1472 2945 per
1513 2891 1577 2931 os
1608 2876 1878 2948 egessisti.

1160 2989 1403 3046 EPHES.

569 3080 680 3150 Ego
727 3096 856 3137 vero
907 3097 1027 3138 cum
1082 3082 1341 3154 scriptam
1399 3084 1652 3139 haberem
1709 3086 2131 3161 sententiam,c

495 3172 729 3241 fideique
776 3172 981 3243 pariter
1035 3189 1166 3229 mea;
1216 3174 1616 3230 confessionem
1652 3191 1666 3228 :
1710 3189 1947 3244 namque
1986 3176 2059 3229 ita

494 3265 648 3332 prius
679 3264 1037 3320 constitutum
1070 3275 1210 3331 erat,
1248 3275 1309 3321 ut
1332 3281 1484 3321 suam
1520 3267 1899 3337 unusquisque
1935 3282 2062 3322 sen-

496 3357 717 3412 tentiam
741 3358 1002 3428 scriptam
1035 3357 1277 3413 traderet
1306 3378 1321 3412 :
1352 3369 1413 3413 ut
1441 3360 1547 3413 vidi
1574 3359 1698 3414 illos
1725 3374 1919 3428 magna
1948 3360 2061 3427 jam

496 3450 858 3518 propensione
878 3450 1045 3504 animi
1080 3451 1206 3507 ferri
1232 3451 1297 3504 ad
1318 3452 1721 3505 conciliandam
1745 3466 1933 3521 pacem
1960 3469 1976 3517 ;
2012 3461 2067 3507 et

494 3558 590 3595 eos
611 3543 701 3610 qni
745 3557 959 3596 meeum
992 3553 1149 3597 antea
1186 3544 1425 3608 stahant,
1457 3546 1617 3599 modo
1645 3558 1769 3597 eum
1804 3542 1909 3597 illis
1936 3558 2061 3598 cor-

496 3638 706 3699 ruisse;
747 3638 948 3689 nullam
993 3652 1120 3690 vero
1148 3652 1376 3704 prorsus
1402 3639 1518 3691 fieri
1555 3636 1882 3704 scriptorum
1913 3650 2066 3688 men-

498 3725 741 3790 tionem;
791 3742 964 3782 meam
1026 3736 1080 3781 et
1115 3728 1231 3796 ipse
1280 3727 1609 3794 scripturam
1670 3726 1858 3790 tenui;
1900 3740 1968 3778 ne
2017 3724 2063 3777 si

502 3819 625 3873 illos
651 3820 977 3886 irritassem,
1012 3832 1217 3876 certum
1256 3820 1307 3874 in
1341 3820 1641 3890 periculum
1676 3836 1764 3874 me
1800 3818 2058 3875 commit-

497 3916 690 3964 torem.

1171 4022 1365 4079 RESP.

570 4137 940 4193 Constitutnm
980 4152 1112 4192 sane
1175 4138 1328 4207 prius
1373 4144 1513 4203 erat,
1572 4145 1631 4191 ut
1684 4151 1836 4192 suam
1895 4150 2069 4191 unus-

503 4230 733 4298 quisque
757 4228 1159 4283 confessionem
1196 4238 1438 4283 traneret
1468 4229 1753 4298 scriptam,
1775 4237 2064 4297 antequam

504 4322 616 4373 visa
654 4332 838 4374 essent
863 4320 1007 4374 dicta
1027 4330 1341 4374 sanctorum
1373 4335 1387 4372 ε
1437 4334 1617 4374 verum
1649 4321 1716 4373 iis
1736 4320 1966 4389 cognitis
1999 4319 2064 4372 ad

2165 455 2465 524 συνήλαυνε
2496 456 2629 525 πρὸς
2661 457 2753 510 τὸν
2784 458 3034 514 Θάνατον.

2852 636 3063 695 ΑΠΟΛ.

2245 747 2304 801 '0
2340 748 2485 817 ίερδς
2532 750 2879 821 πατριάρχης
2926 751 3231 821 ἐψηφίσατο
3279 753 3517 824 πρῶτος,
3550 756 3632 809 ὃτι
3682 758 3735 809 οι

2166 840 2480 893 ἀνατολικοὶ
2506 842 2652 910 ἆγιοι
2676 848 2784 905 τοῖς
2808 845 3046 908 δυτικοῖς
3068 846 3443 917 συμφωνοῦσι,
3470 851 3565 903 καὶ
3591 848 3735 919 μετὰ

2158 931 2351 985 τοῦτον
2375 936 2423 986 oi
2447 934 2623 988 λοιποὶ
2649 938 2946 1008 συνῄνεσαν
2968 940 3101 993 Θεῖοι
3119 939 3333 1010 ἄνδρες
3352 940 3410 1001 ὃς
3429 941 3587 1011 εἴπερ
3610 941 3729 1011 ἔζη.

2158 1022 2259 1075 οὒκ
2290 1026 2356 1076 ἂν
2384 1028 2449 1078 σὺ
2480 1026 2689 1079 τοιαῦτ’
2717 1026 2923 1095 ἔλεγες,
2955 1029 3078 1081 οὔτε
3118 1031 3224 1099 μὴν
3252 1028 3521 1096 ἔπραττες
3547 1046 3561 1061 °
3594 1030 3731 1084 ἀλλὰ

2158 1116 2275 1169 οὖδέ
2294 1118 2561 1187 τολμῆσαι
2582 1116 2727 1189 εἶχες
2748 1121 2919 1174 είπεῖν
2938 1120 3442 1192 προδιεφθαρμένον
3462 1120 3646 1181 αὑτὸν.
3667 1124 3732 1176 ἂν

2159 1212 2259 1280 τὴν
2279 1212 2439 1264 σκιὰν
2466 1213 2629 1267 αὐτοῦ
2652 1215 2813 1282 μόνον
2841 1213 3067 1277 εόλεπες
3092 1230 3105 1243 ·
3130 1214 3189 1279 ὃς
3207 1214 3267 1267 οὐ
3285 1214 3371 1268 διὰ
3402 1216 3567 1285 φόῦον
3588 1215 3731 1281 τινὰ,

2160 1304 2281 1358 οὑδέ
2311 1305 2398 1358 διὰ
2422 1304 2600 1371 δόξαν,
2625 1306 2746 1359 οὑδέ
2776 1306 2946 1376 διψῶν
2976 1307 3076 1377 τὴν
3130 1305 3341 1359 ἐκεῖθεν
3386 1304 3730 1372 ἀπαλλαγὴν,

2161 1396 2257 1465 τὴν
2294 1399 2449 1466 ἱερὰν
2489 1400 2735 1468 ἐγλίχετο
2762 1400 2984 1465 ἕνωσιν,
3020 1398 3135 1452 ἀλλ’
3173 1401 3255 1453 ὅτι
3292 1394 3435 1453 εἶδεν
3467 1397 3732 1467 ἀκριϐῶς,

2160 1488 2189 1541 ὃ
2221 1490 2411 1543 πολλοὶ
2444 1492 2549 1557 πρὸ
2582 1490 2748 1544 αὐτοῦ
2808 1492 3149 1561 πατριάρχαι
3197 1490 3560 1560 ἐπεθύμησαν
3608 1490 3736 1542 ἰδεῖν

2161 1580 2257 1633 καὶ
2289 1580 2390 1633 οὐκ
2418 1578 2593 1634 εἶδον·
2631 1578 2739 1635 εἶδε
2775 1584 2884 1654 γὰρ
2931 1584 3033 1654 τὴν
3078 1584 3307 1654 εἰρήνην
3343 1581 3446 1652 τῆς
3512 1581 3740 1646 Ἐκκληο

2165 1673 2309 1739 σίας,
2346 1675 2413 1727 τὰ
2466 1678 2600 1747 μέλη
2638 1678 2731 1731 τοῦ
2786 1678 3108 1732 δεσποτικοῦ
3147 1680 3397 1746 σώματος
3458 1673 3735 1744 ἡνωμένα,

2166 1767 2541 1836 ἠγαλλιάσατο
2571 1768 2649 1838 τῷ
2676 1770 2972 1838 πνεύματι,
2994 1772 3087 1823 καὶ
3114 1770 3438 1838 ὑπέγραψεν
3464 1765 3734 1825 εὐλαϐῶς,

2166 1858 2508 1927 ὁμολογήσας
2544 1860 2603 1913 τὸ
2646 1861 2870 1927 Πνεῦμα
2900 1861 2961 1915 τὸ
3012 1860 3170 1929 ἆγιον
3221 1860 3316 1913 καὶ
3353 1861 3417 1913 ἐκ
3455 1858 3550 1912 τοῦ
3583 1858 3733 1921 Υίοῦ,

2166 1949 2265 2020 τὴν
2310 1949 2581 2015 κάθαρσιν
2630 1952 2738 2005 τῶν
2796 1953 3011 2023 ψυχῶν,
3060 1954 3151 2007 τὸν
3202 1952 3425 2021 Ῥώμης
3474 1948 3737 2023 ἀρχιερέα

2170 2042 2416 2113 κεφαλὴν
2466 2042 2685 2097 πάντων
2732 2045 2844 2098 τῶν
2879 2045 3108 2115 ἱερέων·
3146 2048 3245 2099 καὶ
3304 2043 3448 2097 οὕτω
3499 2042 3613 2105 θεὶς
3666 2041 3738 2094 τὰ

2166 2135 2371 2202 γόνατα
2401 2137 2772 2208 προσηύξατο,
2805 2138 2901 2192 καὶ
2933 2139 3072 2209 ἄρας
3107 2138 3206 2199 τὰς
3236 2140 3423 2208 χεῖρας
3447 2135 3528 2198 εἰς
3574 2135 3739 2204 οὐρα-

2166 2230 2254 2283 νὸν
2301 2230 2665 2301 εὖχαρίστησε
2696 2231 2773 2299 τῷ
2802 2231 2943 2301 Θεῷ,
3002 2232 3097 2284 καὶ
3130 2228 3301 2291 οὕτως
3350 2228 3599 2282 ἀπέδωκε
3636 2226 3737 2296 τὴν

2165 2324 2328 2391 ἁγίαν
2358 2323 2523 2376 αὑτοῦ
2583 2324 2789 2393 ψυχήν.
2816 2325 2889 2377 Συ
2919 2323 2977 2376 δέ
3034 2325 3061 2376 ὸ
3118 2322 3353 2383 ἀναιδῶς
3385 2320 3736 2389 συκοφαντῶν

2166 2416 2329 2469 αὐτὸν
2357 2416 2606 2476 καὶτοὺς
2648 2415 2767 2484 μετ’
2804 2414 2993 2477 αὐτοῦ,
3034 2414 3133 2486 οὐχ
3184 2413 3386 2478 οὕτως.
3425 2413 3547 2467 ἀλλ’
3596 2409 3733 2480 ὁμοῦ

2173 2511 2271 2561 σὺν
2300 2510 2364 2577 τῇ
2390 2510 2581 2578 κόπρῳ
2606 2507 2699 2560 τοῦ
2724 2509 3033 2577 ἀφεδρῶνος
3063 2508 3396 2574 ἐξέπνευσας
3420 2521 3436 2539 ο
3468 2505 3737 2577 μαρτυρεῖ

2168 2598 2330 2651 τοῦτο
2358 2598 2509 2651 πᾶσα
2538 2600 2570 2667 ἡ
2604 2598 2779 2661 πόλις.
2812 2598 3001 2661 Οὕτως
3030 2593 3169 2651 οἶδεν
3200 2598 3373 2669 ἡθεία
3395 2596 3515 2666 δίκη
3539 2595 3733 2651 ταλανο

2169 2691 2347 2745 τεύειν
2371 2693 2601 2745 ἕκαστον
2636 2692 2775 2745 κατά
2830 2691 2929 2760 τὴν
2968 2690 3163 2743 ἑαυτοῦ
3210 2691 3411 2750 πίστιν,
3447 2690 3523 2752 ώς
3565 2688 3735 2741 πάλαι

2166 2785 2259 2837 τὸν
2293 2785 2391 2851 τῆς
2418 2784 2611 2853 μανίας
2668 2783 2955 2855 ἐπώνυμον
2990 2783 3231 2853 Ἄρειον,
3260 2782 3317 2844 ὃς
3349 2781 3497 2833 κάτω
3540 2782 3607 2833 τὰ
3638 2780 3734 2847 ἐγ·

2172 2890 2312 2928 κατα
2345 2873 2615 2950 ἔπεμψεν,
2645 2874 2707 2926 σὺ
2730 2874 2789 2947 δέ
2812 2874 2925 2928 ἄνω
2959 2873 3057 2945 τὴν
3089 2873 3312 2939 κόπρον,

2857 3074 3047 3128 ΕΦΕΣ.

2247 3168 2389 3237 Ἐγὼ
2422 3167 2479 3221 δέ
2513 3167 2610 3237 τὴν
2643 3165 2881 3235 ἐμαυτοῦ
2911 3164 3138 3233 γνώμην
3168 3164 3284 3234 ἅμα
3308 3165 3404 3217 καὶ
3436 3162 3731 3233 ὁμολογίαν

2166 3262 2265 3332 τῆς
2293 3260 2528 3320 πίστεως
2571 3258 3072 3327 συγγεγραμμένην
3106 3257 3243 3325 ἔχων
3265 3273 3278 3285 -
3312 3251 3465 3307 οὕτω
3487 3255 3595 3324 γάρ
3624 3271 3730 3308 που

2166 3355 2406 3425 διείρητο
2442 3352 2730 3421 πρότερον,
2760 3352 3055 3418 ἐγγράφως
3080 3346 3358 3401 ἐπιδοῦναι
3407 3345 3505 3416 τὴν
3532 3343 3727 3398 ἐαυτοῦ

2166 3445 2391 3516 γνώμην
2424 3444 2653 3497 ἕκαστον
2680 3458 2695 3472 ·
2746 3442 2821 3505 ὡς
2878 3436 3021 3494 εἶδον
3080 3440 3281 3502 αὐτοὺς
3324 3436 3580 3507 ἐκθύμως
3625 3435 3727 3504 ἤδη

2166 3538 2302 3607 πρὸς
2344 3540 2445 3605 τὴν
2470 3537 2668 3588 ἕνωσιν
2696 3534 3085 3605 ὡρμημένους,
3118 3534 3216 3585 καὶ
3246 3532 3372 3592 τοὺς
3413 3528 3537 3598 ἐμοὶ
3578 3542 3732 3580 συνε-

2169 3631 2379 3689 στῶτας
2438 3628 2705 3697 πρότερον
2765 3624 2893 3695 ἄρτι
2943 3622 3421 3694 συμπεπτωκότας
3478 3618 3729 3678 ἐκείνοις,

2168 3725 2465 3793 ἐγγράφων
2492 3722 2549 3773 δέ
2584 3720 2706 3774 οὐδὲ
2736 3720 3147 3789 μεμνημένους,
3174 3717 3408 3785 ἐπέσχον
3438 3715 3532 3766 καὶ
3556 3711 3718 3771 αὐτὸς

2165 3820 2264 3887 τὴν
2284 3796 2532 3887 γραφὴν,
2560 3816 2647 3868 ἵνα
2669 3814 2743 3884 μὴ
2765 3814 2900 3883 πρὸς
2922 3814 3089 3883 ὀργὴν
3113 3812 3307 3873 αὐτοὺς
3336 3809 3607 3876 ἐρεθίσας,
3640 3807 3722 3867 εἰς

2168 3903 2447 3977 προῦπτον
2477 3908 2585 3976 ήδη
2623 3907 2716 3959 τὸν
2748 3906 2995 3959 κίνδυνον
3046 3905 3283 3975 ἐμαυτδν
3313 3901 3557 3973 ἐμϐάλω.

2863 4022 3067 4075 ΑΠΟΛ.

2241 4142 2439 4212 Εἷρητο
2464 4142 2562 4209 μὲν
2594 4137 2880 4209 πρότερον,
2913 4136 3150 4189 ἕκαστον
3184 4136 3290 4204 τὴν
3321 4131 3518 4186 ἐαυτοῦ
3549 4129 3734 4185 δοῦναι

2170 4233 2487 4303 ὁμολογίαν,
2536 4231 2830 4299 ἐγγράφως
2868 4226 3131 4296 δηλονότι,
3187 4226 3291 4295 πρὸ
3320 4223 3414 4277 τοῦ
3476 4223 3608 4277 ἰδεῖν
3663 4224 3733 4276 τὰ

2172 4324 2315 4398 ῥητά
2365 4324 2475 4375 τῶν
2529 4322 2699 4389 ἁγίων
2725 4338 2739 4351 ·
2778 4320 2974 4381 ἰδόντες
3018 4319 3064 4371 δ’
3110 4317 3249 4370 αὑτά
3294 4315 3388 4369 καὶ
3443 4314 3735 4382 συμφωνή-

501 4430 563 4467 ea
598 4429 656 4466 se
679 4412 1180 4475 conformaverunt,
1212 4427 1309 4465 nec
1345 4425 1484 4479 Opus
1516 4420 1636 4464 erat
1672 4413 1901 4480 amplius
1935 4427 2062 4465 con-

2177 4432 2371 4477 σαντες
2395 4414 2534 4483 πρὸς
2563 4416 2767 4475 ἐκεῖνα,
2797 4410 2896 4463 οὐκ
2921 4405 2987 4481 ἦν
3014 4409 3227 4479 ἀνάγκη
3260 4406 3571 4475 ἐγγράφους
3600 4404 3737 4457 διδό-

503 4505 771 4559 fessiones
814 4504 946 4558 dare
992 4504 1245 4573 scriptas,
1278 4518 1401 4556 cum
1438 4504 1611 4557 sancti
1664 4518 1757 4571 per
1788 4519 1887 4557 sua
1922 4503 2065 4556 dicta

505 4595 663 4665 plana
715 4595 897 4646 omnia
952 4592 1213 4647 facerent.
1260 4591 1554 4660 Propterea
1604 4607 1762 4645 neum
1803 4593 2067 4660 scriptam

505 4688 655 4739 dedit
701 4685 773 4738 ibi
820 4686 1170 4749 sententiam,
1204 4684 1296 4739 sed
1346 4686 1501 4753 pauci
1552 4684 1774 4755 quidam
1830 4698 2069 4750 pronun-

511 4779 717 4832 tiarunt
756 4777 1074 4832 exordiente
1108 4778 1457 4846 imperatore,
1495 4786 1549 4830 et
1584 4775 1775 4845 primis
1831 4782 2069 4843 quatuor

506 4877 600 4924 ant
625 4868 887 4939 quinque,
922 4868 1115 4937 reliqui
1165 4882 1289 4921 cum
1326 4868 1490 4919 rudes
1524 4876 1708 4920 essent
1761 4868 2066 4920 litterarum

502 4962 569 5014 de
601 4971 915 5014 sanctorum
946 4960 1108 5014 dictis
1135 4967 1342 5013 tantum
1382 4959 1553 5010 tulere
1604 4957 1954 5011 sententiam.
1988 4958 2069 5011 Tu

507 5068 671 5120 porro
704 5054 961 5122 scriptam
995 5054 1204 5107 habens
1232 5063 1380 5107 tuam
1427 5051 1850 5115 confessionem,
1891 5052 2069 5105 hatre-

505 5154 637 5195 seon
666 5153 719 5195 ct
770 5143 1105 5211 garrulitatis
1137 5142 1373 5209 plenam,
1434 5143 1579 5197 illam
1631 5156 1739 5195 non
1797 5141 2063 5206 obtulisti,

508 5236 705 5289 timens
738 5251 803 5288 ne
836 5236 1056 5288 honoris
1090 5236 1209 5288 loco
1251 5236 1419 5288 risum
1457 5249 1707 5288 moveres
1742 5250 1757 5286 :
1791 5244 1847 5288 et
1884 5232 2069 5288 vidisti

510 5344 627 5392 eos,
656 5329 747 5398 qui
775 5340 950 5381 tecum
985 5340 1140 5382 antea
1184 5327 1439 5395 jacebant
1478 5328 1530 5379 in
1564 5323 1834 5390 profundo
1863 5326 2065 5378 infero-

513 5433 655 5477 rum.
688 5418 916 5471 viriliter
950 5432 1070 5473 sese
1099 5418 1329 5486 erigere,
1354 5426 1407 5470 et
1432 5416 1817 5484 rcsipiscentes
1837 5417 2070 5471 schisma

508 5512 803 5576 deponere,
856 5512 1043 5579 pieque
1076 5511 1359 5577 pervenire
1389 5509 1454 5561 ad
1498 5508 1775 5561 vinculum
1820 5510 1991 5576 pacis,
2020 5518 2072 5561 et

509 5604 751 5658 studiose
798 5616 1090 5671 properare
1130 5604 1195 5658 ad
1230 5615 1441 5653 sacram
1480 5599 1732 5653 Ecclesiae
1768 5599 2069 5652 unitatem:

512 5710 609 5749 nec
671 5695 811 5748 ferre
871 5704 1107 5763 poteras,
1152 5694 1271 5748 illos
1332 5690 1548 5760 quidem
1614 5691 1731 5745 fieri
1780 5690 2070 5761 vocarique

2174 4525 2261 4560 ναι
2308 4506 2626 4575 ὁμολογίας,
2670 4503 2779 4555 τῶν
2811 4502 2981 4569 άγῐων
3023 4501 3112 4553 διὰ
3140 4500 3248 4552 τῶν
3275 4497 3454 4569 ῥητῶν
3483 4496 3617 4565 δῆλα
3667 4496 3735 4548 τὰ

2173 4600 2353 4651 πάντα
2399 4597 2723 4650 ποιούντων.
2755 4595 2853 4648 Διά
2891 4592 3050 4648 τοῦτο
3083 4592 3258 4654 οὐδεὶς
3292 4591 3461 4644 ἔδωκε
3508 4586 3735 4658 γνώμην

2171 4692 2465 4759 ἐγγράφως
2524 4690 2663 4751 ἐκεῖ,
2698 4687 2814 4740 ἀλλ’
2876 4685 2986 4739 ἀπὸ
3037 4684 3307 4751 στόματος
3350 4681 3521 4748 ὀλίγοι
3565 4679 3731 4745 τινές,

2174 4783 2478 4851 ἀρχομένου
2500 4780 2594 4833 τοῦ
2626 4778 2895 4847 βασιλέως
2937 4775 3032 4829 καὶ
3064 4774 3172 4827 τῶν
3202 4772 3430 4842 πρώτων
3455 4770 3736 4839 τεσσάρων

2173 4872 2206 4943 ἢ
2240 4873 2423 4937 πέντε,
2449 4873 2499 4924 οἱ
2521 4871 2569 4925 δ’
2596 4869 2751 4923 ἄλλοι
2784 4869 3007 4937 ἄπειροι
3026 4868 3177 4929 ὄντες
3202 4865 3547 4933 γραμμάτων
3567 4864 3739 4927 ἐγνω-

2176 4958 2483 5027 μοδότησαν
2537 4958 2700 5027 μόνον
2750 4958 2832 5019 είς
2892 4957 2960 5008 τὰ
2996 4954 3139 5026 ῥητὰ
3165 4955 3272 5007 τών
3303 4952 3496 5021 ἁγίων.
3533 4951 3641 5004 Καὶ
3670 4951 3738 5002 σὺ

2177 5053 2276 5121 μέν
2310 5052 2408 5120 τὴν
2435 5049 2723 5120 ὁμολογίαν
2750 5067 2843 5102 σου
2867 5049 3005 5117 ἔχων
3032 5045 3521 5116 ἐγγεγραμμένην,
3547 5043 3645 5095 πλί
3662 5060 3732 5112 ρη

2175 5144 2441 5211 αἱρέσεων
2472 5142 2567 5195 καὶ
2597 5141 2930 5209 ἀδολεσχίας,
2968 5140 3273 5201 ἐδειλίασας
3303 5135 3506 5199 δοῦναι,
3538 5134 3622 5186 ἵνα
3661 5134 3737 5218 μὴ

2174 5234 2414 5306 ὀφλήσῃς
2441 5236 2563 5286 ἀντὶ
2587 5234 2755 5303 τιμῆς
2785 5233 2997 5300 γέλωτα
3021 5247 3036 5260 ⁸
3068 5227 3207 5292 εἶδες
3245 5229 3301 5280 δέ
3324 5228 3417 5280 καὶ
3449 5226 3574 5288 τοὺς
3607 5227 3739 5291 πρό-

2172 5347 2332 5399 τερον
2361 5330 2498 5397 μετὰ
2530 5328 2623 5382 σοῦ
2652 5329 2901 5392 ἐλεεινῶς
2928 5325 3367 5395 κατακειμένους
3413 5323 3489 5381 εἰς
3522 5319 3585 5372 τὸ
3640 5318 3736 5371 τοῦ

2175 5419 2302 5488 ᾅδου
2355 5419 2632 5489 βὰραορον
2681 5421 2946 5487 γενναίως
2992 5416 3333 5477 ἀναστάντας
3360 5452 3376 5477 ,
3409 5411 3506 5465 xui.
3541 5410 3741 5477 ἀνανή-

2172 5511 2383 5581 ψαντας
2432 5515 2496 5563 ὲκ
2552 5512 2643 5563 τοῦ
2678 5512 3005 5581 σχίσματος,
3054 5510 3152 5562 καὶ
3200 5506 3453 5567 ἐλθόντας
3495 5502 3740 5563 εὐλαϐῶς

2176 5604 2255 5665 εἰς
2286 5603 2377 5653 τὸν
2409 5601 2705 5671 σύνδεσμον
2749 5604 2849 5671 τῆς
2901 5604 3151 5672 εἰρήνης,
3195 5600 3290 5653 καὶ
3326 5598 3467 5667 μετὰ
3500 5594 3735 5663 σπουδῆς

2176 5699 2537 5766 ιὶιρζιηιιένους
2572 5699 2702 5767 πρὸς
2733 5700 2831 5769 τὴν
2856 5698 3011 5767 ἱερὰν
3038 5699 3234 5751 Ξνιυσ·.ν
3260 5710 3275 5726 ⁶
3310 5694 3400 5747 καὶ
3422 5693 3517 5743 οὐκ
3550 5688 3739 5758 ἔφερες
