4170 6280
392 428 530 497 1129

1047 433 1199 494 PRO
1227 431 1435 493 CONC.
1485 433 1853 494 FLOREN’l‘.
1888 435 2029 494 CAP
2085 434 2127 495 l.
2173 436 2267 495 DE
2310 432 2624 493 SPiRlTU
2662 432 2967 494 SANCTO.

3486 426 3619 495 1130

389 548 785 620 προθεωρεῖτιι
836 549 863 601 6
915 546 1101 619 ﬂaui}?
1152 546 1245 599 τοῦ
1304 546 1435 600 Υἱοῦ
1490 545 1565 612 τῷ
1612 544 1711 613 τῆς
1771 543 1951 602 αἰτίας

2066 542 2218 595 alium
2246 552 2422 613 potest
2448 554 2573 598 ante
2595 560 2654 598 se
2681 544 3079 599 consideratum
3111 540 3348 595 habere?
3385 537 3621 608 Spiritus

386 644 550 711 ὶόγῳ,
591 642 682 695 τὸν
743 642 902 695 αὑτ“ν
946 642 1144 711 τρόπον
1183 640 1579 710 προθεωρεῖται
1619 639 1716 691 καὶ
1764 637 1792 689 6
1827 635 1954 697 Υἱὸς

386 735 481 789 τοῦ
519 736 855 803 Πνεύματος,
894 733 972 804 τῷ
997 733 1096 800 τῆς
1126 732 1307 794 αἰτίας
1338 730 1499 799 λόγῳ.
1540 727 1710 783 Τοῦτο
1735 728 1791 779 δὲ
1821 744 1955 779 ταυο

385 829 478 881 τόν
506 827 654 881 ἐστιν
687 826 882 890 εἰπεῖν,
920 824 980 878 '0
1008 824 1107 892 μὲν
1135 822 1368 888 116;,th
1398 822 1493 875 τοῦ
1522 822 1731 889 Πατρδς
1763 818 1950 888 μόνου,

388 919 465 982 ὡς
496 918 660 987 μόνου
693 916 1200 987 προθεωρουμένου,
1231 912 1326 966 τοῦ
1357 912 1511 966 nos.
1558 911 1691 964 Τίνα
1722 910 1828 979 γὰρ
1862 910 1955 963 ἆ).-

388 1009 480 1063 λον
512 1009 735 1064 δύναται
788 1005 1277 1077 προθεωρούμενον
1310 1004 1456 1075 ἔχειν
1484 1020 1499 1071 ;
1530 1004 1604 1057 T6
1634 1003 1692 1056 δὲ
1732 1002 1955 1071 Πνεῦμα

386 1101 449 1154 τὸ
478 1101 651 1169 ἅγιον,
690 1104 752 1153 ἐκ
780 1099 873 1153 τοῦ
899 1099 1111 1169 Πατρδς
1147 1100 1239 1151 καί
1273 1098 1365 1151 τοῦ
1408 1096 1564 1159 Υίοῦ,
1596 1096 1672 1159 ὡς
1699 1097 1795 1149 τοῦ
1839 1097 1955 1148 Πα-

387 1193 512 1263 τρὸς
537 1191 777 1261 δηλονότι
802 1191 896 1243 καὶ
919 1188 1014 1242 τοῦ
1042 1189 1195 1253 Υίοῦ,
1218 1189 1725 1259 προθεωρουμὲνων
1754 1184 1920 1239 αὑτοῦ
1939 1202 1951 1214 “

389 1289 483 1337 καὶ
514 1282 657 1337 οὕτω
690 1284 1119 1353 ουμπεραίνεται
1151 1284 1369 1353 άληθῶς
1395 1285 1457 1336 ix
1488 1283 1581 1339 τοῦ
1622 1283 1835 1352 Πατρὸς
1861 1282 1957 1334 καὶ

388 1374 483 1428 τοῦ
521 1374 650 1428 Υἰοῦ
703 1376 1103 1444 ἐκπορεύεσθαι
1157 1378 1217 1429 τὸ
1252 1376 1477 1445 Πνεῦμα
1528 1376 1590 1428 τδ
1638 1374 1818 1443 ἅγιον,
1851 1374 1955 1428 κᾶν

388 1469 517 1537 ὑμῖν
548 1470 860 1541 ὰπαρέσκῃ.
892 1468 967 1522 Τδ
995 1468 1105 1540 γὰρ
1129 1468 1561 1540 προθεωρεῖσθαι
1592 1468 1689 1539 τὴν
1722 1470 1957 1523 ὑπόστα-

389 1578 474 1614 σιν
495 1560 589 1615 τοῦ
617 1561 849 1630 Πατρὸς,
874 1561 974 1632 τῆς
997 1560 1091 1616 τοῦ
1119 1561 1249 1615 Υἱοῦ
1274 1563 1646 1629 ὑποστάσεως,
1673 1565 1765 1616 καὶ
1786 1561 1957 1615 ταῦτα

387 1653 467 1723 τῷ
498 1655 593 1722 τῆς
642 1653 817 1717 αίτίας
866 1652 1031 1725 λόγῳ,
1079 1653 1179 1723 τὴν
1224 1654 1281 1706 δὲ
1339 1654 1639 1709 ὑπόστασιν
1677 1656 1770 1709 τοῦ
1804 1652 1956 1720 Υίοῦ,

387 1748 487 1814 τῆς
523 1746 613 1799 τοῦ
644 1747 960 1814 Πνεύματος
987 1747 1334 1810 ὑποστάσεως
1365 1746 1438 1818 τῷ
1461 1747 1560 1816 τῆς
1589 1747 1767 1809 αἰτίας
1792 1747 1954 1815 λόγῳ,

389 1838 542 1892 οὐδὲν
570 1839 699 1891 ἄλλο
730 1838 902 1908 δηλοῖ,
932 1837 963 1908 ἢ
988 1840 1018 1891 6
1047 1838 1239 1909 Πατὴρ
1272 1839 1432 1907 μόνος
1456 1839 1627 1901 αἴτιος
1658 1838 1751 1891 τοῦ
1785 1837 1915 1892 Υίοῦ
1943 1854 1955 1867 ’

388 1931 495 1984 ἀει
523 1931 651 1995 re;
683 1897 837 2001 παρὰ
873 1897 968 1983 {ad
998 1897 1219 2000 πατρδέ
1240 1897 1333 1983 καὶ
1362 1897 1521 1984 τόῡττ,
1550 1897 1734 1985 λαϐὼν
1761 1930 1834 1993 ὠς
1864 1930 1960 1983 xz!
1995 1897 2034 1952 Β

389 2021 556 2076 τᾶλλα
610 2021 820 2091 φυσικὰ
854 2021 1038 2091 ἀγαθὰ
1080 2020 1265 2090 αὑτοῦ,
1308 2024 1403 2076 καὶ
1450 2022 1612 2085 αὑτὸς
1648 2024 1820 2086 αἴτιος
1865 2020 1957 2073 τοῦ

391 2112 547 2180 ἁγίου
597 2114 931 2184 Πνεύματος.
971 2114 1078 2169 Καὶ
1123 2114 1298 2177 οὕτως
1332 2117 1360 2167 6
1403 2114 1590 2184 Πατὴρ
1620 2115 1713 2167 καὶ
1746 2115 1774 2166 6
1807 2113 1957 2179 Υἱὸς,

392 2204 562 2273 ἄμφω
595 2204 689 2273 μία
720 2204 871 2260 αίτία
897 2204 999 2273 τῆς
1028 2203 1120 2257 τοῦ
1158 2204 1317 2273 ἁγίου
1354 2204 1666 2272 Πνεύματος
1695 2204 1960 2275 ἐκπορεύ-

396 2314 555 2359 σεως.
588 2298 684 2350 Διὰ
729 2294 889 2351 τοῦτο
918 2298 1009 2350 καὶ.
1041 2300 1070 2353 ὁ
1104 2298 1259 2365 ἅγιος
1301 2296 1454 2360 οὗτός
1485 2314 1672 2367 φησιν,
1721 2298 1811 2361 Ὧς
1852 2298 1961 2369 γὰρ

396 2387 725 2442 συνάπτεται
759 2388 839 2460 τῷ
887 2390 1063 2460 Πατρὶ
1093 2392 1121 2444 6
1156 2391 1305 2453 Υἱὸς,
1347 2391 1491 2443 κατὰ
1537 2390 1629 2443 τὸν
1657 2393 1755 2459 τῆς
1783 2391 1963 2451 αίτίας

392 2482 572 2551 λόγον,
602 2483 816 2555 ἐπινοίᾳ
851 2484 945 2537 καὶ
980 2484 1118 2555 μόνῃ
1145 2484 1633 2554 προθεωρουμὲνου
1668 2485 1767 2552 τῆς
1796 2482 1960 2535 αὑτοῦ

396 2574 779 2637 dicandam»;-
830 2576 921 2627 καὶ
973 2574 1146 2637 οὕτως
1207 2574 1551 2644 ἀληθεύομεν
1599 2574 1850 2644 λέγοντες
1902 2576 1963 2627 τὸ

395 2665 622 2739 Πνεῦμα
658 2668 751 2721 καὶ
786 2668 849 2722 ἑκ
880 2665 977 2721 τοῦ
1034 2667 1184 2722 Υίοῦ,
1241 2669 1330 2721 Ἐν
1374 2667 1431 2721 δι
1466 2670 1579 2731 τοῖς
1635 2670 1963 2737 πρακτικοῖς

393 2761 491 2828 τῆς
522 2759 743 2829 πρώτης
771 2758 1022 2821 συνόδου,
1057 2758 1272 2827 εἴρηται
1305 2759 1404 2827 μὲν
1434 2759 1495 2809 τὸ
1543 2757 1769 2826 Πνεῦμα
1798 2759 1965 2810 ἐκπο-

397 2851 691 2921 ρευόμενον
740 2852 804 2905 ἐκ
834 2849 929 2903 τοῦ
978 2849 1210 2921 Ματρὸς,
1251 2849 1381 2903 ἴδιον
1424 2851 1478 2903 δὲ
1512 2850 1604 2904 τοῦ
1658 2849 1790 2904 Υίοῦ
1824 2852 1961 2914 ἐστι,

394 2942 491 2996 καὶ
519 2943 579 3005 ιξ
602 2941 765 2996 αὑτοῦ
786 2940 1108 3005 ἀναϐλύζον.
1147 2941 1411 3006 Ἀκούεις,
1452 2941 1543 3006 Ἐξ
1564 2942 1751 3007 αὑτοῦ,
1777 2944 1962 3010 φησὶν,

397 3034 725 3100 ἁναϐλύξον,
759 3035 835 3097 ὡς
862 3033 972 3087 ἀπὸ
1003 3034 1186 3103 πηγῆς
1211 3034 1457 3105 δηλονότι
1482 3035 1584 3104 τῆς
1613 3032 1965 3097 ὑποστάσεως

394 3127 487 3181 τοῦ
528 3125 680 3189 Υίοῦ,
726 3126 821 3180 καὶ
852 3127 937 3180 ὅτι
970 3125 1101 3180 ίδιον
1129 3125 1297 3179 αὑτοῦ
1327 3127 1467 3180 ἐστι.
1510 3126 1576 3179 Τί
1612 3124 1805 3197 δηλοῦν
1839 3126 1967 3196 βού-

2058 644 2241 687 autem
2279 647 2501 689 sanctus
2532 652 2594 689 ex
2630 634 2793 690 Patre
2849 646 2899 687 et
2934 634 3097 698 Filio;
3146 634 3299 701 quasi
3359 632 3512 685 Pater
3544 631 3623 681 via

2059 727 2257 780 delicet
2302 738 2355 781 et
2410 727 2580 782 Filius
2633 737 2759 781 ante
2787 742 2911 779 cum
2941 726 3379 779 considerantur.
3433 721 3620 788 Itaque

2059 833 2188 871 vere
2241 818 2749 882 concluditttr,.ex
2806 820 2965 872 Patre
3027 828 3081 872 et
3132 815 3267 870 Filio
3326 815 3621 883 procedere

2059 912 2324 981 Spiritum
2375 922 2649 975 sanctum,
2684 912 2896 965 etiamsi
2941 910 3093 965 vobis
3128 908 3456 977 diSpliceat;
3498 922 3623 959 nam

2059 1020 2346 1074 personam
2394 1004 2569 1058 Patris
2616 1011 2743 1057 ante
2764 1003 2882 1057 Filii
2933 1016 3218 1071 personam
3255 997 3625 1057 considerari,

2059 1097 2221 1168 idque
2273 1112 2453 1152 causa:
2496 1097 2741 1159 ratione;
2805 1108 3096 1161 personam
3138 1106 3267 1147 vero
3319 1088 3437 1141 Filii
3500 1096 3627 1140 ante

2061 1208 2348 1263 personam
2409 1192 2646 1260 Spiritus
2704 1188 2875 1243 saneti
2931 1187 3141 1240 ratione
3171 1198 3390 1255 quoque
3422 1196 3621 1243 cause,

2059 1285 2191 1338 nihil
2221 1282 2365 1337 aliud
2397 1282 2636 1339 ostendit
2668 1296 2829 1350 quam
2873 1279 3017 1349 quod
3063 1280 3210 1333 solus
3253 1276 3411 1331 Pater
3463 1288 3627 1329 causa

2061 1376 2179 1431 Filii
2217 1386 2320 1442 est,
2367 1378 2533 1431 Filius
2555 1388 2736 1430 autem
2764 1376 2814 1429 id
2867 1390 2897 1427 a
2940 1376 3097 1429 l‘atre
3143 1373 3418 1443 accipiens
3461 1370 3631 1440 (sicut

2061 1471 2161 1523 alia
2204 1470 2470 1524 naturalia
2508 1474 2646 1523 bona
2676 1468 2819 1537 ejus)
2860 1478 2914 1521 et
2946 1468 3057 1534 ipse
3082 1481 3245 1522 causa
3275 1475 3357 1519 cst
3388 1464 3631 1533 Spiritus

2062 1558 2233 1611 saucii
2270 1577 2284 1611 :
2337 1559 2519 1627 itaque
2564 1556 2726 1611 Pater
2768 1569 2823 1613 et
2867 1556 3039 1610 Filius
3088 1554 3249 1609 ambo
3302 1568 3408 1608 una
3465 1568 3632 1607 causa

2063 1655 2426 1724 processimus
2478 1654 2716 1724 Spiritus
2758 1654 2955 1708 sancti.
3017 1652 3226 1706 Idcirco
3269 1651 3505 1706 Sanctus
3545 1645 3634 1703 hic

2061 1747 2192 1801 dicit
2238 1766 2251 1801 :
2287 1746 2757 1812 Quemadmodum
2779 1746 3026 1817 jungitur
3048 1743 3195 1797 Patri
3228 1742 3401 1798 Filius
3430 1758 3631 1797 secunv

2063 1842 2190 1894 duttt
2226 1857 2401 1895 causa:
2432 1839 2720 1904 rationem,
2750 1840 2867 1894 solo
2922 1839 3199 1899 intellectu
3252 1853 3487 1907 persona
3514 1838 3635 1905 ejus

2064 1943 2221 1991 antea
2259 1932 2602 1988 considerata
2630 1974 2644 1999 ,
2678 1933 2755 1987 sic
2788 1948 2976 1985 verum
3011 1930 3266 1993 dicimus,
3322 1945 3445 1983 cum
3492 1929 3634 1982 dici-

2065 2043 2184 2081 mus
2222 2026 2481 2096 Spiritum
2532 2041 2653 2081 esse
2685 2041 2750 2079 ex
2785 2025 2942 2078 Filio.
2996 2024 3052 2077 In
3108 2023 3260 2079 Actis
3292 2037 3420 2075 vero
3446 2022 3638 2091 primae

2064 2122 2252 2191 synodi
2305 2121 2569 2190 scriptum
2626 2130 2732 2184 est,
2792 2117 3055 2188 Spiritum
3092 2127 3343 2171 sanctum
3381 2131 3445 2170 ex
3478 2116 3635 2170 Patre

2065 2212 2378 2283 procedere,
2411 2210 2692 2281 proprium
2730 2219 2910 2263 autem
2957 2224 3081 2261 eum
3138 2223 3259 2261 esse
3304 2207 3444 2268 Filii,
3480 2215 3534 2261 et
3570 2207 3639 2258 al)

2064 2322 2130 2360 eo
2161 2305 2448 2359 scaturirc.
2486 2304 2697 2357 Audis?
2734 2302 2814 2357 Ab
2852 2316 2917 2356 eo
2958 2300 3135 2371 inquit
3188 2300 3480 2361 scaturire,
3516 2310 3639 2353 tau-

2064 2416 2226 2467 quam
2260 2398 2494 2461 afonte;
2526 2397 2861 2451 videlicetex
2895 2395 3013 2465 ejus
3043 2409 3294 2462 persona,
3328 2393 3639 2462 proprium-

2065 2508 2170 2561 que
2203 2490 2320 2559 ejus
2339 2504 2481 2550 esse,
2505 2489 2635 2557 quid
2654 2488 2923 2558 significet
2943 2485 3375 2540 consideremus.
3414 2484 3638 2546 fratres,

2069 2598 2242 2653 neque
2292 2583 2611 2637 doctoribus
2681 2595 2987 2650 repugnare
3046 2578 3298 2632 velimus.
3378 2578 3530 2644 Quod
3595 2580 3639 2630 si

2065 2678 2267 2734 dixerit
2308 2677 2451 2745 quis,
2495 2674 2774 2746 proprium
2806 2688 2930 2727 eum
2965 2688 3087 2727 esse
3114 2672 3233 2725 Filii
3264 2681 3487 2741 propter
3508 2687 3640 2725 con-

2068 2766 2611 2826 substantialitatem,
2636 2771 2850 2834 reputet
2876 2762 3018 2831 quod
3036 2762 3201 2817 etiam
3228 2761 3396 2817 Filius
3423 2762 3640 2818 dicere-

2069 2873 2156 2913 tur
2179 2859 2351 2927 ipsius
2375 2855 2627 2926 Spiritus,
2647 2854 2949 2911 secundum
2970 2853 3592 2909 consubstantialitatem
3625 2872 3638 2905 :

2066 2951 2161 3006 sed
2194 2951 2246 3004 id
2290 2949 2368 3003 rei
2403 2949 2640 3017 cogitatu
2677 2958 2884 3001 tantum
2914 2957 2999 3000 est
3023 2946 3342 3000 absurdum.
3380 2944 3643 2999 Doctores

2066 3042 2302 3099 dicunt:
2339 3039 2509 3095 Filius
2548 3054 2724 3109 neque
2785 3037 2957 3107 ipsius
3008 3034 3246 3107 Spiritus
3295 3045 3400 3102 est,
3465 3052 3644 3106 neque

2066 3135 2269 3191 dicitur
2298 3151 2311 3187 :
2337 3133 2578 3205 Spiritus
2599 3131 2744 3194 Filii,
2782 3130 3041 3200 maxime.
3063 3129 3133 3183 At
3154 3129 3390 3199 Cyrillus
3411 3127 3614 3182 Alexan

394 3218 547 3273 λεται
591 3218 961 3289 ἐννοήσωμεν,
991 3217 1233 3286 ἀδελφοὶ,
1267 3217 1362 3271 καὶ
1392 3217 1470 3287 μὴ
1519 3216 1838 3287 θελήσωμεν
1867 3218 1962 3270 ἁν-

2069 3229 2354 3284 drinorum
2390 3224 2633 3297 pontifex
2673 3226 2739 3278 in‘
2758 3223 2992 3294 epistola
3051 3222 3121 3277 ad
3152 3221 3486 3284 Nestorium,
3524 3238 3646 3291 quae

393 3308 673 3383 τικρούειν
715 3312 829 3373 τοῖς
881 3308 1263 3372 διδασκάλοις*
1310 3310 1359 3361 εί
1410 3309 1511 3377 μὲν
1553 3309 1683 3378 ετπῃ
1740 3324 1846 3373 τις,
1881 3310 1964 3361 ὅτι

393 3404 528 3458 ῐδιον
577 3403 799 3471 λέγεται
843 3401 941 3456 τοῦ
997 3401 1152 3468 Υίοῦ,
1186 3401 1274 3457 διὰ
1297 3400 1358 3454 τὸ
1396 3400 1703 3470 ὀμοούσιον,
1728 3399 1967 3469 ἐνθυμη-

393 3496 564 3566 θήτω,
590 3497 673 3549 ὅτι
697 3494 916 3564 ελέγετο
936 3496 1001 3549 ἂν
1030 3497 1127 3548 καὶ
1153 3497 1181 3548 6
1209 3494 1335 3557 Υίὺς
1356 3493 1449 3546 τοῦ
1481 3493 1799 3565 Πνεύματος
1823 3492 1966 3546 κατὰ

389 3589 451 3640 τὸ
479 3588 801 3657 ὀμοούσιονο
835 3587 955 3640 ἀλλ’
982 3586 1188 3642 ἄτοπον
1220 3602 1378 3640 τουτο
1406 3588 1501 3639 καὶ
1538 3587 1740 3640 εννοεῖν
1778 3585 1963 3654 μόνον.

389 3681 456 3735 οι
484 3680 801 3735 διδάσκαλοι
829 3679 1085 3749 λέγουσιν
1121 3680 1206 3733 ὅτι
1234 3681 1262 3732 6
1291 3677 1438 3743 Υἱὸς,
1472 3677 1569 3732 τοῦ
1620 3678 1963 3749 Πνεύματος,

390 3772 515 3827 οὔτε
543 3768 851 3837 “timente
872 3771 1110 3838 λέγεται·
1145 3771 1207 3825 τὸ
1233 3770 1290 3825 δὲ
1319 3770 1541 3839 Πνεῦμα
1566 3769 1659 3823 τοῦ
1685 3770 1844 3835 Υίοῦ,
1874 3769 1967 3823 καὶ

389 3868 562 3938 μάλα.
614 3867 673 3920 ὀ
732 3866 790 3919 δὲ
820 3864 1085 3937 Κύριλλος
1120 3865 1150 3918 6
1190 3867 1288 3934 τῆς
1332 3862 1728 3934 Ἀλεξανδρέων
1775 3864 1967 3935 ἀρχιε-

392 3964 544 4031 ρεὺς.
576 3962 634 4013 ιν
671 3963 737 4029 τῇ
781 3958 918 4028 πρὸς
963 3959 1259 4028 Νεστόριον
1293 3957 1575 4025 ἐπιστολῇ,
1617 3950 1683 4027 ἦς
1732 3956 1766 4024 ἠ
1800 3954 1965 4024 ἀρχὴ.

401 4070 425 4107 ε
457 4052 567 4107 Τοῦ
602 4054 854 4122 Σωτῆρος
907 4051 1065 4123 ἡμῶν
1112 4050 1357 4121 ἐναργῶς
1401 4049 1673 4116 λέγοντος,
1712 4049 1773 4101 '0
1797 4047 1969 4115 φιλῶν

392 4148 605 4216 πατέρα
649 4145 682 4215 ἢ
756 4146 972 4214 μητέρα
1032 4143 1173 4211 ὑπὲρ
1223 4143 1359 4212 ὲμὲ,
1396 4161 1414 4195 ι
1453 4143 1654 4213 φησίν·
1696 4161 1713 4193 ι
1759 4144 1821 4196 Εί
1874 4146 1969 4197 καὶ

391 4240 540 4294 εστιν
573 4242 631 4291 ἑν
662 4239 960 4292 ὑποστάσει
990 4237 1051 4290 τδ
1078 4236 1305 4306 Πνεῦμα
1334 4236 1501 4306 ίόικῇ.
1538 4236 1635 4288 καὶ
1660 4235 1723 4304 δὴ
1765 4236 1968 4287 νοεῖται

394 4333 515 4388 καθ’
549 4334 681 4388 αὑτὸ
705 4331 841 4384 καθὸ
875 4330 1103 4400 Πνεῦμά
1124 4331 1263 4392 ἐστι,
1296 4330 1390 4381 καὶ
1418 4330 1517 4399 οὐχ
1550 4328 1697 4393 Υἱὸς,
1730 4328 1846 4382 ἀλλ’
1874 4324 1970 4382 οὖν

392 4426 542 4477 ἐστιν
572 4423 674 4478 οὐκ
717 4421 1005 4492 ἀλλότριον
1038 4421 1203 4474 αὑτοῦ
1229 4437 1244 4453 ·
1278 4419 1503 4489 Πνεῦμα
1548 4419 1655 4489 γὰρ
1706 4420 1967 4491 ἀληθείας

388 4514 745 4586 ὠνόμασταιο
774 4517 868 4569 καὶ
907 4514 1023 4567 ἔστι
1061 4514 1295 4584 Χριστὸς
1334 4516 1367 4583 ή
1400 4514 1629 4581 ἀλήθεια
1652 4530 1667 4545 ο
1709 4516 1804 4566 καὶ
1832 4530 1965 4583 προ-

2069 3318 2263 3388 incipit
2294 3335 2311 3376 :
2348 3336 2366 3370 ι
2405 3317 2541 3371 Cum
2597 3314 2845 3370 Salvator
2894 3321 3089 3369 noster
3139 3314 3430 3369 manifeste
3477 3313 3645 3374 dicat,

2067 3412 2173 3478 Qui
2212 3419 2358 3465 amat
2406 3408 2621 3464 Patrem
2654 3408 2736 3463 vel
2780 3417 3027 3464 matrem.
3049 3406 3169 3476 plus
3195 3421 3357 3476 quam
3403 3420 3491 3460 me
3515 3406 3583 3469 ’⁸,
3619 3426 3639 3458 ε

2070 3500 2288 3571 inquit:
2325 3515 2346 3549 ι
2387 3498 2454 3553 Ει
2486 3498 2529 3551 si
2567 3496 2803 3565 Spiritus
2837 3496 2891 3549 in
2927 3495 3206 3566 hypostasi
3254 3504 3339 3551 est
3380 3496 3637 3565 propria;

2070 3592 2391 3663 intelligitur
2419 3607 2637 3662 quoque
2680 3604 2775 3659 per
2816 3605 2895 3652 se,
2930 3603 3201 3659 quatenus
3256 3588 3493 3659 Spiritus
3538 3600 3644 3651 est,

2068 3702 2178 3741 non
2212 3682 2401 3749 Filius,
2455 3699 2565 3737 non
2598 3690 2779 3736 tamen
2828 3682 2898 3736 ab
2947 3696 3014 3737 eo
3047 3681 3287 3736 alienum
3345 3690 3431 3735 est
3465 3697 3480 3736 :
3516 3696 3643 3735 nam

2070 3776 2309 3847 Spiritus
2335 3775 2588 3829 veritatis
2618 3774 2963 3840 nominatur;
3010 3784 3065 3828 et
3106 3773 3357 3830 Christus
3386 3780 3469 3828 est
3499 3773 3647 3827 veri-

2073 3878 2173 3931 tas,
2221 3876 2277 3921 et
2325 3867 2393 3921 ab
2458 3882 2526 3921 eo
2589 3864 2832 3937 proﬂuit,
2887 3866 3347 3936 quemadmodum
3389 3865 3581 3935 utique
3612 3884 3641 3917 ιι

2072 3960 2181 4014 Deo
2222 3969 2277 4015 et
2325 3960 2504 4015 Patre.
2546 3978 2564 4011 ι
2606 3959 2795 4021 Audis,
2856 3958 3094 4029 proﬂuit,
3144 3958 3343 4027 inquit,
3374 3957 3644 4028 quemad-

2071 4054 2295 4109 modum
2325 4061 2380 4107 et
2412 4070 2439 4105 τι
2468 4052 2650 4108 Patre.
2674 4052 2804 4116 Sed,
2843 4070 2861 4103 ι
2900 4051 3141 4123 proﬂuit,
3178 4070 3195 4102 ι
3261 4052 3457 4121 inquit,
3507 4051 3647 4107 dixit

2071 4154 2316 4207 Sanctus,
2373 4161 2504 4210 non,
2554 4165 2573 4197 ι
2609 4145 2877 4215 procedit.
2919 4165 2936 4197 ι
2994 4145 3105 4200 Nos
3157 4160 3285 4199 vero
3325 4145 3507 4201 statim
3560 4146 3647 4200 eis

2072 4238 2490 4309 respondemus,
2520 4239 2664 4307 quod
2717 4238 2860 4292 ident
2911 4237 3171 4304 magister
3228 4238 3481 4308 explanat
3513 4238 3646 4307 quid

2070 4332 2342 4404 proﬂuere
2372 4331 2619 4394 denotet,
2670 4330 2972 4385 secundum
3016 4331 3135 4400 ejus
3179 4344 3400 4385 sensum
3444 4332 3497 4383 in
3535 4328 3645 4384 Ex-

2073 4424 2344 4493 positione
2362 4422 2531 4478 divini
2562 4421 2828 4492 Syntboli,
2862 4422 2952 4476 ubi
2992 4421 3127 4476 dicit
3161 4440 3171 4474 ε
3209 4440 3227 4473 ι
3269 4421 3539 4485 Perfecto,
3577 4424 3645 4477 de

2070 4517 2290 4571 Christo
2318 4526 2548 4570 tractatu
2567 4512 2863 4569 beatissimi
2898 4514 3089 4569 Patres
3120 4514 3423 4584 tle-Spiritu
3454 4528 3647 4570 sant-to

390 4610 567 4679 χεῖται
601 4605 735 4677 παρ’
768 4607 957 4669 αὑτοῦ,
988 4604 1241 4674 καθάπερ
1272 4606 1463 4674 ἀμέλει
1491 4607 1585 4659 καὶ
1614 4606 1679 4658 ἐκ
1708 4605 1800 4659 τοῦ
1828 4606 1962 4659 Θεοῦ

2071 4609 2408 4662 mentionem
2444 4606 2650 4661 faciunt
2684 4625 2697 4660 :
2733 4623 2857 4660 nam
2876 4608 3100 4662 credere
3132 4606 3185 4660 in
3221 4623 3345 4661 eum
3368 4609 3646 4670 dixerunt,

390 4701 482 4754 καὶ
514 4700 746 4771 Πατρός.
787 4718 806 4750 ι
864 4698 1130 4759 ’Δκούεις,
1167 4700 1473 4766 προχεῖται,
1523 4700 1677 4767 φησι,
1712 4698 1965 4769 καθάπερ

390 4793 486 4848 καὶ
514 4794 578 4846 ἐκ
606 4791 702 4846 τοῦ
736 4792 949 4861 Πατρός
972 4807 986 4821 ο
1021 4790 1159 4844 ἀλλὰ
1190 4793 1497 4861 προχεῖται,
1546 4791 1733 4858 φησιν,
1759 4788 1914 4844 εἶπεν
1937 4794 1965 4846 6

387 4885 565 4954 ἅγιος,
609 4886 711 4939 οὐκ
764 4884 1152 4953 ἐκπορεύεται.
1190 4886 1385 4952 Ἡμεῖς
1429 4884 1484 4936 δὲ
1536 4884 1727 4937 θᾶττον
1778 4888 1962 4949 αὐτοῖς

384 4975 829 5044 ἀπολογούμεθα,
868 4977 951 5028 ὅτι
985 4976 1015 5027 6
1040 4974 1203 5035 αὐτὸς
1244 4973 1565 5037 διδάσκαλος
1606 4976 1883 5043 ἐξηγεῖται
1908 4980 1961 5030 τί

384 5067 448 5119 τὸ
485 5067 770 5135 προχεῖται
804 5063 1056 5134 βούλεται
1089 5065 1233 5119 κατὰ
1274 5065 1363 5119 τὸν
1408 5064 1578 5119 αὑτοῦ
1611 5066 1760 5133 νοῦν,
1797 5071 1855 5123 ἐν
1883 5072 1950 5141 τῇ

384 5156 645 5227 ἐξηγήσει
672 5154 769 5209 τοῦ
800 5155 945 5209 θείου
985 5154 1287 5223 Συμϐόλου,
1316 5154 1445 5210 ἔνθα
1473 5157 1642 5225 φησί·
1681 5175 1701 5208 ι
1743 5160 1950 5213 Διαπε-

2070 4699 2529 4770 quemadmodum
2585 4714 2717 4753 sane
2774 4698 2828 4751 in
2881 4696 3096 4753 Patrem
3164 4706 3219 4752 et
3267 4698 3488 4761 Filium,
3520 4701 3645 4768 quin

2067 4792 2553 4848 consubstantialis
2604 4790 2684 4845 eis
2729 4798 2833 4853 est,
2890 4799 2944 4845 et
2993 4788 3210 4857 proﬂuit
3257 4805 3411 4853 sane,
3462 4790 3513 4844 id
3564 4805 3649 4847 est

2068 4886 2335 4957 procedit,
2370 4884 2538 4938 veluti
2577 4898 2606 4935 a
2646 4882 2818 4947 fonte,
2848 4898 2912 4935 ex
2966 4881 3074 4935 Deo
3108 4894 3161 4935 et
3198 4883 3387 4945 Patre;
3432 4900 3449 4930 ι
3488 4883 3647 4935 exiti-

2069 4982 2229 5036 betur
2263 4993 2391 5031 vero
2437 4989 2702 5030 creatura:
2757 4988 2852 5041 per
2909 4972 3128 5027 Filium.
3175 4973 3470 5028 lnsuiﬂavit
3518 4989 3647 5041 ergo

2066 5089 2125 5141 ,‘n
2181 5074 2331 5143 ipsos
2383 5070 2681 5139 apostolos,
2745 5068 2985 5122 dicens:
3032 5084 3050 5117 ι
3088 5066 3335 5136 Accipite
3385 5065 3645 5135 Spiritum

2066 5176 2317 5221 sanctum
2344 5164 2410 5217 ¹³.
2448 5183 2466 5214 ι
2517 5161 2591 5216 Ex
2636 5163 2764 5225 Deo,
2801 5169 2859 5214 et
2882 5158 3045 5221 Deus,
3084 5158 3319 5227 Spiritus
3346 5168 3448 5223 est,
3488 5174 3586 5213 nec
3611 5179 3643 5213 a

386 5250 645 5321 ράναντες
666 5249 723 5303 δὲ
754 5254 845 5301 τὸν
874 5249 1001 5318 περὶ
1030 5248 1272 5318 Χριστοῦ
1297 5248 1454 5317 λόγον
1480 5250 1530 5303 οί
1558 5254 1953 5323 τρισμακάριοι

2066 5271 2390 5329 quacunque
2422 5269 2678 5325 suprema
2733 5252 3041 5306 substantia
3090 5251 3339 5313 alienus;
3387 5253 3481 5305 sed
3521 5268 3539 5301 ι
3576 5268 3642 5304 ex

384 5344 650 5412 Πατέρες,
682 5342 775 5395 τὸν
814 5340 909 5394 τοῦ
959 5341 1117 5408 ἁγίου
1171 5340 1489 5411 Πνεύματος
1550 5344 1955 5414 διαμνημονεύ-

2066 5371 2145 5417 ea,
2180 5361 2235 5406 et
2278 5351 2333 5404 in
2388 5364 2477 5414 ea,
2530 5356 2585 5401 et
2630 5345 2884 5415 proprius
2932 5347 3070 5411 ejus.
3104 5362 3122 5392 ι
3172 5342 3295 5396 Ηλεο
3343 5344 3508 5411 igitur
3561 5351 3651 5396 est

380 5449 542 5489 ουσι⁶
599 5435 879 5487 πιστεύειν
931 5436 1040 5505 γὰρ
1093 5435 1308 5502 ἔφασαν
1356 5438 1438 5498 εἰς
1488 5437 1643 5499 αὐτὸ,
1702 5439 1953 5509 καθάπερ

2066 5454 2371 5504 sanctorum
2413 5440 2633 5495 Patrum
2691 5448 2839 5493 recta
2873 5447 2927 5492 et
2979 5436 3203 5490 minime
3258 5451 3453 5489 errans
3510 5435 3647 5488 fides

380 5525 573 5593 ἀμέλει
611 5526 689 5587 είς
716 5526 808 5577 τὸν
836 5525 1058 5592 Πατέρα
1087 5525 1180 5577 καὶ
1209 5526 1299 5577 τὸν
1329 5524 1480 5590 Υίὸν,
1530 5526 1818 5595 όμοούσιον
1845 5530 1954 5597 γάρ

2066 5539 2179 5595 sive
2230 5535 2352 5590 fidei
2404 5532 2697 5590 confessio.
2732 5549 2749 5582 ι
2779 5531 2944 5585 Vides
2978 5529 3110 5600 quid
3156 5529 3423 5598 proﬂuere
3471 5527 3640 5597 signi-

380 5620 529 5669 ὲστν
559 5618 763 5677 αὐτοῖς.
800 5615 912 5671 Καὶ
947 5619 1237 5687 προχεῖται
1271 5617 1394 5687 μὲν,
1446 5620 1619 5690 ἤγουν
1654 5623 1953 5690 ἐκπορεύε-

2066 5630 2183 5687 licet
2240 5628 2544 5684 secundum
2604 5632 2854 5680 sanctmn
2902 5622 3196 5692 Cyrillum,
3260 5631 3315 5675 et
3377 5618 3508 5689 quid
3561 5628 3649 5671 est

379 5726 471 5762 ται
509 5708 767 5779 καθάπερ
799 5709 907 5761 ἀπὸ
962 5710 1169 5779 πηγῆς,
1220 5710 1315 5762 τοῦ
1364 5712 1501 5765 Θεοῦ
1533 5712 1629 5768 καὶ
1685 5716 1903 5788 Πατρός
1930 5733 1946 5747 ·

2066 5720 2335 5791 proﬂuere
2388 5726 2442 5775 et
2495 5717 2823 5789 procedere?
2874 5715 2995 5781 Quo
3046 5722 3208 5783 pacto
3271 5728 3367 5768 vos
3416 5708 3649 5765 omnino

490 5886 745 5941 “Matth.
794 5900 849 5953 ι,
893 5885 983 5940 37.
1094 5887 1137 5918 ⁸³
1180 5885 1344 5945 Joan.
1393 5905 1485 5957 xx,
1532 5892 1626 5947 22.

707 5976 986 6045 Parent.
1032 5983 1149 6047 Gn.
1201 5982 1414 6049 CLIX.
3167 5978 3241 6040 36
