4206 6342
477 283 606 348 1131

1633 285 1913 346 JOSEPH
1931 286 1947 341 Ι.
1987 287 2030 343 Μ
2048 285 2302 345 ΕΙἨΟΝ
2319 286 2537 345 ENSIS

3598 282 3736 344 Μ’Ξὲ

468 398 685 454 audetis
738 397 961 465 dicere;
1020 399 1166 452 aliud
1217 414 1373 465 esse,
1433 420 1448 448 ί
1499 398 1751 469 proﬂuit,
1791 420 1807 451 ι
1871 400 2038 463 aliud,

2157 407 2463 473 (ορηγείτιι
2494 403 2547 455 δὲ
2584 407 2647 472 τῇ
2692 405 2885 468 κτίσει,
2925 405 3014 458 διὰ
3061 402 3152 455 τοῦ
3186 399 3335 452 Υἰεῦ.
3387 399 3730 466 ἰἱνεφύστπσε

473 509 490 540 ι
532 490 814 560 procedit;
854 508 871 541 ι
923 500 972 543 et
1029 491 1439 545 caluuiniamiui
1493 501 1743 546 sanciunt
1805 493 1949 546 hunc
1990 501 2042 546 'ct

467 582 610 638 nos?
637 581 1112 645 Reconciliamini,
1147 598 1300 653 rogo,
1338 583 1556 646 fratres,
1587 582 2039 637 reconcilinmini.

468 676 616 730 Idem
649 675 808 731 divus
859 675 1095 745 Cyrilltts
1151 677 1203 729 in
1238 675 1593 745 Expositione
1629 677 1681 730 in
1719 676 2040 747 prophetam

467 763 589 821 Joel
619 783 631 818 :
668 784 687 817 ι
730 765 1020 821 Effundam
1059 767 1125 822 de
1159 765 1369 836 Spiritu
1417 775 1540 822 meo
1591 768 1646 821 in
1678 783 1897 822 omnem
1928 782 2045 820 car-

469 874 596 914 nem
621 859 687 924 “,
724 878 744 910 ι
782 860 898 914 hazc
934 861 1110 929 inquit
1140 881 1154 918 :
1197 879 1214 912 ι
1255 859 1530 926 Profecto,
1577 860 1744 925 Deus,
1769 869 1823 916 et
1844 875 1908 914 ex
1937 860 2044 914 Deo

469 953 774 1006 secundum
827 961 1076 1008 naturam
1127 953 1332 1019 Filius;
1390 954 1611 1025 genitus
1647 954 1794 1008 enim
1847 964 1933 1008 est
1979 967 2044 1006 ex

474 1043 586 1100 Deo
630 1054 686 1099 et
744 1047 905 1101 Patre
943 1065 959 1101 :
996 1048 1250 1118 proprius
1306 1048 1476 1117 ipsius
1531 1056 1586 1103 et
1640 1047 1694 1101 in
1741 1047 1862 1118 ipso
1891 1056 1943 1098 et
1977 1047 2045 1100 ab

470 1138 593 1206 ipso
645 1135 884 1206 Spiritus
922 1147 1041 1202 est,
1105 1138 1562 1208 quemadmodum
1617 1152 1750 1193 sane
1829 1137 1882 1191 in
1927 1136 2047 1206 ipso

470 1230 586 1286 Deo
621 1239 677 1286 et
706 1228 870 1285 Patre
920 1231 1264 1302 intelligitur.
1302 1249 1320 1281 ι
1358 1230 1744 1285 Animadverte
1789 1229 1899 1292 hic,
1949 1227 2047 1282 di—

470 1325 636 1387 lecte,
679 1343 697 1375 ι
739 1323 1246 1394 preprius,inqnit,
1299 1323 1439 1395 ejus,
1470 1331 1523 1377 et
1560 1338 1622 1376 ex
1675 1336 1764 1388 eo,
1807 1317 2047 1391 Spiritus

472 1426 580 1483 est,
619 1418 1081 1487 quemadmodum
1135 1427 1191 1471 et
1240 1431 1308 1471 ex
1359 1415 1539 1470 Patre.
1576 1434 1593 1467 ι
1633 1414 1804 1478 Idem,
1850 1413 1904 1466 in
1940 1424 2048 1466 tra-

471 1510 711 1566 ctatibus
772 1524 869 1578 per
933 1508 1419 1579 interrogationem
1486 1515 1540 1562 et
1598 1508 2041 1577 responsionem,

469 1601 738 1658 adversus
764 1600 1086 1665 Palladium,
1120 1600 1371 1670 proxime
1418 1614 1445 1653 a
1495 1597 1789 1668 principio,
1824 1596 1998 1666 inquit
2031 1616 2045 1649 :

476 1716 496 1749 ι
536 1694 814 1775 Mutabilis
843 1693 1082 1764 Spiritus
1119 1708 1226 1748 non
1265 1702 1381 1758 est;
1422 1691 1506 1744 vel
1549 1691 1595 1746 si
1647 1693 1839 1744 morlio
1867 1699 2048 1742 muta-

471 1788 700 1844 bilitatis
720 1795 1035 1858 aegrotaret,
1065 1785 1168 1857 ipsi
1199 1785 1396 1841 divina:
1425 1795 1633 1839 natura:
1665 1783 1753 1838 hic
1801 1780 2049 1836 defectus

470 1878 863 1944 ascriberetur,
893 1876 1166 1948 siquidem
1215 1875 1309 1930 Dei
1345 1883 1400 1929 et
1454 1874 1654 1939 Patris,
1704 1888 1808 1928 nec
1852 1887 1960 1927 non
1995 1880 2049 1927 et

472 1969 596 2027 Filii
626 1979 730 2034 est,
782 1970 877 2040 qui
923 1968 1290 2024 essentialiter
1335 1983 1400 2022 ex
1451 1974 1685 2036 utroque
1719 1964 1951 2034 (scilicet
1979 1977 2047 2016 ex

472 2061 635 2145 Patre
685 2078 783 2134 per
815 2061 1041 2131 Filium)
1083 2060 1306 2133 proﬂuit
1355 2059 1613 2129 Spiritus.
1653 2077 1672 2110 ι
1717 2056 1950 2116 Audisti,
1995 2064 2051 2108 et

475 2157 564 2212 hic
602 2173 618 2208 ι
648 2154 1022 2211 essentialiter
1052 2169 1121 2210 ex
1153 2163 1408 2222 utroque,
1435 2152 1489 2205 id
1525 2159 1629 2215 est,
1664 2166 1728 2204 ex
1755 2147 1917 2203 Patre
1950 2163 2049 2217 pt‘t‘

474 2252 716 2307 Filium?
744 2271 763 2304 ι
804 2250 945 2317 Quid
988 2249 1136 2304 aliud
1177 2248 1358 2319 potest
1396 2244 1648 2318 intelligi,
1683 2251 2046 2313 printerquani

472 2348 618 2418 quod
652 2363 718 2402 ex
755 2345 912 2402 Patre
952 2352 1008 2400 et
1063 2341 1201 2397 Filio
1230 2340 1513 2412 procedit?
1559 2339 1630 2394 At
1680 2337 2050 2410 jactabuudus

471 2444 623 2498 dices
663 2457 771 2495 non
815 2441 966 2510 poni,
1004 2458 1022 2489 ι
1063 2455 1129 2493 ex
1167 2437 1326 2491 Patre
1356 2442 1412 2489 et
1441 2432 1600 2499 Filio,
1636 2451 1656 2485 ι
1692 2433 1787 2487 sed
1835 2431 2046 2500 simpli-

475 2533 635 2596 citer,
676 2549 694 2583 ι
730 2547 798 2586 ex
851 2529 1011 2583 Patre
1065 2541 1164 2599 per
1207 2523 1433 2588 Filium,
1473 2539 1492 2573 ι
1535 2520 1886 2582 conﬁtemur,
1924 2538 1941 2569 ι
1983 2534 2049 2572 ex

476 2627 634 2681 Patre
660 2638 792 2680 vero
820 2634 875 2680 et
904 2621 1069 2686 Filio,
1108 2639 1126 2674 ι
1161 2632 1531 2688 nequaquam,
1584 2614 1713 2685 quia
1757 2612 1924 2667 dictio
1957 2625 2050 2678 per

473 2731 694 2772 causam
732 2730 841 2768 non
892 2711 1184 2784 signiﬁcat.
1220 2710 1334 2766 Hoc
1389 2717 1446 2764 et
1490 2707 1545 2763 in
1599 2706 1796 2761 faciem
1829 2703 2048 2774 quidam

474 2808 634 2864 nobis
659 2808 940 2862 dixerunt.
973 2804 1017 2862 0
1056 2801 1569 2876 prtesumptioncm!
1603 2815 1724 2870 qua:
1750 2814 1847 2855 vos
1867 2799 2051 2854 videre

474 2900 831 2971 congruentia
853 2913 961 2951 non
999 2895 1150 2952 sinit.
1185 2892 1376 2949 Nonne
1408 2909 1504 2963 per
1542 2891 1768 2947 verbum
1797 2905 1887 2958 per
1916 2906 2052 2943 cau-

476 3012 592 3053 sam
625 3009 918 3066 possumus
958 2990 1264 3061 intelligere
1328 2986 1420 3042 ubi
1452 2985 1584 3041 dicit
1618 2992 1845 3041 sanctus
1881 2981 2050 3037 Joan-

476 3104 575 3142 nes
603 3084 960 3157 evangelista,
986 3101 1005 3135 ι
1039 3080 1236 3137 Omnia
1266 3095 1365 3152 per
1392 3079 1572 3149 ipsum
1608 3077 1748 3132 facta
1769 3086 1900 3132 sunt
1919 3076 1999 3128 ”?
2027 3094 2043 3123 ι
2077 3111 2122 3171 C

474 3177 612 3244 Quis
674 3177 954 3246 negaverit
1012 3190 1255 3242 unquam
1318 3173 1407 3228 hic
1455 3171 1752 3227 dictionem
1798 3185 1899 3236 per
1929 3183 2051 3224 esse

472 3286 736 3335 causam;
764 3278 820 3324 et
856 3283 951 3339 per
987 3283 1108 3322 eam
1159 3265 1356 3320 Filium
1406 3274 1671 3321 creaturae
1709 3279 1932 3319 causam
1970 3263 2055 3316 in-

472 3360 676 3435 telligi?
725 3361 877 3429 Quod
909 3374 1037 3415 vero
1085 3359 1231 3414 idem
1272 3359 1497 3414 denotet
1534 3356 1705 3413 dictio
1753 3373 1844 3425 per
1875 3365 1930 3411 et
1963 3371 2048 3422 ex,

473 3455 708 3511 Basilius
749 3460 805 3508 et
852 3449 1281 3522 Chrysostomus
1323 3449 1406 3502 iu--
1431 3447 1778 3517 expositione
1809 3445 2046 3500 Genesis

476 3549 718 3603 sentiunt
744 3563 759 3600 :
788 3543 882 3599 ubi
920 3544 1051 3598 dicit
1081 3541 1280 3606 Adam,
1313 3561 1329 3593 ι
1371 3540 1598 3596 Possedi
1633 3540 1911 3595 hominem
1959 3552 2054 3605 per

477 3640 648 3695 Deum
685 3640 752 3704 ”,
787 3656 805 3690 ι
857 3636 999 3692 idem
1045 3644 1152 3700 est,
1195 3648 1258 3690 ac
1309 3634 1354 3690 si
1403 3633 1636 3697 diceret,
1684 3650 1704 3682 ι
1745 3647 1810 3686 ex
1843 3630 1987 3695 Deo;
2031 3648 2049 3680 ι

475 3734 623 3790 unde
652 3731 789 3786 alter
821 3728 878 3784 in
912 3738 1147 3782 tractatu
1173 3742 1270 3797 per
1301 3726 1481 3796 capita
1512 3724 1581 3779 ad
1601 3722 2049 3793 Amphilochium

477 3829 553 3883 ita
583 3824 862 3896 explanat,
901 3832 958 3876 et
986 3821 1120 3876 dicit
1150 3837 1163 3874 :
1199 3837 1218 3870 ι
1255 3817 1373 3872 Jam
1417 3831 1547 3872 vero
1591 3816 1894 3871 secundum
1929 3829 2056 3884 pro-

475 3921 746 3976 miscuam
803 3914 1296 3985 significationem,
1347 3911 1516 3967 dictio
1555 3907 1895 3979 pertransit
1950 3925 2051 3962 διε·

477 4025 784 4086 penumero
823 4010 879 4064 in
905 4008 1202 4062 dictionem
1228 4021 1316 4069 ex,
1352 4004 1481 4076 quia
1513 4004 1686 4056 altera
1721 4002 1949 4054 alterius
1984 3998 2058 4054 si-

478 4106 882 4177 gnificationem
915 4100 1020 4154 sibi
1043 4099 1285 4153 vindicat
1311 4116 1328 4147 ι
1360 4106 1439 4158 ut,
1478 4093 1740 4148 d’ossedi
1775 4091 2053 4146 hominem

481 4215 578 4269 per
616 4200 847 4264 Deum“
883 4208 1034 4262 atque
1057 4208 1122 4247 ac
1159 4190 1203 4244 si
1246 4191 1475 4250 diceret,
1515 4206 1532 4238 ι
1574 4204 1639 4242 ex
1672 4187 1804 4242 Deo.
1849 4205 1866 4236 ι
1901 4185 2055 4239 Alter

483 4307 612 4346 vero
652 4291 704 4344 iu
734 4289 803 4344 55
828 4289 884 4342 in
920 4284 1238 4340 Matthwum
1267 4284 1488 4338 homilia
1516 4285 1650 4338 dicit
1688 4301 1701 4336 :
1741 4280 1877 4335 Nam
1911 4279 2059 4335 Scri-

482 4394 640 4456 ptura
676 4381 836 4443 solet,
871 4397 890 4432 ι
931 4396 1026 4450 per
1050 4395 1238 4448 quem,
1272 4395 1290 4429 ο
1326 4376 1508 4432 dicere
1549 4391 1652 4430 rex
1681 4389 1814 4446 quo;
1843 4393 1860 4426 ι
1907 4375 2058 4428 velut

2152 495 2284 562 γοῦν
2317 499 2427 557 τοῖς
2460 497 2635 564 ἁγίοις
2665 498 2982 560 ἀποστόλοις
3009 495 3202 564 λέγων,
3232 514 3248 546 ι
3276 493 3484 547 Λάϐετε
3509 493 3734 556 Πνεῦμα

2156 593 2333 658 ἅγιον.
2365 610 2382 642 ι
2405 591 2497 642 Ἐκ
2524 589 2681 656 Θεοῦ,
2710 590 2802 642 καὶ
2830 590 2960 651 Θεῦς
2983 590 3042 642 τὸ
3061 589 3287 655 Πνεῦμά
3317 589 3450 638 ἐστι.
3492 585 3595 636 Καὶ
3625 584 3733 633 οὐκ

2151 682 2438 752 ἀλλότριον
2469 682 2566 750 τῆς
2609 680 2872 734 ἀνωτάτω
2911 681 3091 746 πάσης
3134 678 3342 739 οὐσίας.
3386 674 3502 728 ἀλλ’
3535 673 3592 737 ἐξ
3625 675 3732 725 αῦ-

2151 775 2248 845 τῆς
2279 792 2338 828 τε
2365 776 2459 827 καὶ
2487 775 2542 826 ἐν
2571 775 2732 844 αὐτῇ,
2761 773 2855 826 καὶ
2889 772 3020 826 ἴδιον
3062 769 3232 839 αὐτῆς
3261 787 3274 798 ·
3320 768 3456 837 αῦτη
3510 766 3608 835 μὲν
3638 764 3734 817 οῦν

2149 868 2256 919 τῶν
2290 866 2464 932 ἁγίων
2512 867 2772 936 Πατέρων
2812 866 2846 936 ἡ
2878 863 3172 932 εὐθυτενὴς
3203 861 3296 914 καὶ
3339 859 3729 924 ἀπλανεστάτη

2151 963 2355 1023 πίστις,
2391 959 2508 1029 ἦτοι
2543 960 2640 1024 τῆς
2673 959 2912 1020 πίστεως
2949 955 3234 1027 ὁμολογία.
3284 973 3300 1004 ι
3334 952 3564 1013 Βλέπεις
3596 952 3648 1002 τί
3671 949 3734 999 τὸ

2152 1055 2439 1123 προχεῖται
2487 1051 2742 1120 σημαίνει
2779 1051 2918 1102 κατὰ
2951 1049 3042 1102 τὸν
3081 1049 3234 1116 ἅγιον
3280 1043 3595 1112 Κύριλ).ον;
3632 1042 3732 1092 καὶ

2152 1146 2268 1208 πῶς
2302 1145 2497 1199 ταυτόν
2539 1147 2652 1197 ἐστι
2705 1143 2767 1196 τὸ
2798 1141 3120 1212 προχεῖσθαι
3149 1140 3243 1208 τῷ
3283 1135 3731 1204 ὲκπορεύεσθαις

2153 1238 2278 1301 Πῶς
2313 1238 2472 1308 ὑμεῖς
2501 1237 2636 1300 ὅλως
2659 1235 2895 1305 τολμᾶτε
2923 1233 3126 1300 λέγειν,
3162 1229 3328 1282 ’Λλλο
3356 1228 3474 1280 ἐστὶ
3508 1226 3569 1278 τὸ
3593 1242 3732 1296 προι-

2152 1334 2352 1402 χεῖται,
2387 1331 2477 1383 καὶ
2513 1329 2640 1384 ἄλλο
2671 1329 2731 1382 τὸ
2759 1327 3159 1396 ἐκπορεύεται·
3195 1323 3292 1377 καὶ
3340 1321 3733 1387 συκοφαντεῖτε

2153 1425 2242 1479 τὸν
2269 1426 2423 1492 ἅγιον
2449 1423 2636 1476 τοῦτον
2669 1422 2764 1474 καὶ
2794 1420 2976 1489 huic;
3020 1415 3358 1485 Διαλλάγητε
3396 1411 3728 1483 παρακαλῶ,

2150 1516 2392 1584 ἀδελφοὶ.
2423 1515 2774 1585 διαλλάγητε.
2813 1514 2874 1567 Ὀ
2904 1513 3067 1576 αὐτὸς
3108 1511 3248 1573 θεῖος
3282 1507 3547 1579 Κύρι).λος
3574 1505 3633 1560 ὲν
3663 1507 3730 1574 τῇ

2150 1610 2422 1681 ἑρμηνείᾳ
2463 1611 2529 1680 τῇ
2563 1610 2642 1671 είς
2691 1607 2783 1661 τδν
2811 1607 3104 1676 προφήτην
3155 1601 3327 1673 Ἰωὴλ,
3374 1600 3492 1666 τοῦ,
3531 1619 3550 1652 ι
3609 1601 3734 1654 Ἐκ-

2155 1703 2262 1772 χεῶ
2308 1703 2417 1755 ἀπὸ
2448 1700 2543 1755 τοῦ
2597 1699 2916 1769 Πνεῦματός
2954 1716 3055 1766 μου
3107 1698 3198 1750 ἐπὶ
3245 1697 3427 1749 πᾶσαν
3465 1693 3664 1763 σάρκα,
3706 1710 3724 1740 ι

2153 1795 2332 1849 τοιάδε
2357 1795 2546 1863 λέγει’
2589 1815 2608 1845 ι
2647 1790 2724 1846 Ἦ
2756 1791 2855 1863 μὲν
2888 1791 2994 1861 γάρ
3035 1792 3154 1842 ἐστι
3186 1788 3340 1851 Θεὸς,
3373 1788 3467 1839 καὶ
3500 1787 3562 1836 ὲκ
3593 1780 3730 1834 Θειιῦ

2149 1889 2291 1944 κατὰ
2316 1886 2476 1957 φύσιν
2504 1887 2532 1939 6
2573 1885 2724 1950 Υἱὸς,
2758 1885 3052 1953 γεγένηται
3089 1882 3199 1950 γὰρ
3242 1883 3305 1935 ἐκ
3338 1879 3430 1933 τοῦ
3462 1875 3599 1930 Θεοῦ
3635 1875 3734 1928 καὶ

2153 1981 2388 2050 Πατρδς,
2423 1980 2561 2034 ἴδιον
2603 1977 2772 2032 αὑτοῦ
2805 1995 2866 2031 τε
2895 1977 2992 2032 καὶ
3039 1977 3097 2028 ἐν
3133 1974 3309 2042 αὐτῷ,
3345 1973 3438 2025 καὶ
3479 1970 3536 2037 ἐξ
3567 1969 3732 2021 αὑτοῦ

2151 2074 2210 2127 τὺ
2237 2073 2466 2142 Πνεῦμά
2496 2073 2637 2140 ἐστι,
2668 2071 2922 2140 καθάπερ
2948 2070 3140 2140 ἀμέλει
3164 2069 3261 2121 καὶ
3284 2065 3370 2121 ἐπ’
3399 2063 3563 2118 αὑτοῦ
3598 2066 3735 2114 νοεῖς

2151 2181 2240 2217 ται
2287 2163 2382 2218 τοῦ
2432 2161 2569 2215 Θεοῦ
2603 2163 2700 2215 καὶ
2758 2163 2993 2233 Πατρός.
3032 2180 3051 2212 ι
3103 2159 3385 2229 Ἐννόησον
3425 2155 3732 2218 κᾶνταῦίυ,

2150 2257 2441 2327 dirumpe-
2505 2255 2633 2308 ἴδιόν
2698 2271 2862 2324 φησιν
2921 2252 3111 2307 αὐτοῦ.
3169 2253 3280 2306 Καὶ
3335 2253 3394 2316 ἐξ
3448 2249 3611 2303 αὑτοῦ
3676 2248 3737 2300 τὸ

2156 2346 2381 2417 ΙΙνεῦμά
2413 2350 2580 2412 ἐστιν,
2613 2347 2803 2417 ὥσπερ
2832 2347 2928 2400 καὶ
2969 2347 3035 2400 ὲκ
3067 2346 3160 2399 τοῦ
3205 2345 3437 2415 Πατρός.
3476 2344 3537 2396 '0
3570 2343 3733 2406 αὐτὸς

2153 2444 2210 2495 ὲν
2240 2444 2350 2504 τοῖς
2387 2441 2522 2512 πρὸς
2554 2441 2850 2495 Παλλάδιον
2867 2440 3333 2510 Ἀντιρῤητικοῖς
3368 2439 3508 2493 κατὰ
3536 2439 3734 2491 πεῦσιν

2153 2535 2246 2589 καὶ
2266 2536 2557 2603 ἀπόκρισιν
2576 2533 3007 2602 λόγοις,ἒγγιστα
3030 2533 3131 2602 τῆς
3148 2533 3342 2604 ἀρχῆς,
3371 2533 3526 2601 φησί·
3556 2549 3576 2582 ι
3599 2533 3739 2601 Τρεο

2154 2625 2286 2679 τιτὸν
2315 2627 2369 2679 δὲ
2396 2625 2510 2678 οῦτι
2546 2643 2649 2679 που
2681 2626 2742 2680 τὸ
2774 2624 3002 2691 Πνεῦμά
3040 2627 3222 2678 ἐστιν·
3257 2624 3290 2695 ἢ
3327 2625 3485 2694 ετπερ
3514 2625 3574 2677 τὸ
3609 2626 3728 2692 τρέ-

2153 2719 2350 2771 πεσθαι
2383 2721 2545 2784 νοσεῖ,
2581 2716 2670 2771 ἐπ’
2709 2716 2882 2786 αὐτὴν
2908 2719 2937 2771 6
2963 2717 3156 2787 μῶμος
3183 2717 3285 2787 τὴν
3317 2717 3468 2769 θείαν
3499 2717 3738 2784 ἀναδρα-

2157 2814 2338 2880 μείται
2378 2811 2560 2881 φύσιν,
2598 2813 2758 2880 εἴπερ
2789 2811 2909 2865 ἐστὶ
2943 2809 3039 2864 τοῦ
3071 2809 3209 2863 Θεοῦ
3244 2809 3336 2863 καὶ
3377 2811 3606 2878 Πατρδς,
3639 2800 3736 2862 καὶ

2157 2901 2263 2970 μὴν
2294 2902 2386 2954 καὶ
2411 2900 2503 2954 τοῦ
2534 2901 2687 2964 Υίοῦ,
2723 2901 2783 2954 τὸ
2813 2900 3088 2964 οὑσιωδῶς
3115 2901 3176 2966 ἐξ
3219 2900 3444 2970 ἀμφοῖν,
3475 2903 3643 2972 ἡγουν
3669 2902 3738 2954 ἐκ

2155 2994 2375 3065 Πατρδς
2404 2996 2471 3047 δι’
2500 2993 2628 3046 Υἱοῦ
2680 2995 3051 3065 προχεόμενον
3103 2993 3351 3063 Πνεῦμα.
3391 3014 3411 3047 ι
3453 2995 3739 3054 Ἤκουσας

2155 3086 2436 3140 κάνταῦθα
2464 3087 2524 3139 τὸ
2556 3087 2827 3150 οὐσιωδῶς
2855 3086 2915 3152 ἐξ
2941 3087 3165 3156 ἀμφοῖν,
3206 3086 3395 3155 ἤγουν,
3425 3089 3489 3140 ὲκ
3522 3088 3737 3154 Πατρὸς

2155 3178 2224 3232 δι’
2266 3179 2423 3234 Υίοῦ.
2462 3179 2527 3231 Τί
2557 3179 2601 3232 δ’
2634 3178 2762 3232 ἄλλο
2795 3178 3021 3234 δύναται
3054 3180 3339 3248 νοηθῆναι,
3371 3179 3403 3250 ἢ
3435 3180 3517 3233 ὅτι
3549 3181 3613 3234 ἔκ
3642 3179 3734 3231 τοῦ

2157 3271 2372 3342 Harpe;
2413 3272 2510 3324 καὶ
2539 3272 2604 3325 ὲκ
2632 3271 2727 3324 τοῦ
2759 3269 2892 3325 Υίοῦ
2919 3272 3279 3342 ἐκπορεύεται
3308 3289 3324 3339 ;
3371 3271 3530 3324 Ἀλλὰ
3563 3289 3738 3341 μεγα-

2155 3366 2434 3434 λαυχήσας
2462 3364 2631 3433 ἐρεῖς,
2668 3363 2745 3426 ὡς
2777 3362 2839 3416 οὐ
2867 3364 3046 3415 κεῖται
3083 3364 3148 3416 ἐκ
3175 3363 3270 3416 τοῦ
3311 3363 3522 3432 [ἰατρὸς
3550 3364 3647 3415 καὶ
3676 3366 3740 3415 ἐκ

2154 3452 2250 3506 τοῦ
2287 3451 2439 3517 rios,
2489 3452 2604 3505 ἀλλ’
2631 3450 2821 3515 ἁπλῶς
2856 3454 2923 3506 ὲκ
2964 3450 3179 3522 Harpe;
3219 3453 3286 3505 δι’
3321 3451 3477 3507 Υίοῦ.
3529 3454 3603 3506 Τὸ
3638 3455 3740 3522 μὲν

2157 3546 2267 3615 γὰρ
2293 3546 2357 3597 ἐκ
2386 3544 2602 3615 Πατρδς
2626 3544 2694 3598 δι’
2726 3544 2880 3610 Υίοῦ,
2910 3542 3284 3615 ὁμολογοῦμεν
3311 3561 3324 3576 ·
3355 3546 3417 3600 τὸ
3462 3546 3518 3600 δὲ
3549 3546 3612 3598 ἐκ
3642 3544 3739 3600 τοῦ

2159 3635 2371 3708 Πατρδς
2411 3637 2505 3689 καὶ
2535 3638 2600 3689 ἐκ
2629 3635 2724 3689 τοῦ
2748 3635 2904 3702 Υίοῦ,
2938 3636 3190 3708 οὐδαμῶς
3211 3651 3225 3667 ·
3258 3637 3396 3691 διότι
3430 3640 3465 3709 ἡ
3524 3637 3645 3702 διὰ,
3675 3639 3737 3689 οὐ

2158 3731 2416 3800 σημαίνει
2456 3729 2659 3782 αἰτίαν.
2689 3727 2862 3782 Τοῦτο
2891 3729 3002 3798 γάρ
3024 3746 3169 3793 τινες
3200 3729 3294 3783 καὶ
3332 3728 3415 3794 είς
3448 3729 3744 3800 πρόσωπον

2159 3825 2289 3892 ἡμῖν
2312 3822 2541 3893 ἔφησαν.
2577 3820 2683 3873 Φεῦ
2717 3821 2814 3891 τῆς
2837 3820 3160 3891 προλήψεως
3186 3823 3199 3875 l
3227 3823 3349 3892 ἥτις
3380 3823 3481 3875 οὐκ
3509 3823 3574 3892 ἐᾷ
3600 3823 3744 3891 ὑμᾶς

2162 3916 2292 3971 ἰδεῖν
2319 3918 2387 3970 τά
2425 3917 2795 3984 προσήκοντα.
2825 3913 2920 3984 Μὴ
2945 3918 3054 3983 γὰρ
3085 3917 3146 3967 οὐ
3180 3914 3458 3982 δυνάμεθα
3618 3913 3744 3977 διὰ,

2158 4009 2340 4066 αἰτίαν
2366 4008 2561 4079 νοῆσαι
2590 4024 2605 4076 ;
2635 4007 2762 4060 ἔνθα
2792 4010 2960 4076 φησὶν
2985 4009 3013 4061 6
3042 4007 3197 4075 ἅγιος
3231 4007 3486 4078 Ἰωάννης
3514 4010 3543 4061 6
3581 4009 3746 4074 εὐαγ-

2160 4099 2438 4170 γελιστὴς,
2477 4118 2496 4151 ι
2533 4100 2722 4152 Πάντα
2755 4099 2821 4152 δι’
2871 4098 3038 4153 αὐτοῦ
3080 4101 3319 4167 ἐγένετο,
3357 4117 3378 4152 ι
3411 4099 3497 4164 τίς
3542 4101 3609 4154 ἂν
3641 4101 3748 4169 ἀρ-

2161 4192 2388 4260 νήσαιτο
2420 4190 2497 4261 μὴ
2534 4189 2675 4244 εἶναι
2721 4189 2959 4244 ἐνταῦθα
2998 4191 3097 4261 τὴν
3121 4191 3222 4244 διὰ
3269 4192 3456 4246 αἰτίαν
3481 4208 3498 4258 ;
3525 4192 3621 4246 καὶ
3649 4193 3743 4244 τὸν

2164 4286 2291 4339 Υίὸν
2318 4288 2491 4341 αἴτιον
2518 4285 2616 4355 τῆς
2644 4286 2878 4349 κτίσεως
2903 4285 3156 4339 νοεῖσθαι
3184 4288 3273 4346 διὰ
3301 4287 3658 4356 ταύτης.”οτι
3685 4286 3767 4338 δὲλ

2166 4379 2364 4432 ταυτὸν
2396 4381 2429 4448 ή
2461 4378 2560 4432 διὰ
2593 4382 2656 4449 τῇ
2682 4379 2751 4431 ἐκ
2793 4377 3061 4447 βούλεται,
3101 4378 3382 4440 Βασίλειος
3412 4379 3506 4432 καὶ
3536 4379 3750 4446 Χρυσό-

483 4497 608 4534 cum
643 4477 812 4542 dicit,
852 4495 869 4527 ι
911 4473 1135 4528 Possedi
1167 4472 1446 4526 hominem
1495 4485 1593 4540 per
1631 4469 1797 4524 Deum
1823 4507 1838 4532 ,
1880 4486 1898 4520 ι
1945 4483 2055 4522 non

2168 4488 2366 4542 στομος
2392 4471 2455 4524 τὸ
2493 4471 2626 4524 αὐτὸ
2654 4471 2936 4537 βούλονται
2963 4472 3021 4522 ἐν
3061 4470 3142 4539 τῷ
3180 4470 3360 4536 λέγειν
3387 4469 3750 4539 ἐξηγούμενοι

483 4571 778 4626 secundam
807 4583 1048 4630 causam,
1088 4568 1183 4619 sed
1227 4564 1457 4634 primam
1494 4563 1666 4632 magis
1692 4562 2055 4630 apponendo;

483 4674 539 4718 ct
570 4665 763 4717 iterum
801 4676 813 4711 :
855 4659 1078 4713 «Nonne
1109 4673 1174 4711 ex
1211 4657 1318 4711 er
1342 4654 1640 4711 declaratio
1670 4669 1860 4708 eorum
1894 4664 1979 4708 est
2002 4654 2053 4706 ᾗ

484 4757 552 4810 Et
592 4757 786 4810 beatus
815 4752 1052 4829 Cyrillus
1084 4750 1137 4803 in
1191 4748 1422 4818 epistola
1475 4747 1542 4801 ad
1575 4744 1908 4809 Nestorium,
1940 4760 2061 4814 quae

486 4849 677 4917 incipit
711 4863 726 4901 :
761 4865 778 4897 ι
817 4846 1116 4911 Nugantur,
1162 4851 1221 4897 ut
1255 4841 1445 4903 audio,
1489 4840 1737 4910 quidam,
1767 4856 1785 4890 ι
1827 4841 2002 4907 inquit
2045 4856 2060 4892 :

491 4963 510 4995 ι
559 4942 792 4996 Necesse
826 4950 908 4994 est
937 4936 1188 4992 cnntiteri
1227 4936 1373 5004 quod
1405 4934 1709 4989 secundum
1739 4946 1960 4986 carnem
1992 4945 2057 4984 ex

2163 4564 2224 4617 τὸ
2243 4566 2301 4616 ὲν
2328 4565 2394 4634 τῇ
2411 4563 2627 4616 Γενέσει
2654 4562 2943 4630 εἰρημένον
2968 4561 3120 4631 παρὰ
3145 4558 3238 4613 τοῦ
3276 4559 3474 4631 Ἀδὰμ,
3499 4576 3521 4612 ‹
3555 4561 3750 4627 Ἔκτη-

2167 4658 2348 4726 σάμην
2412 4655 2704 4723 ἄνθρωπον
2761 4653 2847 4705 διὰ
2900 4652 2996 4705 τοῦ
3018 4651 3155 4704 Θεοῦ
3179 4666 3196 4682 ο
3231 4669 3251 4703 ι
3279 4651 3474 4706 ταυτὸν
3503 4650 3752 4721 δηλονότι

2168 4753 2343 4804 είπεῖν
2368 4749 2446 4817 τῷ
2478 4749 2543 4801 ὲκ
2590 4745 2682 4799 τοῦ
2716 4745 2853 4797 Θεοῦ
2885 4762 2896 4774 ·
2937 4744 3059 4797 ὅθεν
3087 4747 3116 4797 6
3159 4743 3280 4811 μὲν,
3304 4744 3361 4796 ὲν
3404 4742 3484 4811 τῷ
3537 4743 3618 4806 εἰς
3655 4743 3752 4794 τὶν

2180 4842 2536 4913 Ἀμφιλόχιον
2583 4839 2952 4906 κεφαλαιώδει
2984 4838 3153 4906 λόγῳ,
3190 4835 3336 4890 οὕτω
3363 4836 3616 4905 διασαφεῖ
3652 4834 3752 4888 καί

2168 4953 2333 5006 φησιν
2367 4951 2379 4965 ·
2417 4953 2437 4987 ι
2474 4933 2613 5002 Ἤδη
2644 4933 2699 4985 δὲ
2739 4931 2834 4985 καὶ
2864 4931 3001 4996 πρὸς
3041 4928 3108 4982 τὰ
3140 4929 3232 4982 ὑπ’
3261 4928 3513 4996 ἀλλήλων
3547 4945 3751 4996 σημαι-

491 5035 721 5089 muliere
764 5043 922 5086 natus
956 5037 1060 5085 est.
1103 5049 1119 5079 ι
1157 5028 1223 5083 Ει
1253 5035 1373 5096 post
1412 5041 1582 5094 pauca
1617 5038 1633 5078 :
1667 5043 1685 5074 ι
1720 5023 1954 5078 Genitos
1984 5033 2055 5077 csl

2165 5029 2388 5095 νόμενα,
2420 5024 2683 5085 πολλάκις
2733 5024 3189 5092 ἀντιμεθίσταται
3213 5021 3247 5091 ἡ
3279 5019 3380 5074 διὰ
3407 5023 3472 5090 τῇ
3501 5019 3590 5080 ἐκ,
3618 5021 3748 5072 ὅταν

492 5125 790 5181 secundum
837 5138 935 5177 nos
979 5137 1044 5175 es
1073 5122 1322 5173 muliere.
1359 5137 1378 5170 ι
1410 5117 1726 5186 Siepiusque
1771 5116 1824 5168 in
1875 5115 2055 5169 eaden.

2166 5120 2198 5187 ἡ
2240 5117 2405 5187 ἑτέρα
2471 5116 2570 5183 τῆς
2624 5114 2816 5180 ἑτέρας
2873 5111 3153 5182 σημασίαν
3188 5110 3602 5180 ἁντιλαμϐάνῃ·
3637 5104 3748 5162 οἷον

494 5217 721 5288 epistola
747 5215 1018 5285 reperitur
1042 5228 1167 5266 eum
1202 5212 1509 5280 promiscue
1541 5211 1618 5263 uti
1657 5209 2063 5278 praepositioni-

494 5309 598 5361 bus
633 5305 738 5368 his,
777 5313 835 5357 ut
876 5301 1314 5357 indiﬂ’erentibus
1345 5309 1400 5354 et
1425 5301 1568 5354 idem
1601 5299 2064 5370 significantibus,

493 5396 705 5452 scilicet
734 5409 827 5463 per
855 5401 908 5448 et
932 5408 996 5446 ea:
1031 5390 1230 5445 Paulus
1259 5389 1541 5459 apostolus
1581 5390 1649 5444 ad
1682 5390 1902 5442 Galatas
1937 5390 2013 5440 ait
2049 5403 2060 5440 :

477 5507 520 5539 σι
567 5487 710 5541 Misit
741 5485 882 5540 Deus
912 5483 1106 5538 Filium
1128 5500 1287 5538 suum
1330 5482 1531 5537 factum
1574 5499 1638 5538 ex
1666 5483 1892 5536 muliere
1925 5485 1989 5536 ”.
2044 5500 2062 5531 ι

496 5579 564 5633 Ει
596 5594 784 5634 rursus
809 5577 952 5634 idem
995 5577 1120 5631 alibi
1160 5596 1174 5631 :
1215 5594 1233 5626 ι
1271 5575 1424 5630 Unus
1469 5577 1612 5632 Deus
1649 5584 1702 5629 et
1751 5574 1937 5640 Pater,
1976 5574 2064 5628 in-

573 5760 614 5796 “
651 5757 769 5818 Joel
799 5774 858 5829 ιι,
886 5758 976 5815 28.
1079 5759 1119 5791 ⁸³
1145 5757 1300 5813 Joan.
1338 5772 1375 5824 I,
1406 5757 1457 5812 5.
1572 5758 1746 5812 “Gen
1801 5775 1870 5824 iv,
1911 5758 1957 5812 ι.

2179 5207 2536 5276 Ἑκτησάμην
2570 5206 2858 5273 ἄνθρωπον
2881 5205 2969 5256 διὰ
2993 5204 3087 5255 τοῦ
3119 5203 3278 5267 Θεοῦ,
3317 5201 3432 5256 ἴσον
3472 5203 3647 5272 λέγων
3671 5203 3752 5272 τῷ

2169 5302 2232 5353 ὲκ
2265 5299 2424 5351 Θεοῦ.
2470 5317 2487 5347 δ
2537 5299 2593 5350 'U
2632 5297 2711 5361 δὲ,
2744 5301 2800 5349 ὲν
2832 5301 2896 5366 τῇ
2927 5297 3021 5349 τοῦ
3065 5297 3204 5349 κατὰ
3242 5297 3521 5350 Ματθαῖον
3556 5312 3755 5364 πεντη-

2173 5391 2342 5457 κοστῇ
2385 5391 2542 5458 τρίτῃ
2588 5388 2800 5458 ὁμιλίᾳ,
2853 5390 3040 5458 φησιν,
3097 5407 3114 5439 ι
3154 5386 3276 5442 Οἵδε
3323 5391 3430 5458 γὰρ
3474 5389 3550 5441 δι’
3580 5385 3663 5453 οῦ,
3694 5387 3754 5440 τὸ

2175 5482 2264 5549 ὑφ’
2297 5476 2360 5535 οῦ
2399 5482 2583 5549 λέγειν
2614 5485 2644 5547 ἡ
2675 5482 2865 5550 Γραφή
2890 5498 2901 5511 ·
2931 5480 3002 5543 ὡς
3036 5483 3165 5534 ὃταν
3191 5482 3351 5552 λέγῃ,
3396 5481 3755 5549 Ἐκτησάμην

2177 5573 2467 5642 ἄνθρωπον
2498 5573 2586 5626 διὰ
2616 5572 2712 5626 τοῦ
2743 5574 2903 5638 Θεοῦ,
2931 5574 2992 5625 οὑ
3023 5573 3361 5628 ἐδ-δεύτερον
3391 5577 3585 5639 αἴτιον,
3620 5575 3760 5631 ἀλλὰ

2038 5760 2075 5790 ιτ
2111 5758 2285 5813 Galul.
2320 5773 2392 5825 tv,
2430 5758 2480 5811 4.
