4206 6342
611 388 751 459 1185

1770 395 2085 456 JOSEPHI
2131 393 2688 454 ME'I‘HONENSIS

3743 388 3893 456 H36

605 509 738 579 pile,
771 521 836 561 ex
886 505 1043 561 Patre
1084 522 1179 576 per
1226 507 1444 575 Filium,
1478 516 1663 579 aperte
1693 511 1891 564 clamat
1935 529 1947 564 :
1991 520 2048 565 et
2088 525 2183 563 ws

2292 506 2363 574 τῷ
2395 507 2563 573 ὁγιῖξῳ
2588 509 2680 558 καὶ
2709 508 2781 576 τῷ
2809 507 3248 577 τρισκαιδεκάτῳ
3277 507 3389 558 τῶν
3419 503 3749 573 θεολογικῶν
3783 511 3853 559 α.)
3879 527 3901 536 -

607 617 799 670 magna
825 616 956 656 voce
991 599 1225 654 canitis:
1266 620 1283 650 ι
1320 599 1559 669 Spiritus
1599 601 1895 656 bonitatem
1931 616 2180 657 commu-

612 695 820 752 nicans.
854 709 919 747 ex
957 693 1111 746 Patre
1138 708 1236 762 per
1274 704 1324 746 te
1359 693 1681 761 procedens.
1729 713 1747 744 ι
1795 692 1856 746 Et
1881 697 1940 748 in
1971 710 2184 749 canone

609 785 812 840 domini
848 783 1195 852 Theophanis
1225 786 1278 839 in
1301 785 1682 848 Pentecosten,
1715 787 1817 841 ode
1845 797 1995 840 sexta
2025 805 2039 840 :
2072 785 2183 840 «Tu

607 877 804 933 ﬂumen
835 879 1052 933 deitatis
1079 894 1142 932 ex
1173 879 1330 934 Patre
1364 895 1459 948 per
1492 879 1686 934 Filium
1716 880 2037 948 procedens.
2073 899 2091 931 ι
2131 880 2183 934 ld

609 981 814 1039 tamen,
846 987 1157 1043 quanquam
1198 971 1446 1042 psallitis,
1480 974 1784 1042 abnegatis.
1822 975 1890 1028 At
1934 989 2033 1027 nos
2060 987 2183 1027 cum

609 1063 860 1116 audimus
901 1073 1121 1118 sanctos
1155 1080 1218 1119 ea
1246 1065 1409 1120 verba
1439 1078 1587 1134 saepe
1609 1065 1877 1129 dicentes,
1910 1066 2184 1119 interdum

611 1156 829 1226 quidem
859 1170 951 1208 «ex
985 1155 1142 1213 Patre
1175 1168 1229 1212 et
1263 1155 1426 1211 FlliO)
1465 1157 1582 1212 sine
1613 1158 1868 1214 articulo.
1910 1157 2184 1212 interdum

610 1263 742 1301 vero
795 1269 812 1299 ε
853 1265 919 1303 ex
961 1249 1119 1304 Patre
1170 1258 1223 1304 ct
1279 1247 1438 1315 Filio,
1473 1268 1490 1300 ι
1527 1265 1650 1302 cum
1681 1250 1934 1315 articulo,
1966 1259 2020 1304 et
2059 1267 2078 1300 ‹
2122 1264 2187 1302 ex

613 1342 771 1396 i‘atre
802 1356 897 1410 per
928 1339 1176 1404 Filium,»
1207 1353 1260 1396 et
1295 1357 1390 1395 rex
1422 1340 1578 1394 Patre
1600 1350 1655 1396 et
1675 1357 1737 1395 ex
1773 1340 1927 1406 Filio,
1964 1361 1981 1392 ι
2018 1349 2068 1395 et
2099 1354 2190 1394 es-

613 1434 915 1489 sentialiter
945 1449 1007 1489 ex
1042 1433 1327 1498 ambobus,
1359 1445 1413 1488 et
1438 1449 1499 1488 ex
1545 1444 1775 1502 utroque
1805 1433 2069 1502 procedit,
2105 1432 2189 1486 in-

615 1529 910 1597 telligimus
932 1527 1221 1582 dictionem
1253 1541 1345 1595 per
1365 1541 1485 1582 esse
1503 1541 1722 1581 causam
1756 1539 1918 1594 quam
1938 1525 2190 1605 Theodo-

613 1621 752 1673 ritus
786 1635 910 1674 cum
944 1630 1091 1673 metti
1128 1629 1181 1672 ct
1206 1619 1431 1673 horrore
1463 1617 1613 1672 vitat.
1637 1618 1987 1686 Resipiscite,
2017 1625 2070 1671 et
2094 1632 2188 1672 vos

609 1729 727 1777 oro,
753 1723 810 1766 ut
840 1711 1089 1766 rideatis.
1123 1712 1190 1763 At
1213 1713 1335 1779 quia
1360 1709 1729 1765 Theodoritus
1748 1712 2040 1765 damnatus
2062 1711 2184 1775 fuit,

610 1821 734 1858 cum
791 1803 1119 1858 sanctissimi
1172 1804 1408 1872 Spiritus
1456 1804 1862 1873 processionern
1914 1803 2077 1856 etiam
2122 1817 2184 1856 ex

610 1895 748 1950 Filio
788 1896 1079 1967 procedere
1129 1911 1238 1949 non
1274 1895 1561 1965 reciperet,
1611 1895 1721 1950 imo
1751 1895 1872 1949 libri
1929 1896 2044 1966 ejus
2092 1909 2190 1948 ex-

612 1987 996 2043 communicati
1031 1996 1184 2054 sunt,
1218 2002 1355 2056 qnos
1381 1987 1645 2042 adversus
1677 2000 1885 2041 sacrum
1927 1986 2188 2054 Cyrillum

614 2077 872 2148 scripsit,
924 2077 1051 2132 audi
1116 2077 1334 2131 tertium
1390 2076 1661 2132 decimum
1717 2085 1879 2145 caput
1932 2091 1994 2129 ex
2054 2078 2191 2129 actis

614 2169 965 2225 meumenicae
1004 2172 1207 2238 quinta:
1242 2168 1438 2240 synodi
1481 2183 1494 2221 :
1545 2168 1632 2224 «Si
1668 2169 1791 2237 quis
1822 2169 1984 2237 impia
2013 2165 2191 2220 Theo-

614 2264 773 2319 d0riti
804 2264 1003 2332 scripta
1044 2264 1342 2333 capesserit
1371 2262 1635 2318 adversus
1676 2273 1877 2317 rectam
1911 2261 2096 2331 Cyrilli
2124 2260 2189 2314 ii-

614 2357 735 2409 dem
773 2355 892 2424 ejus
924 2353 1212 2409 duodecim
1246 2354 1446 2424 capita,
1491 2354 1634 2408 idem
1667 2369 1791 2407 eum
1829 2352 2118 2407 Theodoro
2139 2361 2193 2407 et

613 2447 866 2502 Nestorio
893 2445 1206 2510 senticntia,
1250 2460 1312 2500 ea
1348 2456 1403 2501 et
1433 2461 1619 2500 eorum
1650 2446 1983 2514 impietatem
2009 2445 2195 2499 defen-

614 2541 814 2606 dendo,
847 2555 943 2596 nec
965 2539 1511 2594 anathematizaverit
1544 2547 1671 2594 ante
1697 2539 1843 2593 dicta
1879 2539 2104 2608 scripta,
2135 2548 2192 2592 ct

613 2648 705 2686 eos
733 2634 822 2702 qui
854 2632 1048 2688 similia
1083 2632 1166 2686 his
1205 2641 1494 2687 senserunt
1528 2630 1611 2685 vel
1636 2630 1901 2694 sentiunt,
1927 2640 1981 2684 et
2001 2646 2191 2684 omnes

617 2725 706 2794 qui
733 2725 994 2778 adversus
1019 2733 1220 2778 rectam
1255 2722 1429 2777 sancti
1456 2721 1642 2792 Cyrilli
1671 2721 1829 2775 [idem
1851 2721 2192 2791 conscripse-

620 2825 765 2879 runt,
798 2815 1082 2869 duodecim
1107 2815 1224 2883 ejus
1247 2813 1444 2883 capita,
1468 2821 1522 2865 ct
1559 2813 1611 2866 in
1642 2829 1703 2867 ea
1740 2813 2018 2884 impietate
2044 2814 2191 2868 obie-

619 2918 741 2961 runt
808 2907 1098 2961 anathema
1133 2905 1225 2958 sit.
1268 2924 1285 2955 ι
1316 2903 1578 2959 Similiter
1623 2914 1810 2959 saneta
1843 2915 1994 2957 sexu
2025 2918 2189 2973 syno-

613 3005 739 3065 ilus,
771 2999 952 3069 capite
987 3013 1133 3054 nono
1170 2997 1382 3066 inquit:
1416 3013 1433 3046 ι
1468 2994 1525 3049 Si
1548 2996 1672 3063 quis
1701 2996 2017 3051 Theodoriti
2047 2998 2191 3051 scri-

614 3104 696 3158 pta
737 3093 997 3146 adversus
1037 3099 1240 3143 rectam
1273 3089 1449 3142 sancti
1485 3088 1668 3158 Cyrilli
1712 3087 1872 3143 iidem
1911 3105 2022 3144 non
2057 3106 2190 3144 ana-

2291 596 2386 646 τοῦ
2428 597 2767 663 κεφαλαίων,
2810 600 2875 650 ἔκ
2905 599 3114 668 Πατρὶς
3151 597 3220 651 δι’
3246 597 3374 650 Υίοῦ
3401 597 3700 668 διαρρήδην
3875 615 3893 629 ·

2291 691 2381 740 καὶ
2413 689 2569 757 ὑμεῖς
2601 689 2654 742 δὲ
2684 691 2896 764 μεγάλῃ
2915 693 2980 762 τῇ
3018 694 3168 760 φωνῇ
3205 689 3414 761 ᾄδετε,‹
3448 691 3676 759 Πνεῦμα
3709 709 3890 756 μετα-

2288 782 2500 834 δοτικδν
2533 781 2893 851 ἀγαοότητος,
2933 785 2996 837 ἐκ
3032 783 3245 852 Πατρὸς
3287 783 3375 836 διὰ
3413 783 3506 835 σοῦ
3543 785 3893 854 προερχόμε-

2289 892 2395 928 νον.
2434 894 2450 924 ι
2476 876 2563 927 Ἐν
2593 874 2649 927 δὲ
2677 875 2756 944 τῷ
2791 875 2977 928 κανόνι
2999 875 3077 946 τῷ
3108 878 3190 938 είς
3218 877 3317 945 τὴν
3351 876 3751 945 Πενττικοστὴν,
3783 879 3888 930 τοῦ

2290 966 2395 1034 κῦρ
2447 967 2753 1035 θεοφάνους
2784 967 2840 1020 ἐν
2884 969 2950 1038 τῇ
2983 967 3121 1038 ἕκτῃ
3148 968 3260 1040 ᾠῖῇ
3297 983 3309 996 ·
3342 985 3360 1017 ι
3395 968 3466 1021 Σὺ
3495 968 3605 1036 γὰρ
3635 969 3890 1035 uorago;

2290 1055 2570 1126 θεότητος,
2620 1059 2684 1110 ἐκ
2727 1058 2939 1126 Πατρὶς
2970 1057 3037 1110 δι’
3079 1057 3210 1110 Υίοῦ
3267 1057 3674 1128 προερχόμενον
3704 1073 3749 1107 ἰ
3787 1060 3891 1108 καὶ

2291 1151 2440 1218 ὅμως
2471 1151 2518 1203 εί
2552 1150 2645 1204 καὶ
2673 1150 2928 1220 ipsum,
2961 1152 3217 1221 ἀρνεῖσθε
3244 1168 3258 1183 ⁸
3293 1153 3458 1221 ἡμεῖς
3481 1152 3539 1204 δὲ
3562 1153 3692 1204 ὅταν
3721 1149 3892 1204 ἀκού-

2293 1260 2477 1312 σωμεν
2515 1246 2627 1298 τῶν
2675 1243 2850 1311 ἁγίων
2905 1244 3194 1315 πολλαχῶς
3244 1244 3514 1312 λεγῧντων
3566 1244 3666 1314 τὴν
3721 1244 3887 1312 piis»

2290 1337 2512 1407 ταύτην,
2540 1337 2668 1391 ποτὲ
2690 1337 2793 1406 μὲν
2814 1358 2830 1389 ι
2854 1338 2919 1391 ὲκ
2944 1339 3154 1409 [ἰατρὸς
3184 1338 3280 1390 καὶ
3301 1336 3487 1403 Υιοῦ,›
3511 1337 3642 1390 ποτὲ
3660 1337 3738 1400 δὲ,
3766 1359 3785 1386 ι
3811 1339 3878 1387 ἐκ

2290 1428 2385 1482 τοῦ
2403 1431 2613 1498 [ἰατρὸς
2635 1431 2727 1484 καὶ
2752 1429 2850 1484 τοῦ
2885 1431 3033 1496 Υίοῦ,
3050 1449 3068 1482 ι
3092 1430 3242 1494 καὶ,‹
3274 1432 3338 1483 ἐκ
3368 1430 3578 1499 Πατρὸς
3605 1428 3672 1480 δι’
3693 1428 3837 1486 Υἱοῦ,
3854 1446 3878 1475 ι

2294 1524 2508 1588 κα“”,‹ἒκ
2529 1523 2738 1592 Πατρὸς
2760 1527 2852 1576 καὶ
2876 1523 2934 1587 ἐξ
2959 1522 3107 1585 Υίοῦ,
3123 1541 3140 1574 ι
3173 1525 3265 1574 aut
3291 1524 3349 1588 ἐξ
3369 1522 3570 1591 ἀμφοῖν
3584 1519 3884 1582 οὖσιωδῶς,

2291 1619 2386 1669 καὶ
2439 1616 2498 1680 ἐξ
2536 1616 2870 1686 ἀμφοτέρων
2932 1616 3325 1686 ἐκπορεύεται,
3361 1614 3591 1681 νοοῦμεν
3620 1613 3718 1683 τὴν
3757 1613 3879 1672 διὰ,

2291 1707 2472 1761 αἰτίαν
2503 1725 2514 1739 ·
2546 1707 2613 1778 ἣν
2663 1711 2690 1760 ὁ
2740 1707 3069 1775 Θεοδὼριτος
3131 1709 3270 1771 μετά
3303 1706 3469 1775 φόὸου
3525 1707 3618 1760 καὶ
3667 1708 3876 1776 τρόμου

2292 1800 2507 1867 φεύγει.
2557 1799 2866 1870 Ἐκνήψατε
2887 1801 2982 1852 καὶ
3000 1800 3158 1866 ὑμεῖς
3193 1798 3500 1867 παρακαλῶ
3523 1801 3668 1861 ὅπως
3703 1800 3872 1866 ῐόητε.

2310 1893 2446 1947 Ἀλλ’
2476 1893 2556 1945 ὅτι
2584 1891 2678 1945 καὶ
2714 1894 2740 1945 ὁ
2759 1893 3090 1964 Θεοδώριτος
3124 1892 3515 1961 κατεδικάσθη,
3552 1892 3629 1962 μὴ
3657 1892 3878 1961 δεχόμε-

2296 2002 2384 2048 νος
2418 1984 2518 2052 τήν
2571 1986 2901 2053 ὲκπόρευσιν
2951 1985 3047 2037 τοῦ
3103 1987 3374 2053 παναγίου
3421 1983 3736 2054 Πνεύματος
3787 1983 3879 2033 καὶ

2294 2077 2401 2130 ἀπὸ
2453 2076 2546 2129 τοῦ
2582 2077 2737 2140 Υίοῦ,
2777 2077 2982 2145 μᾶλλον
3026 2079 3082 2130 δέ
3115 2094 3178 2146 γε
3236 2093 3332 2130 κα.
3385 2075 3780 2146 ἀφωρίσθησειν
3809 2075 3878 2128 τὰ

2298 2169 2712 2238 συγγράμματα
2747 2166 2912 2221 αὐτοῦ
2958 2168 2994 2222 ἀ
3040 2169 3351 2240 συνέγραψε
3381 2169 3526 2224 κατά
3574 2168 3672 2221 τοῦ
3718 2168 3878 2236 ἁγίου

2299 2261 2599 2328 Κυρίλ>.ου,
2649 2261 2886 2314 ἄκουσον
2924 2263 3225 2329 κεφάλαιον
3266 2261 3719 2328 τρισκαιδέκατον
3767 2260 3880 2314 ἀπδ

2294 2352 2403 2406 τῶν
2437 2354 2759 2424 πρακτικῶν
2817 2358 2916 2425 τῆς
2953 2355 3117 2422 ἁγίας
3175 2357 3273 2408 καὶ
3307 2355 3695 2425 οίκουμενικῆς
3736 2355 3880 2423 πέμ-

2297 2461 2437 2513 πτης
2495 2446 2735 2499 συνόδου⁹
2781 2466 2799 2498 ι
2852 2447 2916 2500 Εἴ
2955 2463 3040 2511 τις
3085 2449 3447 2502 ἀντιποιεῖται
3497 2448 3604 2501 τῶν
3662 2447 3879 2500 ἀσεϐῶν

2295 2537 2748 2606 συγγραμμάτων
2800 2539 3158 2608 Θεοδωρίτου,
3211 2540 3321 2593 τῶν
3370 2539 3513 2593 κατὰ
3558 2540 3659 2609 τῆς
3708 2539 3880 2608 ὀρθῆς

2297 2626 2529 2689 πίστεως
2564 2629 2658 2681 καὶ
2701 2628 2794 2683 τοῦ
2835 2631 3129 2702 Κυρίλὶου,
3179 2633 3274 2684 καὶ
3313 2631 3421 2684 τῶν
3466 2633 3676 2686 δώδεκα
3712 2630 3877 2686 αὑτοῦ

2295 2719 2632 2787 κεφαλαίων,
2668 2722 2776 2773 τῶν
2829 2723 2897 2776 τά
2936 2723 3078 2777 αύτά
3123 2726 3235 2788 τοῖς
3273 2729 3697 2795 προειρημένοις
3751 2726 3883 2778 Θεο-

2294 2811 2451 2881 δώρῳ
2481 2815 2576 2865 καὶ
2635 2812 2913 2884 Νεστορίῳ
2954 2819 3364 2886 φρονησάντων,
3399 2820 3635 2871 ἐκδικῶν
3680 2818 3878 2881 αὐτούς

2294 2922 2352 2958 τε
2383 2905 2477 2957 καὶ
2516 2905 2615 2976 τὴν
2645 2907 2826 2960 αὐτῶν
2873 2909 3156 2975 ἀσέϐειαν,
3186 2910 3318 2963 ἀλλὰ
3365 2913 3442 2980 μὴ
3482 2913 3878 2982 ἀναθεματίζει

2294 2996 2361 3050 τὰ
2387 2999 2655 3067 εἰρημένα
2686 3000 2853 3070 ἀσεϐῆ
2892 3004 3326 3073 συγγράμματα,
3352 3005 3592 3069 καὶτοὺς
3618 3009 3685 3058 τὰ
3713 3007 3880 3076 ὅμοια

2295 3091 2483 3154 αὐτοῖς
2516 3094 2896 3162 φρονήσαντας
2931 3096 2961 3164 ἢ
2993 3096 3352 3168 φρονοῦντας,
3386 3101 3479 3153 καὶ
3510 3101 3719 3163 πάντας
3749 3101 3878 3166 τοὺς

613 3184 1065 3246 thematizaverit,
1121 3190 1176 3235 et
1231 3181 1512 3250 epistolam
1558 3195 1676 3251 qua:
1729 3180 1832 3235 Iba:
1886 3181 2090 3236 dicitur
2133 3192 2189 3237 et

2293 3184 2612 3252 γράψαντας
2684 3188 2826 3240 κατά
2864 3187 2964 3257 τῆς
3019 3188 3191 3260 ὀρθῆς
3239 3191 3480 3255 πίστεως
3525 3195 3620 3248 καὶ
3673 3194 3768 3248 τοῦ
3814 3197 3875 3248 ὲν

610 3279 960 3332 Theodorum
993 3275 1359 3344 Mopsucstiaa,
1391 3283 1446 3329 et
1477 3275 1675 3342 scripta
1728 3274 1845 3345 ejus
1874 3285 1965 3330 εει
1991 3277 2034 3330 si
2068 3278 2192 3345 quis

608 3368 784 3425 sancti
810 3366 991 3437 Cyrilli
1028 3365 1228 3435 scripta
1259 3379 1366 3416 non
1396 3364 1686 3432 receperit,
1720 3379 1892 3434 eaque
1915 3367 2191 3437 praecipue

609 3475 732 3528 qua:
760 3458 1020 3512 adversus
1041 3457 1416 3518 Theodorum,
1451 3455 1871 3522 Theodoritum,
1909 3457 2187 3514 Andream

607 3565 664 3605 et
695 3548 1026 3613 Nestorium,
1075 3557 1132 3602 et
1164 3562 1256 3602 eos
1302 3548 1392 3616 qui
1421 3547 1616 3602 similia
1667 3548 1874 3604 eisdem
1915 3551 1994 3606 vel
2026 3551 2186 3604 alit-ui

609 3661 802 3701 eorum
848 3654 1158 3707 senserunt,
1214 3645 1295 3698 vel
1346 3644 1609 3708 sentiunt,
1655 3645 1961 3714 conscripta
2019 3654 2186 3712 sunt,

610 3741 902 3794 anathema
938 3738 1063 3792 sit.)
1102 3737 1312 3792 Similia
1360 3746 1554 3804 quarta
1584 3737 1922 3790 (ecunienica
1947 3736 2189 3805 etsepti-

613 3848 695 3883 ina
729 3831 970 3899 synodus
999 3830 1304 3884 continent.
1342 3827 1498 3894 Quod
1520 3837 1703 3881 autem
1729 3826 1896 3881 dictio
1924 3843 2037 3895 per,
2063 3843 2186 3880 eum

612 3923 680 3974 de
732 3919 869 3974 Filio
900 3921 1119 3985 dicitur,
1157 3919 1393 3974 medium
1442 3917 1782 3973 demonstret
1823 3917 2190 3986 processiouis

612 4013 912 4066 sanctisimi
949 4011 1183 4082 Spiritus
1207 4026 1271 4065 ex
1298 4011 1482 4073 Patre,
1503 4009 1627 4064 audi
1652 4008 2026 4063 admirabilem
2053 4009 2187 4065 Gre-

611 4105 822 4176 gorium
853 4105 1155 4174 Nysseuum
1197 4104 1250 4157 in
1293 4117 1544 4158 sermone
1577 4105 1643 4156 ad
1689 4102 1998 4166 Abiahium,
2031 4103 2188 4171 cujus

613 4200 829 4253 initium
863 4215 875 4251 τ
909 4215 926 4248 ι
963 4195 1067 4250 Vos
1097 4199 1188 4266 qui
1227 4195 1280 4249 iu
1311 4196 1412 4250 [ide
1445 4200 1617 4264 vegeti
1653 4195 1810 4258 estis,
1861 4211 2077 4263 aequum
2104 4204 2187 4248 est

611 4290 756 4342 omni
778 4297 973 4342 conatu
1006 4290 1308 4349 decertare,
1341 4304 1464 4337 i—r
1503 4287 1843 4340 ldentitatem
1873 4295 2080 4339 naturae
2110 4285 2186 4338 la-

614 4392 811 4446 tentes,
852 4378 1256 4433 distinctfonem
1285 4392 1403 4446 quae
1427 4385 1512 4431 est
1543 4377 1842 4430 secundum
1873 4390 2098 4430 causam
2129 4384 2184 4429 et

611 4485 893 4528 eausatum
935 4487 1041 4526 non
1076 4485 1361 4540 negamus,
1393 4470 1444 4522 in
1467 4484 1574 4538 quo
1607 4480 1816 4522 tantum
1846 4467 2076 4522 alterum
2117 4467 2185 4522 ab

2293 3277 2468 3344 ἁγίοις
2506 3278 2803 3347 Κυρίλλου,
2847 3281 2942 3334 καὶ
2968 3283 3076 3334 τῶν
3101 3283 3308 3337 δώδεκα
3339 3285 3507 3340 αὐτοῦ
3537 3287 3874 3355 κεφαλαίων,

2294 3370 2387 3422 καὶ
2441 3371 2498 3421 ὲν
2555 3374 2619 3440 τῇ
2672 3374 2899 3444 τοιαύτῃ
2961 3373 3188 3443 ἀσεϐείᾳ
3229 3378 3687 3448 τελευτήσαντας,
3746 3383 3879 3436 ἀνά·-

2292 3458 2454 3528 οεμα.
2498 3478 2516 3511 θ
2565 3460 2807 3529 ὐμοίως
2841 3464 2935 3518 καὶ
2967 3465 3156 3534 ήάγία
3189 3467 3322 3537 ἕκτη
3359 3469 3598 3534 σύνοδος,
3623 3473 3682 3522 ἐν
3711 3489 3878 3540 κεφαο

2291 3549 2428 3621 λαίῳ
2472 3552 2645 3623 ἐνάτῳ
2678 3556 2883 3624 φησιν’
2923 3576 2942 3608 ι
2988 3558 3053 3610 Et'
3096 3575 3177 3621 τις
3217 3560 3317 3612 οὐκ
3366 3561 3761 3629 ἀναθεματίζει
3806 3565 3878 3621 τὰ

2293 3644 2705 3714 συγγράμματα
2756 3647 3090 3717 Θεοδωρίτω
3129 3652 3197 3704 τὰ
3249 3653 3392 3706 κατὰ
3435 3653 3538 3724 τῆς
3569 3654 3736 3725 ὀρθῆς
3782 3656 3875 3710 πί-

2294 3751 2464 3796 στεως
2496 3734 2591 3788 τοῦ
2629 3737 2786 3805 ἀγίου
2825 3740 3118 3808 Κυρίλλου,
3152 3743 3246 3795 καὶ
3276 3745 3374 3816 τὴν
3409 3745 3712 3817 λεγομένην
3755 3750 3876 3805 Ἰεα

2289 3827 2603 3899 ἐπιστολὴν,
2636 3829 2732 3881 καὶ
2763 3829 3095 3902 Θεοδωριτον
3123 3835 3216 3888 τὸν
3241 3837 3643 3906 Μοψουεστίας,
3677 3844 3771 3893 καὶ
3805 3843 3876 3897 τὰ

2293 3921 2705 3989 συγγράμματα
2739 3922 2931 3988 αὑτοῦ,
2969 3926 3066 3979 καὶ
3092 3926 3147 3979 εἴ
3178 3943 3263 3991 τις
3289 3931 3351 3981 οὐ
3386 3931 3598 4002 δέχεται
3637 3935 3705 3987 τὰ
3737 3953 3874 4003 συγ-

2290 4011 2552 4081 γράματα
2583 4011 2676 4065 τοῦ
2707 4013 2865 4078 ἁγίου
2895 4013 3184 4085 Κυρίλλου,
3234 4021 3328 4074 καὶ
3360 4022 3598 4091 μάλιστα
3635 4027 3701 4079 τὰ
3726 4030 3873 4082 κατὰ

2290 4103 2689 4174 Θεοδώρου,καὶ
2719 4107 3075 4179 Θεοδωρίτου,
3110 4112 3204 4164 καὶ
3251 4113 3520 4185 Ἀνδρέου,
3545 4121 3639 4172 καὶ
3673 4119 3880 4173 Νεστο-

2295 4195 2531 4264 ρίου,κού¹
2567 4198 2677 4250 τῶν
2709 4199 2777 4251 τά
2801 4200 2967 4268 ὅμοια
2992 4203 3180 4266 αὐτοῖς
3211 4209 3306 4260 καὶ
3343 4208 3427 4260 ἑνὶ
3452 4211 3638 4265 αὐτῶν
3667 4229 3873 4284 πεφρο-

2289 4285 2534 4354 ντικότων
2573 4287 2605 4355 ἢ
2643 4292 3008 4357 φρονούντων,
3031 4294 3284 4365 ἀνάθεμα
3299 4297 3461 4353 ἔστω.
3488 4319 3506 4351 ι
3535 4302 3614 4356 Τά
3633 4306 3789 4370 ὃμοια
3814 4308 3875 4358 δὲ

2290 4378 2386 4430 καὶ
2404 4377 2436 4444 ἡ
2454 4378 2692 4448 τετάρτη
2714 4379 3072 4454 οίκουμενικὴ
3093 4385 3332 4456 σύνοδος,
3359 4391 3454 4445 καὶ
3479 4395 3507 4462 ἡ
3535 4393 3735 4466 ἑϐδόμη
3753 4396 3873 4452 δια-

2290 4469 2681 4540 λαμὸάνουσιν.
2707 4473 2828 4527 ὀτι
2855 4476 2913 4527 δὲ
2937 4478 2968 4546 ἠ
2988 4476 3087 4534 διὰ
3101 4477 3369 4554 λεγομένη
3391 4485 3484 4537 ἐπὶ
3502 4486 3597 4541 τοῦ
3616 4487 3748 4541 Υίοῦ
3772 4508 3873 4559 με-

611 4568 780 4620 altero
810 4565 1066 4634 distingui
1098 4562 1452 4631 percipimus,
1479 4562 1608 4630 quia
1642 4562 1788 4614 hunc
1815 4574 2035 4614 causam
2059 4575 2182 4614 esse

2297 4561 2498 4613 σιτείαν
2529 4561 2680 4632 δηλοί
2705 4563 2807 4633 τῆς
2836 4542 3066 4636 προόδου
3108 4542 3202 4624 τοῦ
3230 4542 3506 4643 ὶτωᾷγεου
3551 4542 3870 4649 Πνεύματος

608 4659 882 4713 credimus
910 4668 925 4714 :
960 4657 1095 4709 alter
1125 4671 1250 4708 vero
1272 4672 1393 4708 cum
1422 4671 1487 4707 cx
1514 4670 1696 4717 causa,
1734 4663 1790 4708 et
1833 4669 1898 4707 eo
1931 4655 2076 4722 quod
2102 4662 2185 4707 est

610 4769 676 4805 ex
717 4766 876 4804 causa
916 4750 984 4804 sit
1015 4750 1174 4801 aiiam
1218 4761 1405 4800 rursus
1456 4745 1868 4814 intelligentiam
1923 4745 2183 4814 intelligi-

611 4861 732 4898 mus
771 4860 783 4894 :
822 4843 907 4894 hic
965 4841 1107 4893 enim
1157 4839 1490 4892 immeditate
1523 4852 1588 4891 ex
1625 4837 1802 4906 primo
1828 4880 1840 4902 ,
1881 4835 2016 4888 alter
2055 4851 2182 4888 vero

613 4950 706 5002 per
738 4948 861 4986 eum
895 4932 984 4997 qui
1020 4929 1333 4982 immediate
1383 4945 1445 4982 ex
1478 4929 1654 4996 primo
1693 4935 1794 4980 est.
1827 4928 2010 4996 Itaque
2042 4927 2180 4982 Uni-

610 5024 771 5093 geniti
818 5023 954 5075 ratio
1005 5019 1226 5073 indubie
1258 5021 1308 5071 in
1334 5017 1474 5072 Filio
1507 5027 1708 5080 manet,
1741 5028 1797 5071 et
1828 5019 1970 5086 quod
2013 5019 2184 5086 Spiri-

612 5130 698 5168 tus
729 5114 886 5166 sitex
917 5112 1093 5173 Patre,
1130 5124 1237 5162 nou
1281 5108 1508 5162 dubium
1556 5118 1640 5162 est
1689 5108 1739 5161 id
1798 5122 1897 5177 per
1939 5107 2181 5161 medium

614 5209 732 5263 Filii
759 5222 903 5269 esse,
947 5206 1091 5273 quod
1124 5204 1300 5257 cidem
1344 5204 1448 5272 ipsi
1487 5213 1540 5257 et
1582 5202 1860 5272 Uuigeniti
1919 5203 2182 5255 rationem

610 5308 854 5354 reservat
887 5315 900 5351 :
942 5307 996 5351 et
1036 5296 1295 5364 Spiritum
1331 5296 1396 5348 ab
1421 5311 1483 5348 ea
1529 5311 1650 5365 quze
1702 5294 1964 5348 naturalis
1998 5304 2081 5347 est
2115 5293 2182 5346 ad

610 5393 824 5447 Patrem
865 5389 1124 5443 relatione
1158 5403 1264 5441 non
1297 5388 1600 5458 prohibet.»
1641 5385 1750 5440 Hoc
1784 5388 1928 5449 loco,
1963 5395 2184 5441 sanctus

612 5485 698 5538 ltic
726 5483 791 5536 de
823 5483 1114 5550 conjuncta
1164 5481 1513 5546 discretaque
1566 5480 1832 5549 theologia
1870 5493 2182 5531 sermonem

611 5577 840 5637 hahens,
876 5574 941 5627 ad
997 5575 1167 5642 ipsam
1217 5572 1625 5626 distinetionem
1666 5572 1979 5627 divinarum
2033 5573 2184 5625 venit

608 5681 1009 5736 personarum,
1053 5665 1448 5733 distinguitque
1499 5680 1593 5718 eas
1631 5679 1819 5728 causa,
1854 5679 1916 5717 ae
1946 5663 2125 5732 inquit
2163 5681 2176 5715 :

615 5771 634 5802 c
675 5753 931 5806 ESSCIIliiC
989 5762 1043 5804 ct
1074 5760 1280 5803 natura:
1311 5751 1654 5805 identitatcm
1690 5752 2041 5812 eonliteutes,
2075 5770 2092 5799 ι
2125 5751 2176 5805 id

610 5853 713 5909 est,
743 5845 859 5913 eius
890 5846 1144 5898 unionem
1181 5842 1402 5912 (quippe
1430 5857 1553 5898 eum
1582 5859 1745 5899 unum
1781 5843 1891 5900 sint
1920 5853 2027 5901 tres
2050 5861 2174 5914 ρετ-

2293 4655 2358 4706 ὲκ
2386 4653 2481 4705 τοῦ
2526 4656 2760 4727 Πατρὸς,
2793 4659 3030 4714 ἄκουσον
3068 4662 3164 4716 τοῦ
3202 4666 3521 4736 θαυμαστοῦ
3563 4670 3872 4742 Γρηγορίου

2292 4745 2386 4798 τοῦ
2423 4747 2670 4818 Νύσσης,
2722 4751 2974 4817 λέγοντος
3008 4755 3066 4808 ὲν
3096 4756 3174 4826 τῷ
3233 4758 3371 4828 πρὸς
3417 4762 3704 4818 ’Λϐλάὁιον
3725 4765 3872 4836 λόγῳ

2293 4836 2476 4902 αὑτοῦ,
2502 4839 2562 4890 οὗ
2593 4841 2625 4908 ὴ
2661 4841 2828 4912 ἀρχὴ,
2861 4861 2881 4893 ι
2922 4843 3100 4914 ’Υμᾶς
3133 4846 3187 4899 δὲ
3207 4847 3417 4903 δίκαιον
3444 4854 3568 4915 τοὺς
3601 4854 3870 4923 ἀκμάζονο

2301 4944 2387 4989 τας
2405 4929 2460 4978 ἐν
2485 4931 2624 5000 πάσῃ
2639 4931 2864 5002 δυνάμει
2883 4934 3321 5006 διαγωνίζεσθαι,
3351 4960 3370 4992 ι
3393 4971 3459 4983 —-
3493 4961 3513 4996 ι
3535 4944 3872 5017 Τδάπαράλ-

2293 5019 2493 5072 λακτον
2529 5025 2624 5089 τῆς
2660 5025 2875 5092 φύσεως
2923 5029 3337 5097 ὁμολογοῦντες,
3373 5035 3472 5105 τὴν
3503 5037 3644 5090 κατὰ
3695 5040 3753 5092 τὸ
3782 5040 3871 5092 αι’-

2293 5128 2407 5165 τιον
2439 5119 2531 5164 καὶ
2587 5115 2831 5169 αίτιατὸν
2869 5117 3135 5190 διαφορὰν
3180 5124 3279 5177 οὐκ
3324 5127 3662 5196 ἀρνούμεθα.
3702 5131 3792 5184 Ἐν
3823 5126 3869 5199 ᾧ

2297 5204 2446 5274 μόνῳ
2481 5205 2857 5277 διακρίνεσθαι
2894 5212 2953 5262 τὸ
2994 5213 3184 5284 ἕτερον
3221 5217 3318 5270 τοῦ
3362 5219 3550 5288 ἑτέρου
3583 5223 3870 5296 καταλαμ-

2297 5297 2569 5366 ϐάνομεν·
2604 5297 2682 5368 τῷ
2725 5303 2786 5352 τὸ
2819 5303 2916 5371 μὲν
2946 5306 3119 5358 αἴτιον
3167 5309 3447 5363 πιστεύειν
3484 5308 3644 5375 εἶναι,
3689 5319 3748 5368 τὸ
3792 5319 3871 5383 δὲ,

2297 5393 2361 5442 ὲκ
2392 5391 2483 5442 τοῦ
2514 5394 2689 5445 αἰτίου
2718 5396 2812 5448 καὶ
2846 5397 2941 5450 τοῦ
2976 5399 3036 5462 ἐξ
3066 5404 3244 5464 αἰτίας
3279 5403 3450 5469 ὄντος,
3502 5409 3672 5479 ἀλλην
3706 5413 3870 5466 πάλιν

2295 5482 2556 5552 διαφορὶν
2588 5486 2877 5556 ἐννοοῦμεν
2903 5505 2917 5519 '
2946 5493 3005 5543 τὸ
3041 5493 3141 5561 μὲν
3175 5497 3303 5564 γὰρ,
3357 5500 3644 5569 προσεχῶς
3674 5503 3738 5556 ὲκ
3770 5505 3866 5560 τοῦ

2293 5574 2538 5642 πρώτου,
2585 5575 2647 5627 τὸ
2679 5577 2735 5629 δὲ
2781 5579 2869 5633 διὰ
2921 5581 3008 5633 τοῦ
3074 5587 3354 5654 προσεχῶς
3396 5589 3458 5639 ὲκ
3509 5590 3603 5642 τοῦ
3649 5594 3865 5661 πρώτου

2293 5663 2434 5717 ὥστε
2473 5668 2565 5720 καὶ
2610 5669 2672 5720 τὸ
2721 5673 3006 5738 μονογενὲς
3045 5675 3415 5745 ἁναμφίὸολον
3450 5681 3544 5734 ἐπὶ
3593 5684 3688 5736 τοῦ
3740 5687 3865 5740 Υίοῦ

2290 5759 2494 5824 μένειν,
2569 5759 2663 5812 καὶ
2731 5761 2791 5814 τὸ
2838 5765 2901 5812 ἐκ
2969 5768 3181 5835 [ἰατρὸς
3215 5763 3357 5821 εἶναι
3410 5769 3472 5822 τὸ
3519 5771 3744 5844 Πνεῦμα
3786 5777 3863 5847 μὴ

2289 5852 2655 5921 ἀμφιϐάλλειν
2695 5855 2796 5926 τῆς
2835 5856 2929 5910 τοῦ
2968 5856 3098 5910 Υίοῦ
3126 5860 3429 5928 μεσιτείας,
3471 5863 3564 5914 καὶ
3593 5863 3772 5935 ἑαυτῴ
3805 5869 3862 5918 τὸ
