4170 6280
588 401 727 466 1139

1745 397 2060 457 JOSEPIII
2094 397 2144 455 Μ
2158 396 2247 454 ΕΤ
2261 395 2642 456 llONENSlS

3705 391 3756 454 ῙῙ
3779 393 3833 453 i0

584 519 688 572 lius
736 529 886 571 meus
926 512 1195 580 dilectus,
1249 514 1301 568 in
1350 529 1459 583 quo
1501 513 1628 568 mihi
1673 511 1977 581 complacui
2014 511 2078 562 ‘9.
2129 527 2144 557 ι

2294 510 2408 580 ρῴα
2438 509 2644 563 ἄνωθεν
2679 506 3056 578 μαρτυροῦσα,
3094 524 3112 558 ι
3148 503 3315 568 Οὗτός
3341 505 3487 558 ἐςτιν
3513 506 3540 557 6
3573 505 3696 566 Ti";
3725 524 3822 574 μου

584 609 665 664 Ad
699 610 822 672 hos,
852 608 947 677 qui
977 605 1171 661 divina:
1203 605 1459 660 Ecclesia:
1497 605 1754 672 dogmata
1793 604 2120 656 subvertant
2145 641 2158 662 ,

583 713 638 757 et
672 700 1082 772 Scripturarum
1117 698 1500 753 rectitudinem
1532 705 1850 766 pervertunt
1879 733 1894 756 ,
1931 710 2159 762 respon-

586 794 823 848 dendum
850 790 1107 848 existimo
1139 806 1152 843 :
1188 789 1517 845 Ebrietatem
1547 787 1801 842 discutite
1828 801 2005 856 prava:
2033 802 2126 839 διιη
2145 814 2158 824 ς

587 886 776 951 sionis,
820 895 874 940 et
911 884 1130 938 malitia:
1152 923 1166 945 ,
1204 881 1466 937 facientes
1501 882 1781 934 hominem
1815 879 2163 933 circumscri-

591 990 741 1047 ptum
768 992 916 1041 eum,
940 976 1033 1045 qui
1070 981 1151 1030 est
1174 974 1488 1028 indefinitus
1533 980 1588 1025 et
1615 969 2118 1038 incircumscriptus
2145 986 2159 1033 ;

595 1078 651 1124 ut
684 1067 1026 1139 splendidum
1051 1066 1298 1122 veritatis
1327 1066 1508 1119 lumen
1538 1062 1964 1131 circumspicere
1987 1060 2167 1112 valea-

595 1167 684 1231 tis,
716 1175 768 1218 et
801 1160 1085 1216 nobiscum
1127 1160 1193 1213 ad
1226 1157 1516 1214 Dominum
1557 1158 1818 1218 clamare,
1853 1175 1869 1204 ι
1911 1154 2049 1209 Vere
2078 1151 2165 1206 Fi-

593 1258 702 1310 lius
739 1255 830 1308 Dei
865 1270 957 1320 es;
1003 1273 1020 1306 ι
1070 1262 1125 1307 et
1173 1251 1353 1306 omnia
1404 1263 1746 1320 quascunque
1799 1247 1961 1302 habet
2005 1247 2166 1300 Pater

595 1362 740 1412 tuus,
772 1354 830 1398 ut
859 1346 1021 1405 Deus.
1059 1355 1110 1396 et
1146 1353 1198 1396 tu
1232 1342 1439 1396 habes:
1479 1351 1678 1409 tuaque
1705 1338 1889 1394 divina
1927 1335 2165 1406 potentia

593 1448 785 1492 .nncta
820 1435 1230 1504 complecteris,
1264 1447 1327 1488 ac
1362 1441 1466 1486 tua:
1514 1431 1702 1486 matris
1751 1427 2164 1489 intercessione,

595 1535 867 1604 placidum
907 1533 1168 1604 Spiritum
1230 1530 1388 1585 nobis
1443 1525 1664 1592 reddis,
1715 1524 1805 1593 qui
1867 1521 2165 1578 bonitatem

594 1626 990 1689 communicat.
1028 1635 1082 1679 et
1114 1642 1130 1675 ι
1177 1639 1240 1677 οι
1287 1621 1447 1676 Patre
1492 1633 1586 1687 per
1632 1627 1682 1669 te
1721 1633 1738 1663 ι
1783 1610 2045 1681 procedit.
2104 1607 2169 1661 Et

597 1735 785 1774 rursus
813 1734 939 1775 cum
979 1717 1053 1771 sis
1082 1713 1613 1778 incircumscriptus.
1644 1707 1712 1761 mi
1773 1703 1903 1759 lesu
1961 1712 2014 1756 et
2062 1700 2168 1754 Do-

597 1815 744 1868 mine
783 1850 799 1874 .
833 1823 1144 1880 quanquam
1195 1807 1250 1860 in
1294 1803 1532 1859 Jordane
1565 1800 1836 1862 consists,
1884 1807 2166 1865 paternum

2264 605 2290 654 6
2315 602 2594 670 ἀγαπητὸς
2625 603 2686 653 ὲν
2732 594 2775 668 ᾧ
2807 599 3103 670 ηὑδόκησα.
3144 617 3164 650 ι
3206 598 3349 664 Πρὸς
3390 598 3446 651 δδ
3476 599 3696 659 τούτους
3730 598 3833 663 φά-

2265 713 2350 745 ναι
2382 694 2491 744 δεῖν
2523 691 2896 758 ὑπολαμῦἁνω
2945 692 3069 752 τοὺς
3111 693 3180 742 τὰ
3216 690 3332 744 θεῖα
3379 692 3476 758 τῆς
3516 690 3835 753 Ἐκκλησίσς

2265 787 2674 854 ἀνατρέποντας
2720 785 2990 852 δόγματα,
3021 785 3118 836 καὶ
3159 784 3254 853 τὴν
3295 783 3402 834 τῶν
3434 780 3836 851 γεγραμμένων

2265 877 2534 943 ὀρθότητα
2578 875 3029 944 διαστρέφοντας.
3092 873 3396 943 Ἐκνὴψατε
3441 873 3732 942 μεθύοντες
3775 876 3835 926 ἐκ

2266 970 2366 1036 τῆς
2395 969 2697 1037 πεισμονῆς
2745 967 2839 1020 καὶ
2884 965 3104 1030 κακίας,
3134 964 3416 1028 ποιοῦντες
3464 969 3837 1035 περιγραπτὺν

2266 1060 2552 1130 ἄνθρωπον
2593 1063 2686 1112 τδν
2738 1058 3126 1130 ἁπεριόριστόν
3155 1075 3215 1111 τε
3262 1059 3358 1112 καὶ
3404 1059 3832 1128 ἀπερίγραπτον,

2271 1152 2358 1204 ἵνα
2381 1153 2686 1222 δυνήσησθε
2707 1150 2767 1204 τὸ
2797 1149 3045 1221 λαμπρὸν
3070 1150 3168 1218 τῆς
3191 1150 3448 1219 ἀληθείας
3475 1148 3836 1218 περιαθρῆσαι

2269 1242 2484 1308 κάλλος,
2547 1242 2642 1296 καὶ
2702 1243 2799 1295 σὺν
2847 1243 2978 1310 ἡμῖν
3023 1241 3323 1312 ἀναϐοῆσαι
3357 1243 3495 1310 πρὸς
3548 1242 3640 1294 τὸν
3694 1241 3835 1302 Υἱὸν,

2274 1353 2292 1387 ι
2317 1335 2554 1403 Ἀληθῶς
2591 1334 2727 1387 θεοῦ
2766 1335 2891 1397 Υἱὸς
2924 1331 2973 1386 εἷ
3001 1351 3049 1385 ο»
3094 1334 3190 1388 καὶ
3212 1334 3392 1388 πάντα
3407 1336 3506 1388 ὅσα
3525 1334 3634 1403 ἔχει
3665 1337 3692 1387 6
3737 1337 3840 1387 Πα-

2269 1425 2372 1494 τήρ
2403 1441 2495 1477 σου
2522 1418 2610 1477 οἷα
2653 1423 2808 1486 Θεὸς,
2841 1423 2935 1476 καὶ
2966 1424 3126 1486 αὐτὸς
3170 1426 3316 1493 ἔχεις
3339 1441 3352 1454 ·
3387 1427 3478 1478 καὶ
3505 1426 3658 1494 θεῖκῇ
3689 1427 3840 1479 δυνα-

2276 1517 2429 1587 στείᾳ
2469 1517 2865 1585 συμπεριξχεις
2917 1514 2985 1568 τὰ
3017 1515 3218 1569 πάντα.
3269 1516 3381 1583 Τῆς
3424 1518 3479 1569 δὲ
3511 1519 3713 1586 μητρός
3749 1533 3838 1569 σου

2271 1608 2389 1668 ταῖς
2419 1605 2750 1671 ἐντεύξεσιν,
2780 1607 2938 1658 ἵλεων
2961 1607 3143 1675 νέμεις
3161 1609 3294 1678 ἡμῖν
3319 1607 3542 1676 Πνεῦμα
3571 1609 3842 1676 μεταδοτι-

2275 1697 2369 1748 κὺν
2399 1697 2788 1764 ἀγαθὸτητος,ο
2815 1700 2876 1748 ἐκ
2909 1699 3117 1766 Πατρὶς
3147 1699 3232 1752 διὰ
3257 1700 3350 1752 σοῦ
3375 1718 3392 1750 ›
3419 1702 3836 1769 προερχόμενον.

2276 1791 2381 1842 Καὶ
2413 1789 2572 1854 αὖθις
2601 1807 2614 1819 ·
2661 1790 3099 1859 Ἀπερίγραπτος
3131 1792 3229 1858 ὣν,
3269 1792 3448 1860 Ἰησοῦ
3476 1810 3576 1861 μου
3607 1793 3700 1845 καὶ
3730 1793 3838 1846 K6-

595 1919 772 1963 tamen
807 1908 1061 1961 thronum
1095 1917 1205 1956 non
1239 1896 1524 1969 reliquisti.
1561 1895 1850 1962 Nunquam
1886 1889 2017 1944 mihi
2051 1887 2167 1942 hac

2286 1898 2378 1947 pte,
2409 1883 2499 1934 καὶ
2526 1883 2583 1934 ἐν
2615 1880 2692 1950 τῷ
2733 1881 2974 1951 Ἰορδάνῃ
3012 1880 3208 1944 ἑστὼς,
3237 1881 3333 1934 τοῦ
3364 1880 3630 1951 πατρικοῦ
3654 1880 3838 1948 θρόνου

595 2000 821 2055 haeresis
853 1999 905 2052 in
940 2005 1176 2053 mentem
1202 1992 1400 2054 veniat,
1434 1998 1493 2044 ut
1521 1989 1717 2051 dicam,
1749 2000 1873 2038 eum
1905 1997 2027 2052 qua:
2059 1993 2166 2032 non

599 2093 838 2147 habebat
871 2090 1118 2158 accipere
1152 2103 1165 2138 :
1198 2100 1322 2139 nam
1374 2094 1710 2152 qumcunque
1763 2076 1922 2130 Pater
1967 2073 2168 2135 habet,

598 2185 762 2237 habet
799 2193 852 2236 et
881 2179 1051 2235 Filius
1078 2196 1089 2231 τ
1114 2188 1169 2233 et
1200 2176 1332 2230 nihil
1365 2176 1503 2228 inest
1525 2171 1666 2226 Patri
1693 2169 1821 2240 quin
1853 2167 1981 2221 insit
2009 2162 2169 2229 Filio,

595 2287 820 2344 excepta
856 2275 1203 2343 paternitate.
1244 2268 1298 2322 Si
1329 2268 1474 2321 enim
1498 2263 1641 2335 quod
1687 2276 1796 2316 non
1823 2259 2016 2320 habet,
2053 2257 2171 2325 ipse

596 2368 898 2437 accipiebat
935 2383 948 2417 :
980 2380 1104 2418 vera
1133 2362 1296 2416 Arius
1356 2357 1670 2428 protulisset
1696 2353 1950 2416 dicendo,
1989 2370 2006 2402 ι
2053 2357 2174 2403 erat

599 2460 888 2531 aliquando
919 2457 1062 2528 quod
1090 2472 1190 2510 non
1225 2465 1358 2510 erat.
1398 2453 1495 2506 ιΛι
1526 2449 1830 2520 idcogitatu
1856 2456 2063 2501 tantum
2092 2451 2175 2499 cst

604 2552 858 2622 impium.
888 2548 990 2615 Qui
1035 2546 1145 2602 vult
1194 2547 1357 2615 igitur
1411 2551 1556 2597 recte
1606 2541 1852 2606 sentire,
1893 2538 2017 2593 talia
2063 2551 2173 2592 non

598 2645 806 2710 credat,
850 2641 944 2696 sed
976 2650 1034 2695 ut
1063 2655 1216 2694 sacer
1252 2635 1582 2691 Athanasius
1608 2649 1835 2704 magnus
1865 2631 1922 2685 in
1949 2629 2173 2692 divinis,

600 2741 697 2807 qui
734 2738 789 2791 in
815 2748 1071 2791 sermone
1105 2733 1171 2786 de
1200 2734 1482 2785 incarnata
1515 2724 1944 2797 dispensatione,
1967 2723 2057 2792 qui
2096 2722 2176 2776 in-

600 2831 730 2902 cipit
759 2849 772 2884 :
809 2849 826 2881 ι
866 2827 966 2894 Qui
997 2828 1206 2882 divinas
1241 2825 1554 2892 Scripturas
1596 2819 1840 2890 captiose
1876 2817 2063 2872 volunt
2098 2819 2178 2868 in-

604 2923 866 2992 telligere,
897 2939 914 2971 ο
937 2920 1018 2973 sie
1043 2919 1265 2974 scribit:
1296 2935 1312 2968 ι
1347 2915 1424 2970 Nc
1454 2917 1637 2967 credat
1655 2911 1778 2982 quis
1799 2909 1940 2979 quod
1967 2909 2010 2962 is
2033 2909 2171 2978 quod

602 3029 710 3068 non
738 3009 969 3067 habebat
993 3008 1288 3078 accipiebat
1316 3023 1328 3059 :
1356 3006 1402 3060 is
1428 3005 1572 3059 enim
1605 3017 1838 3072 superne
1865 2998 2179 3055 demittchat

605 3115 661 3160 nt
683 3106 824 3159 Deus
849 3121 863 3157 :
891 3112 944 3158 et
970 3101 1313 3170 inferneipse
1346 3113 1471 3152 eum
1504 3095 1841 3166 suscipiebat
1871 3104 1930 3148 ut
1962 3094 2124 3148 homo
2161 3108 2173 3141 :

2273 1975 2373 2026 οὐκ
2403 1973 2637 2035 ἔλειπες.
2667 1973 2756 2042 Μή
2793 1991 2882 2042 μοι
2918 1973 2974 2026 δὲ
3003 1973 3216 2040 γένοιτο
3253 1974 3522 2043 φρονῆσαι
3566 1990 3694 2027 ποτε
3729 1990 3839 2026 ⁴ιτοι-

2275 2065 2445 2132 αὐτην
2476 2066 2708 2134 αἰρεσιν,
2739 2067 2821 2118 ὅτι
2849 2063 2927 2136 μὴ
2956 2065 3095 2136 ἔχων
3126 2066 3287 2129 αὐτὸς
3317 2065 3591 2135 ἐλάμϐανε
3618 2083 3632 2097 ·
3667 2066 3839 2119 πάντα

2274 2159 2381 2226 γὰρ
2417 2159 2516 2210 ὅσα
2561 2158 2672 2226 ἔχει
2703 2159 2731 2210 6
2764 2157 2976 2227 Πατὴρ,
3022 2157 3136 2228 ἔχει
3183 2158 3277 2212 καὶ
3305 2159 3333 2212 6
3379 2156 3530 2223 Ὡδς,
3568 2158 3662 2211 καὶ
3693 2158 3843 2211 οὐδὲν

2274 2250 2569 2320 ἐνυπάρχει
2617 2251 2695 2320 τῷ
2728 2251 2922 2320 Πατρὶ,
2956 2251 2984 2304 6
3017 2252 3045 2302 6
3092 2250 3220 2313 Υἱὸς
3267 2251 3368 2304 οὐκ
3410 2251 3546 2320 ἔχει,
3579 2249 3716 2321 πλὴν
3749 2252 3842 2318 τῆς

2279 2343 2636 2412 πατρότητος-
2674 2343 2733 2394 Εἰ
2765 2343 2874 2412 γὰρ
2899 2342 2973 2412 μὴ
3003 2342 3138 2411 ἔχων
3164 2342 3326 2406 αὐτὸς
3356 2341 3686 2413 ἐλάμόανεν,
3717 2341 3840 2412 ἠλή-

2276 2437 2430 2488 θευεν
2467 2436 2706 2505 Ἀρειος,
2731 2435 2956 2502 λέγων,ι
2994 2429 3062 2505 ἦν
3097 2452 3249 2500 ποτε,
3275 2436 3362 2489 ὅτε
3386 2437 3488 2489 οὐκ
3512 2431 3601 2505 ἦν.
3650 2453 3668 2487 ι
3691 2433 3844 2488 Ἀλλὰ

2275 2527 2436 2579 τοῦτο
2479 2529 2571 2580 καὶ
2607 2527 2862 2598 ἐννοῆσαι
2906 2527 3087 2597 μόνον,
3137 2529 3283 2580 ἐστὶν
3327 2527 3548 2589 ἀσεϐές.
3586 2525 3844 2581 Οὐκοῦνὸ

2280 2619 2608 2686 βουλόμενος
2647 2617 2782 2690 ὀρθὰ
2814 2621 3033 2688 φρονεῖν
3057 2619 3126 2671 τὰ
3163 2616 3388 2671 τοιαῦτα
3425 2617 3500 2687 μὴ
3533 2618 3843 2685 ὕπονοείτω,

2278 2711 2393 2763 ἀλλ’
2425 2709 2614 2781 ὥσπερ
2639 2712 2666 2764 6
2699 2708 2840 2776 ἱερὸς
2883 2709 3222 2773 Ἀθανάσιος,
3249 2710 3277 2760 6
3307 2708 3473 2769 πολὺς
3518 2708 3586 2760 τὰ
3625 2709 3763 2773 θεῖα,
3790 2707 3844 2771 6;

2279 2809 2335 2858 ἑν
2389 2805 2464 2874 τῷ
2498 2805 2628 2874 περὶ
2674 2804 2772 2872 τῆς
2822 2802 3087 2872 ἐνσάρκου
3134 2802 3447 2872 οἰκονομίας
3498 2803 3666 2872 λόγῳ,
3716 2794 3776 2855 οῦ
3815 2801 3847 2870 ἡ

2283 2899 2480 2970 ἁρχὴ,ι
2520 2901 2583 2953 0i
2605 2899 2944 2969 κακοτέχνως
2973 2904 3070 2959 τὰς
3099 2897 3248 2960 θείας
3280 2897 3502 2966 Γραφὰς
3541 2895 3848 2966 βουλόμενοι

2281 2993 2445 3054 νοεῖν,
2482 2989 2670 3044 »οὕτω
2723 2989 2910 3057 λέγει·
2945 3007 2966 3041 ι
3020 2989 3110 3058 Μὴ
3169 2986 3464 3040 ὑπονοείτω
3519 3004 3604 3047 τις
3637 2986 3718 3038 ὅτι
3777 2983 3850 3053 μὴ

2282 3084 2422 3154 ἔχων
2473 3083 2634 3146 αὐτὸς
2700 3081 3045 3152 ἐλάμϐανεν,
3099 3080 3259 3143 αὐτὸς
3307 3080 3415 3149 γὰρ
3467 3077 3600 3132 αὐτὸ
3649 3076 3849 3131 ἄνωθεν

607 3216 676 3254 ex
709 3214 774 3254 eo
806 3197 968 3269 igitur
1008 3195 1062 3248 in
1097 3209 1222 3249 eum
1254 3191 1619 3247 descendebat
1653 3165 1667 3241 έ
1700 3201 1766 3242 ex
1798 3188 1915 3258 ejus
1956 3185 2178 3246 deitate,

2286 3173 2531 3242 ἔπεμπεν
2568 3175 2642 3236 ὡς
2677 3172 2831 3236 Θεὸς,
2885 3172 2978 3226 καὶ
3021 3170 3180 3233 αὐτὸς
3213 3169 3345 3222 αὐτὸ
3378 3167 3621 3223 κάτωθεν
3667 3165 3853 3219 ὑπεδέ-

613 3294 665 3344 in
700 3289 1089 3344 humanitatem
1116 3285 1304 3354 ipsius.
1334 3303 1351 3335 ι
1392 3281 1604 3337 Audis?
1635 3280 1757 3348 lpse
1785 3291 2030 3347 superne
2054 3276 2178 3329 mit-

615 3382 755 3437 tebat
789 3390 849 3433 nt
877 3379 1039 3443 Deus,
1083 3386 1138 3433 et
1164 3377 1340 3445 ipsum
1371 3373 1582 3428 inferne
1615 3369 1946 3441 suscipiebat
1976 3376 2034 3422 ut
2079 3367 2180 3421 ho—

617 3487 707 3526 ιιεο
739 3487 752 3524 :
786 3481 840 3525 et
871 3469 1038 3524 veluti
1070 3468 1209 3523 Deus
1243 3465 1514 3527 mittebat.
1543 3461 1708 3519 veluti
1744 3461 1909 3516 homo
1951 3458 2179 3529 recipie-

611 3567 702 3617 bat
737 3585 749 3618 :
783 3581 904 3616 nam
944 3570 1088 3616 totus
1139 3570 1258 3614 erat
1313 3559 1366 3612 in
1423 3567 1593 3618 terra,
1646 3554 1906 3624 nulloque
1947 3550 2106 3606 modo
2152 3564 2181 3603 a

608 3658 745 3712 «mlo
774 3658 998 3711 aberat:
1023 3654 1221 3723 quippe
1254 3667 1376 3704 cum
1413 3651 1465 3703 in
1500 3663 1567 3702 eo
1605 3647 1784 3702 omnis
1818 3646 2038 3700 deitatis
2070 3643 2185 3712 ple-

613 3748 802 3800 nitudo
829 3743 1189 3814 corporaliter
1218 3740 1503 3794 resideret.
1530 3738 1664 3793 Cum
1693 3751 1822 3806 ergo
1845 3750 2012 3790 carne
2043 3740 2187 3788 esset

614 3838 1080 3906 circumscriptus,
1115 3835 1167 3889 in
1193 3833 1430 3889 Jordane
1456 3847 1537 3886 cor
1579 3829 1914 3900 'piciebatur;
1947 3827 2044 3882 sed
2068 3825 2186 3880 dei-

620 3943 730 3986 tate
771 3946 894 3986 cum
929 3938 1076 3984 esset
1116 3923 1641 3992 incircumscriptus,
1674 3931 1959 3990 paternum
2007 3917 2188 3972 sinum

621 4041 729 4080 non
781 4021 1142 4092 relinquebat,
1174 4017 1318 4073 unde
1345 4031 1412 4070 ex
1457 4030 1530 4070 eo
1557 4014 1610 4067 in
1641 4028 1763 4067 eum
1799 4009 2188 4067 descendebat.

622 4118 751 4172 Ideo
787 4114 924 4169 nihil
954 4112 1176 4184 prodest
1208 4110 1351 4180 quod
1384 4123 1416 4162 a
1463 4106 1618 4160 vobis
1647 4104 1868 4158 allatum
1918 4112 2031 4167 est;
2086 4101 2194 4154 imo

621 4224 720 4279 pro
743 4209 896 4262 nobis
928 4205 1143 4260 videtur
1174 4202 1380 4265 lacere,
1413 4198 1676 4267 vobisque
1706 4210 1964 4266 magnum
1995 4194 2195 4262 impor-

625 4307 699 4355 tat
729 4300 1139 4355 detrimentum.

1371 4563 1456 4618 IV.

696 4663 851 4719 Unde
874 4664 1038 4731 igitur
1065 4666 1289 4718 omnino
1319 4662 1474 4717 nobis
1496 4658 1783 4714 ostendere
1817 4654 2054 4724 possitis,
2084 4668 2193 4706 non

627 4773 747 4813 esse
780 4773 844 4811 ex
887 4757 1024 4811 Filio
1052 4757 1339 4826 Spiritum,
1380 4770 1478 4825 ego
1508 4766 1849 4820 nequaquam
1880 4751 2058 4804 video.
2088 4749 2196 4802 Ma-

627 4865 765 4919 gnus
800 4847 1035 4904 Joannes
1060 4848 1486 4918 Chrysostomus
1514 4847 1566 4898 in
1591 4844 1812 4899 hornilia
1837 4856 2000 4911 quam
2027 4842 2081 4894 in
2114 4842 2196 4894 in-

627 4941 1000 4995 carnationem
1064 4940 1274 4994 Domini
1330 4936 1494 5002 facit,
1552 4936 1630 4992 sic
1678 4935 1854 5004 inquit
1906 4949 1918 4985 :
1971 4952 1990 4985 ι
2037 4931 2197 4987 Vertit

630 5033 884 5088 Christus
929 5034 995 5088 ad
1042 5049 1163 5097 nos,
1195 5032 1342 5087 dedit
1383 5031 1542 5086 nobis
1571 5028 1992 5085 descendentem
2035 5042 2099 5082 ex
2134 5040 2199 5080 eo

636 5126 900 5194 Spiritum
929 5167 942 5190 ,
986 5135 1040 5181 et
1079 5139 1278 5195 corpus
1326 5136 1572 5178 nostrum
1603 5123 1869 5192 suscepit.
1904 5140 1922 5173 ι
1957 5119 2201 5175 Verbum

639 5241 657 5270 ε
697 5235 765 5275 ex
791 5234 859 5273 eo
898 5237 915 5269 ι
952 5217 1079 5288 quid
1115 5218 1382 5287 signiﬁcat
1422 5216 1565 5272 aliud
1592 5254 1607 5280 ,
1639 5230 1799 5286 quam
1840 5213 1985 5284 quod
2018 5213 2108 5284 qui
2134 5228 2198 5266 ex

640 5326 707 5365 eo
741 5310 1006 5381 procedit,
1038 5309 1298 5378 Spiritum
1349 5309 1506 5364 nobis
1555 5306 1814 5362 tradidit?
1841 5305 2202 5376 quemadmo-

2226 4547 2276 4607 D

2282 3284 2406 3337 χετο
2431 3267 2504 3328 ὼς
2533 3264 2625 3320 ἄνθ
2638 3283 2814 3335 ρωπος
2839 3283 2851 3295 ·
2890 3264 2948 3328 ἐξ
2979 3263 3142 3317 αὐτοῦ
3171 3259 3284 3325 οὖν,
3317 3262 3398 3325 εἰς
3420 3260 3583 3313 αὐτὸν
3615 3256 3809 3330 κατῄει
3834 3272 3849 3290 ·

2283 3361 2347 3411 ἔκ
2381 3359 2474 3426 τῆς
2512 3358 2764 3426 θεότητος
2817 3353 3003 3420 αὑτοῦ,
3038 3356 3118 3416 εἰς
3167 3354 3283 3422 τὴν,
3313 3350 3708 3422 ἀνθρωπότητα
3759 3348 3851 3402 αὑο

2283 3452 2400 3508 τοῦ.
2443 3472 2459 3502 ι
2513 3451 2798 3516 ’Δκούειςς
2841 3449 3023 3514 αὐτὸς,
3059 3445 3246 3515 φησιν,
3291 3443 3422 3499 αὺτδ
3450 3442 3658 3496 ἄνωθεν
3686 3440 3852 3508 ἐπεμ-

2287 3558 2386 3593 πεν
2420 3541 2494 3602 ὡς
2549 3539 2705 3602 Θεὸς,
2742 3542 2836 3591 καὶ
2890 3538 3052 3599 αὐτὸς
3097 3536 3228 3588 αὐτὸ
3273 3533 3518 3587 κάτωθεν
3569 3530 3855 3600 ὑπεδέχετο

2285 3634 2359 3696 ὡς
2393 3633 2699 3703 ἄνθρωπος.
2753 3633 2860 3684 Καὶ
2907 3625 2993 3683 οἶα
3040 3628 3139 3698 μὲν
3190 3627 3322 3691 Θεὸς
3371 3626 3640 3695 ἔπεμπεν,
3673 3617 3758 3674 οἷα
3798 3620 3856 3671 δὲ

2289 3724 2579 3795 ἄνθρωπος
2631 3724 2922 3792 ὑπεδέχετο
2950 3739 2964 3752 υ
2998 3721 3114 3783 ὅλος
3152 3720 3261 3790 γὰρ
3302 3714 3385 3788 ἦν’
3410 3721 3467 3772 ὲν
3501 3718 3612 3776 τοῖς
3668 3714 3813 3767 κάτω
3840 3726 3856 3740 ⁶

2291 3818 2382 3871 καὶ
2411 3821 2523 3881 τοῖς
2553 3817 2664 3871 ἄνω
2692 3816 2798 3868 οὐδ’
2828 3814 2963 3876 ὅλως
2997 3815 3165 3882 ἀπῆν.
3228 3812 3318 3864 Ἐν
3360 3807 3511 3878 αὐτῷ
3543 3805 3651 3876 γὰρ
3687 3803 3861 3872 κατῴ-

2292 3927 2378 3964 κει
2408 3911 2514 3964 πᾶν
2545 3909 2605 3962 τὸ
2632 3907 2907 3980 πλήρωμα
2948 3906 3045 3974 τῆς
3082 3903 3333 3974 θεότητος
3375 3899 3723 3971 σωματικῶς.
3754 3897 3858 3948 Ile.

2295 4001 2593 4072 ριγραπτὸς
2631 3995 2723 4052 οῦν
2777 3999 2842 4068 τῇ
2879 4000 3042 4066 σαρκὶ
3086 3995 3370 4064 ὑπάρχων,
3410 3993 3466 4045 ὲν
3494 3990 3572 4061 τῷ
3627 3987 3864 4058 Ἰορδάνῃ

2293 4096 2566 4162 ἐφαίνετο,
2611 4090 3021 4161 ἀπερίγραπτος
3053 4088 3111 4142 δὲ
3146 4089 3208 4154 τῇ
3255 4087 3469 4155 θεότητι
3497 4081 3593 4147 ὢν,
3635 4078 3730 4132 τοῦ
3757 4095 3865 4130 πα·-

2294 4185 2484 4257 τρικοῦ
2521 4186 2615 4240 δὺκ
2641 4184 2820 4238 ἔλειπε
2844 4183 3045 4236 κόλπου
3072 4196 3086 4211 ⁸
3112 4179 3233 4232 ὅθεν
3267 4178 3327 4242 ὲξ
3363 4175 3529 4230 αὑτοῦ
3590 4174 3669 4236 εἰς
3703 4171 3864 4228 αὐτὸν

2297 4277 2492 4349 κατῄει
2547 4293 2562 4309 ο
2592 4277 2686 4329 καὶ
2716 4275 2888 4336 οὕτως
2918 4272 3073 4327 οὐδὲν
3111 4271 3241 4340 ὑμῖν
3268 4269 3510 4323 συντελεῖ
3552 4267 3614 4318 τὸ
3644 4265 3869 4334 εἰρημέ-

2297 4387 2387 4424 νον
2419 4371 2550 4438 παρ⁹
2585 4368 2761 4437 ὑμῶν,
2788 4367 2925 4421 ἀλλὰ
2965 4363 3168 4434 μᾶλλον
3204 4361 3344 4431 ὑπὲρ
3389 4360 3548 4430 ἡμῶν
3596 4356 3868 4410 δείκνυται

2299 4464 2380 4531 ὃν,
2414 4465 2506 4517 καὶ
2541 4461 2745 4530 πολλὴν
2782 4461 3010 4528 παρέχει
3045 4456 3173 4526 ὑμῖν
3205 4453 3304 4524 τὴν
3330 4451 3554 4522 ζημίαν.

3043 4551 3116 4603 Δ’.

2376 4649 2547 4702 Πόθεν
2576 4642 2669 4701 οὖν
2714 4646 2847 4715 ἡμῖν
2876 4642 3046 4706 δεῖξαι
3087 4640 3223 4701 ὅλως
3249 4636 3532 4705 εὑρήσετε,
3571 4632 3653 4687 ὅτι
3681 4631 3777 4684 οὐκ
3809 4634 3874 4686 ἐκ

2304 4742 2399 4797 τοῦ
2456 4740 2582 4794 Υἱοῦ
2635 4739 2696 4793 τὺ
2738 4737 2999 4807 Πνεῦμα,
3036 4733 3148 4801 ἐγὼ
3201 4728 3311 4784 οὐδ’
3347 4727 3482 4790 ὅλως
3532 4742 3596 4793 γε
3640 4722 3870 4793 συνορῶ.

2306 4836 2416 4890 Καὶ
2441 4837 2470 4889 6
2501 4835 2673 4904 μέγας
2704 4831 2761 4886 δὲ
2800 4830 3052 4900 Ἰωάννης
3075 4828 3102 4880 6
3134 4821 3543 4893 Χρυσόστομος,
3571 4819 3630 4871 ὲν
3659 4819 3724 4888 τῇ
3754 4816 3874 4886 ὁμι-

2303 4929 2415 5000 λίᾳ,
2448 4927 2515 4998 ἢν
2543 4928 2624 4989 εἰς
2654 4923 2754 4993 τὴν
2803 4917 3217 4989 ἐνανθρὼπησιν
3248 4912 3343 4967 τοῦ
3375 4911 3582 4982 Κυρίου
3612 4910 3873 4972 ποιεῖται,

2307 5021 2451 5075 οὕτω
2476 5018 2640 5089 φησιν
2667 5032 2679 5046 ·
2715 5035 2734 5067 ι
2771 5012 2974 5068 Ἶιλθεν
3001 5013 3028 5064 6
3068 5007 3301 5079 Χριστὸς
3346 5006 3424 5065 εἰς
3453 5004 3600 5074 ἡμᾶς
3627 5020 3639 5033 ·
3676 5002 3878 5054 ἔδωκεν

2309 5113 2441 5182 ἡμῖν
2473 5110 2534 5163 τὸ
2560 5109 2617 5173 ἐξ
2657 5105 2823 5162 αὐτοῦ
2854 5101 3097 5169 Πνεῦμα,
3127 5102 3220 5154 καὶ
3252 5096 3480 5153 ἀνέλαδε
3519 5094 3581 5146 τὸ
3610 5093 3879 5164 ἡμέτερον

2313 5204 2493 5273 σῶμα.
2535 5221 2554 5254 ›
2589 5202 2662 5255 T6
2690 5200 2745 5252 δὲ
2782 5195 2871 5264 «ἐξ
2891 5194 3107 5260 αὖτοῦ,ι
3143 5193 3195 5245 τί
3221 5189 3414 5261 δηλοῦν
3446 5185 3710 5257 βούλεται,
3729 5182 3763 5252 ἢ
3793 5183 3880 5236 ὅτι

2312 5297 2375 5349 τὸ
2403 5295 2461 5361 ιξ
2501 5289 2668 5348 αὐτοῦ
2700 5288 3137 5360 ἐκπορευόμενον
3180 5283 3402 5352 Πνεῦμα
3441 5280 3673 5334 δέδωκεν
3701 5275 3880 5349 mihi;

2310 5389 2499 5457 ὥσπερ
2530 5387 2625 5439 καὶ
2645 5388 2674 5439 6
2706 5380 3065 5454 ἡγαπημένοε
3098 5378 3345 5449 μαθητής
3379 5389 3565 5445 φησιν,
3597 5371 3678 5423 ὅτι
3716 5386 3737 5420 ι
3779 5368 3880 5422 Ἐκ

2311 5480 2407 5534 τοῦ
2441 5478 2757 5547 ΙΙνεύματος
2783 5471 2949 5527 αὐτοῦ
2985 5472 3181 5525 ἔνδωκεν
3217 5469 3367 5538 ἡμῖν.
3400 5464 3496 5520 καὶ
3527 5465 3591 5516 ἐκ
3622 5460 3714 5516 τοῦ
3743 5459 3883 5530 πλην

2314 5574 2567 5646 ρώματος
2595 5569 2758 5625 αὑτοῦ
2787 5569 2951 5637 ἡμεῖς
2987 5565 3186 5624 πάντες
3231 5559 3514 5630 ἐλάϐομεν.
3553 5575 3571 5610 ι
3611 5553 3884 5626 Κύριλλος

2312 5666 2367 5718 δὲ
2385 5665 2415 5718 6
2441 5663 2610 5732 μέγας
2635 5663 2691 5714 ὲν
2712 5663 2778 5730 τῇ
2803 5657 3069 5728 ἑρμηνείᾳ
3085 5655 3179 5711 τοῦ
3197 5654 3338 5709 κατὰ
3363 5650 3614 5722 Ἰωάννην
3633 5647 3887 5714 Εῠαττι-

642 5400 770 5452 dum
803 5409 858 5452 et
891 5398 1120 5453 dilectus
1156 5399 1454 5470 discipulus
1500 5397 1671 5463 dicit,
1706 5397 1850 5467 quod
1906 5414 1969 5451 ex
2001 5396 2204 5464 Spiritu

638 5490 757 5558 ejus
782 5491 933 5544 dedit
979 5492 1156 5547 nobis.
1187 5501 1243 5547 et
1277 5509 1295 5541 ι
1332 5491 1400 5546 de
1443 5491 1780 5560 plenitudine
1807 5491 1925 5560 ejus
1963 5505 2061 5544 nos
2091 5506 2208 5544 om-

639 5599 738 5637 nes
767 5583 1128 5652 accepimum
1160 5583 1395 5652 Cyrillus
1417 5582 1642 5653 Magnus
1673 5584 1724 5638 in
1760 5581 2208 5651 interpretatione

641 5673 913 5743 Evangelii
941 5676 1240 5730 secundum
1272 5673 1537 5731 Joannem
1571 5691 1736 5746 super
1769 5689 1831 5728 ea
1867 5675 2026 5728 verba
2061 5689 2075 5726 :
2108 5673 2205 5726 «Et

718 5852 758 5884 "
803 5851 991 5909 Matth.
1054 5870 1132 5920 ιιι,
1193 5853 1277 5909 17.
