4170 6280
440 331 571 399 illi

1122 355 1268 416 PRO
1301 355 1509 420 CONC.
1553 354 1920 422 FLORENT.
1967 358 2123 420 CAP.
2165 362 2211 424 ί.
2249 362 2345 424 DE
2390 365 2696 428 SPIRITU
2738 367 3048 432 SANCTO.

3574 357 3708 422 tua

442 453 560 507 λίου
601 457 678 518 εἰς
710 455 768 508 τὸ
797 457 979 528 ῥητὸν,
1011 461 1089 524 τὸ,
1131 482 1147 514 ι
1181 464 1632 537 Κάγὼὲρωτήσω
1664 468 1752 522 τὸν
1786 471 2024 537 Πατέρα,

2139 487 2232 540 ego
2267 474 2470 542 rogabo
2511 472 2728 530 Patrem
2755 485 2809 530 et
2851 477 3015 531 alium
3050 475 3382 532 Paraclctum
3425 477 3574 533 dabit
3615 497 3707 533 νυ-

437 548 530 598 sui.
560 549 718 601 ἄλλον
755 551 1108 623 Παράκλητον
1136 555 1300 610 δώσει
1331 557 1482 629 ὑμῖν,
1526 580 1543 612 ι
1585 561 1729 616 οῦτω
1774 563 1976 634 φάσκει
2004 581 2018 595 ·

444 657 462 690 ε
497 640 621 712 Τῶν
649 642 757 712 γὰρ
805 644 897 698 τοῦ
930 646 1065 700 Θεοῦ
1112 650 1207 701 καὶ
1247 650 1458 721 Πατρδς
1510 657 1756 722 φυσικῶν
1802 655 2020 724 ἀγαθῶν

437 734 712 798 οὺσεωδῶς
761 737 1022 807 ὑπάρχων
1064 741 1093 793 6
1146 741 1274 804 Υἱὸς
1352 745 1630 810 κοινωνὸς,
1671 746 1781 819 ἔχει
1837 748 1930 800 καὶ
1963 747 2025 800 τι)

443 824 665 890 Πνεῦμα
725 830 866 883 κατὰ
914 830 1104 885 τοῦτον
1135 833 1228 886 τὸν
1290 834 1515 901 τρόπον,
1569 829 1697 891 καθ’
1737 839 1902 907 ὅνπερ
1957 839 2025 892 ἂν

443 921 613 970 νοοῖτο
669 923 760 972 καὶ
814 924 840 973 6
893 923 1104 993 Πατὴρ,
1167 926 1266 978 οὐκ
1317 928 1556 982 ἐπακτὸν
1618 930 1744 983 οὐδὲ
1803 930 2021 997 ἔξωθεν.

447 1010 652 1078 ﬁbras;
696 1015 805 1086 γὰρ
861 1017 1065 1086 μᾶλλον
1109 1018 1165 1072 δὲ
1198 1021 1428 1088 μανικὸν
1462 1024 1523 1076 τὸ
1577 1023 1720 1078 οὕτω
1767 1027 2023 1094 φρονεῖν·

442 1103 558 1157 ἀλλ’
595 1105 782 1178 ὥσπερ
829 1111 924 1164 καὶ
971 1109 1129 1181 ἡμῶν
1177 1111 1408 1178 ἕκαστος
1460 1115 1523 1169 τὸ
1571 1115 1702 1171 ἴδιον
1734 1118 1794 1170 ἑν
1842 1117 2026 1188 ἑαυτῷ

445 1199 670 1268 Πνεῦμα
706 1202 941 1272 συνέχει,
987 1205 1079 1256 καὶ
1113 1206 1175 1258 ὲκ
1207 1205 1318 1258 τῶν
1352 1206 1653 1262 ἐνδοτάτων
1699 1208 2028 1280 σπλάγχνων

440 1291 522 1351 είς
553 1293 612 1343 τὸ
660 1293 766 1360 ἔξω
795 1295 1053 1366 προχέει·
1084 1296 1173 1352 διὰ
1208 1298 1319 1370 γὰρ
1367 1300 1527 1354 τοῦτο
1560 1302 1655 1355 καὶ
1696 1302 2028 1373 σωματικῶς

448 1384 580 1436 αὖτ’»
609 1387 943 1458 ίνεφύσησεν
972 1391 1002 1445 6
1028 1391 1287 1462 Χριστὸς,
1327 1392 1543 1457 δεικνὺς
1572 1395 1654 1450 ὅτι
1683 1395 1937 1466 καθάπερ
1966 1397 2031 1450 hc

444 1480 712 1547 στόματος
742 1481 837 1535 τοῦ
859 1482 1147 1555 ἀνθρώπου
1182 1485 1400 1554 πρόεισι
1427 1487 1489 1541 τὸ
1525 1486 1751 1560 Πνεῦμα
1786 1505 2032 1559 σωματι-

442 1574 574 1638 κῶς,
605 1573 748 1629 οὕτω
768 1576 864 1631 καὶ
883 1579 945 1632 ἐκ
968 1580 1065 1652 τῆς
1089 1579 1240 1640 θείας
1257 1581 1446 1645 οὐσίας
1467 1581 1788 1655 θεοπρεπῶς
1811 1583 2029 1652 προχεί-

442 1684 535 1720 ται
564 1668 624 1721 τὸ
656 1668 715 1733 ἐξ
745 1670 970 1742 αὐτῆς.»
1003 1673 1267 1730 Ἐνταῦθα
1289 1676 1382 1729 τὸν
1404 1676 1728 1750 βουλόμενον
1760 1677 1900 1749 μετὰ
1918 1679 2031 1733 δια-

445 1763 682 1830 κρίσεως
718 1764 846 1817 ίδεῖν
869 1768 962 1819 καὶ
989 1768 1248 1836 συνιέναι,
1271 1768 1421 1824 ἔστιν
1444 1770 1718 1840 ἐννοῆσαι,
1748 1771 1841 1823 καὶ
1866 1770 2032 1834 εὐθὺς

445 1855 554 1907 ἀπὸ
583 1856 680 1908 τοῦ
715 1856 886 1911 κακοῦ
936 1858 1041 1930 τῆς
1082 1859 1406 1933 διαιρέσεως
1440 1862 1772 1932 ἀποδρᾶσαι,
1825 1861 1921 1917 καὶ
1954 1865 2020 1935 τῇ

449 1946 655 2016 συνόδῳ
694 1948 1055 2022 ὑποταγῆναι.
1092 1951 1214 2006 Τῶν
1246 1952 1354 2024 γὰρ
1380 1952 1471 2009 τοῦ
1511 1953 1647 2009 Θεοῦ
1680 1955 1774 2010 καὶ
1809 1954 2024 2025 Πατρδς

449 2039 699 2106 φυσικῶν
729 2042 950 2109 ἀγαθῶν
992 2045 1250 2111 κοινωνὸς
1280 2046 1566 2118 ὑπάρχων,
1597 2048 1782 2117 φησιν.
1812 2049 1841 2102 6
1873 2048 2021 2114 Υἱὸς,

453 2134 553 2184 οῦκ
595 2135 871 2202 ἐπακτῶς,
907 2138 1029 2194 οὐδε
1086 2137 1310 2204 ἔξωθεν,
1371 2141 1492 2202 οὐδὲ
1550 2139 2022 2212 καταχρηστικῶς,

447 2223 564 2276 ἀλλ’
617 2225 888 2290 οὐσιωδῶς
926 2228 1038 2301 εχει
1063 2229 1157 2284 καὶ
1193 2230 1254 2284 τὸ
1280 2230 1525 2301 Πνεῦμα,
1550 2231 1694 2287 κατὰ
1710 2232 1804 2286 τὸν
1822 2231 2026 2303 τρόπον

444 2315 658 2383 τοῦτον,
672 2317 794 2373 καθ’
814 2321 981 2392 ὅνπερ
1006 2321 1073 2376 ἂν
1089 2323 1260 2376 νοοῖτο
1280 2323 1375 2377 καὶ
1398 2323 1427 2376 6
1450 2324 1659 2395 Πατήρ.
1678 2325 1738 2378 Et
1757 2319 1852 2379 οῦν
1869 2340 2028 2392 φυσι-

452 2412 548 2464 κὸν
582 2413 783 2479 ἀγαθόν
807 2416 923 2470 ἔστι
952 2416 1045 2472 τοῦ
1071 2417 1308 2486 Πατρδς,
1328 2417 1391 2471 τὸ
1425 2420 1745 2491 ἐκπορεύειν
1764 2421 1824 2473 rb
1860 2418 2027 2474 Πνεῦ-

448 2520 526 2572 μα
549 2502 608 2556 τδ
630 2505 807 2572 ἇγιον,
837 2509 1086 2562 κοινωνεῖ
1116 2507 1171 2561 δὲ
1201 2510 1227 2562 6
1251 2507 1376 2572 Υἱὸς
1403 2509 1512 2562 τῶν
1539 2508 1787 2577 φυσικῶν
1805 2508 2027 2577 ἀγαθῶν

450 2593 546 2646 τοῦ
585 2594 818 2665 Πατρὸς,
861 2595 924 2648 οὐ
957 2599 1444 2667 καταχρηστικῶς,
1471 2599 1606 2652 ἀλλὰ
1636 2597 1904 2667 φυσικῶς.
1932 2599 2026 2653 καὶ

448 2686 744 2754 ούσιωδῶς,
782 2689 922 2744 κατὰ
965 2689 1058 2743 τὸν
1092 2690 1267 2760 μέγαν
1314 2689 1600 2761 Κύριλλον,
1649 2693 1743 2746 καὶ
1771 2693 1832 2744 ού
1863 2692 2025 2746 δύνα-

453 2777 547 2830 σθε
592 2780 952 2850 ἀρνήσασθαι,
986 2780 1097 2852 Ιχει
1124 2781 1232 2854 ἄρα
1266 2784 1426 2837 τοῦτο
1462 2785 1558 2837 καὶ
1581 2783 1610 2837 6
1642 2783 1802 2848 Υῑός⁶
1836 2782 1900 2837 τὸ
1940 2785 2028 2836 ὲκ-

458 2871 710 2940 πορεύειν
741 2873 944 2945 δηλαδὴ
971 2877 1032 2930 τὸ
1066 2875 1291 2944 Πνεῦμα
1331 2875 1394 2931 τδ
1427 2876 1604 2946 ἅγιον,
1645 2881 1707 2931 ού
1743 2879 2029 2946 μεταδοτι-

453 2965 586 3028 κῶς,
623 2965 739 3018 ἀλλ’
775 2967 1074 3035 οῦσιωδῶς,
1121 2969 1244 3021 καθ’
1276 2969 1338 3022 ὃν
1387 2969 1588 3040 τρόπον
1635 2971 1731 3024 καὶ
1757 2971 1786 3023 6
1839 2969 2028 3041 Πατὴρ

455 3053 741 3122 ὲκπορεύει
768 3056 900 3110 αὐτὸ
935 3058 1233 3124 οὒσιωδῶς.
1265 3059 1462 3113 Σύνετε
1485 3061 1660 3131 τούτῳ
1685 3061 1769 3128 δὴ,
1811 3061 2026 3116 σύνετε.

2131 563 2216 619 his
2254 564 2322 628 ’°,
2361 586 2379 618 ι
2414 565 2491 620 sic
2524 565 2652 621 dicit
2685 583 2697 619 :
2737 586 2754 618 ι
2795 566 2930 622 Cum
2968 567 3139 624 Filius
3182 569 3506 624 naturalium
3539 571 3710 627 bono-

2131 672 2251 710 rum
2289 654 2380 711 Dei
2412 665 2466 710 et
2499 655 2678 712 Patris
2730 657 3100 712 essentialiter
3131 657 3204 712 sit
3231 673 3480 717 consors.
3511 662 3703 713 eodem

2129 749 2294 805 modo
2329 747 2496 804 habet
2547 756 2603 802 et
2642 747 2931 819 Spiritum,
2980 763 3090 816 quo
3139 747 3300 804 Pater
3358 749 3707 820 intelligitur,

2131 858 2237 898 non
2287 826 2675 904 adventitium,
2713 855 2892 911 neque
2923 850 3077 896 extra
3109 841 3376 912 (stultum
3397 841 3545 897 enim
3583 852 3664 898 est
3691 884 3706 902 .

2130 931 2238 989 imo
2291 931 2582 988 dementiae
2620 932 2840 1002 plenum
2891 931 2962 987 ita
3002 931 3256 1001 sentire),
3307 932 3402 987 sed
3448 933 3708 1002 quemad-

2130 1023 2349 1078 modum
2380 1029 2632 1078 nostrum
2672 1021 3048 1093 unusquisque
3084 1022 3303 1093 proprie
3327 1021 3380 1076 in
3409 1014 3734 1094 semetipso'

2130 1117 2375 1172 continet
2416 1114 2690 1188 spiritum,
2738 1125 2793 1170 ct
2844 1131 2909 1169 ex
2957 1115 3260 1171 visceribus
3305 1113 3514 1171 intimis
3553 1124 3710 1170 extra

2131 1206 2433 1278 profundit.
2473 1207 2684 1263 Idcirco
2711 1209 2856 1263 enim
2890 1208 2943 1262 in
2974 1223 3097 1262 eum
3127 1207 3488 1279 corporaliter
3533 1207 3711 1263 insuf-

2131 1301 2281 1357 tlavit
2304 1301 2582 1368 Christus,
2611 1309 2932 1370 ostendens,
2964 1301 3110 1372 quod
3149 1301 3229 1356 uti
3254 1318 3321 1357 ex
3353 1300 3591 1358 hominis
3613 1317 3711 1358 ore

2133 1395 2360 1466 spiritus
2385 1396 2747 1467 corporaliter
2779 1395 3048 1467 procedit,
3076 1394 3148 1450 ita
3176 1410 3240 1451 ex
3263 1395 3444 1450 divina
3467 1395 3709 1451 essentia

2134 1489 2221 1556 (ut
2263 1488 2375 1544 Deo
2417 1490 2696 1558 convenit)
2737 1488 2960 1560 proﬂuit
2991 1488 3134 1558 quod
3175 1503 3240 1544 ex
3270 1502 3335 1544 ea
3380 1487 3648 1562 procedit.
3681 1509 3703 1540 ι

2134 1577 2248 1634 Hoc
2273 1579 2392 1636 loco
2411 1579 2454 1635 si
2479 1579 2602 1650 quis
2629 1580 2742 1636 vult
2766 1595 2888 1635 cum
2913 1581 3172 1650 {equitate
3192 1579 3374 1636 videre
3395 1590 3451 1635 et
3471 1578 3707 1650 discere,

2139 1671 2444 1744 intelligere
2499 1672 2656 1738 licet,
2688 1673 2984 1744 Statimque
3017 1687 3047 1728 a
3080 1672 3395 1730 schismatis
3438 1674 3731 1743 pravitate'

2134 1764 2392 1835 defugere
2425 1775 2479 1822 et
2500 1766 2710 1836 synodo
2751 1764 2969 1835 subjici.
3005 1764 3145 1821 Cum
3180 1767 3252 1822 sit
3302 1765 3476 1828 enim,
3509 1766 3708 1834 inquit,

2131 1857 2460 1912 naturalium
2511 1859 2774 1914 bonorum
2808 1857 2898 1913 Dei
2945 1868 3002 1914 et
3033 1856 3212 1912 Patris
3244 1873 3471 1913 consors
3512 1856 3707 1922 Ftlitts.

2128 1963 2238 2005 non
2274 1949 2578 2006 adventitie
2607 1965 2783 2019 neque
2807 1960 2984 2016 extra,
3020 1965 3195 2020 neque
3222 1949 3513 2018 itnprOpric
3543 1949 3710 2004 habet

2126 2041 2291 2097 etiam
2330 2041 2619 2113 Spiritum,
2656 2041 2750 2098 sed
2778 2041 3146 2097 essentialiter
3177 2041 3373 2097 eodem
3408 2043 3572 2098 modo
3596 2059 3710 2110 quo

2128 2135 2455 2208 intelligitur
2483 2145 2538 2192 et
2572 2135 2755 2193 Pater.
2789 2135 2846 2192 Si
2880 2137 3041 2208 igitur
3073 2137 3325 2192 naturale
3360 2137 3563 2191 bonum
3609 2136 3710 2190 Pa-

2131 2231 2231 2286 tris
2261 2241 2366 2298 est,
2406 2230 2670 2301 Spiritum
2719 2240 2967 2286 sanctum
3014 2230 3268 2285 emittere
3297 2247 3310 2285 :
3341 2229 3711 2285 communicat

2128 2341 2261 2382 vero
2291 2324 2459 2381 Filius
2486 2326 2832 2382 naturalibus
2855 2326 3033 2382 Patris
3056 2327 3216 2382 bonis
3245 2342 3354 2381 non
3386 2327 3713 2396 improprie,

2131 2420 2228 2474 sed
2256 2417 2574 2472 naturaliter
2602 2427 2658 2473 et
2686 2419 3090 2481 essentialiter,
3119 2419 3420 2473 secundum
3456 2433 3709 2488 magnum

2129 2508 2384 2581 Cyrillum
2415 2509 2540 2578 (nec
2571 2496 2799 2580 potestis
2829 2509 3072 2580 negare),
3097 2524 3227 2580 ergo
3256 2508 3309 2564 id
3353 2507 3514 2562 habet
3543 2509 3708 2562 etiam

2131 2601 2323 2666 Filius,
2395 2600 2647 2656 videlicet
2693 2598 2952 2671 Spiritum
3004 2611 3251 2655 sanctum
3302 2599 3572 2661 emittere,
3603 2613 3711 2652 non

2133 2693 2574 2765 participatione,
2604 2695 2697 2749 sed
2731 2691 3113 2757 essentialiter,
3143 2690 3388 2746 eo'tnodo
3408 2706 3516 2760 quo
3549 2690 3708 2745 Pater

2135 2787 2309 2856 ipsum
2343 2785 2705 2842 essentialiter
2732 2785 2952 2840 emittit.
2977 2783 3256 2838 Attendite
3284 2781 3432 2846 huic,
3460 2783 3712 2852 inquam,

2133 2878 2420 2934 attendite.
2462 2876 2700 2948 Symeon
2738 2874 3137 2946 Metaphrastes
3179 2875 3234 2929 in
3270 2874 3441 2929 sancti
3475 2873 3715 2944 Dionysii

2134 2971 2476 3044 Areopagitae
2526 2968 2663 3026 Vitae
2713 2983 2988 3034 sermone,
3050 2966 3210 3022 tertia
3271 2964 3544 3032 Octobris,
3601 2964 3722 3021 haec

2135 3064 2326 3120 scribit
2356 3080 2369 3115 :
2412 3082 2430 3115 ε
2465 3062 2598 3129 Qua:
2633 3060 2931 3131 corporalis
2957 3059 3175 3130 quidem
3213 3059 3512 3127 praesentiae
3551 3068 3713 3122 sunt,

460 3143 528 3201 Ὀ
568 3145 629 3199 δὶ
672 3148 897 3217 Συμεὼν
937 3151 962 3203 6
990 3149 1418 3222 Μεταφραστὴς,
1451 3155 1508 3206 ὲν
1553 3151 1630 3222 τῷ
1659 3152 1738 3215 εἰς
1793 3152 1885 3204 τὸν
1915 3151 2030 3222 βίον

2141 3159 2304 3212 tinem
2358 3153 2669 3224 accipiunt;
2703 3168 2825 3223 quae
2861 3168 2989 3207 vero
3021 3150 3277 3220 spiritus,
3315 3149 3629 3217 incipiunt;
3661 3158 3718 3204 et

453 3240 546 3293 τοῦ
575 3241 731 3308 ἁγίου
754 3241 1035 3296 Διονυσίου
1059 3244 1152 3298 τοῦ
1182 3245 1573 3314 Ἀρεοπαγίτου
1597 3245 1760 3316 λόγῳ,
1786 3247 1853 3317 τῇ
1874 3245 2034 3320 τρίτῃ

2141 3250 2194 3304 ἰιι
2247 3249 2444 3304 εωίιιω
2493 3248 2746 3303 Christus
2795 3260 2948 3301 meus
2990 3244 3232 3310 cﬂertur,
3267 3258 3330 3296 ac
3379 3244 3432 3296 in
3481 3241 3711 3310 patriam

453 3334 549 3387 τοῦ
595 3335 930 3407 Ὀκτωόρίου
959 3341 1358 3410 γεγραμμένῳ,
1382 3337 1559 3392 τοιάδε
1590 3339 1790 3406 φάσκει
1818 3355 1832 3368 θ
1867 3356 1886 3389 ι
1926 3338 2000 3391 ιΙέ
2019 3369 2036 3383 ο

458 3444 556 3497 ρας
597 3428 664 3480 τὰ
693 3427 794 3495 τῆς
826 3430 1149 3501 σωματικῆς
1172 3431 1437 3502 ἑνδημίας
1463 3431 1682 3501 δέχεται
1705 3448 1721 3465 ο
1760 3431 1828 3484 τὰ
1856 3431 1913 3485 δὲ
1936 3429 2031 3483 τοῦ

458 3518 595 3571 lived
607 3536 776 3588 ματος
807 3522 1035 3593 ἄρχεται
1056 3539 1069 3554 ο
1101 3524 1200 3578 καὶ
1241 3524 1321 3588 είς
1355 3523 1620 3594 οὐρανοὺς
1656 3525 1686 3578 6
1729 3523 1864 3593 ἐμὸς
1894 3523 2033 3601 Χρι-

2143 3337 2436 3395 revertitur
2468 3337 2652 3392 sedem
2687 3379 2704 3403 ,
2733 3344 2788 3391 et
2817 3335 3203 3404 procedentem
3236 3334 3304 3388 ab
3344 3347 3412 3388 eo
3452 3329 3716 3401 Spiritum

2135 3430 2418 3500 discipulis
2449 3430 2565 3485 suis
2594 3428 2760 3484 mittit
2779 3427 2846 3483 ad
2872 3426 3169 3482 inﬁdelium
3202 3425 3447 3494 gentium
3478 3437 3709 3479 conver-

2134 3538 2372 3580 sionem.
2413 3539 2433 3574 ι

456 3615 578 3678 "iis
617 3617 986 3686 dvatpépstat‘
1018 3619 1282 3687 καὶπρὸς
1323 3620 1417 3674 τδν
1467 3619 1738 3690 πατρικὸν
1780 3618 2032 3673 ἐπάνεισι
2073 3619 2263 3690 θρόνον
2290 3634 2302 3648 ·
2341 3618 2434 3671 καὶ
2478 3616 2539 3670 τὸ
2575 3616 3013 3688 ἐκπορευόμενον
3057 3613 3224 3669 αὑτοῦ
3300 3613 3541 3684 Πνεῦμα,
3625 3612 3722 3669 ἐπὶ

457 3715 556 3783 τὴν
586 3713 696 3768 τῶν
726 3714 972 3772 ἀπίστων
1005 3716 1178 3773 ἐθνῶν
1206 3719 1565 3790 καταπέμπει
1613 3719 1728 3781 τοῖς
1764 3718 2035 3787 μαθηταῖς
2073 3717 2319 3788 ὀδηγίαν.
2355 3732 2376 3768 ι

531 3903 842 3967 ’Πκουσας,
887 3902 1076 3959 καὶτὸ
1125 3905 1568 3977 ἐκπορευόμενον
1610 3905 1776 3959 αὐτοῦ
1813 3905 2042 3976 Πνεῦμά

458 4011 616 4064 φησι,
646 3993 806 4048 τοῦτο
852 3996 910 4049 δέ
969 3997 1112 4064 ἐστι,
1142 3997 1205 4050 τὸ
1246 3996 1308 4062 ἐξ
1357 3997 1522 4052 αὑτοῦ
1573 3998 2037 4069 ἐκπορευόμενον.

473 4086 616 4141 Ἀλλ’
648 4088 711 4140 ού
745 4092 947 4154 κεῖται,
978 4091 1134 4159 φασὶ,
1168 4091 1346 4162 ῥητῶς
1376 4091 1427 4143 oi
1458 4093 1558 4160 τῆς
1586 4091 1848 4163 ἀληθείας
1880 4094 2040 4147 πολέ-

463 4197 598 4249 μιοι,
633 4181 1070 4251 ἐκπορευόμενον
1100 4184 1165 4237 εκ
1192 4183 1286 4237 τοῦ
1318 4184 1452 4238 Υίοῦ
1477 4201 1492 4216 ·
1517 4187 1568 4238 εί
1593 4186 1651 4240 δὲ
1691 4187 1785 4240 καὶ
1817 4184 2044 4258 εὕρηταί

2211 3904 2402 3971 Audis,
2428 3913 2484 3958 et
2513 3901 2903 3974 procedentem
2929 3900 3050 3970 ejus
3077 3897 3340 3967 Spiritum
3371 3896 3527 3962 dicit,
3560 3895 3612 3950 id
3634 3904 3722 3950 est

2140 3999 2235 4068 qui
2271 4013 2334 4053 ex
2356 4013 2424 4054 eo
2452 3996 2719 4067 procedit.
2746 3997 2818 4050 At
2845 4011 2955 4050 non
2985 3995 3206 4064 ponitur
3234 3992 3480 4062 precise,
3531 3989 3724 4045 dicunt

2145 4093 2331 4148 hostes
2368 4091 2632 4156 veritatis,
2685 4088 3070 4159 procedentem
3115 4101 3178 4141 ex
3215 4083 3389 4152 Filio;
3423 4083 3519 4140 sed
3550 4083 3596 4137 si
3623 4081 3724 4135 ali-

2147 4184 2272 4239 cubi
2306 4182 2600 4253 reperitur,
2630 4198 2697 4237 ex
2726 4181 2887 4235 Patre
2936 4177 3238 4249 procedere
3282 4172 3621 4243 intelligitur,
3653 4187 3722 4225 ex

462 4289 589 4336 που,
626 4277 824 4328 νοεῖται
862 4275 927 4329 εκ
969 4274 1063 4330 τοῦ
1097 4277 1313 4347 lla-:96;
1353 4279 1811 4349 ἐκπορευόμενον,
1847 4281 1916 4332 ἐκ,
1947 4278 2034 4334 τοῦ

2153 4276 2291 4330 Filio
2323 4290 2452 4332 vero
2491 4289 2834 4346 nequaquam
2870 4287 2883 4323 :
2918 4270 3106 4325 datum
3143 4278 3326 4324 autem
3387 4275 3442 4320 et
3496 4265 3721 4318 missum

462 4365 596 4420 Υῐοῦ
627 4365 682 4419 δὲ
741 4366 996 4435 οὐδαμῶς
1027 4337 1461 4438 ὶκπορευόμενον
1487 4337 1508 4403 ί
1538 4337 1811 4440 διδόμενον
1835 4373 1893 4425 δὲ
1953 4371 2034 4426 xui

2154 4384 2253 4438 per
2281 4367 2500 4432 Filium,
2533 4337 2733 4436 quippe
2763 4379 2888 4420 cum
2941 4361 3084 4427 .mitti
3138 4374 3248 4415 non
3281 4359 3502 4413 denotet
3535 4369 3725 4425 proce-

469 4459 826 4530 πεμπόμενον
849 4460 935 4512 διὰ
963 4459 1057 4514 τοῦ
1088 4461 1221 4515 Υίοῦ
1244 4479 1259 4494 ’
1293 4464 1378 4517 ὅτι
1407 4464 1470 4516 τδ
1504 4462 1844 4532 πέμπεσθαι,
1877 4464 1939 4518 οὐ
1963 4465 2045 4516 δί-

469 4552 601 4604 δωσι
631 4553 774 4604 νοεῖν
812 4554 961 4622 ἡμᾶς
998 4551 1060 4604 τδ
1100 4552 1520 4625 ἐκπορεύεσθαι.
1561 4555 1670 4610 Καὶ
1706 4555 1892 4609 λοιπὸν
1917 4556 2054 4609 ὅταν.

465 4641 755 4709 ἀκούωμεν
785 4642 843 4695 τὺ
894 4639 1119 4712 Πνεῦμα
1168 4643 1229 4697 τὸ
1276 4645 1434 4713 ἅγιον
1481 4643 1800 4713 πέμπεσθαι
1847 4646 1912 4698 ὲκ
1945 4644 2044 4699 τοῦ

470 4733 704 4803 Πατρὸς,
735 4734 796 4788 οὐ
828 4735 1118 4814 νοήσαιμεν
1144 4735 1541 4808 ὶκπορεύεσθαι
1570 4739 1635 4790 ὲκ
1661 4735 1756 4790 τοῦ
1789 4737 2004 4807 Πατρός
2030 4751 2045 4766 ο

468 4827 497 4877 6
527 4824 583 4878 δὲ
645 4825 1022 4897 Παράκλητος,
1078 4828 1246 4900 φησὶν
1284 4831 1313 4882 6
1366 4828 1622 4899 Χριστὸς,
1655 4827 1717 4883 ὃν
1759 4828 1966 4900 πέμψει
2020 4830 2051 4881 6

472 4917 662 4994 Πατὴρ
693 4919 752 4970 ἐν
779 4917 856 4988 τῷ
883 4919 1110 4991 ὀνόματί
1135 4937 1264 4992 μου,
1292 4922 1353 4976 οὺ
1381 4921 1625 4993 δώσομεν
1650 4921 2054 4993 ἐκπορεύεσθαι

469 5008 537 5060 ὲκ
567 5007 660 5060 τοῦ
718 5007 974 5078 Πατρός;
1025 5009 1122 5062 καὶ
1159 5010 1329 5079 μάλα.
1371 5008 1513 5066 Ἀλλ’
1565 5010 1754 5080 ἐπειδή
1801 5025 1938 5077 φατε
1967 5008 2050 5060 ὅτι

474 5097 574 5169 οὐχ
605 5097 920 5169 εὑρίσκεται
979 5102 1418 5172 ικπορευόμεηνον
1468 5103 1562 5156 καὶ
1593 5101 1656 5153 εκ
1705 5099 1798 5154 τοῦ
1837 5098 1961 5154 Υίοῦ
1992 5100 2053 5152 ἐν

475 5192 542 5262 τῇ
601 5189 723 5260 θείᾳ
782 5191 995 5262 Γραφῇ,
1059 5192 1366 5263 βουλόμεθα
1419 5194 1518 5247 νῦν
1560 5190 1836 5258 ἀποδεῖξαι
1893 5189 2055 5245 τοῦτο

478 5285 679 5355 ῥητῶς.
733 5285 793 5338 ’0
835 5287 1015 5354 μέγας
1052 5287 1404 5351 ’Λναστάσιος
1458 5287 1807 5358 πατριάρχης
1847 5281 2053 5342 Ἀντιο-

478 5379 653 5449 χείας,
682 5377 742 5442 ὃς
771 5378 1084 5449 εὑρίσκεται
1132 5380 1227 5432 καὶ
1257 5379 1414 5446 ἁγίου
1441 5379 1606 5448 ὅρους
1637 5377 1771 5431 Σινᾶ
1816 5376 2054 5445 λεγόμε-

481 5484 590 5531 νος.
622 5461 778 5530 οῦτός
804 5470 920 5522 ἐστι
953 5470 1083 5541 περὶ
1119 5464 1182 5524 οὖ
1213 5471 1245 5540 ή
1278 5471 1406 5539 ἁγία
1455 5470 1588 5539 ἕκτη
1619 5467 1836 5530 σύνοδος
1879 5467 2050 5535 λέγει·

471 5559 898 5630 ’Ἆποδεχόμεθα
929 5563 1020 5615 τὸν
1049 5563 1203 5631 ἅγιον
1237 5563 1593 5618 Ἀναστάσιον
1614 5576 1631 5594 ⁶
1659 5562 1755 5615 καὶ
1781 5559 2056 5628 Θεόδωρος

484 5652 777 5720 Μελιτινῆς
811 5653 1086 5726 ἀπεκρίθη
1107 5671 1120 5686 ·
1147 5655 1338 5726 Ἀγιον
1365 5653 1633 5710 ἀποκαλεῖ
1659 5653 1810 5709 πᾶσα
1833 5654 1867 5723 ἠ
1897 5652 2053 5707 Ἀνα-

568 5834 612 5863 “
644 5833 798 5887 Jnan.
831 5849 941 5904 xlv,
976 5833 1063 5890 16.

2150 4463 2314 4525 dere;
2356 4474 2419 4514 ac
2447 4460 2516 4514 de
2543 4452 2741 4514 caetero
2805 4456 3024 4524 quando
3076 4450 3413 4507 audierimus
3455 4449 3721 4518 Spiritum

2149 4561 2394 4608 sanctum
2427 4565 2497 4604 ex
2525 4548 2686 4604 Patre
2720 4547 2884 4612 mitti,
2915 4561 3024 4601 non
3071 4543 3440 4610 intelligamus
3464 4555 3527 4595 ex
3563 4538 3723 4591 Patre

2151 4645 2470 4715 procedere.
2523 4659 2542 4693 ι
2597 4639 2929 4704 Paracletus,
2990 4635 3174 4707 inquit
3209 4633 3499 4702 ,Christus,
3562 4645 3720 4698 quem

2151 4735 2330 4790 mittet
2360 4734 2522 4788 Pater
2553 4732 2611 4787 in
2640 4732 2867 4786 nomine
2906 4743 3049 4795 meo,
3091 4746 3110 4778 ι
3151 4739 3333 4780 nonne
3363 4721 3723 4778 concedemus

2153 4839 2278 4880 eum
2319 4841 2387 4880 ex
2410 4822 2574 4879 Patre
2595 4821 2933 4894 procedere?
2959 4818 3214 4873 Maxime.
3249 4814 3356 4871 Sed
3383 4813 3512 4884 quia
3540 4810 3723 4866 dicitis

2152 4919 2209 4972 in
2258 4917 2439 4972 divina
2486 4914 2766 4985 Scriptura
2801 4927 2912 4968 non
2945 4910 3197 4981 reperiri,
3229 4917 3286 4962 et
3332 4922 3398 4962 ex
3432 4903 3567 4958 Filio
3597 4918 3727 4958 eum

2154 5008 2471 5078 procedere,
2519 5005 2777 5059 volumus
2825 5002 2879 5058 id
2922 5015 3068 5056 nunc
3098 5013 3356 5067 expresse
3407 4995 3721 5051 Ostentlcre.

2154 5098 2380 5170 Magnus
2403 5096 2742 5156 Anastasius,
2775 5092 3076 5148 Antiochiae
3104 5089 3450 5160 patriarcha,
3487 5103 3576 5155 qut
3613 5094 3668 5138 et
3693 5098 3724 5137 a

2155 5199 2347 5248 sancto
2374 5198 2558 5246 monte
2589 5187 2741 5244 Sinai
2772 5186 3072 5257 appellatur
3105 5183 3173 5253 (is
3200 5192 3283 5238 est
3307 5182 3375 5235 de
3403 5196 3513 5248 quo
3535 5184 3726 5232 sancta

2159 5288 2314 5335 sexta
2347 5279 2588 5352 synodus
2613 5277 2806 5333 scribit
2837 5289 2853 5330 :
2914 5275 3232 5345 Recipimus
3299 5282 3547 5327 sanctum
3581 5274 3727 5323 Ana-

2159 5371 2387 5428 stasium
2422 5392 2436 5426 :
2465 5382 2521 5426 et
2565 5369 2886 5427 Theodorus
2920 5369 3194 5424 Melitines
3228 5366 3552 5436 respondit:
3582 5365 3724 5419 Sau-

2156 5472 2303 5518 ctum
2350 5472 2508 5518 vocat
2555 5469 2702 5516 totus
2744 5461 2942 5516 Oriens
2992 5461 3142 5514 hunc
3193 5468 3394 5514 sancta:
3449 5455 3725 5510 memoria!

2160 5553 2523 5614 Anastasium,
2554 5551 2646 5621 qui
2688 5552 2790 5606 fuit
2814 5553 3104 5622 episcopus
3141 5550 3446 5604 Antiochize
3487 5569 3501 5602 :
3545 5555 3601 5601 ct
3628 5544 3723 5614 qui

2160 5661 2284 5704 eum
2322 5660 2430 5701 non
2463 5643 2678 5713 recipit,
2709 5643 2850 5699 Deus
2885 5640 3366 5697 anathematizahit
3403 5657 3415 5694 :
3451 5649 3507 5693 et
3533 5650 3725 5693 omnes
