4170 6280
572 343 624 408 ll
647 344 706 405 l7

1720 359 2039 420 JOb’El‘lll
2087 362 2131 420 Μ
2148 362 2631 425 ETllONENSIS

3685 371 3821 435 tus

569 466 629 508 rt-
653 470 775 510 esse
814 456 1085 527 signiﬁcat
1119 460 1264 515 illius
1306 460 1371 516 de
1402 478 1513 532 quo
1542 464 1739 521 dicitur
1766 468 1909 537 quod
1947 471 2075 524 est?
2125 488 2141 521 ι

2254 480 2313 530 τὸ
2340 481 2471 549 παρ’
2501 482 2862 551 ἀμφοτέρωνο
2899 480 2935 535 ἃ
2974 480 3137 552 μόνον
3168 479 3350 534 πίστει
3385 482 3649 553 νοούμενα
3677 487 3825 554 παρὰ

572 548 717 601 I'dmn
769 548 1099 620 Epiphanius
1151 554 1203 606 in
1256 555 1447 609 eodem
1485 556 1603 611 loco
1643 561 1723 615 sic
1779 563 1898 614 ait:
1936 581 1954 612 ι
2002 562 2141 633 Ergo

571 639 728 694 Pater
762 655 981 711 semper
1012 642 1114 697 luit
1144 657 1196 698 et
1224 646 1395 701 Filius
1431 664 1645 719 semper
1676 650 1796 716 fuit,
1828 663 1883 709 et
1911 655 2141 723 Spiritus

570 741 630 779 ex
670 726 827 783 Patre
874 740 930 784 et
976 731 1113 788 Filio
1154 737 1326 804 spirat
1363 737 1460 808 (l).
1496 738 1635 804 Quin
1690 744 1855 797 etiam
1904 744 2140 814 Spiritus

569 831 793 876 sanctus
825 839 932 878 non
960 824 1249 891 confrater.
1280 831 1373 885 sed
1395 847 1461 885 ex
1485 834 1674 887 eadem
1701 836 2006 891 substantia
2040 837 2139 891 Pa-

576 912 676 965 tris
710 921 764 965 et
796 914 957 981 Filii;
986 932 1109 970 nam
1143 918 1257 987 ipse
1299 918 1623 991 Unigenitus
1659 925 1814 988 dicit,
1856 946 1872 978 ι
1908 928 2141 996 Spiritus

571 1001 745 1061 Patris
766 1024 813 1073 gi
837 1018 911 1079 ct,
944 1028 962 1063 ι
991 1010 1092 1077 Qui
1117 1028 1183 1069 ex
1215 1012 1370 1071 Patre
1390 1018 1657 1085 procedit,
1700 1038 1717 1072 ι
1747 1029 1827 1081 et,
1853 1040 1872 1075 ι
1916 1021 1990 1076 De
2022 1037 2140 1076 meo

571 1099 833 1166 accipiet,
868 1120 886 1153 ι
919 1118 986 1157 ne
1013 1102 1287 1160 diversum
1315 1123 1344 1161 a
1378 1106 1539 1164 Patre
1565 1120 1872 1181 putaretur,
1906 1130 2085 1184 neque
2110 1131 2140 1171 a

569 1184 729 1241 Filio.
776 1206 794 1238 ι
835 1190 1026 1253 Audis,
1057 1208 1125 1246 ne
1151 1205 1437 1251 externum
1474 1208 1529 1253 et
1559 1202 1855 1269 diversum,
1886 1205 2080 1273 inquit.
2109 1222 2138 1260 a

568 1276 729 1332 Patre
758 1288 1064 1348 putiretttr,
1098 1300 1273 1355 neque
1303 1303 1332 1341 a
1368 1287 1525 1353 Filio,
1555 1292 1758 1347 idcirco
1791 1310 1853 1348 ex
1894 1295 2056 1351 Patre
2086 1308 2140 1351 et

567 1368 707 1425 Filio
736 1375 1031 1440 procedere
1075 1376 1299 1434 dicitur.
1338 1380 1401 1434 Et
1440 1385 1818 1440 sanctissimus
1874 1387 2139 1444 Maximus

571 1465 660 1517 uhi
708 1465 1103 1537 interpretatur
1149 1473 1278 1541 quid
1327 1472 1575 1546 designat
1626 1479 1768 1548 apud
1816 1483 2137 1550 prophetam

570 1556 889 1613 Zachariam
913 1575 1137 1616 aureum
1167 1565 1578 1638 candelabrum,
1602 1579 1656 1624 et
1683 1574 1889 1641 lampas
1918 1576 2058 1644 ejus,
2084 1587 2139 1630 et

571 1649 834 1713 lucorum,
856 1653 926 1707 ita
952 1655 1169 1709 scrihit:
1210 1676 1237 1708 ι.
1257 1655 1492 1729 Spiritus
1522 1674 1746 1721 sanctus
1776 1668 2137 1735 quemadmo-

570 1742 699 1794 dum
732 1754 923 1799 natura
966 1749 1266 1804 secundum
1314 1755 1605 1810 essentiam
1640 1766 1742 1824 est,
1770 1759 1847 1813 sic
1878 1774 1941 1811 ex
1982 1760 2139 1815 Patre

2250 571 2357 623 τῶν
2397 572 2588 640 ἁγίων,
2626 573 2864 639 φωτεινά
2900 572 3196 641 φωτοδὸτα,
3232 572 3500 645 φωτεινὴν
3532 573 3631 642 τὴν
3672 576 3827 645 ἐνέρ-

2250 679 2403 729 γειαν
2428 664 2559 733 ἔχει.
2588 663 2696 718 Καὶ
2720 659 2871 727 αὖθις
2906 666 2963 717 ἐν
2987 662 3064 732 τῷ
3090 664 3240 732 αὐτῷ
3266 679 3281 693 ·
3315 682 3334 715 ι
3380 664 3603 733 Πνεῦμα
3640 664 3815 732 ἅγιον,

2252 754 2473 822 Πνεῦμα
2506 755 2761 826 ἀληθείας
2808 755 2966 809 ἐστί’
2999 756 3115 823 φῶς
3163 755 3362 824 τρίτον,
3408 757 3559 826 παρὰ
3610 758 3823 825 Πατρδς

2250 848 2344 901 καὶ
2381 849 2510 901 Υίοῦ
2536 850 2705 903 ἐστιν.
2750 843 2849 902 »Ἀ
2864 849 2912 915 ρ’
2938 849 3167 916 ἐνόησας
3205 850 3267 901 τὸ
3303 850 3432 917 παρ’
3455 850 3775 919 ἀμφοτέρων
3801 866 3816 914 ς

2247 936 2328 999 τὸ,
2380 940 2601 1007 Πνεῦμα
2642 938 2899 1009 ἀληθείας
2946 938 3060 992 ἐστὶ
3097 940 3247 1006 παρὰ
3284 941 3492 1008 Πατρδς
3541 944 3632 992 καὶ
3667 940 3819 1004 Υίοῦ,

2246 1029 2299 1081 τί
2325 1029 2513 1099 δηλοῖς
2550 1030 2873 1101 Ἐπίστησον
2903 1031 3149 1103 ἀκριϐῶς
3179 1035 3271 1086 καὶ
3302 1032 3559 1101 ἐννόησον
3585 1048 3600 1062 ⁸
3623 1032 3683 1086 ού
3714 1034 3823 1103 γάρ

2249 1136 2304 1171 τι
2333 1120 2442 1173 τῶν
2474 1121 2594 1189 είκῇ
2629 1120 2723 1173 καὶ
2756 1120 2987 1192 ῥεόντων
3016 1122 3076 1175 ἐν
3104 1121 3313 1184 τούτοις
3342 1139 3405 1191 γε
3439 1122 3823 1191 πραγματεύε-

2249 1227 2365 1274 ται,
2386 1210 2501 1265 ἀλλ’
2528 1212 2560 1282 ή
2588 1213 2758 1282 ψυχή.
2790 1213 2897 1265 Τοῦ
2928 1212 3092 1266 αὐτοῦ
3141 1212 3462 1281 Ἐπιφανίου
3489 1215 3548 1266 ἐν
3571 1212 3648 1281 τῷ
3676 1212 3821 1282 αύτῷ

2245 1299 2389 1371 λόγῳ
2422 1318 2480 1353 τε
2513 1303 2609 1355 καὶ
2643 1301 2835 1372 βιϐλίῳ
2858 1320 2871 1335 ν
2912 1322 2929 1354 ι
2968 1304 3066 1356 Ὃν
3101 1304 3207 1371 γὰρ
3237 1304 3440 1374 τρόπον
3474 1305 3650 1367 οὐδεὶς
3681 1305 3822 1372 ἔγνω

2246 1392 2336 1445 τὸν
2390 1393 2607 1462 Πατέρα
2650 1394 2698 1447 εί
2733 1395 2807 1463 μὴ
2843 1396 2870 1447 ε
2902 1394 3048 1458 me,
3092 1394 3212 1450 om
3244 1396 3336 1450 τὸν
3392 1396 3544 1459 ne».
3589 1399 3638 1450 εί
3681 1377 3753 1466 ﬁt)
3790 1400 3822 1450 δ

2247 1483 2459 1554 Πατὴρ.
2495 1484 2639 1537 οὕτω
2673 1484 2857 1555 τολμῶ
2907 1484 3111 1553 λέγειν,
3145 1487 3226 1541 ὅτι
3252 1487 3373 1541 ούδέ
3404 1488 3467 1540 τὸ
3504 1488 3743 1558 Πνεῦμα,
3769 1491 3819 1542 εί

2251 1576 2328 1646 μὴ
2358 1578 2384 1629 ὀ
2426 1576 2617 1648 Πατὴρ
2650 1577 2743 1630 καὶ
2772 1580 2800 1631 6
2834 1578 2980 1641 Υίδς,
3020 1579 3156 1648 παρ’
3195 1573 3256 1632 οὗ
3306 1580 3688 1649 ἐκπορεύεται,
3726 1586 3821 1636 καὶ

2248 1665 2378 1735 παρ’
2409 1658 2469 1718 οὗ
2522 1665 2789 1735 λαμϐάνει
2818 1684 2831 1698 ·
2872 1669 2969 1721 καὶ
3006 1668 3125 1721 οὐδὲ
3154 1669 3247 1723 τὸν
3282 1670 3427 1734 Υίδν,
3472 1671 3681 1725 καὶτὸν
3710 1673 3820 1724 Πα-

2248 1758 2401 1827 τέρα,
2430 1761 2478 1810 εί
2526 1757 2602 1829 μὴ
2630 1760 2691 1813 τὸ
2727 1759 2957 1831 Πνεῦμα
2993 1761 3056 1814 τδ
3103 1764 3283 1831 ἅγιον,
3341 1764 3401 1815 τὸ
3444 1763 3665 1829 δοξάζον
3694 1765 3822 1835 ἀλη-

568 1852 665 1903 per
712 1837 909 1893 Filium
941 1843 1309 1901 essentialiter
1346 1847 1589 1917 genitum
1628 1850 1979 1908 inedabiliter
2011 1870 2139 1923 pro-

2250 1849 2381 1913 θῶς,
2422 1850 2484 1903 τὸ
2533 1850 2784 1905 διδάσκον
2834 1830 3035 1919 πάντα,
3067 1853 3094 1906 δ
3134 1857 3286 1923 παρὰ
3338 1853 3431 1908 τοῦ
3468 1856 3677 1925 Πατρδς
3725 1830 3819 1910 καὶ

568 1930 731 1982 ρυιιίι.
766 1950 783 1980 ι
824 1932 1015 1998 Audis,
1048 1946 1101 1989 et
1132 1937 1219 1991 hic
1247 1952 1311 1993 ex
1346 1937 1506 1996 Patre
1540 1958 1636 2011 per
1666 1943 1860 1999 Filium
1893 1946 2021 1999 dit-it
2055 1962 2145 2001 es-

568 2024 870 2079 soniialiter
890 2037 942 2081 et
962 2028 1306 2085 ineﬂahiliter
1326 2034 1658 2103 procedere?
1680 2033 1791 2093 lloc
1816 2036 1955 2092 idem
1979 2049 2058 2093 est
2079 2053 2144 2095 ac

568 2117 611 2168 si
645 2116 874 2182 diceret,
908 2121 1271 2178 essentialiter
1295 2137 1359 2178 ex
1396 2125 1557 2181 Patre
1583 2138 1638 2183 et
1662 2125 1797 2183 Filio
1823 2131 2143 2199 procedere,

566 2205 767 2276 quippe
805 2222 927 2261 cum
968 2208 1135 2265 dictio
1181 2229 1273 2281 per
1298 2213 1439 2269 idem
1473 2218 1740 2288 signiﬁco!
1773 2236 1844 2289 qu
1873 2222 1918 2275 id
1957 2238 2043 2281 ex.
2087 2233 2144 2295 ut

567 2301 931 2356 ostendimus.
974 2302 1116 2358 Idem
1171 2306 1223 2360 in
1270 2307 1502 2376 epistola
1550 2310 1617 2364 ad
1664 2310 1929 2366 Marinum
1977 2312 2142 2385 Cypri

568 2396 966 2465 presbyterum.
998 2399 1155 2468 cuius
1192 2400 1525 2471 principium
1559 2421 1571 2458 :
1605 2422 1622 2455 ι
1665 2404 1855 2461 Divina
1883 2408 2001 2478 lege
2042 2424 2129 2463 se-

568 2487 806 2542 cundum
842 2489 1010 2545 Deum
1059 2492 1447 2564 locupletatus,
1479 2508 1634 2567 pater
1668 2502 1995 2564 venerande,
2044 2503 2145 2557 hu-

569 2597 781 2635 manant
829 2582 998 2656 legem
1035 2586 1320 2659 neglexisti
1350 2631 1365 2655 ,
1403 2608 1421 2641 ι
1463 2592 1577 2647 haec
1621 2594 1841 2663 inquit:
1883 2613 1901 2646 ι
1940 2594 2015 2650 Ex
2055 2612 2143 2668 sy—

571 2675 862 2732 nodalibus
898 2680 1033 2735 actis
1062 2682 1394 2739 sanctissimi
1427 2699 1578 2755 papa
1608 2687 1799 2755 nostri,
1843 2704 1948 2745 non
1982 2690 2034 2743 in
2067 2699 2144 2745 tot

567 2783 697 2839 ψιυι
733 2772 1029 2840 scripsistis
1055 2774 1325 2845 capitihus
1358 2777 1517 2847 regite
1542 2779 1695 2835 urbis
1721 2781 1971 2837 homines
2000 2798 2146 2837 com-

571 2866 1027 2935 prehenderunt,
1061 2869 1153 2925 sed
1189 2868 1407 2925 duobus
1440 2881 1648 2931 tantum
1677 2915 1689 2937 ,
1727 2889 1963 2943 quorum
2007 2877 2143 2931 alte-

569 2976 684 3011 rum
716 2970 791 3013 est
827 2962 893 3014 de
920 2961 1209 3033 theologia,
1246 2963 1371 3034 quia
1410 2964 1548 3018 dicit
1580 2968 1742 3021 etiam
1771 2982 1835 3023 ex
1864 2968 2000 3025 Filio
2025 2969 2143 3041 Spi-

567 3058 730 3106 ritum
766 3064 1014 3108 sanctum
1042 3054 1361 3125 procedere;
1395 3058 1626 3113 alterum
1656 3062 1724 3117 de
1750 3062 1934 3116 divina
1963 3062 2143 3117 incar-

567 3147 812 3210 natione,
852 3148 943 3200 tthi
982 3148 1222 3217 scripsit,
1257 3149 1547 3206 Dominum
1575 3152 1696 3207 sine
1725 3154 1978 3224 originali
2012 3171 2138 3224 pec-
2169 3174 2212 3232 ρ

568 3247 693 3293 rato
716 3254 858 3303 esse,
893 3248 951 3294 ut
979 3240 1276 3297 hominem.
1325 3241 1391 3296 Et
1420 3243 1475 3298 iu
1506 3243 1609 3301 hoc
1640 3244 2011 3301 Romanorum
2042 3246 2142 3300 Pa—

567 3343 711 3386 trum
730 3332 1105 3400 expositiones
1127 3334 1437 3390 consentire
1464 3335 1912 3391 demonstrarunt
1941 3354 1955 3389 :
2013 3339 2145 3405 quin

567 3424 729 3478 etiam
760 3434 813 3478 et
840 3422 1094 3495 Cyrillum
1141 3425 1476 3481 Alexandriae
1522 3428 1839 3498 episcopum
1865 3471 1879 3491 ,
1915 3444 1978 3483 ex
2018 3428 2142 3498 ejus

570 3533 727 3574 sacro
762 3527 993 3573 tractatu
1013 3519 1315 3588 composito
1340 3519 1393 3573 in
1422 3529 1669 3574 sanctum
1691 3520 1955 3576 Joannem
1982 3536 2148 3577 evan-

570 3608 842 3681 gelistam,
877 3624 939 3663 ex
966 3610 1169 3679 quibus
1212 3624 1272 3666 se
1312 3626 1419 3666 non
1464 3609 1796 3681 principium
1834 3610 2026 3665 Filium
2064 3610 2142 3665 fa-

569 3719 697 3758 cere
730 3702 969 3772 Spiritus
1005 3702 1403 3758 ostenderunt:
1437 3717 1563 3756 nam
1590 3718 1761 3757 unum
1788 3708 1993 3756 tantum
2027 3699 2146 3756 Filii

570 3804 628 3847 et
651 3793 891 3864 Spiritus
930 3793 1252 3863 principium
1298 3803 1566 3848 noverunt
1597 3810 1607 3861 ;
1647 3792 1811 3863 hujus
1845 3792 2145 3848 secundum

572 3886 975 3957 generationem
996 3927 1009 3949 ,
1048 3885 1194 3940 illius
1218 3885 1513 3941 secundum
1544 3899 1674 3954 proc
1691 3886 1965 3941 essionem
2006 3901 2020 3938 :
2052 3884 2146 3940 sed

573 3990 631 4032 ut
670 3978 1076 4048 proc'essionem
1110 3994 1203 4045 per
1233 3993 1359 4033 eum
1405 3978 1749 4034 declararent
1781 3996 1794 4034 :
1830 3989 1887 4035 et
1914 3976 2017 4033 hac
2049 3992 2145 4032 ra-

577 4074 723 4127 tione
751 4071 1195 4141 conjuuctionem
1228 4079 1283 4127 et
1315 4071 1656 4127 identitatem
1704 4072 1961 4127 essentne
1995 4084 2147 4125 como

578 4162 895 4233 probarent.
932 4178 951 4213 ι
984 4160 1175 4225 Audis,
1219 4176 1287 4215 ex
1324 4160 1464 4217 Filio
1487 4160 1653 4216 etiam
1694 4160 1990 4230 procedere
2022 4160 2148 4229 Spi-

572 4258 737 4309 ritum
806 4264 1079 4321 sanctum,
1135 4262 1191 4308 et
1252 4252 1394 4308 inter
1452 4268 1511 4308 se
1552 4251 1861 4308 consentire
1930 4252 2147 4306 Patrum

580 4344 957 4405 auctoritates,
1009 4353 1063 4396 et
1121 4352 1178 4396 ut
1229 4341 1424 4396 beatus
1466 4342 1698 4414 Cyrillus
1731 4342 1873 4395 idem
1919 4342 2052 4397 dicit
2096 4351 2153 4396 et

572 4437 926 4491 contirmatin
947 4452 1104 4491 sacro
1131 4436 1181 4490 in
1196 4436 1581 4507 evangelistam
1602 4434 1864 4490 Joannem
1893 4446 2149 4492 tractatu.

2244 1940 2340 1997 τοῦ
2377 1942 2508 1997 Υίοῦ
2560 1946 2700 2011 ἐστι,
2732 1946 2824 1999 καὶ
2862 1946 2991 2017 παρ’
3016 1938 3079 2000 οῦ
3122 1948 3498 2016 ἐκπορεύεται,
3542 1948 3637 2001 καὶ
3690 1950 3819 2019 παρ’

2245 2030 2305 2089 οὗ
2330 2034 2601 2106 λαμϐάνει
2635 2057 2654 2090 ι
2692 2040 2762 2092 Τὸ
2780 2039 2834 2093 δέ
2856 2041 3031 2093 εἰπεῖν
3058 2040 3139 2093 ὃτι
3169 2042 3287 2093 ἐστὶ
3312 2041 3460 2109 παρὰ
3485 2040 3575 2094 τοῦ
3609 2041 3817 2109 Πατρὸς

2247 2130 2337 2183 καὶ
2367 2129 2461 2183 τοῦ
2490 2131 2639 2198 Υίοῦ,
2671 2132 2823 2190 οὔπω
2843 2133 3045 2201 ἔγνωτε
3086 2133 3143 2189 τδ
3170 2134 3298 2189 ἐστὶ
3328 2135 3499 2206 ῥῆμα.
3534 2137 3613 2189 ὅτι
3644 2136 3818 2206 ὕπαρ-

2248 2223 2437 2279 κτικόν
2491 2226 2630 2290 ἐστι,
2682 2227 2779 2279 καὶ
2829 2226 2891 2280 τὸ
2942 2220 3084 2281 εἶναι
3138 2228 3307 2297 δηλοῖ,
3351 2227 3411 2282 οὖ
3470 2228 3687 2295 λέγεται
3736 2230 3817 2281 ὅτι

2247 2318 2414 2373 ἐστίν.
2457 2336 2475 2368 ι
2527 2317 2584 2370 '0
2618 2318 2780 2381 αὐτὸς
2820 2318 3135 2389 Ἐπιφάνιος
3165 2320 3224 2371 ἐν
3257 2320 3333 2390 τῷ
3366 2320 3537 2391 αὐτῷ,
3568 2319 3711 2375 οὕτω
3736 2321 3817 2374 λέ·

2246 2425 2332 2477 γει
2360 2425 2373 2439 ·
2412 2426 2430 2460 ι
2476 2410 2668 2463 Τοίνυν
2706 2409 2892 2478 Πατὴρ
2918 2405 2986 2481 ἦν
3018 2410 3127 2472 ἀεὶ,
3178 2410 3270 2465 καὶ
3304 2411 3431 2474 Υῑὸς
3456 2406 3525 2481 ἦν
3568 2410 3656 2463 ἀεί
3681 2426 3693 2439 ·
3727 2411 3818 2463 καὶ

2244 2501 2305 2551 τὸ
2336 2500 2578 2570 Πνεῦμα,
2612 2502 2673 2554 ἐκ
2702 2499 2794 2553 τοῦ
2831 2502 3045 2572 Πατρδς
3084 2500 3178 2555 καὶ
3210 2498 3305 2553 τοῦ
3341 2499 3471 2553 Υίοῦ
3507 2501 3679 2553 πνέει.
3714 2498 3819 2551 Καὶ

2247 2594 2348 2656 ἔτι,
2392 2592 2615 2664 Πνεῦμα
2649 2592 2825 2661 ἅγιον,
2853 2593 2913 2646 ού
2948 2593 3292 2661 συνάδελφον,
3339 2592 3452 2645 ἀλλ’
3499 2593 3563 2646 ἐκ
3598 2592 3692 2658 τῆς
3724 2591 3817 2644 αύ-

2244 2685 2342 2749 τῆς
2371 2685 2561 2749 οὐσίας
2608 2686 2819 2753 Πατρδς
2851 2686 2943 2741 καὶ
2982 2686 3137 2740 Υίοῦ.
3174 2685 3340 2749 Αὐτὸς
3372 2685 3479 2755 γὰρ
3512 2686 3539 2737 ὁ
3580 2685 3816 2753 Μονογε-

2244 2778 2338 2845 νὴς
2379 2778 2569 2845 λέγει·
2624 2777 2684 2831 τὸ
2715 2778 2939 2849 Πνεῦμα
2987 2777 3079 2830 τοῦ
3121 2777 3351 2848 Πατρδς,
3382 2776 3568 2830 καὶτὸ
3615 2778 3677 2829 ἐκ
3722 2776 3815 2830 τοῦ

2246 2869 2459 2939 Πατρδς
2500 2870 2934 2939 ἐκπερευὸμενον
2960 2887 2974 2900 ο
3006 2870 3099 2922 καὶ
3144 2873 3205 2923 ἐκ
3253 2869 3346 2923 τοῦ
3398 2868 3531 2938 ἐμοῦ
3563 2870 3813 2937 λήψεται,

2248 2960 2336 3014 ἳνα
2387 2959 2464 3031 μὴ
2494 2960 2776 3033 ἀλλότριον
2822 2962 3103 3032 νομισθείη
3151 2964 3379 3033 Πατρὲις,
3416 2962 3553 3030 μηδέ
3599 2961 3748 3016 Υίοῦ.
3789 2980 3809 3014 ι

2258 3054 2529 3120 Ἀκούεις,
2560 3054 2646 3109 ἵνα
2676 3054 2751 3125 μὴ
2778 3055 2927 3122 ξένον
2952 3059 3046 3111 καὶ
3069 3055 3351 3126 ἀλλότριον
3376 3056 3659 3125 νομισθείη
3689 3055 3817 3125 φησι

2245 3148 2484 3218 Πατρὸς,
2518 3148 2653 3218 μηδέ
2679 3147 2833 3211 Υἱοῦ,
2869 3148 2955 3202 διὰ
2978 3148 3134 3203 τοῦτο
3159 3150 3224 3203 ἐκ
3248 3149 3340 3203 τοῦ
3369 3148 3580 3218 Πατρὸς
3608 3150 3701 3202 καὶ
3726 3146 3816 3201 τοῦ

2248 3240 2382 3297 Υίοῦ
2430 3241 2649 3311 λέγεται
2705 3241 3122 3311 ἐκπορεύεσθαι.
3156 3242 3265 3297 Καὶ
3291 3241 3320 3295 ὁ
3365 3242 3669 3308 άγιώτατος
3702 3242 3819 3296 Μά-

2250 3334 2427 3403 ξιμος,
2478 3334 2535 3387 ἐν
2564 3327 2643 3397 οἷς
2675 3334 2988 3404 ἐρμηνεύει,
3026 3334 3079 3386 τί
3115 3333 3251 3403 δῆτα
3280 3333 3527 3403 βούλεται
3571 3334 3648 3404 τῷ
3682 3351 3815 3403 προ-

2248 3429 2393 3499 φήτῃ
2463 3426 2714 3496 Ζαχαρία
2759 3426 2793 3493 ἡ
2838 3423 3012 3495 χρυσῆ
3059 3424 3269 3496 λυχνία,
3318 3426 3411 3479 καὶ
3462 3424 3524 3478 τὸ
3560 3424 3646 3479 ἐπ’
3680 3425 3814 3493 αὐτῇ

2246 3519 2573 3589 λαμπάδιον,
2628 3518 2722 3571 καὶ
2776 3520 2826 3571 οἱ
2877 3518 3081 3588 λύχνοι,
3136 3516 3279 3573 οὕτω
3313 3521 3478 3588 φησί’
3518 3536 3537 3569 ι
3587 3518 3662 3572 Th
3710 3518 3814 3587 γὰρ

2248 3609 2476 3677 Πνεῦμα
2510 3609 2571 3663 τὸ
2617 3611 2791 3679 ἅγιον,
2839 3608 3030 3680 ὥσπερ
3059 3626 3218 3681 φυσει
3250 3610 3374 3665 κατ’
3419 3611 3612 3665 οὐσίαν
3645 3611 3812 3676 ἐστὶν,

2246 3702 2323 3767 ὡς
2362 3703 2426 3755 ἐκ
2459 3700 2554 3753 τοῦ
2600 3694 2815 3770 Πατρδς
2843 3698 2913 3753 δι’
2954 3699 3090 3755 Υίοῦ
3131 3698 3402 3764 οὐσιωδῶς
3442 3700 3810 3770 γεννηθέντος.

2248 3796 2541 3866 ἀφράστως
2577 3794 3035 3864 ἐκπορευόμενον.
3074 3810 3092 3845 ι
3130 3791 3378 3855 Ἀκούεις
3420 3790 3719 3854 κάνταῦθα,
3752 3793 3815 3843 ἐκ

2248 3887 2342 3942 τοῦ
2377 3888 2586 3958 Πατρὸς
2615 3888 2683 3943 δι’
2723 3886 2854 3941 Υίοῦ
2884 3904 3052 3955 φησιν
3092 3886 3368 3950 ούσιωδῶς
3404 3888 3493 3939 καὶ
3524 3885 3818 3958 ἀφράστως

2250 3981 2712 4051 ἐκπορευόμενον,
2738 3978 2899 4037 τοῦτο
2925 3980 2982 4033 δέ
3011 3977 3209 4041 ταυτόν
3232 3978 3380 4032 ἐστιν
3408 3980 3605 4041 εἰπεῖν,
3634 3979 3697 4029 ἐκ
3722 3974 3811 4029 τοῦ

2251 4074 2461 4144 Πατρδς
2499 4076 2592 4129 καὶ
2622 4075 2686 4128 ἐκ
2719 4072 2814 4129 τοῦ
2848 4071 3001 4136 Υίοῦ,
3030 4070 3303 4134 οὑσιωδῶς
3347 4070 3775 4139 ἐκπορευόμενον
3796 4084 3812 4099 ·

2250 4166 2439 4237 ἐπειδὴ
2472 4166 2506 4237 ἡ
2538 4165 2635 4220 διὰ
2692 4164 2884 4219 ταυτὸν
2913 4166 2977 4236 τῇ
3009 4164 3077 4217 ἐκ
3112 4161 3380 4231 βούλεται,
3415 4162 3489 4223 ὡς
3522 4161 3814 4228 ἐδείξαμεν.

2262 4258 2323 4311 Ὀ
2352 4256 2511 4320 αὐτὸς
2551 4258 2611 4310 ἐν
2642 4259 2708 4327 τῇ
2755 4256 3116 4325 ἐπιστολῇ-τῇ
3149 4252 3283 4323 πρὸς
3317 4253 3559 4321 Μαρῖνον
3591 4251 3811 4320 Κύπρου

2252 4349 2644 4421 πρεσϐύτερον,
2697 4342 2765 4419 ἧς
2802 4349 2834 4417 ή
2865 4346 3007 4417 ἀρχή
3032 4362 3047 4377 ·
3087 4362 3106 4397 ι
3141 4344 3313 4415 Νόμῳ
3342 4344 3472 4415 θείῳ
3519 4345 3659 4397 κατὰ
3688 4343 3816 4396 Θεὸν

2252 4439 2989 4510 εὐθυνούμενος,θεοτίμητε
3052 4438 3255 4509 Πάτερ,
3312 4438 3479 4506 νόμον
3537 4437 3816 4507 ὑπερεῖδες

572 4533 727 4597 Quoi
755 4547 882 4584 vero
911 4530 1057 4596 «Iit-it,
1096 4546 1190 4583 eos
1217 4545 1323 4584 non
1359 4529 1538 4583 facere
1575 4528 1766 4583 Filium
1798 4529 2145 4599 principium,

2253 4533 2617 4604 ἀνθρώπινον,
2660 4551 2680 4585 ι
2715 4531 2896 4586 τοιάδε
2924 4531 3151 4599 φάσκεν
3190 4550 3208 4581 ι
3251 4528 3371 4583 Τῶν
3410 4530 3505 4584 τοῦ
3533 4528 3630 4583 νῦν
3658 4529 3817 4597 ἀγιωο

573 4624 799 4678 minime
823 4623 965 4691 quod
1002 4638 1109 4676 non
1142 4624 1214 4677 sit
1245 4637 1310 4675 ex
1336 4637 1422 4685 eo,
1458 4621 1552 4676 sed
1589 4636 1710 4675 esse
1755 4636 1927 4692 magis
1958 4631 2143 4675 osten-

573 4716 675 4771 dit.
707 4714 822 4769 Nuu
857 4715 1035 4769 facere
1067 4713 1387 4783 principium
1421 4713 1675 4768 videlicet
1719 4713 2020 4783 principale
2056 4714 2139 4767 di-

574 4807 671 4869 cit,
703 4808 1003 4861 st'Cttudum
1038 4806 1181 4861 illam
1214 4805 1433 4874 impiam
1476 4804 1724 4859 haeresim
1754 4842 1769 4867 ,
1802 4821 1921 4874 quae
1950 4806 2147 4860 asserit

577 4894 772 4948 Filium
808 4910 871 4947 ex
910 4895 1024 4947 solo
1050 4894 1207 4948 Patre
1230 4937 1244 4959 ,
1280 4893 1543 4963 Spiritum
1574 4910 1638 4949 ex
1674 4894 1791 4949 solo
1826 4895 1961 4951 Filio
1990 4913 2004 4949 :
2044 4896 2146 4950 ila-

574 5003 683 5056 que
720 4986 888 5040 Filius
923 4984 1239 5054 principalis
1267 4999 1427 5038 causa
1458 4986 1693 5054 Spiritus
1730 4986 2146 5056 intelligeretur,

577 5080 780 5133 idcirco
807 5078 843 5131 ii
881 5077 1048 5130 divini
1112 5078 1296 5131 Patres
1328 5092 1393 5133 ex
1442 5078 1601 5134 Patre
1644 5080 1727 5133 Vel
1780 5078 1919 5135 Filio
1962 5080 2148 5136 dicere

578 5172 906 5235 vitaverunt,
937 5169 987 5223 id
1017 5179 1121 5232 est,
1172 5185 1348 5239 neque
1386 5186 1451 5224 ex
1499 5171 1658 5225 Patre
1701 5172 1838 5237 solo,
1869 5186 2047 5240 neque
2076 5187 2141 5225 ex

579 5264 718 5317 Filio
750 5263 886 5327 solo,
918 5264 1012 5318 sed
1037 5279 1104 5318 ex
1134 5263 1294 5318 Patre
1333 5278 1429 5334 per
1471 5262 1688 5319 Filium.
1738 5263 1862 5318 Ideo
1892 5279 1987 5332 per
2022 5281 2145 5318 eum

578 5365 634 5411 et
661 5372 725 5409 ex
750 5370 816 5409 eo
842 5363 1116 5423 repertum
1154 5364 1237 5410 est
1265 5362 1319 5409 et
1359 5354 1612 5425 prodire,
1656 5366 1707 5409 et
1760 5354 2045 5423 perﬂuere.
2093 5366 2151 5409 et

582 5448 913 5517 procedere;
944 5458 997 5501 et
1031 5446 1085 5501 in
1123 5447 1224 5502 hoc
1258 5451 1554 5517 praecipue,
1594 5457 1652 5501 ut
1694 5448 1823 5502 alibi
1870 5459 2150 5503 ostensum

582 5549 685 5593 est.
721 5539 944 5594 Divinus
967 5537 1248 5602 Tarasius,
1283 5539 1790 5609 Constantinopolis
1820 5542 2151 5610 patriarcha,

585 5633 638 5687 iu
674 5633 900 5702 epistola
942 5634 1005 5685 ad
1050 5630 1289 5687 Orientis
1365 5631 1668 5702 pontlices,
1736 5648 1855 5702 qua:
1924 5634 2151 5702 incipit,

2251 4627 2415 4679 τάτου
2446 4625 2601 4679 πάπα
2650 4624 2967 4690 συνοδικῶν,
2993 4622 3095 4675 οὐκ
3141 4625 3198 4675 ἐν
3232 4621 3507 4683 τοσούτοις
3546 4621 3690 4683 ὅσοις
3732 4634 3818 4686 γε·

2252 4718 2507 4789 γράφατε
2567 4714 2907 4786 κεφαλαίοις,
2939 4718 2987 4769 oi
3033 4717 3133 4780 τῆς
3168 4713 3437 4784 βασιλίδος
3470 4713 3577 4785 τῷν
3617 4712 3831 4765 πόλεων

2248 4810 2616 4864 ἐπελάϐοντο*
2646 4808 2770 4861 δυσὶ
2795 4807 2849 4860 δὲ
2880 4807 3086 4874 μόνοις,
3116 4800 3189 4859 ὧν
3223 4805 3283 4857 τδ
3310 4805 3409 4872 μὲν
3440 4804 3674 4874 ὑπάρχει
3695 4801 3819 4870 περὶ

2252 4900 2569 4970 θεολογίαν
2602 4900 2685 4953 ὅτι
2727 4915 2787 4951 τε
2820 4899 3007 4968 φησὶν,
3060 4892 3231 4950 Εἶπεν
3278 4894 3674 4965 ἐκπορεύεσθαι
3718 4883 3819 4947 κάξ

2248 4994 2342 5046 τοῦ
2382 4990 2512 5046 Υἱοῦ
2547 4992 2607 5043 τὸ
2637 4989 2864 5060 Πνεῦμα
2893 4989 2953 5042 τὸ
2999 4988 3175 5057 ἅγιον,
3206 4987 3303 5041 καὶ
3333 4988 3425 5038 ἐπὶ
3461 4988 3636 5056 τούτῳ
3682 5002 3819 5054 συμ-

2251 5088 2461 5155 φώνους
2487 5084 2813 5155 παρήγαγον
2842 5080 3065 5151 χρήσεις
3103 5077 3392 5147 Ῥωμαίων
3420 5079 3677 5146 Πατέρων
3699 5093 3715 5105 ·
3743 5076 3831 5129 ἔτι

2251 5196 2316 5247 γε
2353 5177 2461 5247 μὴν
2496 5175 2592 5228 καὶ
2636 5171 2909 5243 Κορίλλου
2937 5170 3366 5241 Ἀλεξανδρείας,
3401 5170 3465 5221 ἐκ
3512 5169 3609 5239 τῆς
3661 5184 3820 5237 πονη-

2255 5270 2440 5337 θεὶσης
2503 5264 2651 5336 αύτῷ
2706 5266 2857 5336 ἱερᾶς
2919 5261 3328 5335 πραγματείας,
3385 5259 3466 5323 είς
3520 5260 3613 5313 τὸν
3667 5256 3819 5325 ἅγιον

2267 5362 2517 5427 Ἰωάννην
2552 5357 2641 5411 τὸν
2698 5355 3116 5425 εὐαγγελιστήν.
3143 5352 3235 5419 Ἐξ
3267 5346 3361 5417 ὧν,
3400 5352 3499 5404 οὐκ
3528 5348 3707 5404 αἰτίαν
3732 5345 3825 5413 τὸν

2259 5452 2387 5505 Υίὸν
2415 5450 2699 5512 ποιοῦντας
2725 5449 2817 5501 τοῦ
2847 5446 3185 5514 Πνεύματος,
3219 5448 3357 5514 σφᾶς
3387 5444 3585 5503 αὐτοὺς
3613 5438 3816 5495 ἀπέδει-

2258 5543 2354 5607 ξαν
2385 5559 2397 5571 -
2436 5542 2566 5611 μίαν
2594 5542 2702 5611 γὰρ
2750 5541 2899 5593 ἴσασι
2930 5538 3022 5593 τοῦ
3072 5536 3206 5591 Υῐοῦ
3238 5536 3330 5592 καὶ
3358 5536 3453 5589 τοῦ
3483 5532 3820 5602 Πνιύματος,

2261 5633 2354 5687 τδν
2400 5633 2619 5704 Πατέρα
2660 5631 2870 5686 αἰτίαν·
2901 5630 2995 5685 τοῦ
3041 5630 3162 5701 μιν,
3206 5629 3347 5685 κατὰ
3381 5628 3477 5699 τὴν
3535 5624 3816 5694 γέννησιν·

659 5816 733 5890 (l)
771 5819 825 5873 id
859 5830 961 5882 ειν,
993 5818 1144 5890 jux'a
1199 5818 1416 5873 modum
1460 5816 1683 5887 Spiritui
1741 5816 2150 5871 ronvcnicntcm
2190 5808 2451 5880 procedit.
