4170 6280
488 347 616 412 1151

1653 351 1980 410 JOSEPHI
2027 351 2588 413 METHONENSIS

3613 357 3749 422 1152

487 463 577 518 hic
611 462 771 516 l’ater
795 470 847 514 et
875 461 1062 515 doctor
1093 461 1159 516 de
1194 462 1547 516 tliStiuetionc
1570 475 1621 516 et
1648 463 1832 518 divina
1861 467 2062 520 unione

2186 468 2420 529 ιτίσεως.
2459 487 2477 518 ι
2525 466 2788 520 Ἐνταῦθα
2820 470 2847 522 6
2875 470 3044 539 μέγας
3079 463 3235 535 οὗτος
3271 472 3459 542 Πατὴρ
3483 475 3578 526 καὶ
3604 476 3746 530 διδά-

485 572 795 612 sermonem
852 555 1080 620 habens,
1144 555 1409 626 Spiritum
1460 567 1706 612 sanctum
1757 560 1827 613 ob
1877 559 2065 613 oculos

493 651 666 720 ponit,
703 647 961 716 Patrique
1000 657 1054 702 et
1089 648 1228 702 Filio
1269 665 1391 702 cum
1426 651 1814 719 comparando,
1860 653 2069 707 invenit

489 757 737 810 quaenam
793 743 933 793 inter
986 755 1043 794 se
1089 743 1400 796 communia
1450 754 1502 795 et
1554 745 1819 804 unien:ia.
1850 755 1902 800 et
1949 765 2067 815 qua:

489 833 706 900 prppria
740 841 794 883 et
835 830 1229 898 distinguenda
1284 834 1413 888 sint.
1448 832 1580 886 Cum
1632 834 1813 900 igitur,
1868 837 2067 906 inquit,

489 921 833 984 Palri,jttxta
867 922 916 974 id
950 922 1092 989 quod
1129 922 1431 976 ittcreatum
1468 932 1569 984 est,
1610 925 1679 976 sit
1720 927 2067 995 conjuntrtus,

490 1013 558 1065 ab
587 1029 652 1067 co
684 1030 876 1068 rursus
931 1014 1304 1082 distinguitur,
1354 1031 1422 1068 ne
1470 1015 1623 1071 Pater
1667 1018 1808 1072 sicut
1840 1021 1927 1074 ille
1962 1033 2068 1086 est,

492 1109 837 1160 existimetur
865 1126 878 1158 ι
911 1125 1034 1162 eum
1064 1108 1202 1162 Filio
1227 1127 1353 1163 vero
1384 1127 1675 1166 commune
1708 1111 1892 1178 habet,
1925 1116 2069 1184 quod

493 1202 770 1254 increatus
809 1210 895 1254 est
955 1206 1082 1270 (una
1137 1211 1223 1256 est
1263 1204 1407 1256 enim
1465 1202 1627 1258 trium
1675 1206 1960 1274 essentia),
2017 1216 2068 1260 et

494 1299 759 1356 praeterea
825 1301 1058 1361 uterque
1108 1295 1473 1350 communiter
1532 1295 1700 1351 Deum
1740 1299 2070 1370 principium

495 1384 716 1438 habent.
758 1382 969 1438 Rursus
1013 1397 1191 1440 tamen
1227 1388 1294 1443 ab
1321 1404 1388 1443 eo
1425 1389 1511 1444 his
1541 1389 1756 1447 duobus
1790 1393 2074 1461 distingui-

495 1483 606 1535 tur,
637 1475 760 1542 quia
795 1491 900 1527 non
950 1487 1005 1527 ut
1053 1477 1217 1532 Filius
1254 1495 1352 1548 per
1385 1482 1814 1548 generationem,
1851 1485 1944 1537 sed
1981 1499 2073 1553 per

494 1569 898 1635 proccssionetn
935 1570 1185 1624 videlicet
1217 1588 1280 1625 ex
1311 1572 1468 1629 Patre
1511 1575 1603 1639 sit,
1635 1575 1686 1629 id
1727 1586 1829 1640 est,
1868 1592 1961 1645 per
1988 1578 2075 1631 di-

493 1675 711 1714 versant
735 1662 953 1714 modum
975 1662 1314 1726 SUbSlﬂllllil‘,
1336 1668 1531 1734 etquia
1558 1682 1653 1736 per
1672 1669 1849 1737 ipsum
1879 1668 2072 1724 Filium

494 1752 874 1808 maniis-datus
911 1756 1001 1809 sit.
1045 1756 1149 1810 Sed
1177 1759 1302 1826 quia
1335 1769 1583 1814 creatura
1624 1762 1784 1816 habet
1809 1777 1932 1817 esse
1978 1780 2075 1832 per

2177 559 2402 624 σκα)ος,
2441 561 2568 629 περὶ
2597 561 2924 631 διακρίσεώς
2946 581 3003 616 τε
3036 565 3129 620 καὶ
3164 565 3316 628 θείας
3361 566 3628 628 ὲνώσεως,
3656 570 3748 621 τὸν

2171 649 2330 714 λόγον
2356 653 2704 720 ποιούμενος,
2738 652 3148 725 προχειρίζεται
3201 658 3301 725 μὲν
3338 657 3398 710 τὺ
3436 657 3660 726 Πνεῦμα
3689 659 3749 711 τὸ

2173 743 2331 807 ἅγιον
2358 760 2371 772 ·
2407 762 2478 796 πα
2491 744 2772 813 ραόἀλλων
2801 746 2850 798 δ’
2873 747 3003 800 αὐτὸ
3037 749 3171 818 πρός
3198 765 3257 801 τε
3287 750 3380 804 τιν
3410 750 3628 819 Πατέρα
3655 753 3748 804 καὶ

2171 840 2263 891 τὸν
2290 841 2436 899 Υίὸν.
2462 840 2706 907 εὑρίσκει
2729 843 2849 895 τινὰ
2874 843 2973 908 μὲν
2995 843 3178 905 αὐτοῖς
3206 846 3360 898 κοινὰ
3381 845 3476 898 καὶ
3506 845 3744 906 mam,

2174 934 2299 986 τινὰ
2329 933 2383 985 δὲ
2420 933 2529 986 ἴδιά
2567 950 2626 985 τε
2667 937 2759 986 καὶ
2783 935 3151 1004 διακρίνοντα.
3181 936 3272 1004 Τῷ
3297 935 3398 1004 μὲν
3425 936 3516 990 οὖν
3551 937 3746 1004 ﬂat-pi,

2174 1023 2335 1090 (pan,
2376 1025 2517 1075 κατὰ
2540 1023 2600 1074 τὸ
2630 1021 2881 1076 ἄκτιστον
2911 1024 3337 1092 συναπτόμενον,
3366 1026 3748 1095 διαχωρίζετειι

2175 1113 2338 1166 πάλιν
2384 1115 2478 1166 ἀπ’
2513 1114 2704 1180 αὑτοῦ,
2737 1116 2824 1167 ἵνα
2858 1115 2934 1188 μὴ
2983 1118 3212 1186 νομισθῇ
3259 1118 3448 1188 Πατὴρ
3496 1117 3748 1185 καθάπερ

2174 1206 2375 1268 ἐκεῖνος
2403 1221 2420 1237 ο
2451 1206 2527 1274 τῷ
2559 1205 2616 1258 δὲ
2652 1206 2761 1275 rio
2781 1206 3071 1261 κοινωνοῦν
3095 1207 3238 1261 κατά
3259 1209 3319 1262 τδ
3339 1211 3592 1264 ἄκτιστον
3622 1229 3749 1264 suv-

2174 1297 2393 1365 αφείας,
2436 1300 2532 1366 μία
2562 1298 2669 1369 γὰρ
2727 1299 2836 1352 τῶν
2881 1301 3051 1369 τριῶν
3093 1300 3250 1354 οὐσία
3279 1317 3295 1334 ο
3335 1299 3414 1354 ἔτι
3447 1319 3506 1354 τε
3544 1303 3747 1372 καὶτῷ

2174 1391 2393 1444 αίτιατὰ
2421 1387 2558 1443 εἶναι
2589 1391 2786 1456 κοινῶς
2824 1392 3114 1462 ἀμφότερα
3145 1393 3240 1444 τοῦ
3273 1393 3379 1444 τῶν
3422 1395 3558 1446 ὅλων
3585 1395 3746 1458 Θεοῦ,

2175 1484 2323 1553 ὅμως
2381 1483 2546 1536 αὐτοῦ
2604 1485 2941 1552 διακρίνεται
2987 1485 3150 1538 πάλιν
3197 1485 3319 1538 δυσὶ
3368 1488 3616 1551 τούτοις,
3670 1489 3750 1555 τῷ

2180 1573 2319 1642 μήτε
2354 1575 2658 1640 μονογενῶς
2698 1576 2772 1636 ὡς
2823 1575 2968 1638 Υἱὸς,
3006 1575 3120 1628 ἀλλ’
3151 1577 3499 1647 ὲκπορευτῶς
3549 1577 3748 1646 δηλαδὴ

2179 1667 2498 1736 ὑποστῆναι.
2530 1667 2699 1720 Τοῦτο
2726 1668 2769 1720 δ’
2794 1670 2930 1734 ἐστὶ,
2962 1668 3041 1736 τῷ
3065 1669 3308 1740 διαφόρῳ
3340 1671 3434 1739 τῆς
3467 1670 3751 1740 ὐπᾶρξιως

2177 1754 2386 1824 τρόπῳ,
2441 1760 2538 1808 καὶ
2573 1758 2630 1808 ὲν
2675 1757 2753 1827 τῷ
2804 1757 2870 1810 δι’
2905 1758 3070 1810 αὐτοῦ
3112 1758 3205 1811 τοῦ
3253 1758 3380 1812 Υίοῦ
3429 1762 3748 1828 πεφηνέναι.

495 1845 688 1898 Filium
726 1847 873 1913 (nam
898 1851 1083 1903 omnia
1108 1865 1202 1919 per
1232 1865 1358 1906 eum
1379 1851 1520 1906 facta
1558 1863 1709 1918 sunt,
1735 1865 1796 1908 ut
1821 1828 2078 1911 aitevan-

2190 1845 2347 1901 Ἐπεὶ
2372 1849 2428 1901 δὲ
2468 1850 2560 1900 καὶ
2601 1851 2633 1917 ἡ
2689 1852 2866 1914 κτίσις
2895 1851 2982 1903 διὰ
3031 1851 3125 1904 τοῦ
3164 1850 3296 1904 Υἱοῦ
3332 1852 3392 1904 τὸ
3445 1848 3582 1905 εἷναι
3613 1853 3748 1922 ἔχει,

494 1937 686 2003 gelista
710 1937 973 2007 Joannes,
1004 1949 1058 1995 et
1078 1941 1315 2012 Spiritus
1334 1958 1431 2011 per
1461 1943 1662 1999 Filium
1691 1946 2076 2003 tnanifestatus

495 2036 598 2089 est,
647 2032 945 2084 secundum
974 2033 1217 2085 omnium
1244 2033 1528 2089 doctorum
1571 2035 1847 2107 chorum),
1878 2054 1948 2093 ne
1980 2040 2080 2094 ali-

495 2121 625 2189 quid
666 2137 958 2178 commune
994 2139 1114 2180 esse
1142 2126 1547 2182 existimaretur
1588 2127 1815 2199 Spiritui
1845 2140 1901 2185 et
1926 2147 2078 2187 crea-

497 2225 650 2273 turae.
677 2230 745 2268 eo
764 2217 908 2284 quod
944 2217 1058 2271 haec
1097 2233 1198 2287 per
1223 2217 1418 2274 Filium
1441 2231 1623 2275 creata
1661 2222 1755 2285 sit,
1786 2222 1925 2277 alter
1947 2239 2078 2277 vero

499 2308 881 2364 manilcstetur
913 2328 926 2365 :
955 2326 1077 2364 cum
1117 2311 1245 2378 quid
1272 2322 1417 2368 esset
1448 2313 1552 2382 ipsi
1585 2323 1640 2368 et
1673 2315 1748 2369 illi
1791 2331 2078 2370 commune

499 2400 604 2465 iam
627 2401 974 2472 assignasset,
1011 2415 1285 2468 metuens,
1323 2421 1394 2460 ne
1413 2408 1535 2474 quis
1560 2407 1662 2463 hac
1690 2411 2077 2464 communitate

503 2492 838 2546 idetttitatem
860 2498 1113 2550 essentim
1140 2500 1522 2568 arbitraretur,
1543 2501 2002 2567 immutabilitate,
2025 2513 2080 2558 et

504 2589 883 2655 mutabilitate,
903 2603 953 2646 et
973 2594 1354 2651 immobilitatc
1375 2614 1473 2653 suo
1487 2598 1764 2652 contrario
1780 2612 1843 2652 ea
1865 2599 2007 2652 inter
2022 2613 2080 2652 se

500 2681 804 2752 distinguit,
832 2686 976 2753 quod
1011 2686 1126 2741 haec
1154 2703 1248 2756 per
1275 2688 1466 2742 Filium
1498 2691 1778 2752 subsistat,
1798 2691 1932 2744 alter
1955 2707 2081 2746 vero

505 2790 599 2839 per
632 2773 826 2828 Filium
860 2776 1259 2840 manilestetur,
1309 2795 1603 2838 commune
1629 2791 1687 2836 et
1717 2783 1856 2836 idem
1891 2783 2082 2836 existi-

506 2879 680 2919 mans.
719 2867 1095 2924 Distinctionis
1131 2887 1258 2925 γει-ο
1310 2874 1529 2926 modum
1576 2872 1803 2930 invenit.
1842 2888 1909 2926 eo
1938 2873 2081 2939 quod

509 2959 623 3014 lucc
657 2961 934 3016 mutabilis
964 2973 1014 3016 et
1045 2963 1259 3018 mobilis
1291 2978 1396 3029 est,
1437 2967 1577 3020 alter
1612 2982 1740 3020 vero
1771 2967 2082 3020 immutabi-

508 3051 572 3103 lis
598 3063 655 3105 et
685 3053 995 3110 immobilis.
1030 3057 1193 3127 Atqui
1233 3057 1277 3112 si
1313 3060 1416 3113 hoc
1448 3061 1592 3130 quod
1622 3071 1725 3119 est,
1763 3076 1858 3127 per
1888 3058 2080 3114 Filium

2176 1940 2355 1993 πάντα
2383 1942 2491 2011 γὰρ
2529 1940 2595 1995 δι’
2627 1942 2794 1995 αὑτοῦ
2835 1943 3072 2009 ιγένετο,
3098 1947 3126 1997 6
3173 1943 3426 2013 Ἰωάννης
3456 1945 3484 1995 6
3524 1947 3753 2012 εὐαγγε-

2181 2033 2365 2101 λιστὴς
2387 2034 2555 2100 λέγει,
2592 2035 2683 2088 καὶ
2710 2035 2770 2088 τδ
2799 2036 3020 2108 Πνεῦμα
3049 2035 3106 2089 δὲ
3134 2037 3222 2090 διὰ
3245 2038 3338 2090 τοῦ
3371 2038 3503 2091 Υίοῦ
3538 2039 3746 2106 πέφηνε

2178 2123 2321 2176 κατὰ
2374 2124 2466 2176 τδν
2513 2125 2673 2194 χορὸν
2724 2126 2942 2180 πάντων
2987 2126 3095 2178 τῶν
3140 2126 3497 2189 διδασκάλοιν,
3541 2127 3628 2180 ἵνα
3674 2129 3751 2197 μὴ

2181 2216 2360 2269 κοινόν
2389 2234 2440 2268 τι
2472 2216 2756 2286 νομισθείη
2793 2217 2887 2270 τοῦ
2919 2218 3236 2286 Πνεύματός
3282 2236 3341 2272 τι
3377 2219 3471 2273 καὶ
3509 2221 3604 2287 τῆς
3633 2221 3752 2271 κτῗο

2182 2322 2320 2368 σεως
2344 2321 2358 2334 ·
2392 2305 2449 2356 ἐν
2476 2307 2552 2374 τῷ
2581 2306 2680 2373 τὴν
2717 2306 2815 2374 μὲν
2846 2306 3145 2376 ὑποστῆναι
3176 2308 3263 2362 διὰ
3299 2308 3393 2361 τοῦ
3424 2308 3580 2369 Υίοῦ,
3612 2307 3668 2359 τὸ
3699 2306 3755 2360 δὶ

2183 2397 2508 2466 πεφηνέναι,
2554 2399 2676 2450 ἐπεὶ
2719 2397 2955 2464 ἔφθασεν
3001 2397 3357 2462 ἀποδεδωκὼς
3407 2399 3582 2453 κοινὸν
3608 2397 3754 2465 αὐτῷ

2180 2503 2241 2538 τε
2291 2488 2520 2558 κάκείνῃ
2541 2502 2558 2520 ⁸
2587 2486 2772 2551 δεδιὼς
2821 2488 2895 2557 μή
2944 2505 3027 2550 τις
3059 2488 3230 2556 τούτῳ
3259 2488 3323 2559 δὴ
3353 2489 3430 2559 τῷ
3461 2489 3625 2558 κοινῷ
3661 2491 3756 2540 καὶ

2181 2580 2486 2648 ταυτότητα
2518 2579 2616 2649 τῆς
2639 2578 2822 2643 οὐσίας
2866 2581 3135 2646 δοξάσειε,
3167 2581 3244 2650 τῷ
3275 2583 3528 2652 ἀτρέπτῳ
3574 2599 3632 2634 τε
3661 2583 3756 2636 καὶ

2181 2671 2421 2741 τρεπτῴ,
2452 2674 2547 2725 καὶ
2575 2672 2920 2742 ἁναλλοιὼτῳ
2949 2675 3042 2726 καὶ
3077 2673 3154 2745 μὴ
3191 2673 3440 2745 τοιούτῳ,
3487 2675 3756 2742 διακρίνει

2182 2763 2334 2818 ταῦτ’
2363 2764 2458 2818 ἀπ’
2490 2765 2734 2835 ἀλλήλων
2756 2781 2769 2796 ⁶
2813 2767 2892 2830 τὸ,
2924 2765 3022 2834 τὴν
3055 2768 3155 2835 μιν
3194 2766 3281 2818 διὰ
3319 2767 3413 2820 τοῦ
3449 2766 3580 2819 nos
3614 2767 3751 2819 ὑπο-

2186 2856 2396 2924 στῆναι,
2428 2856 2488 2908 τὸ
2523 2855 2598 2921 δὲ,
2633 2855 2721 2908 διὰ
2759 2856 2854 2909 τοῦ
2888 2855 3019 2910 Υίοῦ
3050 2858 3372 2927 πεφηνέναι,
3405 2857 3586 2910 κοινὸν
3632 2860 3754 2911 κατ’

2187 2947 2350 3002 αὑτὸν
2399 2948 2770 3018 ἡγησάμενος.
2803 2947 3140 3017 Διακρίσεως
3168 2949 3225 3001 δὲ
3267 2949 3467 3015 τρόπον
3509 2948 3660 3020 εὗρε,
3694 2949 3758 3002 τδ

2186 3038 2282 3108 τὴν
2315 3038 2434 3107 μὲν,
2486 3037 2726 3108 τρεπτὴν
2760 3038 2853 3091 καὶ
2885 3038 3186 3109 ἀλλοιωτὴν
3223 3033 3387 3103 εἶναι,
3414 3037 3474 3091 τὸ
3520 3038 3565 3091 δ’
3597 3041 3758 3108 ἄτρε-

508 3143 844 3200 manifestari
877 3145 1161 3216 Spiritum,
1196 3165 1304 3203 non
1347 3153 1662 3207 ostenderet
1705 3151 1898 3206 Filium
1930 3153 2084 3222 prin-

2190 3135 2320 3184 πτόν
2347 3149 2403 3184 τε
2435 3133 2530 3185 καὶ
2550 3131 2910 3185 ἀναλλοίωτον
2939 3145 2952 3161 '
2985 3133 3184 3198 καίτοι,
3213 3131 3261 3184 εί
3289 3132 3351 3186 τὶ
3377 3133 3466 3186 διὰ
3507 3132 3600 3186 τοῦ
3626 3132 3756 3185 Υίοῦ

508 3233 709 3302 eipittm
767 3250 908 3297 esse,
950 3239 1411 3304 quemadmodum
1474 3242 1781 3296 ostenditur
1837 3257 1934 3312 per
1982 3243 2087 3296 hoc

509 3329 654 3396 quod
681 3339 785 3389 est,
823 3345 919 3401 per
943 3329 1135 3386 Filium
1166 3345 1473 3391 creaturam
1502 3337 1804 3391 subsistere
1835 3338 1909 3408 (id
1940 3337 2084 3392 enim

511 3422 751 3476 declarat
774 3437 902 3477 eum
928 3439 1051 3478 esse
1081 3426 1448 3496 principium),
1485 3428 1661 3483 facilis
1701 3430 1884 3499 utique
1919 3430 2090 3499 Spiri-

516 3521 600 3566 tus
632 3523 685 3565 et
721 3525 984 3569 creaturae
1026 3517 1307 3574 distinctio
1347 3519 1538 3574 fuisset
1577 3538 1590 3574 :
1635 3537 1758 3574 nam
1809 3536 2089 3591 possemus

513 3608 718 3669 dicere,
746 3609 888 3674 qttnd
920 3612 1020 3664 etsi
1049 3611 1209 3665 ambo
1234 3611 1344 3666 sint
1373 3627 1469 3681 per
1491 3612 1711 3678 Filium,
1738 3623 1914 3668 tamen
1940 3630 2092 3668 crea-

523 3713 636 3754 tura
692 3707 948 3769 tanquam
999 3716 1279 3758 eausatum
1311 3715 1484 3760 estex
1519 3721 1603 3771 eo,
1646 3708 1783 3761 alter
1806 3722 1937 3760 vero
1972 3717 2093 3761 tan-

515 3808 587 3856 qu
629 3810 676 3843 m
739 3809 841 3844 non
900 3805 1206 3848 causatum.
1267 3795 1370 3851 Sed
1439 3814 1585 3851 nunc
1632 3798 1684 3852 id
1731 3813 1838 3853 non
1887 3800 2026 3854 dixit
2076 3817 2089 3852 :

521 3895 646 3934 nam
700 3883 844 3951 quod
901 3898 1089 3938 verum
1131 3901 1251 3941 esse
1309 3889 1594 3955 nescisset,
1646 3904 1754 3943 non
1806 3899 1924 3944 erat
1972 3891 2094 3958 ejus

517 3976 678 4029 ntlieii
740 3977 960 4043 dicere;
1012 3980 1106 4032 sed
1161 3980 1323 4034 aliam
1380 3981 1794 4036 distinctionem
1846 3982 2090 4046 invenit,

519 4083 680 4131 quam
720 4083 899 4122 veram
943 4077 997 4123 et
1033 4069 1200 4123 solam
1248 4070 1546 4127 arbitratus
1595 4084 1677 4126 est
1728 4088 1870 4127 esse.
1926 4072 2095 4143 Igitur

521 4159 833 4227 pra-positio
883 4178 996 4230 per,
1032 4177 1154 4216 cum
1205 4164 1405 4218 dicitur
1434 4164 1576 4234 quod
1613 4165 1850 4236 Spiritus
1882 4182 1978 4235 per
2005 4165 2096 4219 Fi-

525 4253 657 4305 lium
692 4252 1090 4320 manifestatur,
1128 4256 1229 4308 hoc
1266 4257 1406 4311 idem
1453 4259 1597 4312 valet
1632 4259 1773 4325 quod
1799 4273 1922 4313 cum
1961 4258 2096 4312 dici-

524 4352 951 4406 tUr,ereatttratn
986 4360 1081 4413 per
1111 4343 1306 4398 Filium
1340 4346 1642 4400 subsistere
1667 4366 1678 4402 :
1706 4363 1768 4400 ac
1798 4348 1922 4417 quia
1945 4361 2098 4400 crea-

523 4447 656 4487 turae
681 4451 840 4489 causa
858 4437 1056 4490 dicitur
1081 4447 1134 4491 et
1154 4438 1395 4491 creditur
1422 4453 1564 4500 esse,
1584 4439 1777 4503 Filius,
1806 4447 1858 4493 et
1893 4438 1999 4492 hoc
2027 4435 2100 4490 si-

2189 3224 2490 3294 πεφηνέναι
2525 3225 2587 3276 τδ
2637 3221 2881 3294 Πνεῦμα,
2909 3224 2984 3293 μὴ
3019 3223 3197 3277 αἰτίαν
3248 3222 3435 3293 ἐδήλου
3486 3222 3576 3277 τδν
3608 3223 3756 3287 Υίδν,

2189 3317 2377 3386 ὥσπερ
2408 3318 2465 3370 τὸ
2490 3317 2576 3371 διὰ
2612 3315 2703 3370 τοῦ
2729 3315 2859 3370 Υἱοῦ
2905 3314 3204 3387 ὑποστῆναι
3247 3317 3347 3388 τὴν
3373 3317 3570 3378 κτίσιν,
3601 3316 3760 3370 τοῦτο

2189 3409 2298 3479 γὰρ
2322 3409 2484 3460 αὑτὸν
2512 3408 2691 3461 αἰτίαν
2717 3409 2888 3479 δηλοῖ,
2918 3410 3090 3482 ῥᾴστη
3121 3411 3186 3461 ἂν
3213 3410 3247 3480 ή
3271 3408 3561 3479 διάκρισις,
3595 3407 3761 3461 Πνεῦ-

2192 3501 2362 3569 ματὸς
2386 3515 2446 3550 τε
2483 3499 2578 3551 καὶ
2604 3499 2700 3563 τῆς
2745 3500 2972 3561 κτίσεως
3001 3514 3016 3528 ο
3045 3497 3172 3566 ἐξῆν
3203 3498 3310 3567 γὰρ
3357 3501 3550 3562 εἰπεῖν,
3582 3499 3662 3550 ὅτι
3707 3500 3758 3550 εί

2191 3593 2287 3645 καὶ
2314 3591 2596 3659 ἀμφότερα
2630 3589 2720 3642 διὰ
2743 3591 2832 3642 τοῦ
2863 3590 3016 3655 Υίοῦ,
3046 3590 3158 3643 ἀλλ’
3187 3591 3219 3660 ἡ
3251 3591 3348 3659 μὲν
3377 3594 3550 3650 κτίσις
3586 3591 3762 3642 altu.

2191 3684 2299 3747 τῶς
2326 3685 2386 3749 ἐξ
2419 3683 2608 3750 αὑτοῦ,
2638 3685 2697 3738 τὸ
2721 3683 2778 3737 δὲ
2805 3685 3066 3746 ἀναιτίως
3085 3699 3100 3714 °
3131 3685 3224 3737 νῦν
3248 3684 3326 3748 δὲ,
3352 3683 3512 3737 τοῦτο
3542 3682 3638 3752 μὲν
3661 3683 3763 3734 οὑκ

2191 3774 2382 3831 εἶπεν·
2436 3777 2466 3829 ὂ
2495 3779 2602 3849 γὰρ
2646 3779 2720 3848 μὴ
2776 3778 2893 3848 ᾔδει
2929 3776 3127 3846 ἀληθὲς
3176 3775 3256 3841 δν,
3289 3775 3389 3830 οὐκ
3437 3772 3506 3847 ἦν
3552 3774 3761 3829 ἐκείνου

2193 3871 2390 3933 εἰπεῖν,
2442 3869 2560 3922 ἀλλ’
2612 3869 2780 3937 ἄλλην
2809 3862 2938 3939 εὗρε
2995 3869 3288 3937 διάκρισιν,
3323 3867 3422 3937 τὴν
3474 3868 3566 3920 καὶ
3616 3866 3765 3934 αὐτῷ

2193 3961 2422 4026 δόξασιν
2453 3962 2626 4032 ἀληθῆ
2663 3963 2757 4016 καὶ
2802 3962 2970 4032 μόνην
3002 3961 3356 4031 ὑπάρχουσαν
3379 3977 3394 3994 ο
3425 3961 3458 4030 η
3487 3960 3586 4014 διὰ
3634 3959 3763 4041 ἄρα,

2195 4057 2287 4108 ἐπὶ
2321 4056 2420 4124 τῆς
2447 4055 2515 4108 δι’
2559 4053 2684 4107 Υίοῦ
2731 4053 2826 4106 τοῦ
2878 4052 3195 4121 Πνεύματος
3235 4051 3328 4105 τοῦ
3364 4051 3520 4119 ἁγίου
3566 4053 3766 4118 ὲκφᾶν-

2199 4165 2358 4210 σεως,
2387 4146 2532 4200 τοῦτ’
2561 4145 2693 4200 αὐτὸ
2717 4145 2942 4199 δύναται
2967 4161 2982 4176 ·
3015 4145 3152 4213 ὅπερ
3180 4144 3270 4195 ἐπὶ
3290 4143 3388 4210 τῆς
3415 4143 3647 4204 κτίσεως
3675 4141 3762 4192 λε-

2199 4242 2433 4310 γομένης
2461 4240 2528 4292 δι’
2559 4237 2689 4291 Υίοῦ
2723 4238 3045 4305 ὑποστῆναι.
3085 4235 3226 4288 Ἀλλ’
3253 4234 3376 4288 ἐπεὶ
3400 4233 3500 4299 τῆς
3533 4236 3766 4294 κτίσεως

2198 4332 2350 4385 αἰτία
2387 4331 2607 4397 λέγεται
2642 4330 2738 4382 καὶ⁵
2772 4327 3087 4382 πιστεύεται
3124 4329 3152 4380 6
3178 4325 3307 4389 Υίδς
3344 4321 3506 4378 εἶναι.
3541 4326 3646 4377 Καὶ
3679 4323 3770 4377 διὰ

2201 4423 2301 4491 τῆς
2328 4421 2426 4475 διὰ
2455 4421 2616 4474 τοῦτο
2661 4421 3011 4489 σημαίνεται,
3064 4420 3154 4470 καὶ
3187 4417 3278 4469 ἐπὶ
3321 4416 3414 4470 τοῦ
3457 4414 3770 4484 Πνεύμαιος

522 4527 740 4597 gnificat
780 4529 1091 4595 prxpositio
1121 4545 1246 4598 per;
1269 4545 1398 4601 ergo
1433 4530 1600 4584 dictio
1635 4545 1725 4596 per
1768 4529 1837 4583 de
1864 4528 2084 4598 Spiritu.

2200 4515 2308 4585 ἄρα
2340 4515 2524 4568 αίτίαν
2561 4518 2591 4582 ὴ
2628 4512 2728 4566 διὰ
2774 4511 3070 4582 παρίστησι
3103 4508 3195 4561 τὸν
3239 4507 3385 4560 Υἱόν.
3438 4509 3545 4560 Καὶ
3595 4505 3672 4567 τίς
3699 4503 3770 4554 ἂν

522 4620 682 4672 etiam
719 4635 936 4672 causam
974 4635 1094 4674 esse
1124 4619 1322 4676 Filium
1354 4623 1592 4675 denotat.
1634 4622 1702 4674 At
1732 4621 1856 4688 quis
1896 4619 2096 4688 poterit.

524 4727 760 4778 unquam
780 4721 990 4765 servata
1021 4713 1163 4766 serie
1187 4713 1298 4765 bare
1320 4712 1593 4766 subtiliter
1611 4727 1707 4780 per
1733 4720 1914 4779 partes
1929 4724 2094 4776 expo-

525 4819 679 4864 nere,
699 4821 820 4855 eum
844 4820 906 4858 ea
941 4805 990 4856 in
1013 4804 1288 4859 infinitum
1316 4804 1721 4859 extendantur?
1744 4803 1848 4859 Sed
1870 4817 2098 4873 magnus

524 4904 582 4948 et
614 4895 842 4950 celebris
873 4897 1204 4953 Athanasius
1242 4913 1431 4951 rursus
1454 4897 1678 4951 accedat
1701 4897 1767 4951 ad
1810 4894 2099 4950 testiﬁcan-

528 4989 677 5049 dum,
700 4987 894 5041 l’ilium
913 4989 1147 5056 Spiritus
1159 4991 1328 5044 sancti
1347 4990 1710 5058 processionis
1723 5004 1941 5043 causam
1956 5002 2096 5040 esse.

533 5081 631 5134 llic
667 5083 810 5133 enirn
854 5082 907 5134 in
944 5092 1174 5136 tractatu
1216 5083 1396 5152 primo
1427 5083 1690 5137 adversus
1716 5083 1969 5142 Arianos,
2005 5080 2097 5149 qui

532 5173 744 5239 incipit,
773 5190 790 5222 ι
814 5171 1165 5241 Qumcunque
1189 5173 1412 5227 heercsis
1431 5183 1619 5227 contra
1638 5174 1918 5225 veritatem
1942 5185 2104 5223 exco-

534 5264 730 5330 gitasse
757 5261 1019 5314 insaniam
1046 5262 1330 5317 adversum
1365 5276 1424 5316 se
1456 5272 1639 5329 aperte
1679 5259 2032 5328 conSpicitur,
2078 5275 2096 5306 ι

535 5354 651 5406 haec
669 5353 779 5406 ait:
811 5374 827 5402 ι
865 5353 989 5408 Ιῐωρ
1012 5369 1136 5407 cum
1168 5352 1367 5408 Ιυάιηὶε
1386 5353 1640 5409 Christus
1658 5363 1715 5405 ιιι
1735 5351 2099 5416 homoloqae-

532 5444 713 5507 batur,
745 5446 837 5500 sed
861 5446 1141 5513 discipulis
1170 5447 1283 5500 suis
1307 5446 1641 5500 divinitatem
1677 5453 1732 5497 et
1758 5444 2101 5511 tnajestatem

534 5554 685 5592 sitam
709 5539 1023 5601 ostendens,
1062 5555 1168 5592 non
1195 5539 1459 5592 minorem
1487 5552 1547 5592 se
1577 5536 1782 5606 Spiritu
1813 5535 1905 5590 sed
1932 5534 2106 5600 majo-

537 5645 650 5684 rem
681 5640 737 5684 et
767 5631 1027 5698 aqualem
1069 5646 1190 5686 eSse
1224 5631 1580 5697 ostendendo,
1609 5627 1856 5683 tradebat
1885 5626 2102 5695 quidem

539 5721 825 5790 Spiritum,
857 5735 910 5777 et.
949 5723 1164 5777 dicebat
1202 5740 1265 5780 ει
1296 5723 1406 5795 Ego
1437 5737 1563 5776 eum
1616 5722 1849 5785 mittam,
1905 5727 1961 5772 et
2020 5717 2106 5770 ille

538 5831 625 5870 tne
655 5815 995 5875 clariﬁeabit,
1027 5828 1080 5871 et
1113 5832 1450 5888 qttwcunquc
1488 5813 1756 5870 audiverit
1782 5812 2047 5881 loquetur.
2081 5829 2097 5860 ι

2197 4606 2449 4675 δυνηθείη
2500 4605 2620 4658 καθ’
2658 4602 2851 4674 εἱρμὸν
2878 4608 2946 4654 τά
2981 4601 3108 4670 περὶ
3160 4599 3351 4652 τούτου
3414 4597 3649 4650 ἐκθεῖναι
3682 4595 3771 4647 λε-

2201 4697 2514 4769 πτομερῶς,
2542 4695 2716 4766 μῆκος
2763 4693 2985 4762 ἄπειρον
3009 4691 3399 4759 ὑπερϐαίνοντα
3424 4704 3438 4754 ;
3485 4687 3641 4742 Ἀλλὰ
3677 4687 3770 4740 καὶ

2199 4795 2227 4844 6
2261 4796 2433 4861 μέγας
2474 4791 2570 4843 καὶ
2616 4789 2781 4849 πολὺς
2819 4784 3155 4850 ’Λθανὰσιο;,
3203 4784 3364 4837 πάλιν
3395 4782 3595 4835 ὲλθέτω
3625 4797 3768 4848 συμ-

2205 4880 2578 4952 μαρτυρήσων
2626 4880 2759 4950 ἡμῖν
2793 4878 2886 4931 τὸν
2928 4875 3056 4928 Υίὸν
3098 4875 3268 4928 αῑτιον
3323 4875 3421 4942 τῆς
3467 4871 3561 4925 τοῦ
3607 4871 3768 4938 ἁγίου

2204 4974 2523 5043 Πνεύματος
2565 4970 2943 5039 ὲκπορεύσεως
2970 4983 2982 4996 ·
3040 4961 3193 5031 οὗτος
3241 4966 3351 5034 γὰρ
3396 4967 3454 5018 ιν
3504 4962 3584 5033 τῷ
3628 4959 3772 5015 κατὰ

2202 5045 2512 5138 ”Αρειανῶν
2527 5064 2729 5136 πρώτῳ
2743 5055 2978 5131 λόγῳ,οῦ
3005 5061 3037 5128 ἡ
3067 5057 3230 5130 ἀρχὴ,
3264 5078 3282 5110 ι
3314 5058 3380 5111 Αἱ
3409 5057 3509 5125 μὲν
3531 5053 3770 5124 αἱρέσεις

2205 5164 2326 5216 ὅσαι
2379 5157 2520 5213 κατὰ
2571 5159 2669 5223 τῆς
2699 5154 2955 5222 ἀληθείας
2995 5151 3360 5219 ἐπινοήσασαι
3397 5148 3596 5216 μανίαν
3639 5145 3770 5198 ἑαυ-

2205 5255 2345 5316 ταῖς,
2383 5268 2402 5300 )
2437 5249 2612 5303 τοιάδε
2631 5246 2778 5314 λέγει
2798 5260 2813 5275 ·
2853 5263 2871 5295 t
2899 5242 3136 5296 Τοιαῦτα
3154 5241 3250 5311 μὲν
3275 5241 3381 5304 τοῖς
3404 5237 3674 5299 Ἰουδαίοις
3693 5233 3770 5300 ὡς

2203 5347 2491 5414 ἅνθρωπος
2524 5345 2551 5394 ὁ
2585 5340 2788 5408 Κύριος
2817 5338 3085 5402 διελέγετο
3103 5352 3116 5365 ·
3152 5337 3263 5396 τοῖς
3292 5333 3346 5385 δὲ
3374 5331 3637 5402 μαθηταῖς
3668 5328 3767 5382 αύ-

2205 5439 2297 5491 τοῦ
2331 5437 2432 5506 τὴν
2470 5435 2699 5503 θεότητα
2731 5431 2829 5484 καὶ
2874 5427 3268 5498 μεγαλειότητα
3307 5425 3518 5485 δεικνὺς
3549 5418 3767 5483 ἑαυτοῦ,

2207 5532 2309 5584 οὐκ
2343 5529 2423 5581 ἔτι
2453 5527 2709 5580 ἐλάττονα
2749 5521 2939 5576 ἑαυτὸν
2971 5517 3063 5573 τοῦ
3107 5517 3443 5586 Πνεύματος,
3480 5513 3616 5567 ἀλλὰ
3649 5510 3768 5582 μεί-

2210 5625 2338 5686 ζονα
2371 5621 2466 5673 καὶ
2505 5620 2618 5672 ίσον
2645 5616 2774 5668 ὄντα
2808 5612 3108 5682 σημαίνων,
3139 5609 3308 5663 ἐδίδου
3343 5609 3444 5676 μιν
3467 5607 3530 5658 τδ
3551 5602 3772 5672 Πνεῦμα

2210 5717 2304 5769 καὶ
2351 5715 2556 5782 ιλεγεν,
2595 5727 2615 5761 ι
2638 5708 2779 5776 Ἐγὼ
2801 5705 2964 5760 αὑτὸν
3005 5700 3288 5756 ἀποστελῶ
3312 5715 3329 5731 ο
3374 5699 3627 5761 κάκεῖνος
3673 5694 3772 5765 ips

2212 5806 2423 5872 δοξάσει
2451 5808 2562 5858 ’καὶ
2585 5803 2685 5855 ὅσα
2714 5800 2780 5853 ἂν
2808 5795 3016 5866 ἀκούσῃ
3040 5791 3285 5864 λαλήσει.
3324 5808 3345 5843 ι
