4206 6342
513 368 652 436 1153

1169 398 1323 461 PRO
1352 396 1544 458 CONC
1602 389 1979 455 FLORENT.
2015 391 2176 453 CAP.
2204 392 2254 455 1.
2288 391 2384 451 DE
2429 388 2741 452 SPlRlTU
2779 386 3091 447 SANCTO.

3640 373 3780 446 1154

586 495 861 557 ’Ἤκουσας
895 497 987 549 καὶ
1016 496 1182 553 πάλιν
1215 500 1308 555 τοῦ
1339 501 1581 570 μεγάλου
1613 499 1808 554 τούτου
1852 499 2086 568 Πατρδςο

2262 499 2472 553 Audisti
2501 515 2687 554 rursus
2719 515 2975 568 magnum
3010 500 3223 553 Patrem
3253 499 3417 565 hunc,
3455 511 3563 550 non
3597 496 3778 552 mino-

510 586 718 641 οὐκετι
761 588 1020 643 ἐλάττονά
1046 609 1183 660 φησι
1228 591 1321 647 τοῦ
1354 592 1671 662 Πνεύματος
1704 592 1915 652 ἑαυτὸν,
1951 590 2087 644 ἀλλὰ

514 677 737 747 μείζονα
766 682 859 732 καὶ
886 682 1003 734 ἴσον
1024 698 1039 713 ·
1069 683 1182 735 ἴσον
1215 684 1313 753 μὲν
1344 687 1484 738 κατὰ
1518 687 1578 738 τὸ
1606 684 1893 754 όμοούσιον
1920 698 1933 712 ·
1969 682 2091 752 pai-

513 773 644 834 ζονα
667 771 747 837 δὲ,
771 771 834 825 οὐ
875 772 1099 843 μεγέθει
1145 776 1273 839 τινὶ,
1303 774 1425 829 οὑδὲ
1468 778 1668 848 χρόνῳ,
1694 776 1911 845 ἄπαγε’
1938 777 2091 829 οὐδὲν

510 862 621 928 γὰρ
657 863 927 933 πρότερον
961 865 1022 917 ἑν
1053 866 1121 935 τῇ
1168 864 1290 936 θείᾳ
1320 867 1533 938 Τριάδι,
1569 866 1602 937 ἢ
1657 866 1916 937 ὕστερον·
1958 867 2092 919 ἀλλὰ

510 952 597 1005 διὰ
627 953 689 1007 τὸ
717 954 776 1019 ἐξ
805 954 971 1009 αὑτοῦ
1001 956 1151 1026 ἔχειν
1177 960 1276 1030 τὴν
1308 942 1543 1029 ῦπαρξιν
1568 975 1584 992 ο
1615 957 1870 1041 καθάπερ
1902 958 2093 1027 ἀμέλει

511 1046 606 1098 καὶ
637 1046 703 1099 ἐκ
727 1044 823 1099 τοῦ
850 1045 989 1100 Θεοῦ
1035 1051 1128 1102 καὶ
1172 1050 1410 1121 Πατρός.
1453 1048 1565 1104 Ποῦ
1598 1051 1737 1104 εἰσιν
1760 1051 1812 1105 οἱ
1842 1052 2094 1120 λέγοντες

512 1136 595 1188 ὅτι
629 1139 692 1190 ἐκ
725 1139 891 1207 μόνου
925 1136 1021 1193 τοῦ
1037 1140 1256 1210 Πατρδς
1273 1141 1335 1195 τὸ
1361 1142 1586 1213 Πνεῦμὰ
1600 1143 1848 1209 ὲστι,καὶ
1872 1143 1973 1194 οὐκ
1998 1144 2092 1194 ὲκ-

520 1228 809 1296 πορεύεται
828 1229 891 1283 ἑκ
908 1229 1006 1283 τοῦ
1028 1228 1158 1284 Υἱοῦ
1180 1246 1197 1297 ;
1217 1232 1332 1285 Ούκ
1347 1231 1691 1303 αἰσχύνονται
1711 1230 2094 1301 ἐναντιοῦσθαι

512 1321 625 1381 τοῖς
646 1319 922 1386 ἁγίοις.“0
952 1321 1054 1390 τῆς
1079 1322 1279 1392 ἀνοχῆς
1303 1340 1423 1390 σου,
1453 1324 1655 1395 Χριστὲ
1683 1325 1907 1395 βασιλεῦ
1937 1324 2096 1379 ῑἈπδ

517 1410 722 1479 μέρους
756 1411 856 1480 μὲν
887 1411 1075 1482 ἔχουσι
1103 1413 1327 1475 τούτους
1358 1414 1546 1486 ἁγίους
1565 1431 1577 1445 ·
1609 1416 1704 1467 καὶ
1734 1413 2054 1484 ἑορτάζουσι
2079 1428 2094 1445 ⁶

515 1502 612 1555 καὶ
666 1503 1076 1571 προσκυνοῦσιο
1107 1505 1205 1558 καὶ
1244 1507 1464 1568 εἰκόνας
1506 1505 1687 1559 αὐτῶν
1737 1504 1948 1558 ποιοῦσι
2002 1506 2098 1558 καὶ

517 1595 817 1664 κοσμοῦσιν
847 1596 1019 1659 αὑτὰς
1050 1594 1263 1666 χρυσίῳ
1284 1608 1302 1626 '
1335 1596 1445 1648 ἀπὸ
1469 1597 1668 1665 μέρους
1698 1597 1743 1649 δ’
1770 1595 2094 1666 ἀρνοῦνται·

513 1681 601 1736 διὰ
619 1683 679 1734 τὸ
702 1682 879 1750 λέγειν
907 1684 1104 1748 αὐτοὺς
1137 1686 1232 1738 καὶ
1251 1686 1316 1737 ὲκ
1344 1686 1438 1739 τοῦ
1457 1684 1589 1740 Υίοῦ
1617 1687 1677 1739 τὶ
1714 1686 1962 1757 Πνεῦμα,
2002 1688 2098 1738 καὶ

517 1774 831 1846 ὑϐρίζουσιν
859 1776 1123 1839 ἀναιδῶς·
1162 1777 1256 1830 καὶ
1298 1778 1407 1830 τῶν
1448 1781 1551 1847 μὲν
1586 1779 1869 1849 φθείρουσι
1900 1780 1968 1832 τὰ
2009 1779 2095 1847 βι-

515 1868 660 1933 ϐλία,
691 1868 804 1920 τῶν
833 1868 910 1931 δὲ,
948 1868 1231 1929 παντελῶς
1263 1846 1678 1934 κατακαίουσιν,
1712 1846 1798 1923 ίνα
1846 1872 1921 1941 μὴ
1968 1846 2094 1940 φάι-
2126 1846 2171 1905 Β

515 1977 732 2014 νωνται.
769 1960 878 2015 Καὶ
925 1962 1053 2024 τοὺς
1089 1960 1215 2030 μὲν,
1256 1961 1527 2033 μεθύσους
1559 1962 1934 2018 ἀποκαλοῦσι·
1966 1964 2092 2028 τοὺς

514 2054 594 2117 δὲ,
634 2053 710 2124 μὴ
742 2054 1011 2125 ὑπάρχειν
1046 2056 1258 2123 ἁγίους,
1293 2055 1483 2127 ἐπειδὴ
1514 2057 1612 2111 καὶ
1639 2059 1703 2112 ἑκ
1747 2055 1841 2111 τοῦ
1875 2057 2007 2112 Υίοῦ
2032 2056 2095 2110 τὸ

517 2144 741 2215 Πνεῦμα
797 2146 1182 2216 ὁμολογοῦσιν.
1218 2145 1333 2201 Εἶτ’
1373 2150 1474 2203 οὐκ
1523 2148 1875 2220 αἰσχύνονται
1922 2151 1973 2203 οἱ
2001 2152 2096 2205 ἁν-

517 2234 727 2305 ορωποι
757 2237 889 2305 ἡμῖν
933 2236 1204 2304 ἐγκαλεῖν,
1259 2238 1724 2308 ὑποτασσομένοις
1756 2243 1869 2302 τοῖς
1918 2242 2097 2307 ἁγίοις

520 2323 616 2374 καὶ
667 2321 1007 2385 διδασκάλοις
1058 2326 1160 2395 τῆς
1216 2326 1567 2397 Ἐκκλησίας,
1616 2332 1711 2384 καὶ
1766 2328 2093 2399 φυλάττουσι

514 2415 642 2478 τοὺς
674 2416 867 2486 λόγους
922 2418 1125 2473 αὐτῶν.
1160 2420 1279 2475 Ἔτι
1312 2438 1369 2476 τε
1419 2423 1684 2493 μάχονται
1718 2426 1874 2496 ἡμῖν,
1918 2427 2007 2479 διὰ
2036 2426 2098 2479 τὸ

518 2505 924 2564 ὑποτάσσεσθαι
950 2514 1016 2581 τῇ
1053 2512 1184 2584 ἁγίᾳ
1215 2515 1309 2567 καὶ
1340 2514 1695 2587 οἰκουμενικῇ
1743 2518 1966 2588 συνόδῳ,
2000 2521 2096 2573 καὶ

516 2600 611 2654 τὶν
643 2601 817 2671 αὐτῆς
848 2605 995 2673 ὅρον,
1040 2604 1232 2674 ὥσπερ
1262 2608 1554 2675 ἐγκόλπιον
1598 2610 1832 2679 χρυσοῦν
1874 2612 2093 2680 ὁλοσχε-

522 2692 632 2761 ρῶς
664 2694 1012 2764 κατέχουσιν.
1053 2695 1296 2766 ’Λληθῶς
1328 2700 1619 2767 παρόμοιοι
1653 2701 1761 2752 είσι
1791 2701 1898 2753 τῶν
1929 2703 2095 2770 Φαρι-

520 2783 709 2849 σαίων,
743 2782 838 2849 οὓς
862 2787 1110 2851 ὀνειδίζει
1142 2788 1377 2859 Χριστὸς
1421 2792 1448 2841 6
1487 2789 1619 2852 Θεὸς
1653 2790 1831 2859 ἡμῶν,
1880 2791 2051 2856 λέγων
2076 2807 2092 2825 ο

522 2894 542 2927 ε
578 2875 717 2930 Οὐαὶ
743 2875 892 2946 ύμῖν,
926 2878 1282 2949 Γραμματεῖς
1308 2881 1399 2935 καὶ
1426 2882 1711 2948 Φαρισαῖοι
1780 2883 2094 2953 ὑποκριταὶ,

518 2966 601 3019 ὅτι
647 2965 856 3021 κλείετε
890 2968 991 3040 τὴν
1025 2968 1303 3039 βασιλείαν
1345 2971 1453 3025 τῶν
1502 2972 1751 3040 οὐρανῶν
1784 2971 2097 3042 ἔμπροσθεν

518 3057 627 3109 τῶν
671 3056 995 3128 ἀνθρώπων.
1043 3059 1234 3130 ’Υμεῖς
1281 3063 1379 3115 οὑκ
1425 3062 1763 3133 εἰσέρχεσθε,
1817 3064 1938 3117 οὐδὲ
1970 3068 2096 3127 τοὺς

2193 607 2306 646 rem
2338 607 2398 645 se
2431 589 2694 661 Spiritum
2728 591 2881 655 dicit,
2917 591 3011 646 sed
3043 591 3303 660 majorem
3349 599 3402 643 et
3471 586 3775 658 aequalem:

2191 682 2452 753 aequalem
2477 683 2777 737 secundum
2805 680 3421 736 consubstantialitatem
3463 698 3475 733 :
3517 680 3773 745 majorem

2194 791 2302 829 non
2359 774 2732 846 magnitudine
2790 775 2973 842 aiiqna
3030 788 3209 842 neque
3265 781 3549 841 tempore;
3587 770 3771 824 absit:

2192 868 2329 922 nihil
2350 868 2496 921 enim
2527 867 2679 936 prius
2696 878 2749 921 et
2770 867 3041 936 posterius
3061 866 3113 919 in
3142 865 3324 920 divina
3352 874 3436 918 est
3468 862 3731 935 Trinitate
3756 879 3772 916 :

2193 958 2287 1015 sed
2317 957 2439 1027 quia
2468 974 2533 1011 ex
2564 973 2629 1011 eo
2661 956 2823 1011 habet
2866 971 3006 1022 esse,
3052 954 3511 1026 quemadmodum
3543 965 3674 1008 sane
3702 966 3775 1007 ex

2198 1051 2307 1105 Deo
2352 1059 2407 1104 et
2457 1048 2639 1105 Patre.
2676 1046 2778 1102 Ubi
2827 1056 2955 1103 sunt
3001 1048 3095 1118 qui
3136 1046 3327 1101 dicunt
3373 1044 3517 1115 quod
3548 1059 3614 1097 ex
3657 1044 3777 1099 solo

2196 1141 2357 1196 Patre
2394 1140 2633 1211 Spiritus
2664 1152 2769 1204 est,
2801 1154 2904 1193 nec
2926 1139 3173 1209 procedit
3203 1154 3264 1193 ex
3300 1136 3469 1191 Filio?
3507 1134 3625 1189 Non
3652 1150 3781 1191 eru-

2194 1235 2426 1289 bescunt
2471 1232 2677 1286 sanctis
2706 1232 3106 1287 contradicere.
3158 1231 3373 1285 Otuam
3434 1228 3777 1298 patientiam,

2198 1326 2422 1380 Christe
2451 1326 2579 1378 rex!
2615 1322 2819 1377 Partim
2847 1338 2946 1393 pro
2973 1322 3178 1377 sanctis
3199 1321 3407 1375 habent
3431 1321 3552 1386 hos,
3580 1319 3777 1373 festum

2195 1417 2497 1481 celebrant,
2553 1417 2807 1482 adorant,
2855 1428 2911 1469 et
2940 1414 3206 1483 imagines
3236 1427 3428 1466 eorum
3462 1410 3674 1479 ﬁngunt
3723 1418 3780 1465 et

2197 1522 2468 1568 exornant.
2501 1527 2595 1565 eas
2626 1526 2760 1563 auro
2794 1526 2811 1565 :
2864 1509 3059 1578 partim
3097 1509 3393 1578 ahnegaut,
3429 1521 3495 1559 eo
3518 1503 3663 1575 quod
3689 1503 3779 1558 di-

2198 1617 2350 1670 cant,
2383 1621 2451 1660 ex
2484 1604 2624 1658 Filio
2661 1617 2785 1658 esse
2816 1602 3102 1671 Spiritum,
3130 1612 3184 1655 et
3210 1599 3556 1669 impudenter
3597 1599 3651 1650 in
3682 1611 3780 1652 eos

2197 1698 2577 1755 contumeliosi
2620 1706 2769 1760 sunt,
2800 1710 2944 1749 nunc
2968 1695 3161 1749 horum
3195 1691 3364 1746 libros
3399 1689 3776 1757 adulterando,

2203 1805 2350 1843 nunc
2381 1788 2599 1859 penitus
2634 1783 3034 1848 comburendo,
3070 1797 3139 1837 ne
3168 1788 3463 1851 appareant
3493 1797 3509 1836 :
3550 1780 3651 1834 hos
3680 1794 3780 1832 au-

2209 1889 2315 1934 tem
2344 1879 2672 1934 temulentos
2700 1876 2925 1942 dicunt;
2960 1875 3081 1929 illos
3106 1887 3235 1926 vero
3258 1886 3367 1925 non
3390 1885 3511 1926 esse
3541 1879 3778 1934 sanctos,

2206 1972 2330 2041 quia
2355 1987 2417 2026 ex
2451 1969 2588 2024 Filio
2616 1968 2884 2037 Spiritum
2914 1966 3271 2020 conﬁtentur.
3315 1964 3507 2017 Postea
3541 1975 3650 2015 non
3687 1973 3783 2014 ve-

2205 2074 2399 2119 rentur
2449 2061 2697 2116 homines
2749 2058 2803 2113 hi
2851 2072 2953 2112 nos
2990 2054 3292 2121 criminari,
3337 2054 3431 2123 qui
3481 2054 3686 2109 sanctis
3727 2063 3783 2108 et

2204 2157 2463 2212 Ecc'esim
2498 2154 2815 2210 doctoribus
2866 2151 3212 2221 subjiciatur,
3253 2156 3309 2203 et
3356 2148 3558 2219 scripta
3591 2163 3781 2200 ct-rnnt

2204 2264 2509 2303 servamus.
2565 2247 2706 2314 Quin
2757 2245 2923 2300 etiam
2982 2244 3145 2299 nobis
3210 2242 3593 2301 adversantur.
3649 2239 3780 2309 quia

2206 2352 2406 2397 sanctae
2435 2351 2488 2396 et
2520 2340 2875 2395 recumenicat
2918 2336 3245 2407 subjicimur
3277 2334 3505 2406 synodo,
3551 2334 3782 2403 ejusque

2204 2435 2484 2488 decretum
2534 2432 2700 2487 veluti
2754 2444 2981 2485 aureum
3034 2427 3238 2484 monile
3298 2426 3518 2496 penitus
3576 2426 3779 2494 pectori

2202 2526 2494 2594 attigimus.
2519 2523 2769 2578 Profecto
2796 2522 3196 2577 Pharisaeorum
3224 2518 3430 2574 similes
3453 2527 3604 2578 sunt,
3641 2531 3781 2585 quius

2206 2617 2454 2685 increpat
2502 2615 2756 2670 Christus
2808 2611 3094 2675 Dominus,
3128 2609 3357 2666 dicens:
3402 2626 3421 2659 ε
3456 2604 3551 2661 Va:
3601 2606 3776 2666 vobis,

2206 2710 2409 2763 Scribm
2435 2718 2487 2762 et
2513 2705 2768 2760 Pharisaei
2791 2704 3104 2775 hypocrita,
3129 2701 3253 2771 quia
3272 2698 3524 2755 clauditis
3548 2713 3775 2769 regnum

2203 2799 2464 2852 cartorum
2496 2806 2624 2851 ante
2655 2795 2907 2851 homines
2932 2810 2947 2846 :
2972 2807 3067 2845 vos
3090 2792 3240 2846 enim
3265 2803 3378 2845 non
3413 2789 3645 2854 intratis,
3676 2802 3776 2843 nec

2205 2890 2451 2943 volentes
2484 2891 2688 2943 intrare
2716 2886 2927 2951 sinitis;
2978 2893 3201 2953 propter
3241 2884 3346 2938 hoc
3378 2882 3611 2952 amplius
3636 2881 3779 2935 acci-

2206 2981 2366 3048 pietis
2387 2978 2695 3050 judicium;
2732 2996 2751 3029 ι
2795 2979 2874 3032 sic
2903 2985 2960 3029 et
2994 2974 3049 3028 hi
3084 2972 3314 3039 faciunt,
3353 2972 3408 3026 hi
3441 2987 3678 3041 namque
3709 2971 3780 3027 ob

2209 3073 2684 3143 prazsmnptionem
2718 3069 2908 3124 oculos
2940 3066 3203 3121 obversos
3249 3062 3558 3119 obtinentes
3589 3062 3778 3118 Eccle-

521 3148 878 3219 βουλομένους
939 3152 1201 3205 εἰσελθεῖν
1250 3154 1463 3219 ἀφίετε.
1518 3157 1617 3208 Διὰ
1655 3155 1814 3209 τοῦτο
1857 3156 2093 3225 λήψεσθε

2208 3168 2300 3219 sia:
2331 3180 2439 3218 non
2469 3162 2858 3232 subjiciuntur,
2908 3169 2964 3213 et
3009 3161 3063 3212 in
3108 3171 3229 3225 nos,
3260 3156 3403 3227 quod
3433 3156 3775 3227 sulijicitnur,

520 3243 909 3313 περισσότερον
959 3245 1156 3312 κρίμα.
1194 3263 1215 3298 ε
1246 3245 1407 3299 Οῦτω
1455 3250 1549 3299 καὶ
1598 3242 1748 3301 οῦτοι
1807 3245 2095 3302 ποιοῦσιν

519 3334 677 3388 αὐτοὶ.
728 3332 836 3403 γάρ
870 3335 1223 3404 πηρωθᾶντες
1252 3338 1351 3400 τὰς
1402 3337 1554 3407 ὄψεις
1600 3337 1709 3392 ὑπὸ
1747 3340 2097 3410 προλήψεως,

519 3426 618 3495 οὑχ
646 3425 1048 3481 ὑποτάσσονται
1075 3431 1144 3499 τῇ
1185 3429 1502 3503 Ἐκκλησία,
1554 3432 1650 3484 καὶ
1682 3432 1830 3501 ἡμᾶς
1860 3433 2097 3486 ὑποτασ-

520 3517 784 3585 σομένους
835 3515 1178 3587 ὑϐρίζουσιν.
1213 3519 1335 3573 Ἐτι
1379 3536 1440 3574 τε
1481 3521 1717 3580 ἀναιδῶς
1766 3521 2098 3590 ἐπιπηδῶσι,

518 3606 774 3671 λέγοντες
806 3608 890 3661 ὅτι
916 3608 1094 3671 οὐδεὶς
1127 3608 1238 3663 τῶν
1272 3611 1447 3680 ἁγίων
1478 3611 1629 3679 λέγει
1661 3612 1723 3666 τὸ
1766 3612 1995 3682 Πνεῦμα
2038 3614 2101 3666 ὲκ

518 3696 614 3754 τοῦ
645 3698 799 3754 Υῑοῦ.
853 3700 1160 3772 Ἔκνήψατε
1188 3701 1278 3757 ὃιὰ
1319 3702 1411 3756 τὸν
1455 3703 1680 3774 Κύριον,
1716 3703 1971 3773 ἀδελφοίο
2006 3706 2103 3759 καὶ

520 3796 661 3851 facta
696 3795 895 3858 πόσους
945 3796 1136 3862 ἁγίους
1182 3795 1599 3865 ἔπιδεικνύομεν
1632 3797 1762 3866 ὑμῖν
1810 3795 1967 3850 τοῦτο
2012 3797 2102 3850 λέ-

522 3904 738 3956 γοντεις.
773 3888 897 3943 Ἔτι
928 3889 957 3941 6
995 3888 1159 3951 αὐτὸς
1199 3886 1518 3951 ’Δθανάσιος
1551 3887 1611 3942 ἑν
1652 3889 1719 3959 τῇ
1761 3888 1899 3959 πρὸς
1928 3889 2103 3960 Σερα-

524 3986 701 4033 πίωνα
729 3977 1015 4049 ιπιπολῇ,
1044 3978 1187 4032 οῦτω
1218 3979 1414 4048 φησιν’
1450 3996 1472 4031 ε
1510 3978 1728 4047 ’Δμέλει
1759 3979 1850 4034 τοῦ
1888 3981 2103 4051 Harpe;

528 4073 841 4140 πέμποντος
880 4070 945 4125 τὸ
980 4070 1227 4140 Πνεῦμα,
1278 4071 1310 4124 ό
1364 4070 1493 4135 Υἱὸς
1550 4072 1837 4140 ἐμφυσῶν,
1886 4073 2104 4126 δίδωσιν

527 4163 659 4217 αὐτὸ
686 4164 799 4226 τοῖς
856 4161 1128 4233 μαθηταῖς
1151 4177 1167 4191 °
1203 4161 1394 4234 ἐπειδὴ
1428 4163 1608 4217 πάντα
1635 4162 1735 4216 ὅσα
1777 4165 1893 4233 ἔχει
1924 4164 1955 4216 6
1994 4164 2107 4218 Ha-

526 4253 655 4322 τὴρ,
686 4250 782 4305 τοῦ
820 4250 952 4306 Υιοῦ
982 4253 1124 4308 ἐστι.
1155 4268 1176 4303 ε
1210 4250 1434 4323 Συνᾲδει
1471 4251 1651 4327 τούτῳ
1685 4251 1781 4305 καὶ
1810 4255 1840 4306 6
1882 4252 2107 4321 πάμμε-

529 4360 631 4412 γας
665 4342 954 4415 Κύριλλος,
985 4345 1045 4397 ὲν
1076 4346 1144 4414 τῇ
1180 4340 1441 4413 εξηγήσει
1470 4342 1568 4397 τοῦ
1597 4343 1789 4397 ινάτου
1824 4342 2104 4414 ἀναθεμα-

529 4434 751 4505 τισμοῦ,
801 4434 932 4489 ἔνθα
978 4435 1178 4503 φησίν⁸
1213 4451 1235 4484 ε
1276 4433 1598 4503 Ἄνθρωπος
1646 4432 1886 4503 γεγονὼς
1931 4434 1960 4486 6
2011 4430 2105 4485 τοῦ

2203 3256 2567 3313 contumelias
2596 3252 2904 3307 eﬂ‘undunt.
2947 3248 3270 3318 Resipiscite
3307 3263 3405 3317 per
3442 3246 3633 3313 Deum,
3674 3250 3778 3301 ira.

2205 3359 2335 3413 tres,
2390 3357 2447 3402 et
2498 3346 2687 3401 videte
2734 3352 2868 3414 quot
2900 3350 3119 3396 sanctos
3152 3339 3307 3395 vobis
3351 3338 3692 3394 ostendimus
3724 3338 3778 3392 id

2203 3437 2644 3493 eontirmantes.»
2685 3434 2818 3488 Item
2857 3434 2996 3488 idtm
3020 3430 3352 3486 Athanasius
3383 3429 3437 3484 in
3454 3428 3680 3500 epistola
3712 3430 3780 3483 ad

2203 3528 2561 3599 Serapionem
2591 3529 2671 3582 sic
2696 3526 2923 3581 scribit:
2961 3543 2979 3575 ε
3015 3522 3159 3578 Sane
3183 3536 3308 3577 cum
3330 3520 3488 3576 Pater
3508 3520 3779 3591 Spiritum

2207 3624 2405 3686 mittat,
2437 3620 2605 3675 Filius
2636 3618 2920 3673 insulilans
2951 3616 3116 3670 tradit
3145 3630 3272 3671 eum
3310 3615 3610 3683 discipulis,
3653 3629 3779 3667 nam

2205 3725 2403 3769 cuncta
2440 3728 2563 3783 qua:
2589 3714 2751 3765 Pater
2780 3709 2965 3773 habet,
2997 3706 3118 3761 Filii
3150 3715 3302 3762 sunt.
3345 3724 3364 3758 ι
3398 3705 3781 3761 Consentanea

2207 3808 2293 3863 his
2325 3806 2516 3862 scribit
2569 3805 2836 3860 maximus
2864 3801 3099 3872 Cyrillus
3143 3802 3198 3856 in
3246 3800 3597 3856 enarratione
3645 3798 3780 3854 n0ni

2207 3899 2670 3962 anathematismi,
2726 3898 2815 3950 ubi
2870 3897 2946 3948 ait
2983 3912 2997 3947 ε
3040 3913 3059 3944 ε
3097 3892 3273 3948 Homo
3316 3893 3491 3947 factus
3521 3891 3617 3947 Dei
3653 3890 3785 3947 Ver-

2207 3990 2360 4053 bum,
2411 3988 2491 4043 sic
2524 3989 2688 4041 etiam
2728 3984 2929 4039 mansit
2972 3984 3135 4048 Deus,
3181 3981 3365 4037 omnia
3403 3980 3613 4036 habens
3657 3995 3782 4050 qum

2207 4079 2389 4140 Pater,
2444 4087 2674 4147 excepto
2726 4084 2937 4134 tantum
2995 4088 3062 4128 eo
3114 4074 3259 4144 quod
3309 4089 3419 4128 non
3459 4082 3545 4128 est
3584 4074 3779 4139 Pater;

2208 4172 2602 4242 propriumque
2647 4165 2863 4223 habens
2890 4180 2957 4220 ex
2992 4166 3173 4235 seipse
3205 4163 3394 4228 Filius,
3430 4174 3484 4219 et
3514 4164 3785 4219 essentia-

2210 4259 2332 4313 liter
2361 4256 2585 4311 insitum
2630 4256 2685 4310 in
2729 4269 2789 4309 se
2835 4253 3104 4325 Spiritum
3144 4264 3396 4311 sanctum
3449 4253 3786 4309 vaticinaba-

2210 4360 2317 4405 tur.
2354 4369 2373 4402 ι
2407 4349 2576 4404 Audis
2611 4348 2742 4403 illud
2786 4363 2855 4404 ex
2899 4362 2987 4403 eo.
3038 4346 3275 4402 Aliuttne
3322 4346 3487 4417 igitur
3535 4345 3782 4412 deamat,

2212 4440 2312 4496 nisi
2336 4454 2399 4495 ex
2432 4453 2499 4493 eo
2534 4438 2945 4507 procedentem,
2990 4448 3048 4493 et
3074 4446 3274 4494 cuneta
3308 4439 3597 4492 habentem
3630 4453 3785 4508 qua:-

532 4525 669 4580 Θεοῦ
719 4527 916 4593 Λόγος,
967 4525 1347 4595 ὲπιμεμὲνηκε
1398 4524 1496 4577 καὶ
1541 4521 1685 4577 οὕτω
1733 4522 1888 4592 Θεὸς,
1927 4526 2099 4579 πάντα

2210 4545 2429 4600 cunque
2456 4528 2617 4584 Pater
2661 4527 2861 4582 habet?
2892 4526 3185 4598 Percipite,
3218 4528 3469 4582 homines
3507 4526 3622 4594 Dei,
3658 4542 3782 4599 per-

530 4622 670 4691 εχων
694 4620 793 4675 ὅσα
822 4619 919 4674 καὶ
941 4620 969 4672 ὁ
997 4617 1207 4689 Πατὴρ,
1239 4619 1363 4687 δίχα
1394 4617 1557 4687 μόνον
1586 4615 1683 4671 τοῦ
1712 4612 1853 4671 εῖναι
1877 4619 2070 4690 Πατήρ
2090 4637 2105 4650 ⁸

534 4715 629 4769 καὶ
661 4712 800 4769 [διον.
817 4711 958 4782 ἔχων
992 4711 1055 4763 τὸ
1082 4709 1146 4776 ἐξ
1170 4708 1337 4763 αὑτοῦ
1364 4712 1460 4764 καὶ
1486 4708 1760 4772 οὐσιωδῶς
1788 4710 2109 4779 ὲμπεφυκὲς

531 4806 684 4878 αὑτῷ
716 4803 940 4873 Πνεῦμα
992 4802 1171 4870 ἅγιον,
1208 4802 1498 4871 εἰργάζετο
1545 4801 1644 4864 τὰς
1690 4800 2038 4870 οεοσῃμείας.
2082 4822 2100 4854 t

533 4899 814 4959 ’Πκουσας
840 4896 904 4948 τὸ
935 4893 995 4958 ἐξ
1023 4891 1229 4959 αὐτοῦς
1274 4892 1419 4960 Ἀρα
1454 4891 1506 4943 τί
1541 4889 1736 4959 δηλοῦν
1771 4890 2039 4959 βούλεται,
2072 4891 2105 4962 ἢ

530 4991 616 5044 ὃτι
644 4990 704 5041 τὸ
743 4988 803 5053 ἐξ
850 4986 1020 5040 αὑτοῦ
1078 4983 1325 5054 δηλονότι
1377 4984 1813 5051 ἐκπορευόμενον
1840 4998 1854 5014 ·
1898 4983 1994 5035 καὶ
2050 4987 2111 5035 τὸ

532 5082 709 5135 πάντα
739 5078 881 5148 ἔχων
917 5079 1019 5133 ὅσα
1059 5077 1153 5130 καὶ
1188 5078 1217 5131 ὁ
1248 5075 1479 5146 [Ia-:69;
1519 5073 1867 5144 Ἐννοήσατε,
1899 5073 2111 5144 ἄνθρω-

535 5191 626 5226 ποι
652 5171 746 5225 τοῦ
772 5168 934 5235 Θεοῦ,
961 5168 1273 5237 ἐννοήσατε.
1313 5168 1372 5221 Ὀ
1400 5166 1457 5219 δὲ
1478 5165 1633 5233 ἅγιος
1669 5164 1919 5232 ἰλάριος,
1954 5167 2012 5218 ὲν
2034 5165 2111 5236 τῷ

534 5266 674 5334 λόγῳ
705 5260 785 5332 τῷ
824 5260 968 5331 μετὰ
1006 5258 1107 5331 τὴν
1157 5255 1539 5326 Πεντηκοστὴν
1587 5256 2109 5325 ἁναγινωσκομὲνῳ,

531 5358 591 5411 ἐν
614 5359 680 5427 τῇ
721 5355 886 5424 ἑορτῇ
915 5353 1014 5421 τῆς
1051 5349 1215 5419 ἁγίας
1265 5347 1516 5417 Τριάδος,
1546 5345 1691 5399 οὕτω
1738 5347 1874 5417 φησί
1897 5362 1915 5379 ο
1952 5366 1971 5399 ε
2010 5350 2109 5401 Πι-

529 5448 795 5518 στεύομεν
823 5446 903 5508 είς
931 5442 1031 5514 τὴν
1055 5441 1221 5510 ἁγίαν
1255 5439 1462 5511 Τριάδα
1482 5453 1495 5468 ·
1530 5438 1777 5491 τουτέστι
1810 5440 1902 5491 τὸν
1932 5440 2105 5493 Πατέ-

535 5557 625 5612 ρα,
642 5540 738 5593 καὶ
758 5536 850 5590 τὸν
869 5534 1022 5599 Υίδν,
1048 5532 1224 5586 καὶτὸ
1245 5533 1402 5600 ἁγιον
1430 5529 1673 5600 Πνεῦμα,
1696 5529 1795 5583 ἱνα
1810 5529 1946 5583 θεὸν
1962 5547 2100 5584 παν-

528 5630 829 5696 τοδύναμον
847 5641 863 5657 ⁸
891 5626 1022 5697 μιᾶς
1043 5623 1255 5691 οὐσίας,
1288 5623 1418 5691 μιᾶς
1438 5620 1745 5692 ὑπάρξεως,
1778 5621 1909 5690 μιᾶς
1946 5621 2101 5687 εξου-

604 5807 682 5879 (ι)
708 5805 856 5865 Inter
882 5806 1179 5879 impressas
1209 5817 1322 5862 non
1352 5800 1584 5861 habetur
1600 5803 1691 5860 hic
1714 5816 1920 5862 sermo.

2212 4622 2397 4691 cipite.
2429 4621 2662 4676 Sanctus
2694 4620 2932 4675 Hilarius
2978 4620 3033 4673 in
3069 4633 3322 4674 sermone
3365 4620 3457 4689 qni
3497 4626 3617 4690 post
3641 4618 3783 4674 Pen-
3820 4638 3824 4641 ‘

2214 4721 2457 4769 tecostcn
2494 4714 2716 4784 legitur,
2749 4713 2803 4766 in
2843 4713 2984 4766 testo
3016 4724 3219 4765 sancta:
3254 4710 3538 4764 Trinitatis
3568 4710 3668 4780 (l),
3701 4710 3783 4765 sic

2214 4807 2336 4862 ait:
2391 4823 2411 4856 ι
2455 4805 2741 4860 Credimus
2788 4803 2843 4858 in
2887 4813 3130 4859 sanctam
3176 4800 3522 4868 Trinitatem,
3564 4802 3616 4856 id
3661 4811 3781 4866 est,

2215 4894 2454 4959 Patrem,
2481 4892 2700 4958 Filium,
2727 4901 2783 4948 et
2806 4893 3070 4963 Spiritum
3095 4902 3368 4954 sanctum,
3402 4905 3570 4945 unum
3615 4890 3784 4946 Deum

2216 4985 2646 5054 omnipotentem
2672 5025 2687 5049 ,
2731 4988 2895 5039 unius
2942 4983 3213 5045 essentiar,
3249 4982 3411 5037 unius
3443 4982 3780 5049 substantiae,

2218 5078 2381 5131 unius
2411 5079 2715 5145 potestatis,
2740 5076 2988 5129 omnium
3021 5082 3393 5128 creaturarum
3417 5073 3691 5144 opificem,
3714 5087 3783 5128 ex

2214 5180 2323 5237 quo
2342 5166 2547 5230 omnia,
2578 5180 2675 5235 per
2693 5181 2852 5235 quem
2884 5165 3088 5231 omnia,
3119 5165 3175 5219 in
3205 5179 3314 5235 quo
3332 5164 3536 5231 omnia,
3569 5162 3784 5218 Patrem

2213 5274 2246 5311 a
2280 5270 2361 5318 se,
2393 5272 2505 5310 nun
2543 5258 2611 5312 ab
2642 5256 2767 5318 alio,
2808 5255 3002 5309 Filium
3030 5272 3095 5310 ex
3128 5255 3289 5311 Patre
3319 5257 3583 5327 genitum,
3614 5254 3782 5308 Deum

2214 5363 2406 5403 verum
2428 5348 2498 5403 de
2532 5350 2641 5403 Deo
2674 5363 2825 5410 vero,
2860 5348 3041 5401 lumen
3068 5363 3253 5402 verum
3287 5349 3354 5401 de
3387 5346 3590 5400 lumine
3618 5359 3781 5412 vero;

2212 5456 2323 5497 non
2358 5453 2539 5495 tamen
2578 5440 2687 5494 duo
2720 5437 2942 5504 lmuina,
2974 5440 3067 5493 sed
3095 5455 3261 5493 unum
3289 5439 3492 5503 lumen,
3522 5435 3781 5506 Spiritum
3866 5466 3869 5469 η

2210 5539 2464 5585 sanctum
2494 5529 2780 5598 aequaliter
2808 5544 2838 5583 a
2867 5526 3026 5583 Patre
3056 5539 3112 5583 et
3143 5528 3280 5581 Filio
3309 5525 3714 5596 procedentem.
3751 5544 3773 5576 ε

2209 5625 2355 5691 lam,
2382 5635 2441 5681 ut
2468 5639 2570 5695 ego
2603 5624 2858 5688 arbitror,
2886 5624 3002 5679 hate
3030 5623 3330 5679 auctoritas
3364 5603 3529 5676 solvit
3561 5632 3777 5672 onmem
