4206 6342
413 302 552 367 1155

1575 304 1889 365 JOSEPHI
1937 307 1989 365 M
2004 303 2096 363 ET
2109 302 2263 362 ΠοΝ
2277 305 2370 361 ΕΝ
2383 300 2500 360 S'IS

3534 286 3674 356 1156

409 422 825 478 dubitationem.
881 423 1018 479 Cum
1087 437 1309 480 sanctus
1348 425 1436 478 hic
1498 425 1664 488 dicat,
1725 425 1986 494 Spiritum

2119 423 2236 485 πίας,
2257 421 2588 491 δημιουργὸν
2615 419 2832 472 πὲιντων
2851 418 2962 472 τῶν
2994 415 3331 486 κτισμάτων,
3361 415 3419 480 ἐξ
3445 407 3505 466 οὗ
3535 418 3680 471 πάν-

412 528 662 572 sanctum
693 519 975 588 aequaliter
1001 535 1028 572 a
1068 519 1229 574 Patre
1261 528 1315 573 et
1346 519 1482 573 Filio
1521 520 1840 588 protedcre,
1871 519 1992 570 nul-

412 611 519 664 lam
570 611 786 679 reliquit
844 627 1061 665 causam
1119 612 1186 665 iis
1235 612 1325 681 qui
1373 620 1624 680 quazrunt
1660 612 1993 665 occisiones.

415 703 611 757 Audite
637 705 797 774 igitur
824 720 938 770 vos,
967 714 1019 758 et
1050 703 1358 773 intelligite.
1383 703 1472 773 qui
1499 705 1727 757 salutem
1764 716 1992 756 vestram

418 797 634 850 cretcris
694 797 948 848 Omnibus
990 796 1342 862 anteponitis,
1376 796 1500 863 quid
1552 796 1810 848 denotare
1862 795 1995 856 ιιιιι,

419 888 684 957 Spiritum
718 899 964 942 sanctum
993 889 1275 955 a-qualitcr
1310 905 1334 938 υ
1368 887 1526 939 Patre
1555 898 1611 939 et
1640 888 1776 940 Filo
1809 903 1999 955 proie-

420 981 683 1036 dentem?
732 981 986 1034 Animum
1037 980 1280 1045 adverte,
1317 978 1650 1041 Christiane,
1699 993 1877 1048 neque
1925 981 1996 1033 ita

422 1073 656 1143 maligna
698 1085 900 1142 sponte
953 1082 1043 1126 tua
1077 1072 1242 1126 verba
1295 1072 1689 1125 contumeliosa
1743 1072 1998 1139 projic'as

423 1168 685 1220 adversus
739 1164 1058 1233 imperitos;
1111 1180 1234 1217 nam
1289 1163 1529 1232 imperiti
1566 1178 1673 1216 non
1712 1164 1882 1217 Solum
1916 1165 2000 1217 di-

424 1273 577 1313 scere
631 1265 1014 1326 aspernantur,
1055 1271 1238 1308 verum
1287 1257 1449 1308 etiam
1482 1254 1726 1308 discendi
1776 1256 2000 1324 cupidos

429 1350 728 1404 maledictis
770 1349 1130 1402 insectantur.
1166 1348 1374 1401 Horum
1402 1349 1723 1416 turpissima
1758 1359 1813 1402 ct
1853 1349 2003 1400 nefa-

428 1441 507 1494 ria
566 1440 726 1494 verba
778 1438 961 1491 dicere
1012 1438 1413 1508 praatermitto,
1469 1439 1726 1491 decorum
1766 1438 2005 1506 undique

429 1545 675 1586 meorum
711 1530 998 1584 verborum
1045 1529 1337 1592 servando,
1379 1541 1600 1599 propter
1621 1531 1794 1599 gentis
1825 1528 2004 1598 dig-ni-

430 1631 614 1677 tatem.
641 1619 908 1674 Prmterea
937 1635 1166 1690 magnus
1189 1619 1523 1674 Athanasius
1562 1619 1616 1672 iu
1661 1618 1892 1689 epistola
1938 1618 2006 1672 ad

429 1711 788 1783 Serapionem
829 1711 1047 1779 inquit:
1091 1729 1108 1762 ι
1152 1710 1336 1765 Talem
1365 1711 1618 1765 ordinem
1651 1720 1708 1765 et
1751 1719 2003 1763 naturam

2098 529 2188 578 τι,
2209 513 2274 564 δι’
2290 512 2348 565 οὗ
2373 512 2569 576 πάντα,
2594 512 2649 561 ἐν
2667 504 2709 577 ᾧ
2729 511 2906 564 πάντα
2925 527 2939 540 ·
2968 510 3184 577 Πατέρα
3201 508 3292 576 ἀφ’
3320 507 3538 572 ἑαυτοῦ,
3561 510 3680 561 ἀλλ’

2099 608 2197 658 οὔκ
2226 606 2322 675 ἀφ’
2358 607 2547 675 ἑτέρου
2575 620 2588 635 ·
2632 604 2775 668 Υἱθιν,
2807 604 2870 655 ἐκ
2889 603 2981 656 τοῦ
3010 602 3218 672 Πατρδς
3247 601 3526 670 γεννητὴν,
3546 603 3684 654 Θεὸν

2110 697 2366 768 ἀληθινὸν
2399 700 2462 750 ὲκ
2487 696 2623 749 Θεοῦ
2656 695 2935 766 ἀληθινοῦ,
2969 696 3080 764 φῶς
3123 693 3374 763 ἀληθινὸν
3414 696 3476 744 ἐκ
3504 693 3684 759 φωτῖις

2100 789 2356 860 ἀληθινοῦ
2384 804 2397 817 ⁸
2429 789 2488 840 οὐ
2520 789 2626 858 μὴν
2688 788 2781 839 δύο
2815 785 2992 853 φῶτα,
3030 784 3146 838 ἀλλ’
3177 785 3236 836 ἓν
3267 785 3381 852 φῶς
3402 799 3416 812 ·
3453 781 3682 848 Πνεῦμα

2103 883 2256 950 ἆγιην
2285 884 2434 952 παρὰ
2455 880 2666 949 Harpe;
2697 882 2790 934 καὶ
2814 877 2945 931 Υἰοῦ
2977 878 3173 946 ἐπίσης
3198 878 3399 944 ἐκπορε
3413 877 3640 940 υὸμενον
3663 890 3680 905 ο

2103 979 2164 1030 οὐ
2206 978 2354 1047 τρεῖς
2393 994 2573 1045 φαμεν
2605 974 2787 1038 Θεοὺς,
2843 972 2960 1025 ἀλλ’
2997 974 3096 1024 ἕνα
3140 971 3292 1023 Θεόν.
3336 989 3355 1020 ι
3391 970 3463 1021 Τὸ
3518 970 3686 1038 ρηὓὲν

2103 1072 2205 1140 ἤδη
2239 1069 2357 1122 κατ’
2388 1070 2527 1139 ἐμὴν
2571 1069 2819 1137 γνώμην,
2845 1065 3002 1118 ἔλυσε
3032 1065 3142 1116 πᾶν
3175 1065 3234 1115 τὸ
3273 1061 3684 1131 ἀμφιϐαλλομε-

2105 1181 2192 1216 νον
2214 1181 2225 1191 ·
2275 1163 2445 1215 εἰπὼν
2506 1161 2533 1213 ὁ
2567 1160 2718 1227 ἅγιος
2749 1152 2906 1221 οὗτος
2947 1158 3033 1211 ὅτι
3064 1159 3123 1208 τὸ
3153 1155 3383 1225 Πνεῦμα
3415 1157 3474 1207 τὸ
3531 1156 3688 1220 ἆγιον

2107 1256 2304 1322 ἐπίσης
2353 1255 2506 1324 παρὰ
2544 1253 2755 1316 Πατρὶς
2808 1251 2903 1302 καὶ
2933 1248 3063 1302 Tia?)
3111 1249 3496 1316 ἐκπορεύετα·,
3533 1247 3688 1299 οὐδε-

2111 1352 2238 1417 μίαν
2269 1347 2526 1400 κατέλιπε
2559 1348 2832 1414 πρόφασιν
2861 1344 2973 1397 τῶν
3017 1341 3322 1413 προφάσεις
3356 1339 3688 1410 ζητούντων.

2122 1439 2422 1492 ’Δκοὺσατε
2450 1437 2633 1490 τοίνυν
2663 1437 2817 1504 ὑμεῖς
2847 1434 2941 1488 καὶ
2968 1435 3176 1495 σύνετε,
3207 1435 3256 1486 oi
3287 1434 3387 1497 τὴν
3414 1432 3693 1500 σωτηρίαν

2109 1533 2263 1600 ὑμῶν
2297 1532 2516 1584 πάντων
2557 1530 2665 1582 τῶν
2698 1529 2871 1581 ἄλλων
2906 1527 3354 1594 προτιμώμενοι·
3389 1526 3441 1576 τί
3478 1524 3538 1576 τὸ
3571 1525 3692 1574 ἐπί-

2109 1639 2209 1691 σης
2245 1625 2399 1690 παρὰ
2429 1621 2640 1689 Πατρὶς
2691 1620 2782 1672 καὶ
2816 1617 2944 1671 Υίοῦ
2992 1622 3430 1686 ἐκπορευόμενον
3465 1615 3692 1684 Πνεῦμα

2110 1715 2266 1782 ἅγιον
2323 1711 2516 1781 δηλοῦν
2557 1713 2824 1780 βούλεται.
2862 1711 3209 1778 Ἐπίστησον,
3241 1709 3557 1775 Χριστιανὲ,
3599 1708 3692 1760 καὶ

432 1808 595 1862 habet
643 1797 879 1876 Spiritus
918 1820 1041 1876 erga
1101 1805 1320 1871 Filium,
1370 1805 1584 1873 qualem
1625 1805 1789 1859 habet
1844 1805 2013 1858 Filius

2121 1809 2198 1881 μὴ
2226 1807 2568 1868 ὲῦελοκάκως
2605 1806 2750 1858 οὕτω
2778 1806 2874 1856 καὶ
2906 1803 3140 1871 ἀφειδῶς
3171 1803 3475 1872 άπὸῤῥιπτε
3502 1801 3696 1867 λογους

430 1913 560 1968 erga
591 1897 838 1960 Patrem;
872 1897 966 1950 sed
1012 1896 1180 1950 alium
1224 1897 1473 1952 ordinem
1514 1905 1567 1949 ct
1604 1907 1852 1950 naturam
1889 1893 2006 1950 Εὶιιί

429 2001 560 2056 erga
590 1985 803 2040 Patrem
845 2000 954 2038 non
988 1986 1254 2053 videmus,
1309 1985 1410 2039 nisi
1463 2002 1585 2039 esse
1625 2002 1687 2040 ex
1721 2001 1789 2041 eo
1826 1996 1880 2040 ct
1916 1987 2012 2039 ha-

435 2081 562 2134 bere
597 2093 720 2133 eum
749 2093 846 2149 pro
890 2080 1181 2150 principio.
1216 2098 1235 2130 ι
1269 2078 1458 2132 Talem
1489 2095 1619 2150 ergo
1656 2088 1881 2134 sanctus
1925 2080 2013 2134 hic

437 2172 555 2227 vult
595 2171 856 2243 Spiritum
911 2189 1037 2244 erga
1083 2173 1278 2226 Filium
1311 2172 1558 2226 ordinem
1607 2173 1841 2236 habere;
1881 2187 2014 2241 qua-

437 2275 659 2335 propter
687 2265 788 2318 bae
819 2265 1030 2318 ratione
1063 2264 1336 2334 Spiritum
1371 2265 1476 2319 dici
1513 2273 1728 2333 oportet
1758 2272 1812 2318 et
1851 2263 2014 2319 intel-

436 2359 526 2431 ligi
556 2375 677 2414 esse
700 2375 765 2413 ex
791 2357 952 2414 Filio.
975 2357 1112 2413 lluic
1139 2368 1507 2413 consentanea
1535 2356 1758 2412 divinus
1784 2341 2014 2411 Basilius

435 2468 560 2523 cap.
604 2453 669 2507 17
705 2451 771 2507 ad
804 2450 1268 2521 Amphilochium,
1301 2449 1379 2504 sic
1413 2449 1546 2505 dicit
1574 2466 1590 2504 :
1627 2467 1645 2500 ι
1691 2449 1761 2506 Ut
1791 2463 1923 2518 ergo
1953 2463 2014 2504 se

437 2544 598 2599 habet
632 2544 802 2599 Filius
854 2544 920 2598 ad
969 2544 1214 2607 Patrem,
1268 2542 1347 2597 sic
1393 2541 1628 2612 Spiritus
1674 2542 1740 2596 ad
1793 2541 2013 2603 Filium.

439 2638 739 2693 secundum
771 2636 1038 2691 orationis
1069 2636 1270 2689 seriem
1299 2634 1356 2688 in
1382 2633 1706 2702 baptismate
1732 2631 2012 2686 traditam.

437 2733 497 2786 Si
529 2746 659 2787 vero
694 2730 931 2800 Spiritus
985 2728 1124 2784 Filio
1173 2726 1547 2792 eoordinatur,
1601 2725 1772 2780 Filius
1832 2731 2016 2779 autem

441 2825 615 2888 Patri,
645 2831 702 2878 ct
736 2823 974 2892 Spiritus
1007 2821 1157 2875 Patri
1199 2818 1476 2876 videlicet.
1508 2837 1530 2870 ι
1582 2816 1836 2887 Cyrillus,
1901 2830 2018 2868 rna-

433 2930 607 2985 gnum
649 2914 988 2969 Alexandria:
1023 2916 1229 2979 lumen,
1255 2913 1308 2966 in
1353 2913 1548 2982 quinto
1581 2912 1844 2966 adversus
1888 2909 2020 2963 Iler-

444 3007 607 3062 miam
646 3008 726 3063 sic
755 3010 829 3062 ait
865 3026 878 3062 :
913 3025 932 3059 ι
975 3007 1034 3061 lu
1069 3007 1170 3060 hoc
1199 3005 1580 3076 cognoscimus
1607 3004 1752 3074 quod
1784 2997 1842 3056 in
1866 3002 2020 3058 vobis

443 3107 526 3152 cst
549 3113 612 3152 ex
637 3097 845 3167 Spiritu
870 3112 1033 3166 quem
1060 3097 1212 3150 dedit
1233 3096 1387 3150 vobis
1414 3113 1427 3148 :
1453 3094 1850 3149 inhabitantem
1871 3093 2017 3146 enim

444 3201 500 3246 et
557 3191 938 3246 immorantem
1002 3190 1108 3243 sibi
1178 3187 1556 3258 unusquisque
1617 3183 2020 3256 comparaverit

440 3300 590 3346 cum,
623 3283 714 3352 qui
743 3281 1057 3336 naturaliter
1090 3293 1146 3336 et
1176 3297 1301 3336 vere
1333 3291 1418 3334 est
1447 3280 1610 3345 Deus,
1637 3293 1746 3332 non
1779 3278 2019 3331 alienum

445 3373 650 3443 aliquid
704 3384 758 3426 et
805 3370 1077 3425 divulsum
1126 3371 1492 3426 essentialitcr
1532 3371 1600 3424 ab
1635 3385 1700 3424 eo
1753 3367 2020 3437 Spiritum

445 3464 786 3533 aeripicndo,
813 3463 909 3518 sed
936 3478 1001 3517 ex
1036 3477 1123 3523 eo.
1157 3473 1214 3516 et
1235 3465 1288 3516 in
1318 3476 1403 3528 eo,
1428 3471 1485 3515 ct.
1509 3462 1786 3531 proprium
1814 3459 1954 3528 ejus.
1997 3475 2018 3509 ι

449 3559 506 3609 1η
555 3555 792 3624 septimo
831 3568 1022 3607 rursus
1055 3553 1124 3607 ad
1163 3551 1416 3608 eumdem
1462 3550 1738 3606 Hermiam
1775 3551 1857 3606 sic
1897 3552 1972 3604 ait
2005 3565 2019 3601 :

453 3666 472 3699 ι
502 3644 635 3700 Nam
663 3661 694 3700 a
725 3655 946 3716 peccato
973 3644 1211 3700 liberans
1233 3657 1384 3709 eum,
1410 3643 1499 3710 qui
1521 3642 1625 3712 ipsi
1652 3641 2021 3706 incumbebat,

443 3755 549 3795 suo
587 3747 774 3805 postea
803 3737 1059 3808 perungit
1092 3735 1320 3807 Spiritu,
1351 3751 1513 3806 quem
1551 3739 1666 3805 ipse
1697 3744 1753 3789 ut
1784 3733 2023 3790 Verbum

447 3847 515 3888 ex
547 3832 655 3885 Deo
678 3829 839 3884 Patre
872 3829 1133 3896 infundit,
1168 3837 1222 3882 et
1251 3844 1318 3883 ex
1361 3828 1580 3900 pr0pria
1611 3828 1771 3883 nobis
1800 3828 2027 3882 scaturit

451 3934 646 3978 natura
679 3940 693 3976 :
729 3931 986 3990 tanquam
1032 3935 1380 3976 communem
1428 3935 1558 3974 vero
1590 3936 1702 3973 rem
1743 3919 2027 3988 diSpensa-

451 4015 621 4080 tione,
654 4030 774 4083 qua:
801 4029 928 4068 cum
959 4028 1126 4069 carne
1157 4020 1244 4068 est
1275 4021 1500 4083 propter
1536 4012 1792 4066 unionem
1820 4013 2028 4065 consti-

453 4117 633 4172 tuens,
664 4115 720 4161 et
750 4115 807 4160 ut
852 4105 1017 4160 homo
1043 4104 1399 4174 corporaliter
1433 4105 1697 4174 inspirat;
1731 4102 2030 4158 insuﬂlavit

450 4198 598 4253 enim
637 4197 921 4266 apostolis,
952 4197 1141 4251 dicens
1175 4214 1187 4249 :
1225 4215 1243 4246 ι
1289 4195 1536 4266 Accipite
1567 4193 1858 4265 Spiritum,
1889 4214 1906 4245 ι
1940 4211 2029 4249 sc-

451 4289 692 4342 cuudum
727 4288 956 4342 Joannis
986 4289 1172 4351 verba,
1202 4289 1299 4344 sed
1329 4290 1442 4357 ipse
1487 4304 1552 4343 ex
1587 4305 1646 4344 se
1675 4290 2032 4357 quemadmo-

452 4381 582 4436 dum
628 4396 759 4435 sane
787 4391 838 4435 et
871 4381 1033 4434 Pater
1075 4382 1332 4438 infundit.
1365 4399 1384 4431 ι
1422 4381 1706 4445 Quodnam
1747 4384 2031 4437 candidius

2115 1901 2474 1971 βλασφήμους
2503 1901 2644 1952 κατὰ.
2678 1899 2784 1950 τῶν
2826 1897 3067 1950 εἰδότων.
3104 1896 3213 1948 Καὶ
3242 1895 3351 1964 γάρ
3383 1897 3432 1950 oi
3463 1895 3694 1962 ἀμαθεῖς

2111 1996 2174 2046 οὐ
2228 1995 2386 2064 μόνον
2439 1995 2498 2045 οὐ
2556 1991 2919 2054 σπουδάζουσι
2977 1989 3190 2058 μαθεῖν,
3241 1987 3377 2041 ἀλλὰ
3434 1991 3528 2042 καὶ
3567 1991 3696 2048 τοὺς

2116 2086 2439 2156 φιλομαθεῖς
2498 2085 2903 2154 ἐξυϐρίζουσιν.
2971 2083 3075 2135 Ἐῶ
3131 2081 3312 2150 λέγειν
3365 2082 3434 2133 τὰ
3489 2080 3698 2133 τούτων

2114 2178 2370 2247 αἴσχιστα
2427 2175 2523 2228 καὶ⁵
2572 2175 2873 2244 βλάσφημα
2929 2175 3168 2244 ῥήματα,
3205 2173 3266 2226 τὸ
3302 2175 3498 2243 σεμνὸν
3546 2189 3699 2242 περι-

2117 2273 2438 2340 ποιούμενος
2471 2267 2745 2336 πανταχοῦ
2792 2267 2901 2319 τῶν
2935 2266 3084 2335 ἐμῶν
3110 2267 3307 2332 λόγων,
3346 2268 3432 2317 διὰ
3464 2271 3562 2334 τὴν
3602 2265 3698 2318 τοῦ

2115 2363 2306 2432 γένους
2347 2365 2535 2434 τιμήν.
2570 2362 2691 2414 Ἔτι
2727 2361 3049 2424 Ἀθανάσιος
3078 2363 3106 2412 ὁ
3146 2363 3325 2428 μέγας
3355 2361 3414 2412 ἐν
3451 2363 3518 2429 τῇ
3559 2361 3696 2424 πρὸς

2115 2457 2443 2525 Σεραπίωνα
2497 2454 2758 2525 ἐπιστολῇ
2805 2472 2939 2522 φησι
2969 2471 2982 2484 ·
3027 2471 3047 2506 ι
3077 2453 3350 2522 Ἰὀιαὺτην
3398 2451 3553 2518 τάξιν
3603 2453 3701 2503 καὶ

2119 2549 2282 2617 φύσιν
2327 2547 2441 2616 ἔχει
2489 2547 2548 2599 τὸ
2584 2545 2808 2614 Πνεῦμα
2864 2545 3000 2615 πρὸς
3047 2545 3139 2598 τὸν
3193 2546 3341 2608 my,
3376 2545 3493 2597 οἵαν
3530 2544 3641 2612 ἔχει
3671 2547 3700 2596 ὁ

2119 2646 2250 2708 Υἱὸς
2282 2643 2420 2713 πρὸς
2449 2643 2542 2695 τὸν
2570 2642 2810 2710 Πατέρα.
2853 2659 2872 2692 ι
2917 2640 3077 2693 Ἀλλὰ
3107 2639 3260 2704 τάξιν
3291 2641 3381 2693 καὶ
3414 2642 3575 2707 φύσιν
3603 2639 3699 2690 τοῦ

2119 2737 2252 2792 Υίοῦ
2289 2738 2426 2808 πρὸς
2479 2737 2570 2789 τὸν
2604 2738 2821 2804 Πατέρα
2867 2734 3037 2805 ἄλλην
3089 2734 3149 2787 οὐ
3193 2733 3533 2802 συνορῶμεν,
3569 2731 3603 2802 ἢ
3643 2732 3701 2782 τὸ

2119 2824 2261 2880 εἶναι
2293 2827 2350 2892 ἐξ
2397 2825 2587 2888 αὑτοῦ,
2618 2825 2713 2878 καὶ
2741 2825 2801 2875 τὸ
2847 2823 2993 2892 ἔχειν
3028 2825 3235 2877 ἐκεῖνον
3268 2823 3450 2878 αἰτίαν
3473 2839 3488 2852 ⁶
3516 2823 3670 2876 τοιαὺ
3689 2850 3705 2859 -

2119 2935 2220 2988 την
2258 2920 2438 2972 τοίνυν
2470 2919 2562 2969 καὶ
2619 2917 2682 2971 τδ
2727 2915 2953 2984 Πνεῦμα
2983 2914 3118 2985 πρὸς
3151 2915 3244 2968 τὸν
3290 2914 3418 2968 Υἱδν
3463 2916 3491 2967 ὁ
3546 2913 3703 2978 ἅγιος

2121 3005 2270 3073 abso;
2323 3010 2478 3075 τάξιν
2513 3011 2658 3081 ἔχειν
2710 3009 2994 3078 βούλεταιο
3043 3010 3185 3062 ὥστε
3233 3015 3326 3062 καὶ
3372 3010 3432 3061 τὸ
3479 3008 3706 3077 Πνεῦμα

2047 3140 2091 3200 c
2123 3107 2264 3160 κατὰ
2295 3105 2483 3158 τοῦτον
2517 3106 2609 3156 τὸν
2651 3104 2874 3174 τρόπον,
2913 3103 2997 3157 δεῖ
3041 3103 3294 3170 λέγεσθαι
3330 3103 3422 3156 καὶ
3462 3101 3702 3154 νοεῖσθαι

2123 3200 2185 3250 ἐκ
2213 3197 2307 3250 τοῦ
2344 3198 2499 3252 Υίοῦ.
2543 3197 2731 3267 Τούτῳ
2765 3196 3033 3266 σύμφωνα
3082 3198 3180 3252 καὶ
3207 3200 3234 3251 ὁ
3277 3197 3703 3266 οὐρανοφάντωρ

2122 3290 2263 3354 Octo;
2291 3290 2569 3352 Βασίλειος
2605 3291 2660 3342 ὲν
2694 3288 2769 3358 τῷ
2795 3290 3254 3360 ἑπτακαιδεκάτῳ
3285 3291 3567 3360 κεφαλαίῳ
3595 3290 3702 3341 τῶν

2125 3384 2260 3452 πρὸς
2303 3381 2677 3451 ’Δμφιλόίιοη
2712 3381 2856 3434 οὕτω
2891 3383 3152 3450 Θεολογεῖ.
3193 3400 3212 3434 ι
3258 3385 3346 3445 Ὧς
3381 3382 3562 3436 τοίνυν
3591 3383 3704 3454 ἔχει

2122 3477 2152 3529 ὁ
2196 3475 2321 3536 Υίὺς
2358 3476 2494 3542 πρὸς
2525 3475 2615 3526 τὸν
2650 3475 2893 3544 Πατέρα,
2946 3475 3091 3528 οὕτω
3121 3475 3214 3528 καὶ
3260 3476 3398 3546 πρὸς
3454 3477 3547 3529 τὸν
3578 3475 3706 3529 Υίὸν

2125 3568 2185 3620 τὸ
2221 3561 2464 3635 Πνεῦμα,
2513 3565 2652 3619 κατὰ
2680 3568 2778 3633 τὴν
2824 3567 2881 3618 ὲν
2915 3566 2990 3634 τῷ
3022 3567 3359 3637 βαπτίσματι
3409 3567 3708 3636 παραδιδοο

2129 3660 2300 3729 μένην
2346 3658 2440 3711 τοῦ
2475 3659 2633 3725 λόγου
2683 3659 2958 3724 σύνταξιν.
3002 3677 3020 3710 ι
3063 3660 3123 3711 Εἰ
3154 3660 3211 3713 δὲ
3262 3659 3322 3710 τὸ
3379 3658 3602 3726 Πνεῦμα
3631 3660 3710 3728 τῷ

2128 3751 2240 3817 Υίῴ
2265 3751 2642 3814 συντέτακται,
2675 3753 2698 3801 ὁ
2725 3751 2779 3802 δὲ
2812 3750 2937 3813 Υἱὸς
2967 3751 3043 3818 τῷ
3077 3753 3248 3815 "arpi
3281 3753 3372 3802 καί
3397 3753 3457 3803 τὸ
3484 3749 3711 3813 Πνεῦμα

2126 3841 2203 3911 τῷ
2229 3843 2402 3912 Πατρ“ι
2457 3841 2718 3911 δηλονότι.
2769 3843 2831 3894 ’0
2887 3843 2943 3895 δὲ
2994 3843 3260 3911 Κύριλλος
3321 3844 3350 3894 ὁ
3383 3844 3558 3911 μέγας
3608 3842 3710 3912 τῆς

2142 3935 2530 4005 Ἀλεξανδρέων
2565 3936 2811 4004 φωστὴρ,
2861 3935 2918 3985 ἐν
2952 3934 3028 4002 τῷ
3063 3935 3211 4003 ἕκτῳ
3241 3933 3351 3991 τῶν
3390 3934 3527 4002 πρὸς
3582 3934 3712 4002 Ἐρ-

2132 4027 2310 4096 μείαν,
2347 4025 2491 4078 οὕτω
2543 4029 2709 4096 φησίν
2736 4043 2748 4055 ·
2789 4046 2807 4078 ι
2855 4025 2943 4079 Ἐν
2995 4025 3171 4096 τούτῳ
3222 4026 3588 4095 γινώσκομεν,
3627 4028 3710 4078 ὅτι

2131 4119 2189 4168 ἐν
2233 4116 2364 4185 ὑμῖν
2419 4119 2566 4167 ἐστιν
2597 4119 2658 4168 ἐκ
2708 4116 2803 4169 τοῦ
2843 4115 3182 4185 Πνεύματος.
3211 4110 3273 4168 οὗ
3308 4117 3508 4169 ἔδωκεν
3539 4116 3670 4185 ἡμῖν
3692 4134 3707 4148 ·

2132 4209 2336 4260 ἔνοικον
2353 4207 2464 4277 γὰρ
2489 4210 2579 4261 καὶ
2599 4209 2989 4277 ἐνηυλισμὲνον
3011 4208 3409 4276 καταπλουτοίη
3432 4226 3512 4271 τις
3536 4210 3602 4263 ἂν
3625 4211 3714 4262 τδν

2133 4301 2296 4366 φύσει
2329 4317 2387 4351 τε
2425 4301 2517 4352 καὶ
2569 4301 2785 4368 άληθῶς
2832 4301 2961 4352 {iam
2997 4301 3148 4362 Θεὸν,
3202 4302 3301 4352 οὐκ
3353 4301 3630 4369 ἀλλότριόν
3663 4318 3713 4352 τι

2132 4394 2228 4445 καὶ
2261 4393 2663 4461 διεσπασμένον
2700 4394 2976 4455 οὐσιωδῶς
3026 4393 3192 4446 αὐτοῦ
3245 4393 3469 4462 Πνεῦμα
3512 4393 3712 4457 λαϐὼν,

457 4475 542 4529 vel
575 4473 844 4528 sincerius
894 4485 1274 4543 argumentum
1315 4475 1417 4526 hoc
1458 4475 1758 4542 reperietur
1793 4490 2011 4542 unquan

2136 4487 2272 4540 ἀλλὰ
2292 4487 2351 4539 τὸ
2383 4487 2441 4550 ἐξ
2470 4486 2645 4540 -αῦτοῦ
2678 4505 2735 4538 τε
2763 4488 2856 4538 καὶ
2890 4489 2949 4538 ὲν
2980 4486 3127 4554 αὐτῷ
3179 4488 3272 4539 καὶ
3306 4487 3436 4539 ῐδιον
3466 4485 3653 4540 αὐτοῦ.
3691 4505 3709 4536 ι

456 4566 596 4632 apud
626 4581 720 4617 cos
755 4565 843 4632 qui
878 4563 1213 4617 contendere
1239 4562 1453 4629 nolunt,
1492 4578 1593 4617 nec
1617 4564 1854 4617 schisma
1887 4579 2037 4618 eom-

457 4655 661 4726 pleCti?
694 4656 823 4726 quia
879 4658 1145 4708 (animus
1194 4656 1285 4710 hie
1318 4664 1472 4726 pater
1517 4659 1595 4710 sic
1640 4658 1713 4708 ait
1747 4658 1799 4710 in
1831 4666 1984 4712 sexto
2018 4675 2032 4711 :

462 4767 481 4798 ι
523 4748 595 4801 Ex
657 4765 742 4811 eo,
797 4748 847 4800 iu
895 4765 982 4810 eo,
1020 4759 1072 4800 et
1104 4747 1385 4816 proprium
1418 4749 1574 4813 ejus;
1630 4767 1648 4798 ι
1703 4748 1755 4800 in
1803 4749 2035 4816 septimo

462 4855 609 4902 vero,
653 4858 670 4889 ι
702 4838 817 4892 Non
843 4839 909 4894 ad
946 4855 1256 4893 mensuram
1292 4839 1385 4894 dat
1427 4838 1711 4908 Spiritum,
1735 4842 2035 4896 secundum

458 4931 688 4984 Joannis
726 4935 911 4992 verba,
944 4934 1035 4986 sed
1073 4933 1188 4999 ipse
1216 4946 1281 4984 ex
1326 4946 1406 4995 se,
1440 4930 1680 4987 infundit
1720 4948 1868 4996 eum,
1906 4948 2039 4988 sane

463 5024 921 5092 quemadmodum
951 5033 1006 5076 et
1035 5023 1214 5078 Pater.
1253 5044 1270 5075 ι
1304 5021 1361 5077 Si
1398 5024 1562 5094 igitur
1577 5025 2035 5093 quemadmodum

465 5118 643 5179 Pater,
676 5116 920 5185 producit
976 5113 1236 5186 Spiritum
1274 5115 1463 5177 Filius.
1499 5117 1629 5185 quid
1665 5117 1898 5185 amplius
1925 5133 2040 5171 am-

465 5211 648 5280 bigitis
677 5209 808 5264 vos?
833 5208 967 5263 Nam
1001 5210 1045 5263 si
1074 5211 1201 5278 quia
1231 5220 1456 5264 sanctus
1477 5208 1608 5263 dicit
1637 5209 1898 5275 infundit,
1929 5227 2036 5265 non

470 5303 741 5373 producit,
781 5304 860 5356 vel
899 5304 1104 5370 prodit,
1159 5303 1242 5357 ve!
1273 5304 1503 5369 emittit,
1555 5303 1650 5358 scd
1699 5303 1955 5370 infundit,
1987 5306 2039 5360 id

472 5400 647 5463 ipsum
684 5394 817 5457 vult,
853 5393 1068 5455 fratres,
1103 5408 1166 5448 ac
1217 5395 1261 5446 si
1294 5393 1524 5460 diceret,
1568 5395 1751 5463 prodit
1786 5413 1801 5449 :
1837 5398 2042 5467 quippe

469 5504 592 5540 eum
624 5488 726 5540 hoc
756 5489 926 5554 ipsum
953 5488 1175 5540 verbum
1205 5496 1370 5556 ponat
1402 5488 1453 5541 in
1482 5485 1641 5542 Patre
1669 5505 1685 5543 :
1715 5489 1846 5543 dicit
1873 5491 2040 5556 enim,

483 5597 502 5627 ι
546 5575 786 5629 infundit
817 5592 938 5630 cum
969 5578 1426 5645 quemadmodum
1455 5579 1636 5645 Pater,
1679 5599 1698 5632 ι
1751 5581 1934 5650 itaque
1991 5593 2046 5636 et

476 5671 632 5721 Pater
687 5668 924 5720 infundit
974 5668 1259 5736 Spiritum.
1319 5671 1376 5723 Si
1429 5671 1593 5739 igitur
1644 5672 2038 5727 infunditeum

476 5762 653 5822 Pater,
691 5761 786 5813 hoc
811 5765 990 5813 autem
1021 5761 1155 5814 nihil
1179 5760 1322 5815 aliud
1355 5760 1660 5830 intelligere
1682 5775 1783 5816 nos
1804 5771 2039 5830 Oportet,

2147 4580 2236 4630 Ἐν
2267 4579 2343 4646 τῷ
2398 4578 2611 4647 ὲῆδὸμῳ
2642 4581 2697 4630 δὲ
2735 4579 2891 4630 πάλιν
2941 4578 3050 4629 τῶν
3083 4580 3221 4646 πρὸς
3252 4579 3340 4631 τὸν
3385 4579 3547 4632 αὑτὸν
3593 4577 3715 4648 Ἐρ-

2141 4671 2298 4736 μείαν
2331 4663 2433 4721 ὅδὲ
2496 4685 2607 4731 πως
2644 4671 2841 4736 φάσκει
2870 4685 2884 4700 ο
2923 4688 2940 4719 ι
2991 4670 3272 4721 ’Δπολύων
3301 4668 3412 4738 γὰρ
3441 4669 3717 4737 ἁμαρτίας

2137 4765 2227 4815 τὸν
2277 4761 2426 4830 αὐτῷ
2462 4763 2884 4830 προσκείμενον,
2925 4762 3001 4829 τῷ
3048 4763 3161 4830 ἰδίῳ
3196 4762 3383 4814 λοιπὸν
3431 4761 3717 4828 καταχρίει

2141 4854 2418 4924 Πνεῦματι
2441 4869 2455 4884 ο
2491 4855 2628 4922 ὅπερ
2667 4855 2842 4920 ἐνίησι
2879 4855 2976 4919 μὲν
3009 4855 3172 4916 αὐτὸς
3217 4855 3291 4916 ὡς
3341 4856 3406 4905 ἐκ
3434 4851 3570 4906 Θεοῦ
3605 4854 3718 4905 Πα-

2138 4948 2263 5014 τρδς
2293 4946 2467 5011 Λόγος
2493 4963 2506 4975 ·
2542 4949 2634 4997 καὶ
2667 4945 2727 5009 ἐξ
2761 4948 2898 5008 ἰδίοις
2932 4949 3060 5014 ἡμῖν
3090 4945 3434 5013 ἀναπηγάζει
3464 4946 3674 5013 φύσεως
3702 4959 3717 4974 ’

2140 5037 2321 5089 κοινὸν
2369 5036 2426 5088 δὲ
2469 5035 2658 5104 ὥσπερ
2686 5053 2738 5086 τι
2787 5035 2975 5104 χρῆμα
3023 5036 3192 5097 τιθεὶς
3239 5039 3303 5104 τῇ
3341 5035 3480 5104 μετὰ
3516 5037 3721 5102 σαρκλς

2141 5127 2427 5196 οἰκονομίᾳ
2457 5129 2542 5179 διὰ
2569 5129 2665 5194 τὴν
2693 5130 2910 5191 ἕνωσιν,
2944 5129 3038 5179 κού⁵
3066 5127 3139 5186 ὼς
3175 5127 3463 5196 ἄνθρωπος
3493 5128 3721 5196 ἐμπνέει

2145 5219 2475 5283 σωματικῶς
2503 5235 2514 5247 °
2552 5219 2858 5284 ἐνεφύσησε
2887 5223 2992 5285 γὰρ
3015 5222 3126 5278 τοῖς
3160 5218 3500 5277 ἀποστόλοις,
3527 5218 3719 5278 είπὼν,

2143 5309 2353 5362 Λάϐετε
2406 5310 2630 5376 Πνεῦμα
2664 5310 2842 5376 ἅγιον.
2883 5312 2993 5362 Καὶ
3031 5310 3130 5361 οὐκ
3177 5313 3239 5361 ἐκ
3279 5309 3480 5377 μέτρου
3535 5310 3722 5361 δίδωσι

2141 5404 2203 5455 τὸ
2249 5401 2474 5471 Πνεῦμα
2528 5403 2668 5455 κατὰ
2717 5403 2815 5471 τὴν
2859 5403 3108 5454 Ἰωάννου
3166 5405 3370 5469 φωνὴν,
3402 5401 3518 5452 ἀλλ’
3558 5401 3722 5465 αὐτὸς

2147 5492 2351 5557 ἐνίησιν
2381 5492 2440 5556 ἐξ
2491 5493 2710 5557 ἑαυτοῦ,
2746 5493 2994 5561 καθάπερ
3041 5493 3232 5563 ἀμέλει
3269 5494 3361 5546 καὶ
3389 5493 3417 5544 ὁ
3444 5493 3651 5560 Πατήρ.
3700 5512 3717 5543 ι

2146 5582 2352 5633 Τούτου
2400 5585 2453 5632 τί
2492 5582 2559 5634 ἂν
2605 5585 2816 5649 γένοιτο
2855 5583 3195 5650 λευκᾶτερον,
3249 5582 3280 5647 ἦ
3338 5582 3724 5650 καθαρώτερον

2146 5675 2459 5741 γνώρισμα,
2494 5676 2606 5736 τοῖς
2639 5674 2715 5743 μὴ
2747 5675 3073 5740 φιλονεικεῖν
3106 5674 3369 5737 ἐθέλουσι,
3401 5679 3492 5724 καί
3524 5675 3634 5734 τοῖς
3664 5675 3724 5726 τὸ

2150 5764 2355 5833 σλίσμα
2400 5766 2473 5835 μὴ
2502 5766 2792 5831 ἀγαπῶσιν
2821 5783 2834 5831 ;
2867 5768 2946 5820 ὃτι
2977 5768 3139 5836 φησὶν
3174 5770 3199 5819 ὁ
3238 5767 3537 5834 πάμμεγας
3567 5758 3723 5827 οὗτοί
