4170 6280
461 360 594 424 1157

1068 358 1216 419 l’llO
1258 365 1468 423 CONC.
1511 367 1886 431 FLORENT.
1926 371 2090 433 CAP.
2134 371 2178 434 Ῐ.
2225 371 2321 432 DE
2355 373 2678 434 SPJRITU
2724 369 3037 434 SANCTO.

3583 353 3719 425 1153

462 475 670 542 Πατὴρ,
705 475 759 526 ὲν
797 473 896 545 μὲν
928 475 1002 543 τῷ
1034 477 1199 545 ἕκτῳ,
1229 475 1288 528 τὸ
1316 477 1374 540 ἐξ
1403 475 1565 528 αὐτοῦ
1598 495 1656 528 τε
1683 479 1775 529 καὶ
1803 478 1859 531 ἐν
1891 477 2026 547 αύτιῖ

2139 491 2301 544 quam
2339 478 2482 544 quod
2532 477 2695 530 Pater
2751 492 2876 531 cum
2927 477 3200 545 producit,
3245 477 3482 531 infundit
3535 486 3719 530 autem

460 569 550 619 κ·ιί
575 568 704 620 [διον
761 568 924 620 αὑτοῦ
950 586 964 600 ο
1005 571 1060 620 ἐν
1106 569 1160 620 δὲ
1194 567 1272 638 τῷ
1307 568 1522 638 ὲϐἰόμῳ
1575 571 1672 621 οὑκ
1729 569 1789 622 ὲκ
1825 569 2026 639 μέτρου

457 659 638 710 ὃςδωαι
693 659 750 710 τὸ
797 657 1029 729 Πνεῦμα
1073 658 1214 712 κατὰ
1259 659 1354 727 τὴν
1399 660 1646 713 Ἰωάννου
1679 661 1883 730 φωνὴν,
1914 659 2030 712 ἀλλ’

460 750 617 812 αὐτὸς
654 750 861 818 ἐνίησιν
894 751 1024 803 αὐτὸ
1066 751 1127 814 ἐξ
1160 749 1377 814 ἑαυτοῦ,
1423 752 1670 820 καθάπερ
1713 752 1904 821 ἀμέλει
1939 752 2031 803 καὶ

458 844 482 890 τι
522 843 727 911 Πατήρ.
776 843 833 894 ΕΞ
873 837 966 895 οῦν
1021 842 1271 913 καθάπερ
1319 846 1345 895 6
1400 843 1589 914 Πατὴρ
1638 843 1932 913 προσάλλει
1969 845 2028 896 τδ

461 934 683 1002 Πνεῦμα
726 936 822 987 καὶ
849 936 876 988 6
915 933 1062 996 Υἱὸς.
1090 937 1142 986 τί
1189 935 1267 988 ἔτι
1327 937 1483 1004 ὑμᾶς
1518 935 1930 1006 ἀμφιϐάλλετε;
1980 939 2026 986 εἰ

459 1030 558 1095 μὲν
586 1031 690 1100 γὰρ
724 1031 858 1084 διότι
894 1034 1080 1100 φησὶν,
1125 1032 1182 1085 Ὀ
1219 1034 1373 1100 ἆγιος
1406 1033 1604 1102 ἐνίησι,
1639 1035 1732 1086 καὶ
1769 1033 1830 1085 ού
1859 1035 2030 1100 λέγει,

457 1123 772 1192 προϐάλλει,
797 1123 827 1190 ἢ
852 1123 1120 1193 πρόεισιν,
1156 1123 1189 1188 ἦ
1219 1123 1530 1192 ἐκπορεύει,
1555 1112 1692 1179 ἀλλὰ
1716 1126 1774 1178 τὸ
1795 1127 2028 1194 ἐνίησινο

454 1212 673 1280 ἀδελφοὶ
731 1214 929 1268 ταυτὸν
980 1215 1230 1286 βούλεται
1280 1217 1358 1285 τῷ
1421 1217 1799 1286 ἐκπορεύεται,
1839 1218 2030 1288 ἐπειδὴ

451 1308 553 1376 τὴν
583 1306 750 1377 αὐτὴν
778 1309 940 1377 ῥῆσιν
972 1311 1064 1364 καὶ
1114 1310 1206 1362 ἐπὶ
1237 1311 1329 1363 τοῦ
1368 1309 1576 1380 Πατρδς
1621 1309 1840 1380 τίθησι·
1879 1311 2030 1378 λέγει

451 1399 579 1468 γὰρ,
623 1398 862 1469 Ἐνίησιν
889 1401 1020 1455 αὐτὸ
1041 1401 1290 1471 καθάπερ
1315 1401 1407 1453 καὶ
1439 1403 1466 1454 6
1493 1401 1707 1474 Πατήρ.
1737 1403 1900 1454 Ὥστε
1933 1402 2029 1454 καὶ

449 1491 478 1542 6
511 1491 696 1561 Πατὴρ
730 1490 906 1562 ἐνίησι
934 1492 996 1546 τὸ
1039 1491 1288 1560 Πνεῦμα.
1329 1491 1400 1546 Et
1448 1484 1542 1544 οὖν
1577 1491 1789 1561 ἐνίησιν
1836 1490 1966 1542 αὐτὸ
1999 1489 2029 1542 6

453 1583 663 1653 Πατήρ,
692 1583 850 1637 τοῦτο
882 1583 940 1638 δδ
969 1584 1070 1638 οὐκ
1099 1584 1227 1637 ἄλλο
1254 1600 1306 1636 τι
1337 1583 1419 1636 δεῖ
1447 1585 1647 1638 ἐννοεῖν
1675 1583 1846 1654 ἡμᾶς,
1876 1581 1908 1654 ἢ
1944 1583 2026 1636 ὅτι

451 1675 740 1746 ἑκπορεύει
770 1677 902 1733 αὐτὸ
928 1680 957 1732 6
987 1676 1195 1749 Πατὴρ,
1231 1677 1408 1749 ἐνίησι
1439 1676 1497 1730 δὲ
1526 1676 1685 1732 τοῦτο
1714 1678 1808 1730 καὶ
1837 1678 1866 1731 6
1897 1676 2026 1740 Υίδς

2134 584 2257 621 eum
2293 578 2344 621 et
2394 567 2568 622 Filius
2601 567 3062 636 quemadmodum
3119 567 3322 623 Pater:
3360 571 3561 623 emittit
3590 584 3722 636 ergo

2133 661 2303 716 Filius
2334 660 2809 728 fquemadmodum
2852 659 3038 727 utique
3089 668 3144 713 et
3182 659 3373 723 Pater,
3416 676 3538 713 nam
3588 676 3719 713 cum

2133 751 2452 820 simpliciter
2479 750 2734 804 audimus
2770 767 2786 798 ι
2825 748 3062 819 Spiritus
3099 749 3297 814 Patris,
3345 767 3362 798 ι
3404 749 3537 801 nihil
3571 747 3718 802 aliud

2134 843 2488 912 intelligimus
2523 842 2624 895 nisi
2659 857 2723 895 ex
2755 843 2912 897 Patre
2944 858 3068 897 eum
3101 843 3418 912 procedere.
3453 841 3716 909 Sequitur

2133 950 2264 1007 ergo
2303 936 2466 989 etiam
2500 952 2621 988 cum
2655 936 2722 989 de
2748 933 2886 987 Filio
2925 936 3025 989 hoc
3064 934 3421 997 audierimus,
3472 953 3486 984 ι
3531 931 3706 1002 Spiri-

2138 1041 2250 1083 tum
2277 1029 2417 1093 Filii,
2457 1045 2477 1081 ι
2517 1039 2566 1082 et
2597 1042 2661 1080 ex
2693 1027 2830 1080 Filio
2859 1028 3244 1095 procedentem
3283 1023 3591 1080 necessario
3613 1037 3714 1078 nos

2138 1119 2465 1186 inti-lligc-re,
2518 1133 2694 1186 eoque
2739 1117 2899 1170 modo
2937 1132 3062 1170 vera
3113 1117 3367 1180 dicimus,
3414 1123 3468 1169 et
3509 1113 3719 1168 sanctis

2140 1213 2541 1274 censentimus,
2599 1210 2832 1265 dicendo
2862 1225 2926 1265 ex
2986 1209 3147 1264 Patre
3200 1221 3253 1263 et
3285 1209 3424 1263 Filio
3468 1216 3717 1262 sanctum

2139 1307 2435 1375 procedere
2465 1302 2756 1372 Spiritum.
2795 1303 2864 1355 At
2911 1302 2962 1356 id
2999 1303 3216 1371 quidem
3266 1300 3503 1355 dilucide
3532 1307 3718 1353 osten-

2131 1412 2254 1453 sum
2294 1404 2401 1462 est,
2433 1396 2727 1465 radiosque
2763 1395 2829 1450 ad
2859 1395 3036 1449 instar
3068 1395 3200 1450 solis
3230 1392 3432 1448 emittit
3463 1393 3578 1447 haec
3617 1406 3718 1446 cx~

2125 1489 2355 1562 positio,
2387 1489 2648 1544 adversus
2684 1503 2847 1557 quam
2889 1504 3014 1544 cum
3045 1490 3321 1557 respicere
3349 1501 3456 1540 non
3483 1484 3716 1556 possint,

2133 1584 2224 1652 qui
2263 1593 2474 1638 noctuae
2501 1582 2688 1636 oculos
2725 1583 2953 1646 habent,
2987 1595 3204 1635 sursum
3241 1580 3500 1635 deorsum
3545 1576 3719 1633 oﬂen-

2132 1679 2294 1732 dunt.

450 1770 704 1840 καθάπερ
749 1773 898 1826 καὶὸ
926 1772 1146 1842 Πατὴρ,
1186 1771 1479 1840 ἑκπορεύει
1514 1772 1623 1842 ἄρα
1672 1771 1833 1825 τοῦτο
1878 1772 1974 1826 καὶ
2006 1772 2034 1824 6
2067 1769 2221 1836 Υίδς,
2277 1771 2532 1842 καθάπερ
2583 1766 2878 1841 τοιγαροῦν
2931 1768 3029 1822 καὶ
3086 1771 3114 1822 6
3164 1769 3380 1838 Πατήρ.
3433 1769 3542 1821 Καὶ
3603 1763 3715 1836 γάδ

452 1866 579 1920 ὃταν
608 1869 930 1939 ἀκούσωμεν
957 1868 1142 1932 ἁπλῶς
1171 1870 1232 1923 τὸ
1277 1869 1499 1939 Πνεῦμα
1529 1868 1624 1925 τοῦ
1655 1870 1886 1942 Πατρδς,
1919 1871 2020 1924 οὐκ
2061 1872 2193 1925 ἄλλο
2219 1885 2274 1924 τι
2307 1872 2623 1939 ἐννοοῦμεν,
2655 1869 2690 1938 ἢ
2719 1872 2781 1922 τδ
2810 1869 2873 1921 ὲκ
2906 1868 3000 1922 τοῦ
3065 1867 3279 1937 Πατρὸς
3348 1869 3719 1937 ὲκπορευόμε-

452 1977 557 2015 νον.
589 1956 829 2015 τΈπεται
853 1960 967 2026 οῦν,
1002 1963 1094 2017 καὶ
1120 1965 1250 2016 ὅταν
1281 1965 1376 2016 ἐπὶ
1398 1967 1490 2017 τοῦ
1526 1964 1656 2020 Υίοῦ
1683 1966 1829 2020 τοῦτ’
1859 1966 2209 2036 ἀκούσωμει,
2239 1965 2300 2018 τὸ
2331 1963 2555 2033 Πνεῦμα
2581 1963 2676 2017 τοῦ
2719 1962 2870 2026 Υἱοῦ,
2902 1963 2998 2015 καὶ
3072 1964 3135 2016 ὲκ
3196 1960 3290 2015 τοῦ
3357 1960 3488 2014 Υίοῦ
3551 1962 3719 2013 ἐκπο-

456 2061 748 2129 ρευόμενον
791 2062 1106 2129 ἀναγκαίως
1158 2064 1297 2115 νοεῖν
1346 2064 1519 2134 ἡμᾶς.
1577 2065 1685 2120 Καὶ
1736 2064 1910 2134 τούτῳ
1939 2064 2019 2131 τῷ
2057 2067 2245 2134 τρόπῳ
2325 2061 2689 2130 ἀληθεύομεν,
2759 2060 2854 2114 καὶ
2898 2062 3010 2122 τοῖς
3062 2060 3242 2127 ἁγίοις
3287 2054 3713 2126 συμφωνοῦμεν,

451 2151 701 2219 λέγοντες
746 2151 828 2205 ὅτι
861 2156 923 2206 ὲκ
975 2153 1068 2206 τοῦ
1111 2153 1321 2224 Πατρδς
1353 2155 1447 2208 καὶ
1491 2153 1585 2208 τοῦ
1616 2149 1745 2211 Υίοῦ
1777 2155 1836 2209 τὸ
1866 2156 2023 2223 ἆγιον
2063 2153 2422 2225 ἐκπορεύεται
2458 2153 2680 2222 Πνεῦμα
2704 2167 2723 2185 ο
2758 2152 2895 2204 ἀλλὰ
2939 2150 3094 2204 τοῦτο
3128 2151 3227 2220 μὲν
3293 2147 3565 2219 λαμπρῶς
3624 2146 3714 2201 δέ·

452 2249 693 2302 δεικται·
743 2250 840 2300 καὶ
868 2247 966 2309 τὰς
1019 2249 1240 2312 ἀκτῖνας
1272 2251 1430 2321 δίκην
1477 2251 1631 2322 ἡλίου
1664 2252 1942 2322 ἐκπέμπει
1987 2254 2022 2320 ή
2061 2252 2328 2323 ἐξήγησις
2381 2251 2543 2319 αῦτη.
2581 2251 2672 2312 Εἰς
2705 2249 2885 2319 ήνπερ

2963 2249 3012 2301 ot
3065 2265 3224 2301 νυκτε
3234 2245 3555 2315 ρόφθαλμοι,
3633 2247 3712 2318 μή

444 2343 741 2412 ’δυνάμενοι
793 2341 1152 2413 ἀντιϐλέψαι,
1201 2345 1314 2398 άνω
1373 2347 1470 2398 καὶ
1531 2344 1682 2400 κάτω
1735 2346 2198 2418 προσκόπτουσιν.

1209 2437 1285 2491 Ζ’.

533 2529 692 2597 Ἐμοὶ
737 2526 794 2579 δὲ
824 2528 972 2581 δοκεῖ
1014 2528 1221 2582 δίκαιον
1265 2526 1391 2580 ἐπεὶ
1428 2527 1877 2596 συνεπεράναμεν
1927 2526 2028 2594 τὴν

452 2619 733 2688 ἡμετέραν
767 2619 1082 2688 ὑπόσχεσιν,
1117 2618 1204 2672 διὰ
1238 2619 1538 2687 τριάκοντα
1569 2617 1664 2671 καὶ
1695 2618 1863 2689 τριῶν
1890 2633 2030 2685 μαρ-

452 2710 655 2780 τυριῶν
689 2710 1026 2764 ἀνατολικῶν
1061 2711 1235 2776 ἁγίων
1265 2711 1683 2774 ἀποδεικνύντες
1710 2712 1770 2764 τὸ
1806 2710 2030 2778 Πνεῦμα

451 2803 515 2857 τὸ
549 2804 704 2869 ἆγιον
738 2803 830 2855 καὶ
865 2805 928 2856 ὲκ
959 2804 1054 2856 τοῦ
1094 2803 1241 2868 Υίοῦ,
1277 2804 1426 2866 ὅπως
1464 2805 1558 2856 καὶ
1591 2804 1824 2858 δυτικῶν
1854 2805 2028 2870 ἁγίων

455 2891 806 2963 μνησθῶμεν,
844 2895 940 2946 καὶ
974 2895 1282 2963 μαρτυρίας
1312 2897 1378 2947 ἐκ
1410 2896 1614 2948 τούτων
1645 2894 1900 2959 ἑκάστου,
1935 2894 2028 2947 δύο

453 2986 487 3054 ἢ
515 2987 664 3056 τρεῖς
722 2987 1171 3056 προκομίσωμεν,
1219 2987 1299 3049 είς
1335 2984 1564 3053 ἔνδειξιν
1613 2987 1699 3041 δτι
1741 2988 1790 3039 ot
1821 2987 2027 3040 δυτικοὶ

452 3079 551 3131 καὶ
571 3077 880 3130 ἀνατολικοὶ
913 3077 1227 3132 διδάσκαλοι
1263 3078 1638 3147 συμφωνοῦσι,
1664 3081 1757 3134 καὶ
1791 3081 2027 3147 ἀμφιδο-

452 3172 540 3225 λία
569 3172 798 3240 οὐδεμία
821 3174 968 3226 εστὶν
997 3175 1056 3226 ιν
1089 3173 1294 3235 αὐτοῖς.
1327 3171 1435 3224 Καὶ
1458 3171 1675 3241 πρῶτος
1705 3173 1734 3225 6
1763 3175 1820 3226 ἐν
1850 3173 2029 3240 ἁγίοις

454 3264 765 3334 περίφημος
800 3265 1021 3334 καὶτῆς
1066 3265 1396 3332 Ἐκκλησίας
1432 3263 1621 3334 Πατὴρ
1654 3263 1747 3318 καὶ
1775 3263 2031 3318 διδάσκα-

451 3355 563 3420 λος,
595 3356 898 3425 Γρηγόριός
927 3373 1070 3426 φημι
1101 3359 1128 3407 6
1155 3355 1432 3422 Διάλογος,
1465 3355 1681 3425 παρίτω
1707 3371 2032 3426 συμμαρτυ-

454 3449 639 3520 ρήσων
701 3450 812 3511 τοῖς
864 3449 1204 3512 ἁνατολικοίς
1251 3449 1615 3512 διδασκάλοις.
1675 3448 1878 3502 Τοῦτον
1919 3449 2028 3516 γὰρ

453 3541 549 3594 καὶ
595 3542 630 3611 ή
685 3538 984 3610 ἀνατολικὴ
1028 3539 1327 3609 Ἐκκλησία
1374 3538 1696 3593 διδάσκαλον
1741 3541 1834 3593 καὶ
1871 3538 2026 3606 ἁγιον

449 3632 596 3701 ἔχει’
635 3633 729 3684 καὶ
777 3630 880 3701 τὴν
924 3631 1146 3700 μνήμην
1187 3628 1376 3696 αὑτοῦ,
1417 3629 1652 3684 ἑκάστου
1701 3629 1855 3693 ἔτους
1908 3628 2028 3699 μετ’

448 3723 726 3794 εὐφημίας
744 3723 868 3790 άγει
895 3739 910 3755 ·
939 3723 1036 3776 καὶ
1061 3723 1123 3776 οὐ
1152 3723 1428 3791 δυνάμεθα
1454 3723 1824 3793 ἀρνήσασθαι.
1856 3722 2025 3785 Οὗτος

451 3815 562 3884 γὰρ
588 3817 646 3867 ὲν
679 3815 760 3867 ἑνὶ
799 3813 910 3867 τῶν
941 3813 1108 3868 αὐτοῦ
1164 3816 1639 3884 συγγραμμάτων,
1683 3814 1822 3882 μετά
1855 3815 2026 3868 πολλὰ

449 3907 582 3964 ἄλλα
627 3905 828 3976 φησιν’
867 3924 886 3958 ι
923 3904 1090 3959 Ὅθεν
1137 3905 1235 3958 καὶ
1283 3905 1424 3975 αὐτὴ
1455 3907 1490 3974 ή
1534 3905 1763 3975 ἀλήθεια
1795 3906 1882 3960 ινα
1912 3907 2026 3970 τοῖς

454 4001 725 4069 μαθηταῖς
768 3998 955 4051 πίστιν
982 3997 1216 4067 προσθῇ,
1250 3994 1403 4052 εἷπεν
1433 4014 1446 4028 ·
1491 3998 1618 4052 Ἐὰν
1657 3998 1764 4068 γὰρ
1797 3997 1908 4066 ιγὼ
1950 3999 2025 4070 μὴ

451 4093 694 4156 ἀπέλθω,
732 4093 762 4145 6
819 4091 1174 4164 Παράκλητος
1221 4091 1319 4144 οὐκ
1372 4091 1654 4146 ἐλεύσεται
1691 4094 1825 4160 πρὸς
1859 4092 2022 4162 ὕμᾶἱς.

464 4186 618 4240 Ἐπεὶ
644 4185 750 4253 γὰρ
775 4184 989 4252 ἀνάγκη
1023 4183 1141 4236 ἐστὶ
1161 4184 1254 4236 τὸν
1286 4184 1664 4253 Παράκλητον,
1688 4184 1751 4236 τὺ
1778 4183 2025 4252 Πνεῦμα,

453 4278 518 4328 ἐκ
543 4273 637 4328 τοῦ
669 4273 885 4343 Πατρδς
910 4273 998 4327 ἀεὶ
1030 4275 1126 4326 καλ⁸
1153 4272 1246 4326 τοῦ
1278 4273 1409 4326 Υἰοῦ
1437 4273 1858 4345 ἐκπορεύεσθαι,
1885 4274 2028 4336 τίνος

452 4367 614 4436 χάριν
665 4364 861 4419 ιαυτδν
897 4367 926 4418 6
981 4362 1110 4428 Υίδς
1167 4365 1595 4434 ἀποδημήσοντα
1655 4365 1900 4434 είρηκεν,
1959 4362 2028 4418 ίν’

448 4462 655 4521 ὲκεῖνος
686 4457 837 4528 ἔλθῃ,
868 4458 897 4511 6
931 4457 1026 4512 τοῦ
1071 4456 1201 4509 Υίοῦ
1237 4457 1505 4526 μηδέποτε
1555 4457 1924 4527 ἀφιστάμενος
1948 4472 1966 4524 ;
1992 4455 2027 4527 ἢ

450 4554 534 4607 ὅτι
588 4553 638 4604 oi.
697 4550 986 4605 ἀπόστολοι
1030 4552 1088 4602 ἐν
1137 4551 1300 4618 σαρκὶ
1337 4552 1672 4617 σωματικοῖς
1729 4547 2029 4615 ὀφθαλμοῖς

446 4645 688 4716 ὁρῶντες
712 4645 805 4698 τὸν
843 4645 1048 4707 Κύριον
1082 4642 1176 4695 καὶ
1227 4641 1614 4708 πνευματικῶς
1646 4640 1840 4708 ἐδίψων
1869 4641 2023 4711 όρᾷν,

449 4738 629 4809 ὀρθῶς
659 4738 845 4797 αὐτοῖς
872 4734 1179 4800 διαλέγεται
1202 4748 1246 4782 ἰ
1269 4732 1394 4787 Ἐὰν
1412 4733 1522 4802 γὰρ
1543 4732 1654 4800 ἐγὼ
1685 4735 1758 4802 μὴ
1785 4733 2024 4800 ἀπέλθω,

447 4831 476 4883 6
510 4827 864 4896 Παράκλητος
896 4826 996 4879 οὐκ
1016 4824 1314 4878 ὲλεύσεταιυ
1348 4842 1365 4873 ι
1401 4824 1597 4894 ὥσπερ
1629 4823 1694 4877 ἂν
1719 4826 1768 4877 εί
1801 4824 2028 4896 διαρρή-

445 4923 544 4990 δην
577 4921 760 4982 αύτοτς
798 4919 1005 4984 ἔλεγεν,
1049 4917 1174 4969 Ἐὰν
1203 4917 1280 4984 μή
1313 4915 1370 4966 τδ
1411 4915 1570 4983 σῶμα
1601 4915 1911 4984 ἀφέλωμαι,
1939 4915 2022 4980 τίς

449 5016 518 5067 ἂν
550 5013 637 5080 εἴη
676 5012 706 5064 6
741 5008 1114 5077 πνευματικὸς
1153 5007 1292 5076 ἔρως
1338 5007 1398 5058 ού
1429 5007 1677 5075 δείκνυμι
1698 5021 1712 5034 ⁶
1743 5007 1834 5058 καὶ
1865 5007 1914 5059 εί
1951 5006 2027 5076 μὴ

2049 3778 2098 3844 t3

2873 2426 2984 2482 VII.

2204 2523 2312 2578 Sed
2338 2520 2475 2577 mihi
2498 2537 2713 2592 aiquum
2735 2535 2860 2577 esse
2881 2518 3121 2579 videtur.
3149 2534 3276 2574 cum
3302 2521 3714 2587 prrestiteiimus

2129 2616 2274 2683 quod
2311 2613 2538 2683 polliciti
2571 2628 2784 2677 sumus,
2817 2611 2994 2665 tribus
3026 2619 3082 2663 et
3123 2611 3342 2680 triginta
3384 2612 3713 2669 testimoniis

2127 2705 2492 2762 Orientalium
2512 2715 2824 2760 sanctorum
2861 2702 3109 2774 prolatis,
3146 2704 3212 2756 ad
3245 2707 3708 2774 comprobandum

2129 2814 2195 2852 ea
2227 2797 2365 2852 Filio
2393 2799 2558 2854 etiam
2589 2812 2715 2852 esse
2745 2806 3002 2850 sanctum
3043 2792 3329 2863 Spiritum,
3385 2807 3443 2850 ut
3490 2806 3713 2852 sancto-

2131 2903 2251 2942 rum
2280 2886 2718 2943 Occidentalium
2770 2888 3108 2942 mentionem
3145 2885 3435 2953 faciamus,
3483 2899 3537 2942 et
3586 2891 3714 2944 bina

2132 2981 2215 3035 vel
2248 2991 2400 3034 terna
2443 2980 2752 3035 testimonia
2785 2993 2850 3033 ex
2877 2977 3104 3046 singulis
3131 2977 3448 3044 aﬂ‘eramus,
3471 2981 3537 3034 ad
3566 2997 3714 3036 cmu-

2131 3060 2473 3144 probandum
2527 3073 2914 3127 Occidentales
2968 3081 3022 3125 et
3084 3071 3393 3128 Orientales
3463 3075 3714 3128 doctores

2129 3167 2485 3233 concordare,
2521 3181 2620 3221 nec
2655 3174 2777 3222 esSe
2822 3167 2876 3222 in
2931 3168 2998 3222 iis
3042 3169 3206 3225 ullam
3255 3167 3711 3238 ambiguitatem:

2130 3264 2448 3334 primusque
2523 3263 2667 3318 inter
2722 3273 2943 3320 sanctos
2997 3263 3392 3319 celeberrimus
3453 3261 3712 3316 Ecclesia:

2130 3354 2292 3409 Pater
2334 3362 2390 3408 et
2431 3353 2642 3417 doctor,
2684 3352 3002 3422 Gregorius,
3059 3356 3304 3423 inq-iam,
3333 3352 3610 3421 Dialogus,
3646 3351 3715 3405 ad

2130 3444 2537 3500 testiﬁcandum
2565 3460 2669 3499 una
2695 3463 2820 3500 cum
2865 3447 3182 3503 doctoribus
3209 3444 3581 3501 Orientalibus
3618 3458 3714 3499 ac.

2128 3538 2327 3594 cedat:
2354 3553 2478 3592 nam
2513 3553 2640 3593 eum
2674 3540 2840 3593 etiam
2869 3538 3161 3595 Orientalis
3189 3537 3428 3592 Ecclesia
3459 3552 3559 3606 pro
3590 3551 3717 3590 san~

2128 3640 2218 3686 cto
2263 3630 2446 3696 habet,
2473 3631 2704 3701 ejusque
2731 3630 3310 3686 commemorationem
3348 3627 3574 3698 singulis
3608 3642 3711 3680 an-

2129 3723 2215 3777 nis
2245 3738 2368 3776 cum
2419 3723 2611 3794 plausu
2667 3724 2902 3794 peragit,
2956 3739 3056 3779 nec
3094 3722 3326 3793 potestis
3377 3720 3615 3776 dilliteri.
3663 3720 3716 3775 Is

2130 3829 2364 3882 namque
2394 3815 2444 3868 in
2474 3816 2710 3884 quodam
2743 3831 2842 3872 suo
2871 3823 3110 3872 tractatu
3141 3815 3217 3884 (Ι)
3247 3825 3373 3885 post
3406 3814 3509 3868 alia
3543 3814 3714 3868 multa

2128 3905 2372 3960 scribit:
2413 3925 2432 3958 ι
2477 3905 2634 3961 Unde
2688 3908 2804 3978 ipsa
2859 3922 3081 3977 quoque
3128 3906 3384 3971 Veritas,
3438 3917 3494 3959 ut
3547 3905 3712 3960 ﬁdem

2127 3994 2408 4065 discipulis
2454 4009 2676 4068 augeret
2710 4037 2725 4061 ,
2772 4001 2945 4054 dixit:
3018 4019 3037 4052 ι
3072 3998 3128 4054 Si
3178 4014 3279 4070 ego
3331 4014 3440 4052 non
3499 3998 3709 4060 abiero.

2130 4085 2446 4143 Paraclctus
2498 4105 2607 4145 non
2640 4093 2823 4146 veniet
2855 4092 2922 4147 ad
2954 4107 3104 4148 vos.»
3138 4092 3272 4148 Cum
3306 4091 3450 4144 enim
3475 4101 3708 4156 constet,

2129 4181 2257 4250 quia
2294 4180 2611 4239 Paracletus
2643 4184 2881 4252 Spiritus
2921 4201 2949 4239 a
3001 4184 3162 4241 Patre
3198 4200 3416 4254 semper
3449 4183 3712 4254 procedat

2128 4286 2184 4331 et
2205 4274 2367 4345 Filio,
2400 4291 2499 4331 cur
2520 4292 2580 4332 se
2615 4277 2796 4332 Filius
2822 4294 3165 4334 recessurum
3194 4279 3345 4341 dicit,
3395 4286 3453 4330 ut
3485 4278 3572 4331 ille
3617 4292 3710 4331 ve-

2129 4367 2267 4431 niat,
2320 4368 2414 4436 qui
2451 4382 2481 4422 a
2517 4365 2659 4423 Filio
2693 4385 2971 4440 nunquam
3026 4370 3272 4425 recedit?
3309 4369 3413 4423 Sed
3448 4371 3576 4437 quia
3626 4369 3711 4423 di-

2128 4459 2322 4530 scipuli
2356 4460 2648 4516 Dominum
2702 4462 2754 4516 in
2811 4477 2975 4517 carne
3006 4471 3312 4518 cernentes.
3351 4460 3712 4530 spiritualiter

2128 4567 2346 4622 quoque
2383 4553 2573 4608 videre
2605 4552 2889 4618 sitiebant,
2916 4563 3066 4609 recte
3096 4553 3174 4607 eis
3209 4553 3424 4617 dicitur,
3464 4570 3483 4604 ι
3522 4551 3578 4606 Si
3607 4566 3710 4620 ego

2131 4658 2240 4697 non
2277 4643 2483 4706 abiero,
2517 4644 2836 4700 Paracletus
2875 4659 2981 4700 non
3028 4647 3229 4710 veniet,
3265 4662 3286 4697 ι
3339 4657 3402 4699 ac
3437 4643 3482 4697 si
3517 4655 3709 4714 aperte

2128 4731 2412 4788 diceretur
2443 4751 2456 4786 :
2499 4731 2556 4788 Si
2585 4750 2785 4804 corpus
2819 4751 2927 4789 non
2971 4735 3257 4799 subtraho,
3291 4737 3414 4802 quis
3455 4734 3527 4788 sit
3556 4749 3710 4789 amor

2130 4818 2368 4888 Spiritus
2401 4838 2511 4875 non
2547 4825 2779 4879 ostendo
2813 4841 2828 4878 :
2859 4833 2914 4878 et
2947 4823 3052 4878 nisi
3093 4839 3176 4879 me
3205 4824 3480 4879 desieritis
3513 4839 3708 4879 carna-

2129 4911 2253 4965 liter
2307 4928 2568 4978 cernere,
2627 4930 2902 4984 nunquam
2958 4931 3043 4968 me
3097 4915 3283 4970 scietis
3346 4914 3706 4985 spiritualiter

2131 5019 2339 5057 amare.
2377 5023 2396 5055 ι
2441 5005 2584 5059 Idem
2643 5007 2898 5076 magister
2949 5006 3043 5062 lib.
3081 5023 3095 5061 ι
3134 5005 3437 5073 Horatium,
3480 5024 3602 5078 cap.
3649 5009 3705 5070 8,

453 5102 782 5171 σωματικῶς
815 5117 881 5170 με
911 5099 1182 5154 παύσεσθε
1212 5099 1521 5166 βλέποντες.
1568 5098 1823 5151 οὐδέποτε
1863 5114 2026 5151 πνευ-

2133 5097 2211 5150 sic
2237 5096 2473 5166 explicat
2507 5115 2519 5150 :
2547 5116 2565 5148 ι
2594 5097 2651 5150 lu
2679 5099 2866 5154 orbem
2890 5099 3005 5153 dies
3026 5100 3258 5153 convivii
3283 5110 3705 5156 transeuutcum

451 5192 699 5262 ματικῶς
739 5191 960 5258 ἀγαπᾷν
991 5187 1224 5241 εἴσεσθε.
1269 5206 1285 5237 ι
1333 5188 1393 5240 '0
1424 5187 1586 5251 αὐτὸς
1614 5187 1937 5251 διδάσκαλος
1964 5190 2024 5242 ὲν

444 5285 523 5352 τῷ
553 5280 754 5352 πρώτῳ
787 5280 974 5350 βιϐλίῳ
1003 5278 1113 5331 τῶν
1156 5276 1399 5332 Ἠθικῶν
1437 5277 1626 5343 αὐτοῦ,
1651 5280 1709 5331 ἐν
1740 5276 2024 5348 κεφαλαίῳ

444 5375 675 5442 δεκάτῳ,
705 5372 850 5425 οὕτω
879 5370 1134 5436 διέξεισιν
1156 5386 1169 5398 ο
1201 5387 1222 5420 ‹
1279 5370 1365 5423 Ἐν
1394 5371 1460 5439 τῇ
1483 5370 1775 5440 οίκουμένῃ
1801 5370 1858 5423 αί
1885 5371 2023 5440 ἠμά-

451 5486 542 5538 ραι
576 5466 685 5519 τῶν
716 5463 1035 5534 συμποσίων
1083 5462 1473 5532 παρέρχονται,
1511 5463 1730 5516 ἐπειδὰν
1775 5461 1885 5515 τῶν
1919 5477 2022 5533 κηο

449 5558 744 5628 ρυγμάτων
797 5555 1150 5610 διατελῶνται
1197 5558 1265 5607 τὰ
1305 5554 1605 5624 μυστήρια.
1651 5553 2022 5608 Τελεσθέντων

443 5653 502 5705 δὲ
533 5651 640 5704 τῶν
702 5647 1041 5718 συμποσίων,
1090 5643 1516 5716 ὁλοκαυτώματα
1557 5648 1584 5700 6
1633 5645 1752 5700 Ἰὼϐ
1786 5647 2021 5718 ἀνήνεγο

518 5827 594 5896 (l)
627 5824 830 5896 Dialog.
854 5823 911 5892 2,
952 5825 1004 5880 in
1032 5824 1160 5880 ﬁne,

2138 5187 2548 5256 praedicationis
2610 5191 2867 5261 mysteria
2933 5200 3285 5261 peraguntur.
3361 5193 3710 5261 Peractisquc

2126 5280 2391 5334 conviviis
2423 5281 2794 5337 holocaustum
2836 5283 2940 5338 Job
2975 5299 3072 5352 pro
3120 5283 3246 5338 filiis
3295 5285 3536 5337 ohtulit:
3575 5285 3704 5352 quia

2128 5385 2227 5439 pro
2246 5373 2507 5441 apostolis
2549 5373 2617 5428 de
2657 5373 3047 5442 praedicatione
3078 5375 3456 5438 redeuntibus,
3487 5375 3702 5431 Patrem

2127 5461 2380 5517 Christus
2408 5463 2719 5534 redemptor
2743 5467 3013 5520 exoravit.
3045 5465 3188 5521 Bene
3216 5475 3398 5520 autem
3432 5465 3705 5521 mittendo

2127 5558 2471 5615 sanctiﬁcare
2515 5559 2737 5627 dicitur,
2791 5563 2917 5630 quia
2957 5561 3084 5616 dum
3115 5561 3377 5630 Spiritum
3426 5566 3702 5624 sanctum,

2127 5653 2218 5721 qui
2265 5667 2292 5706 a
2333 5667 2392 5707 se
2447 5653 2713 5722 procedit,
2771 5654 3156 5724 discipulorum
3202 5650 3455 5708 cordibus
3488 5650 3702 5715 tribuit,
