4170 6280
368 405 507 472 1ί65
1002 403 1154 466 PRO
1187 401 1402 465 CONC.
1447 400 1828 462 FLORENT.
1870 398 1931 458 Ct

2070 398 2120 459 Ι.
2165 396 2260 456 DE
2301 394 2618 457 SPiRlTU
2660 391 2972 454 S.\NCTO.
3479 385 3615 452 1166

366 523 574 590 Πέτρον
631 517 768 585 Περὶ
819 517 1105 584 πίστεως,
1140 520 1199 570 ὲν
1248 516 1529 588 κεφαλαίῳ
1571 516 1762 588 ὀγδόῳ,
1795 515 1931 568 οῦτοι

2048 529 2167 583 cap.
2211 514 2298 575 ll,
2328 511 2436 566 ait:
2478 511 2844 566 «Firmissimc
2869 519 3011 573 tene,
3051 518 3104 563 et
3137 507 3446 562 nullatenus
3465 507 3627 562 dulii-

363 612 539 683 φησί’
589 628 608 662 ι
672 610 1004 664 Βεσαιόιατα
1058 609 1303 670 πίστευε,
1352 611 1447 662 καὶ
1512 609 1655 660 κατι
1731 607 1931 676 μηδένα

2049 619 2153 675 tes,
2189 609 2441 664 eumdem
2472 607 2732 678 Spiritum
2765 613 3035 661 sanctum.
3068 605 3156 673 qui
3203 601 3384 658 Patris
3411 614 3465 656 et
3496 600 3619 654 Filii

361 713 565 777 τρόπον
594 704 928 774 ἀμφίϐαλλε,
965 703 1096 756 αὐτὸ
1126 703 1186 755 τὸ
1233 703 1456 772 Πνεῦμα
1488 700 1549 753 τδ
1592 701 1750 768 ἅγιον
1770 701 1799 753 ὃ
1831 703 1942 754 Παο

361 800 493 865 τρός
523 800 639 850 ἐστι
675 796 900 863 Πνεῦμα
930 797 1025 850 καὶ
1063 796 1215 861 Tia-.3,
1249 797 1312 847 ὲκ
1344 795 1437 849 τοῦ
1471 794 1684 864 Πατρδς
1717 796 1812 848 καὶ
1848 792 1940 846 τοῦ

363 889 494 942 Υίοῦ
524 887 941 959 ἐκπορεύεσθαι.
973 888 1136 956 Λέγει
1167 889 1274 958 γὰρ
1303 890 1328 940 6
1364 887 1489 948 Υἱός
1517 903 1528 915 ’
1575 906 1595 939 ι
1618 882 1790 941 Ὅταν
1810 885 1944 957 ἔλθῃ

363 985 391 1034 6
424 981 782 1051 Παρακλητος
807 980 867 1033 τὸ
899 981 1123 1050 Πνεῦμα
1150 982 1248 1050 τῆς
1277 980 1557 1049 ἀληθείας,
1603 981 1633 1033 δ
1664 980 1814 1050 παρὰ
1846 979 1938 1034 τοῦ

361 1075 574 1144 Πατρὺς
638 1073 1083 1145 ἐκπορεύεταιοι
1129 1073 1264 1126 ὅπου
1301 1073 1526 1142 Πνεῦμα
1555 1074 1753 1128 ἑαυτοῦ
1802 1070 1939 1126 εἶναι

359 1166 598 1231 ἐδίδαξεν
623 1183 637 1198 ο
670 1167 791 1220 ἐπεὶ
821 1167 982 1229 αὑτός
1006 1167 1158 1219 ἐστιν
1191 1168 1224 1236 ὴ
1266 1165 1517 1235 ἀλήθεια.
1559 1167 1655 1220 Ἐκ
1681 1166 1774 1220 τοῦ
1806 1165 1940 1219 Υίοῦ

357 1278 416 1313 τε
449 1259 852 1332 ἐκπορεύεσθαι
882 1260 947 1313 τὸ
981 1258 1209 1329 Πνεῦμα
1239 1261 1302 1313 τὸ
1326 1260 1505 1328 ἄτιον,
1530 1260 1626 1312 καὶ
1658 1262 1692 1330 ἡ
1721 1278 1940 1331 προφη-

357 1353 486 1421 τικὴ
515 1355 608 1406 καὶ
638 1351 978 1424 ἁποστολιιιὴ
1005 1353 1330 1408 διδασκαλία
1360 1354 1492 1422 ἡμῖν
1523 1354 1894 1423 παραδίδωσιν
1921 1369 1936 1385 °

373 1444 601 1506 Ἡσαΐας
628 1445 729 1513 μὲν
761 1447 867 1514 γάρ
898 1462 1033 1514 φησι
1054 1446 1182 1514 περὶ
1214 1443 1306 1501 τοῦ
1339 1444 1470 1498 Υίοῦ
1497 1461 1544 1498 ἰ
1584 1445 1940 1519 Πατάξειτην

357 1538 466 1606 γῆν
500 1540 570 1607 τῇ
622 1538 805 1607 ῥάϐδῳ
838 1537 932 1592 τοῦ
989 1537 1255 1606 στόματος
1288 1537 1478 1600 αὐτοῦ,
1517 1540 1609 1592 καὶ
1642 1539 1740 1609 ’τῷ
1774 1540 1938 1594 srvet}-

361 1646 492 1695 ματι
527 1627 890 1697 τῶν“χειλέων
915 1628 1082 1681 αὑτοῦ
1109 1629 1290 1682 ἀνελεῖ
1314 1630 1406 1682 τὸν
1436 1630 1607 1698 ἀσεϐῆ
1628 1670 1640 1682 .
1665 1649 1683 1681 ι
1720 1632 1855 1699 Περὶ
1877 1624 1938 1686 οὗ

359 1739 493 1790 φησι
532 1721 627 1774 καὶ
653 1723 681 1773 6
724 1719 1066 1786 ’Δπόστολο;,
1117 1722 1252 1774 ι’·ον
1276 1722 1304 1773 6
1339 1721 1540 1791 Κύριος
1579 1721 1786 1790 Ἰησοῦς
1812 1728 1939 1777 ἀνε-

356 1811 442 1863 λεῖ
473 1811 548 1882 τῷ
577 1810 845 1879 πνεύματι
887 1810 982 1864 τοῦ
1011 1811 1278 1878 στόματος
1308 1809 1536 1864 αὑτοῦ.»
1602 1812 1661 1866 ’0
1691 1813 1851 1877 αὐτὸς
1880 1817 1940 1868 ἐν

360 1905 437 1970 τῷ
467 1905 697 1972 εἰκοστῷ
729 1902 1012 1976 κεφαλαίῳ
1039 1902 1134 1956 τοῦ
1162 1905 1425 1972 τεττὶρτου
1457 1903 1664 1974 βιϐλίου
1691 1905 1784 1957 τοῦ
1810 1906 1939 1974 περὶ

359 1993 614 2063 Τριάδος,
638 1993 697 2046 οὗ
733 1995 762 2062 ἡ
794 1994 936 2064 ἀρχή
955 2007 971 2021 ⁸
1007 2012 1026 2044 ι
1055 1994 1118 2046 Εί
1141 1993 1198 2046 ει
1226 1995 1323 2046 καὶ
1347 1995 1488 2047 κατὰ
1514 1996 1575 2049 τὸ
1606 1997 1940 2051 ἀποστέλλε-

362 2086 486 2138 σθαι
525 2087 679 2156 παρὰ
706 2084 800 2138 τοῦ
836 2084 1051 2153 Πατρὸς
1084 2085 1112 2136 6
1143 2085 1270 2147 Υίδς
1291 2084 1533 2150 λέγεται,
1557 2105 1579 2139 ι
1609 2089 1748 2158 μετὰ
1768 2089 1940 2142 πολλὰ

358 2179 494 2230 ἄλλα
551 2176 687 2245 φησί
710 2193 723 2208 °
761 2196 780 2229 ε
813 2177 925 2231 Καὶ
954 2175 1145 2247 ὥσπερ
1185 2178 1266 2246 τῷ
1297 2176 1572 2247 Πνεύματι
1602 2179 1680 2248 τῷ
1714 2180 1855 2248 ἁγίῳ
1880 2179 1939 2233 τὸ

355 2270 494 2324 Θεοῦ
536 2270 711 2338 δῶρον
761 2262 927 2331 εἶναι,
963 2269 1023 2321 τὸ
1055 2271 1117 2322 ὲκ
1147 2266 1242 2320 τοῦ
1288 2269 1502 2337 Πατρὸς
1541 2270 1938 2338 ἐκπορεύεσθαι

355 2365 526 2426 ἔστιν,
557 2362 702 2416 οῦτω
747 2362 928 2416 καὶτὸ
958 2360 1299 2432 πέμπεσθαι,
1330 2361 1392 2414 τὸ
1430 2362 1816 2431 γινώσκεσθαι,
1850 2365 1935 2419 ὅτι

353 2457 411 2519 ἑξ
443 2457 651 2510 ἐκείνου
697 2455 1064 2526 ἐκπορεύεταί
1108 2455 1277 2508 ἐστιν.
1311 2456 1386 2510 Οὐ
1424 2457 1610 2526 μέντοι
1658 2457 1938 2523 δυνάμεθα

352 2549 536 2616 λέγειν
560 2551 641 2602 ὅτι
665 2548 728 2601 τὸ
760 2547 981 2616 Πνεῦμα
1014 2547 1073 2599 τὸ
1100 2547 1257 2615 ἅγιον
1312 2547 1434 2618 οὐχὶ
1466 2551 1557 2600 καὶ
1583 2549 1645 2599 ὲκ
1674 2547 1768 2602 τοῦ
1804 2549 1934 2603 Υίοῦ

352 2640 736 2710 ἐκπορεύεται,
764 2640 886 2693 οὐδὲ
921 2642 1030 2709 γὰρ
1079 2640 1256 2709 μάτην
1295 2639 1355 2691 τδ
1382 2640 1515 2693 αὐτὸ
1556 2641 1803 2710 Πνεῦμα,
1842 2644 1936 2696 καὶ

355 2735 566 2802 Πατρδς
593 2733 692 2787 καὶ
713 2730 844 2785 Υίοῦ
870 2732 1093 2801 Πνεῦμα
1123 2731 1341 2798 λέγεται
1360 2747 1374 2761 ·
1405 2731 1531 2784 οῦτε
1567 2733 1673 2802 μὴν
1703 2736 1933 2805 συνορῶ,

353 2828 406 2877 τί
439 2844 572 2878 ποτε
604 2828 794 2893 ἕτερον
830 2828 1071 2894 σημᾶναι
1099 2825 1377 2894 ἠϐούλετο,
1404 2826 1569 2894 ἡνίκα
1608 2828 1934 2896 ἐμφυσήσας

352 2920 432 2980 εἰς
464 2921 522 2970 τὸ
541 2920 833 2987 πρόσωπον
857 2918 965 2969 τῶν
991 2916 1270 2986 μαθητῶν,
1301 2911 1445 2981 εἷπε,
1468 2917 1675 2970 Λάϐετε
1709 2918 1932 2986 Πνεῦμα

352 3010 528 3077 ἅγιον.
577 3007 716 3063 Οὐδὲ
765 3008 874 3076 γὰρ
915 3010 976 3060 τὸ
1025 3006 1335 3076 σωματικδν
1378 3009 1555 3062 ἐκεῖνο
1604 3010 1928 3080 ἐμφύσημα,

356 3103 453 3154 σὺν
484 3102 734 3170 αἰσθήσει
784 3100 877 3154 τοῦ
931 3100 1259 3167 σωματικῶς
1307 3101 1591 3168 θιγγάνειν
1639 3105 1831 3172 προϊὸν
1867 3107 1930 3156 ἐκ

2047 717 2192 758 unus
2223 711 2306 757 est
2353 700 2609 768 Spiritus,
2665 700 2732 753 de
2778 698 2939 752 Patre
2984 704 3039 750 et
3087 693 3226 750 Filio
3271 693 3568 762 procedere
3608 709 3622 746 :

2047 794 2179 847 dicit
2210 792 2354 846 enim
2380 791 2572 854 Filius,
2620 809 2639 842 ι
2669 790 2801 842 Cum
2835 789 3045 842 venerit
3085 784 3322 856 Spiritus
3352 785 3622 843 veritatis,

2045 889 2138 955 qui
2191 901 2224 939 a
2269 888 2424 938 Patre
2481 882 2742 953 procedit,
2777 899 2795 933 ι
2843 879 2933 934 ubi
2991 877 3256 947 Spiritum
3292 892 3450 930 suum
3498 890 3624 930 esse

2045 977 2254 1040 docuit,
2281 975 2409 1045 quia
2442 975 2555 1043 ipse
2582 983 2668 1030 εει
2701 976 2924 1028 veritas.
2965 971 3038 1024 Dc
3073 967 3210 1025 Filio
3239 983 3459 1039 quoque
3496 982 3621 1036 pro-

2047 1069 2243 1123 cedere
2280 1066 2541 1135 Spiritum
2574 1074 2822 1120 sanctum
2860 1062 3178 1131 prophetica
3216 1071 3377 1131 atque
3404 1069 3622 1130 aposto-

2042 1157 2145 1211 lira
2173 1157 2417 1210 doctrina
2466 1155 2625 1210 nobis
2677 1153 3048 1208 commendat.
3100 1150 3267 1206 Isaias
3311 1149 3456 1204 enim
3491 1148 3628 1204 dicit

2045 1249 2112 1304 de
2144 1248 2320 1304 Filio:
2353 1246 2876 1303 «Percutietterram
2904 1245 3048 1315 virga
3077 1244 3190 1298 o-is
3215 1243 3322 1307 sui,
3345 1250 3399 1296 et
3427 1241 3626 1311 spiritu

2044 1342 2311 1398 labiorum
2347 1356 2570 1396 suorum
2625 1339 2914 1396 inlerliciet
2968 1339 3190 1407 impium
3219 1338 3341 1402 ³⁶;ι
3386 1337 3456 1390 de
3512 1349 3623 1404 quo

2042 1445 2098 1491 et
2156 1435 2497 1505 Apostolus:
2537 1433 2748 1501 «Quem
2813 1432 3076 1488 interﬁcit
3130 1430 3394 1486 Dominus
3454 1427 3617 1483 Jcsus

2042 1530 2239 1600 spiritu
2271 1529 2382 1583 oris
2414 1527 2458 1560 ³¹
2488 1528 2595 1584 sui.
2626 1545 2644 1580 ι
2700 1527 2845 1583 idem
2877 1540 2999 1596 cap.
3049 1524 3118 1580 30
3160 1525 3284 1579 libri
3318 1523 3500 1593 quarti
3544 1521 3621 1575 De

2041 1620 2331 1687 Trinitate,
2379 1620 2471 1690 qui
2509 1619 2700 1688 incipit
2738 1636 2753 1672 :
2817 1637 2838 1671 ι
2867 1616 2922 1673 Si
2963 1629 3140 1672 autem
3176 1615 3480 1670 secundum
3519 1613 3623 1668 hoc

2043 1717 2240 1771 missus
2263 1730 2294 1770 a
2326 1715 2511 1780 Patre,
2545 1733 2562 1764 ι
2599 1723 2721 1783 post
2749 1713 2913 1767 multa
2955 1712 3062 1766 alia
3094 1711 3228 1766 dicit
3261 1728 3275 1764 :
3341 1729 3359 1761 ι
3389 1711 3452 1764 Et
3480 1710 3626 1764 sicut

2044 1806 2268 1870 Spiritui
2301 1817 2491 1862 sancto
2517 1807 2722 1862 donum
2759 1803 2852 1860 Dei
2884 1820 3032 1870 esse,
3063 1816 3148 1860 εει
3179 1819 3210 1858 a
3240 1802 3400 1857 Patre
3432 1817 3623 1870 prece-

1973 1874 2013 1929 "
2040 1896 2191 1964 dere,
2241 1897 2315 1951 ita
2339 1895 2482 1950 mitti
2513 1903 2598 1949 est
2627 1895 2899 1966 cognosci,
2928 1896 3066 1964 quod
3098 1894 3168 1949 ab
3200 1891 3294 1948 illo
3325 1891 3578 1963 procedat
3606 1907 3619 1943 :

2043 2001 2148 2042 nec
2180 2001 2468 2056 possumus
2502 1984 2685 2042 dicere
2704 1985 2857 2056 quod
2893 1985 3131 2056 Spiritus
3159 1992 3382 2040 sanctus
3415 1996 3522 2037 non
3562 1990 3619 2037 ct

2041 2093 2070 2132 a
2115 2077 2252 2134 Filio
2287 2079 2586 2147 procedat:
2621 2093 2798 2149 neque
2843 2078 3046 2135 frustra
3082 2077 3226 2132 idem
3278 2074 3516 2144 Spiritus
3568 2083 3623 2125 et

2042 2171 2218 2228 Patris
2245 2183 2300 2228 et
2333 2173 2451 2228 Filii
2479 2173 2715 2244 Spiritus
2732 2172 2949 2236 dicitur,
2993 2186 3095 2226 nec
3121 2169 3280 2225 video
3310 2168 3439 2240 quid
3473 2167 3619 2220 aliud

2039 2263 2346 2334 signiﬁcare
2383 2264 2640 2330 voluerit,
2668 2278 2791 2318 cum
2848 2260 3078 2318 sunlans
3112 2260 3165 2315 in
3199 2258 3397 2317 faciem
3454 2256 3621 2314 disci.

2041 2357 2317 2425 palorum,
2396 2357 2474 2410 ait
2527 2371 2543 2409 :
2613 2354 2905 2425 «Accipite
2967 2353 3231 2424 Spiritum
3289 2361 3616 2412 sanctum”

2040 2464 2223 2519 neque
2251 2449 2400 2504 enim
2435 2448 2592 2503 ﬂatus
2633 2448 2720 2502 ille
2746 2461 3041 2516 corporeus
3066 2461 3189 2502 cum
3221 2459 3389 2500 sensu
3417 2457 3616 2513 corpo-

2040 2544 2226 2597 raliter
2281 2543 2536 2613 tangendi
2593 2541 2898 2611 procedens
2951 2527 3016 2594 e‘x
3080 2553 3330 2607 corpore,
3361 2539 3617 2592 substan-

2039 2639 2112 2692 tia
2169 2636 2407 2707 Spiritus
2474 2635 2646 2690 sancti
2705 2633 2829 2698 fuit,
2896 2634 2988 2689 sed
3066 2631 3464 2687 demonstratio
3520 2644 3617 2699 per

2038 2745 2333 2800 congruam
2395 2729 2873 2799 signiﬁcationem,
2941 2741 3049 2781 non
3105 2736 3372 2781 tantuma
3431 2724 3613 2782 Patre.

2035 2823 2126 2877 scd
2174 2832 2232 2876 et
2265 2836 2294 2874 a
2348 2820 2485 2874 Filio
2509 2820 2810 2890 procedere
2850 2818 3113 2887 Spiritum
3150 2829 3423 2873 sanctum.
3477 2816 3613 2880 Quis

2035 2915 2178 2970 enim
2207 2915 2679 2981 dementissimus,
2711 2914 3097 2968 dixeritalium
3129 2914 3297 2968 fuisse
3324 2912 3610 2980 Spiritum,

2033 3021 2195 3078 quem
2223 3007 2444 3062 sumans
2473 3007 2642 3068 dedit,
2695 3016 2751 3060 et
2781 3006 2948 3061 alium
2980 3023 3144 3075 quem
3182 3014 3302 3074 post
3330 3006 3612 3060 ascensio-

2034 3116 2156 3153 nem
2213 3100 2398 3153 misit?
2438 3120 2456 3152 ι
2521 3099 2664 3154 Idem
2701 3115 2752 3157 c.
2817 3101 2884 3152 17
2933 3100 3028 3154 lib.
3076 3115 3143 3154 xv
3188 3101 3262 3155 De
3315 3099 3607 3167 Trinitatc,

351 3195 448 3247 τοῦ
490 3195 759 3262 στόματος
801 3197 830 3262 ἡ
855 3194 1014 3246 οὐσία
1038 3194 1131 3245 τοῦ
1164 3193 1320 3260 ἁγίου
1345 3194 1665 3263 Πνεῦματος
1694 3192 1785 3267 ἦν,
1811 3196 1926 3250 ἀλλ’

2034 3194 2121 3263 qui
2156 3193 2344 3262 incipit
2379 3210 2391 3247 :
2455 3211 2471 3244 ι
2505 3193 2648 3249 Satis
2670 3193 2737 3247 dc
2779 3193 2938 3248 Patre
2971 3205 3026 3249 et
3056 3189 3244 3260 Filio,»
3277 3198 3427 3263 juxta
3462 3195 3612 3263 prin-

351 3285 572 3352 ἔνδειξις
599 3287 686 3339 διὰ
719 3285 1053 3355 καταλλήλου
1082 3284 1390 3352 δηλώσεως,
1426 3286 1500 3354 μὴ
1540 3287 1703 3353 μόνον
1733 3288 1799 3340 Ex
1829 3288 1924 3341 τοῦ

351 3379 588 3445 Πατρδς,
641 3377 776 3430 ἀλλὰ
832 3383 924 3430 καὶ
983 3380 1048 3430 ἐκ
1091 3376 1186 3430 τοῦ
1243 3376 1374 3430 Υίυῦ
1432 3377 1835 3448 ἐκπορεύεσθαι
1865 3381 1926 3433 τὸ

351 3471 574 3539 Πνεῦμα
603 3470 665 3522 τὸ
701 3469 876 3537 ἅγιον.
913 3470 1011 3531 Τίς
1042 3470 1151 3539 γὰρ
1178 3469 1245 3523 ἂν
1292 3469 1640 3533 ἀτοπώτατος
1676 3471 1922 3542 φήσειεν,

348 3564 538 3632 ἕτερον
569 3562 669 3630 μὲν
707 3560 847 3616 εῖναι
895 3563 1034 3630 ὅπερ
1067 3564 1394 3632 ὲμφυσήσας
1430 3562 1684 3627 δέδωκεν,
1736 3565 1924 3635 ἓτερον

346 3656 402 3707 δὲ
437 3655 464 3706 6
498 3653 637 3724 μετὰ
664 3653 764 3722 τὴν
793 3653 1064 3722 ἀνάληψιν
1092 3651 1258 3706 αὐτοῦ
1300 3653 1623 3721 πέπομφενς
1668 3671 1687 3705 ι
1742 3653 1800 3707 Ὀ
1827 3656 1924 3706 αὖ-

346 3749 438 3810 τδς
475 3749 532 3799 ὲν
563 3746 640 3816 τῷ
661 3745 1109 3815 ἑπτακαιδεκάτῳ
1137 3748 1416 3812 κεφαλαίῳ
1441 3745 1534 3798 τοῦ
1573 3749 1924 3802 πεντεκαιδε-

346 3843 516 3896 κάτου
545 3839 772 3908 βιϐλίου.
802 3841 896 3894 τοῦ
929 3843 1058 3910 περὶ
1084 3841 1335 3910 Τριάδος,
1364 3834 1427 3892 οὗ
1459 3841 1492 3909 ἡ
1525 3841 1692 3910 ἁρχὴ,
1721 3859 1739 3891 ι
1769 3842 1922 3906 "Ait;

347 3935 450 4004 μὲν
493 3931 591 3988 οῦν
640 3933 770 4003 περὶ
818 3932 1032 3999 Πατρ“.ς
1067 3934 1160 3985 καὶ
1192 3932 1338 3994 Υἷοῦ,
1374 3949 1393 3982 ι
1427 3930 1655 3998 ἔγγιστά
1682 3950 1786 3985 που
1822 3933 1923 4000 τῆς

2032 3286 2235 3355 cipinm
2274 3290 2354 3342 Sic
2387 3285 2501 3342 ait:
2555 3308 2573 3338 ι
2603 3285 2757 3353 Quod
2795 3287 3031 3356 Spiritus
3059 3299 3281 3343 sanctus
3304 3291 3602 3344 set-nudum

2031 3380 2342 3450 Scripturas
2375 3392 2597 3436 sanctas
2653 3398 2750 3437 nec
2784 3382 2959 3436 Patris
2990 3381 3163 3435 solius
3190 3393 3292 3445 est,
3349 3398 3446 3435 nec
3485 3383 3601 3435 Filii

2029 3473 2219 3536 solius,
2278 3473 2371 3526 sed
2427 3477 2750 3539 amborum;
2796 3492 2813 3523 ι
2848 3482 2904 3527 et
2955 3480 3078 3542 post
3117 3476 3362 3540 quaedam
3404 3493 3417 3527 :
3460 3494 3476 3524 ι
3514 3476 3606 3529 Sic

2030 3559 2176 3612 enim
2226 3568 2277 3613 et
2312 3559 2473 3616 Pater
2509 3562 2670 3626 Deus,
2703 3571 2757 3616 et
2787 3561 2978 3626 Filius,
3008 3571 3064 3617 et
3107 3562 3343 3632 Spiritus
3382 3576 3606 3620 sam-tus

2029 3647 2194 3714 Deus,
2254 3660 2310 3704 et
2360 3652 2523 3705 simul
2578 3667 2769 3706 omnes
2801 3668 2942 3708 nnns
2982 3655 3142 3708 Dens.
3189 3653 3253 3707 Et
3283 3663 3460 3709 tamen
3496 3674 3604 3710 non

2027 3741 2230 3796 frustra
2283 3745 2334 3796 in
2371 3743 2474 3797 bac
2522 3743 2792 3798 Trinitatc
2845 3760 2952 3797 non
3000 3746 3199 3801 dicitur
3237 3747 3466 3800 Verbum
3508 3748 3606 3801 Dei

2028 3833 2132 3887 nisi
2177 3832 2371 3893 Filius,
2413 3848 2513 3887 nec
2551 3834 2754 3888 donum
2796 3835 2914 3900 Dei,
2950 3836 3050 3889 nisi
3085 3835 3325 3905 Spiritus
3360 3849 3602 3898 Sttnt'tUs,

2029 3940 2128 3980 nec
2159 3925 2227 3979 de
2247 3940 2354 3992 quo
2383 3926 2629 3996 genitum
2659 3938 2740 3980 est
2768 3927 3022 3992 Verbum,
3046 3929 3182 3984 etde
3212 3944 3320 3998 quo
3354 3933 3602 3999 procedit

345 4028 542 4096 ἀρχῆς,
571 4025 717 4079 οὕτω
749 4028 914 4095 φησίν
934 4040 949 4054 °
986 4041 1006 4074 ι
1059 4023 1147 4086 Ὠς
1172 4023 1232 4076 τὸ
1259 4022 1479 4092 Πνεῦμα
1511 4024 1572 4076 τὸ
1598 4024 1755 4090 ἅγιον
1783 4026 1923 4078 κατά

2034 4017 2402 4086 principaliter
2459 4017 2693 4086 Spiritus
2745 4029 2988 4081 sanctus,
3050 4021 3153 4075 nisi
3220 4021 3361 4075 Deus
3417 4023 3595 4076 Pater.

344 4120 442 4178 τὰς
493 4120 647 4188 ἱερὰς
705 4115 947 4186 Γριφὰς,
981 4113 1106 4169 οὕτε
1139 4115 1234 4168 τοῦ
1290 4115 1502 4185 Πατρός
1553 4119 1670 4168 ἐστι
1727 4116 1916 4185 μόνου,

342 4206 467 4261 οὔτε
497 4207 594 4260 τοῦ
630 4207 759 4260 Υίοῦ
789 4209 976 4276 μόνου,
1007 4206 1126 4259 ἀλλ’
1159 4209 1382 4275 ἀμφοῖν,
1422 4218 1441 4257 ν
1479 4207 1572 4259 καὶ
1603 4208 1745 4275 μετά
1773 4226 1917 4273 τινα,

351 4318 370 4350 ι
411 4298 569 4355 Οὕτω
605 4300 716 4368 γὰρ
752 4300 847 4353 καὶ
870 4302 899 4352 6
932 4300 1140 4370 Πατὴρ,
1184 4299 1353 4361 Θεός·
1388 4300 1486 4352 καὶ
1510 4303 1537 4353 6
1570 4300 1717 4363 Υίὸς.
1751 4301 1882 4358 Θεὸς
1903 4319 1915 4333 ’

345 4393 528 4446 καὶτὸ
577 4391 802 4458 Πνεῦμα
835 4391 895 4444 τδ
942 4391 1118 4458 ἅγιον,
1172 4389 1303 4454 Θεός
1327 4406 1343 4423 ο
1377 4392 1470 4444 καὶ
1521 4393 1656 4462 ὁμοῦ
1695 4393 1918 4456 πάντες,

344 4481 425 4548 εἷς
458 4484 616 4539 Θεόεο
650 4485 759 4537 Καὶ
797 4484 985 4552 μέντοι
1015 4484 1079 4536 οὐ
1118 4485 1296 4554 μάτην
1330 4485 1386 4536 ἐν
1432 4484 1562 4552 τῇδε
1597 4485 1663 4554 τῇ
1696 4484 1914 4554 Τριάδι,

341 4579 404 4631 οὐ
432 4579 648 4645 λέγεται
694 4577 864 4646 Λόγος
918 4574 1079 4640 Θεοῦ,
1136 4576 1188 4628 εί
1223 4575 1300 4646 μὴ
1329 4578 1357 4628 6
1388 4576 1543 4630 Υἱός·
1575 4576 1697 4629 οὐδε
1740 4578 1915 4646 δῶρον

2027 4108 2153 4164 Ideo
2180 4119 2362 4164 autem
2399 4110 2583 4164 addidi
2631 4125 2650 4159 ι
2679 4111 3053 4180 principaliter
3073 4130 3090 4164 ι
3123 4113 3250 4182 quia
3279 4123 3335 4167 et
3362 4115 3427 4166 de
3462 4114 3599 4167 Filio

2025 4204 2264 4275 Spiritus
2321 4215 2543 4260 sanctus
2599 4206 2903 4274 procedere
2966 4207 3260 4274 reperitur.
3326 4208 3432 4262 Sed
3496 4211 3600 4262 hoc

2022 4312 2239 4367 quoque
2255 4297 2327 4350 illi
2360 4296 2516 4352 Pater
2537 4298 2689 4353 dedit
2709 4314 2816 4352 non
2840 4298 2949 4368 jam
2973 4299 3260 4355 exsistcnti
3283 4311 3337 4353 et
3352 4302 3597 4355 nondum

2023 4388 2283 4453 habenti;
2344 4390 2440 4442 sed
2475 4388 2739 4457 quidquid
2771 4389 3055 4458 unigenito
3085 4389 3259 4447 Verbo
3301 4393 3472 4454 dedit,
3521 4396 3601 4462 pi-

2022 4483 2243 4549 gnendo
2287 4483 2460 4539 dedit.
2521 4480 2614 4536 Sic
2658 4498 2790 4553 ergo
2824 4498 2948 4537 eum
2978 4484 3188 4551 genuit,
3226 4493 3284 4538 ut
3330 4487 3493 4540 etiam
3529 4491 3596 4540 de

2022 4573 2114 4628 illo
2144 4574 2348 4628 donum
2381 4589 2676 4629 commune
2734 4575 3079 4645 procederet,
3107 4587 3164 4630 et
3197 4575 3437 4647 Spiritus
3464 4596 3594 4633 san-

341 4669 500 4734 Θεοῦ,
532 4667 579 4722 εἰ
609 4669 687 4738 μὴ
719 4669 780 4721 τδ
818 4667 1043 4739 Πνεῦμα
1083 4667 1145 4721 τδ
1183 4669 1374 4738 ἅγιονο
1401 4668 1526 4721 οὐδὲ
1561 4669 1621 4734 ἐξ
1649 4667 1710 4721 οῦ
1759 4672 1916 4736 ἐγεν-

2034 4678 2138 4722 :tus
2191 4665 2420 4734 spiritus
2472 4674 2618 4720 esset
2680 4667 2985 4721 amborum.
3025 4685 3044 4720 ι
3110 4667 3258 4722 Idem
3304 4671 3480 4739 capite
3521 4672 3592 4723 26

341 4762 480 4834 νήθη
508 4763 538 4815 6
566 4762 757 4829 Λόγος,
794 4761 890 4815 καὶ
932 4761 993 4828 ἐξ
1025 4754 1087 4815 οὒ
1133 4761 1493 4833 ἐκπορεύεται
1522 4763 1820 4832 ἀρχπιδῶς
1853 4764 1915 4815 τὸ

2034 4761 2260 4831 :jusilem
2290 4759 2432 4823 libri,
2461 4760 2601 4827 quod
2632 4760 2822 4825 incipit
2851 4779 2865 4814 :
2898 4779 2914 4810 ι
2947 4761 3148 4815 Deinde
3178 4761 3231 4814 in
3271 4762 3357 4815 illa
3380 4780 3590 4817 summa

344 4855 572 4924 Πνεῦμα
623 4854 685 4908 τὸ
733 4853 912 4920 ἅγιον,
959 4855 1011 4908 εί
1051 4853 1128 4923 μὴ
1171 4855 1202 4906 6
1230 4853 1366 4916 Θεὸς
1414 4855 1507 4907 καὶ
1549 4856 1758 4924 Πατήρ.
1814 4854 1916 4908 Διὰ

2034 4854 2306 4917 Ι“ι·ἰιιίιιιιθ,
2336 4870 2354 4904 ι
2395 4852 2472 4906 sic
2508 4854 2585 4906 ait
2619 4870 2632 4905 :
2673 4871 2688 4901 ι
2715 4852 3060 4921 Quapmptcr
3089 4856 3179 4922 qui
3221 4865 3399 4922 potest
3431 4858 3594 4910 inici-

339 4945 498 4999 τοῦτο
533 4945 592 4997 δὲ
624 4946 991 5014 προστέθεικα
1019 4944 1339 5013 ἀρχοειδῶς,
1373 4944 1563 5014 ἐπειδὴ
1601 4949 1698 4997 καὶ
1726 4947 1792 4997 ὲκ
1821 4944 1915 4997 τοῦ

2041 4946 2186 5015 igere
2231 4944 2351 4999 sine
2404 4953 2648 5013 tempore
2689 4944 3095 5010 generationem
3129 4945 3248 5000 Filii
3305 4949 3373 5001 de
3403 4949 3588 5010 Patre.

341 5035 472 5089 Υὶοῦ
501 5035 595 5087 τοῦ
625 5035 786 5101 Θεοῦ,
817 5035 878 5089 τ’)
923 5032 1148 5103 Πνεῦμα
1180 5035 1240 5086 τὸ
1268 5035 1425 5101 ἅγιον
1471 5035 1789 5106 εὑρίσκεται
1821 5038 1915 5087 ἑκ-

2043 5036 2282 5105 ntelligat
2349 5035 2468 5088 sine
2539 5045 2785 5101 tempore
2863 5037 3266 5102 processionem
3351 5039 3588 5108 Spiritus

342 5130 738 5198 πορευόμενον.
788 5126 932 5180 Ἀλλ’
963 5127 1153 5196 ιπειδὴ
1189 5133 1282 5181 καὶ
1308 5128 1469 5182 τοῦτο
1493 5129 1646 5197 αὺτῷ
1668 5130 1698 5181 6
1727 5128 1918 5200 Πατὴρ

2034 5126 2189 5180 sancti
2261 5127 2329 5180 de
2358 5135 2612 5196 utroque.
2649 5127 2711 5178 Et
2741 5129 2831 5196 qui
2868 5137 3045 5197 potest
3080 5130 3380 5198 intelligere
3411 5132 3463 5183 in
3496 5149 3586 5194 eo,

341 5220 566 5284 ἔδωκεν,
599 5221 700 5271 οὐκ
729 5219 833 5289 ἥδη
864 5220 1197 5289 ὑφεστηκότι
1242 5220 1336 5273 καὶ
1369 5221 1540 5288 μήπω
1565 5219 1768 5290 ἔχοντι,
1798 5220 1916 5273 ἀλλ’

2034 5220 2158 5286 ιιιοιΙ
2192 5217 2268 5270 ait
2297 5216 2488 5280 Filius,
2516 5217 2700 5270 rSicttt
2726 5218 2885 5270 Pater
2917 5219 3082 5273 habet
3102 5219 3264 5272 vitam
3295 5219 3349 5271 in
3386 5233 3589 5272 ιιι-ηια-

339 5312 368 5364 ὂ
393 5328 445 5365 τι
473 5311 604 5364 ποτὶ
631 5310 710 5379 τῷ
743 5313 1028 5379 μονογενεῖ
1055 5311 1216 5378 Λόγῳ
1241 5310 1497 5373 δέδωκεν,
1527 5311 1586 5363 ὲν
1609 5311 1688 5379 τῷ
1717 5313 1913 5381 γεννᾷ-ι

2034 5326 2153 5379 ps0,
2204 5310 2283 5363 sic
2316 5309 2461 5362 dedit
2495 5308 2630 5362 Filio
2665 5311 2826 5362 vitam
2865 5310 3067 5364 habere
3100 5311 3154 5363 in
3207 5313 3532 5379 semetipso,
3563 5333 3580 5362 ι

339 5403 589 5458 δέδωκεν.
629 5402 818 5466 Οὕτως
845 5403 956 5471 ἄρα
988 5404 1153 5456 αὑτὸν
1187 5403 1497 5473 ἐγέννησέν,
1544 5403 1620 5466 ώς
1656 5404 1714 5470 ἐξ
1741 5404 1908 5458 αὑτοῦ

2034 5418 2126 5455 ton
2187 5402 2306 5455 sine
2361 5403 2470 5455 vita
2526 5401 2810 5456 cxsistcnti
2840 5399 2949 5468 jam
2981 5401 3142 5466 Filio,
3174 5403 3335 5455 vitam
3367 5402 3583 5456 Patrem

340 5494 402 5546 τὸ
425 5495 598 5563 δῶρον
625 5495 801 5548 κοινὸν
831 5494 1225 5565 προέρχεσθαι,
1259 5497 1354 5548 καὶ
1378 5493 1602 5559 Πνεῦμα
1630 5496 1854 5563 ἀμξοῐν.
1882 5515 1901 5547 ι

2034 5495 2280 5549 ltdisse:
2341 5494 2434 5549 sed
2497 5495 2566 5544 ita
2597 5508 2723 5545 eum
2775 5493 2895 5545 sine
2927 5503 3167 5560 tempore
3212 5493 3485 5561 genuisse,
3525 5505 3581 5545 nt

353 5585 410 5638 ’0
437 5586 599 5646 αὐτὸς
630 5587 688 5636 ἐν
731 5586 811 5656 τῷ
842 5587 1071 5654 sinoan
1103 5587 1248 5656 ἕκτῳ
1298 5585 1583 5655 κεφαλαίῳ
1615 5586 1711 5639 τοῦ
1741 5587 1907 5641 αὑτοῦ

2034 5589 2149 5650 vita,
2184 5599 2344 5653 quam
2401 5583 2562 5638 Pater
2596 5581 2734 5636 Filio
2777 5581 3047 5652 gignendo
3094 5580 3264 5642 dedit,
3309 5590 3577 5634 coa'terna

343 5676 566 5746 βιόλίου,
595 5674 656 5732 οὗ
687 5681 718 5748 ἡ
750 5679 890 5747 ἀρχή
919 5691 932 5705 ·
970 5697 991 5730 ι
1019 5679 1250 5732 Ἔπειτα
1273 5678 1329 5731 δὲ
1355 5681 1412 5731 ὲν
1436 5681 1496 5749 τῇ
1517 5678 1666 5750 ἄκρᾳ
1688 5678 1905 5749 Τριάδι,

2034 5679 2090 5732 sit
2120 5680 2240 5732 vitae
2276 5674 2452 5729 Pa!ris
2483 5674 2574 5743 qui
2618 5676 2787 5740 dedit,
2823 5674 3112 5743 intelligat;
3147 5684 3194 5723 et
3243 5671 3387 5724 sicut
3418 5671 3576 5724 l‘utcr

891 5854 992 5910 “ll
1019 5853 1214 5910 Thess.
1252 5869 1313 5921 ιι,
1343 5854 1397 5908 8.

419 5855 460 5886 ³⁰
493 5855 592 5909 lsa.
630 5872 705 5919 τι,
738 5857 788 5912 3.
