4170 6280
321 357 466 428 1169

959 366 1112 427 ΡΙὶο
1151 368 1368 431 CONC.
1410 369 1785 430 FLORENT.
1817 369 1974 433 CAP.
2020 372 2065 432 1.
2121 373 2218 433 DE
2260 373 2576 437 Sl‘lRlTU
2620 377 2932 439 SANCTO.

3440 371 3576 440 H70

311 478 561 549 Πνεῦμα,
620 481 716 534 ἕνα
748 479 884 535 Θεὸν
925 485 1349 556 παντοκράτορα
1399 488 1621 557 ἐξουσία
1668 489 1762 541 καὶ
1802 491 1900 558 μιᾷ

2008 486 2174 554 Filio,
2232 509 2465 559 quorum
2523 505 2608 549 cst
2672 497 2921 566 spiritus.
2957 516 2975 550 ι
3037 499 3179 553 ldcm
3226 497 3280 550 in
3328 499 3519 553 eodem
3564 513 3579 548 :

312 575 407 629 καί
441 573 691 645 βασιλεία
744 575 838 629 καὶ
891 578 1275 650 μεγαλειότητι
1303 595 1318 610 ⁸
1366 581 1461 634 καὶ
1506 582 1630 634 τότε
1674 582 1765 635 καὶ
1802 581 1897 634 νῦν

313 667 406 721 καὶ
435 668 524 720 ἀεὶ
552 669 832 737 πανταχοῦ
867 668 1249 739 βασιλεύοντα,
1289 672 1493 744 καρδία
1527 678 1771 728 πιστεύω
1801 678 1896 730 καὶ

316 758 545 828 στόματι
575 759 846 828 ὁμολογῶ,
878 761 974 816 καὶ
1017 762 1232 836 διανοίᾳ
1266 763 1428 832 φιλῶ.
1469 783 1488 819 ι
1537 764 1597 820 '0
1642 767 1809 831 αὐτὸς
1839 768 1898 820 ἐν

311 848 390 917 τῷ
422 849 551 918 περὶ
595 849 897 918 καθολικῆς
943 852 1206 920 πίστεως,
1244 874 1265 908 ε
1301 856 1398 919 Τίς
1425 855 1533 927 γὰρ
1581 856 1689 926 πρὸ
1736 857 1897 927 ἡμῶν

312 941 389 998 εἰς
421 938 516 999 οὓς
541 940 608 992 τὰ
637 940 763 1009 τέλη
799 941 908 994 τῶν
931 942 1149 998 αἰώνων
1177 946 1516 1016 κατήντησε,
1547 945 1770 1001 τοιαῦτα
1803 948 1896 1001 καὶ

312 1029 460 1084 οὕτω
490 1032 626 1098 δῆλα
679 1034 976 1104 ἀκοῦσαιῆ
1023 1037 1226 1105 γνῶναι
1275 1037 1586 1107 δεδύνηται,
1629 1040 1756 1109 περὶ
1790 1040 1898 1092 τῶν

313 1123 374 1174 ἐν
402 1125 470 1196 τῇ
495 1124 688 1194 Τριὰδι
716 1129 812 1180 καὶ
836 1130 1026 1198 μονάδι
1056 1131 1390 1202 προσώπων,
1423 1133 1519 1189 καὶ
1546 1134 1646 1205 τῆς
1667 1133 1853 1196 οὐσίας
1878 1152 1894 1200 ;

313 1217 446 1283 περὶ
481 1219 582 1286 μέν
613 1219 737 1286 σοῦ,
768 1221 868 1276 Θεὲ
903 1222 1110 1294 Πάτερ,
1136 1225 1220 1279 δτι
1254 1225 1389 1297 παρ’
1414 1225 1626 1292 οὐδενὸς
1652 1221 1724 1292 εἴ,
1753 1225 1896 1280 ὥστε

310 1311 405 1360 καὶ
431 1309 518 1362 διὰ
545 1310 703 1366 τοῦτο
736 1313 1036 1386 δγέννητος
1060 1315 1317 1386 λέγεσθαι
1339 1335 1355 1350 ⁸
1393 1320 1520 1390 περὶ
1548 1319 1605 1374 δέ
1637 1319 1733 1374 τοῦ
1765 1319 1896 1373 Υίοῦ

311 1417 433 1463 σου,
463 1403 544 1455 ὅτι
575 1404 864 1475 γεννηθεὶς
912 1409 976 1461 ἐκ
1011 1409 1107 1464 σοῦ
1147 1411 1319 1478 ἐστιν,
1351 1411 1470 1464 ἀλλ’
1511 1410 1614 1466 οὐκ
1641 1412 1738 1480 ἀφ’
1763 1414 1896 1467 ἐαυ-

309 1491 406 1545 τοῦ
432 1507 450 1523 ⁸
482 1495 610 1565 περὶ
645 1496 701 1550 δέ
740 1497 833 1552 τοῦ
883 1499 1047 1568 ἁγίου
1099 1517 1194 1556 σου
1236 1502 1576 1574 Πνεύματος,
1607 1505 1691 1558 ὅτι
1729 1507 1897 1560 ἐκποο

312 1583 630 1655 ρευόμενον.
668 1591 769 1644 οῦκ
817 1591 966 1649 εστιν
998 1596 1096 1663 ἀφ’
1146 1595 1368 1664 ἐαυτοῦ,
1399 1598 1520 1654 ἀλλ’
1555 1601 1623 1653 ἐκ
1676 1599 1772 1653 σοῦ
1804 1602 1897 1655 καὶ

308 1675 406 1728 τοῦ
445 1677 538 1730 σοῦ
571 1679 702 1735 Υίοῦ
725 1699 740 1714 ⁸
779 1679 854 1738 ὧν
884 1688 978 1740 καὶ
1009 1688 1238 1760 Πνεῦμα
1270 1691 1439 1746 ἐστιν.
1476 1710 1496 1745 ο
1547 1691 1608 1746 ’0
1648 1693 1808 1756 αὐτὸς
1841 1694 1898 1746 ἓν

309 1767 390 1839 τῷ
431 1771 612 1842 αὐτῷ·
652 1793 670 1827 ι
708 1776 912 1832 Λοιπὸν
935 1781 1019 1847 τίς
1053 1785 1113 1837 ἐν
1137 1783 1317 1852 τούτῳ
1345 1786 1577 1857 διαφανῆ
1602 1786 1698 1840 καὶ
1727 1787 1898 1842 καθα.-

316 1862 416 1929 pinv
460 1863 652 1936 ὥσπερ
683 1869 1026 1939 κρύσταλλον
1081 1875 1223 1946 ἔχων
1271 1877 1504 1948 καρδίαν
1537 1881 1632 1933 καὶ
1676 1881 1894 1951 στῆθος,

311 1955 602 2025 ἀρκέσειεν
651 1960 719 2015 ἂν
768 1964 848 2026 είς
891 1967 960 2019 τὰ
991 1966 1059 2020 σὰ
1096 1969 1195 2039 τῆς
1246 1969 1482 2037 Τριᾶδος
1528 1970 1745 2025 ἐνδῦναι
1795 1989 1897 2042 μυ-

313 2050 516 2122 στήρια
536 2071 550 2084 ⁸
584 2055 703 2120 πῶς
739 2058 766 2110 6
794 2057 985 2130 Πατὴρ
1013 2061 1108 2115 καὶ
1139 2062 1169 2116 6
1197 2061 1324 2128 Υίὸς
1355 2063 1451 2117 καὶ
1481 2064 1542 2116 τὸ
1583 2064 1808 2136 Πνεῦμα
1838 2066 1900 2120 τὸ

312 2141 493 2212 ἅγιον,
522 2147 652 2214 τρία
685 2151 786 2218 μέν
821 2153 940 2206 ἐστι
987 2153 1282 2222 πρόσωπα,
1321 2154 1420 2225 μία
1449 2157 1505 2210 δέ
1533 2156 1739 2226 φύσιςς
1773 2158 1899 2222 Πῶς

315 2235 382 2289 σὺ
416 2238 544 2307 μιν,
570 2240 778 2311 Πάτερ,
821 2244 1124 2315 ἀγέννητος
1148 2246 1286 2320 λέγῃ
1306 2264 1320 2279 ⁸
1353 2248 1384 2300 6
1413 2248 1472 2301 δέ
1504 2248 1596 2313 σὸς
1616 2249 1743 2315 Υἱὸς
1773 2268 1899 2318 γεν-

310 2330 477 2400 νητός
506 2346 520 2358 ⁸
551 2333 614 2386 τὸ
643 2334 700 2388 δέ
729 2334 954 2407 Πνεῦμα
976 2339 1037 2392 τὸ
1064 2340 1245 2408 ἅγιον,
1270 2339 1385 2396 οὔτ’
1419 2341 1741 2410 ἀγέννητον,
1772 2341 1897 2397 οὔτε

311 2422 596 2490 γεννητὸν,
633 2423 752 2478 ἀλλ’
780 2427 1148 2498 ἐκπορευτόνς
1186 2430 1310 2496 Πῶς
1337 2433 1365 2486 6
1397 2431 1500 2502 μέν
1539 2433 1666 2496 Υίὸς
1701 2433 1902 2500 γεννώ-

314 2528 501 2579 μενος,
553 2515 655 2570 ούκ
691 2519 1060 2590 ἐκπορεύεται
1085 2537 1100 2553 ⁸
1134 2525 1196 2577 τὸ
1229 2522 1287 2578 δέ
1345 2525 1569 2595 Πνεῦμα
1623 2530 1684 2580 τὸ
1717 2527 1899 2596 ἅγιον,

311 2607 771 2678 ἐκπορευᾶμενον,
790 2612 850 2664 ού
879 2615 1156 2682 γεννᾶται;
1185 2615 1306 2677 Πῶς
1335 2617 1366 2669 6
1390 2614 1492 2685 μὲν
1519 2615 1621 2670 ούκ
1651 2617 1745 2685 ἀφ’
1770 2618 1901 2671 huc

309 2701 408 2751 τοῦ
438 2699 610 2768 ἐστιν,
634 2702 750 2755 ἀλλ’
778 2706 844 2758 ἐκ
867 2705 964 2760 σοῦ
991 2721 1006 2738 ⁸
1033 2709 1094 2760 οὔ
1124 2708 1307 2778 μέντοι
1335 2706 1430 2762 σοῦ
1459 2708 1688 2780 ὕστερος
1711 2710 1774 2763 ἐκ
1804 2709 1899 2764 σοῦ

311 2789 434 2842 ἐστι
463 2805 478 2821 ⁸
513 2789 574 2844 τὸ
603 2791 660 2847 δέ
693 2793 919 2866 Πνεῦμα
961 2797 1022 2850 τὸ
1058 2796 1234 2866 ἅγιον.
1273 2799 1390 2862 πῶς
1443 2801 1508 2853 ἐκ
1554 2801 1649 2854 σοῦ
1682 2801 1901 2869 πρόεισι

311 2880 525 2937 καὶτοῦ
554 2882 684 2938 Υἱοῦ
718 2888 921 2952 σου,ὀύ
955 2887 1139 2958 μέντοι
1168 2891 1323 2960 ὑμῶν
1343 2891 1736 2962 ἀποτιμνεται,
1769 2895 1900 2964 παρ’

310 2969 392 3028 ὢν
421 2977 820 3046 ἐκπορεύεταις
871 2999 889 3032 t
937 2982 1049 3035 Καὶ
1081 2984 1201 3051 μετ’
1233 2982 1410 3051 ὀλίγα·
1452 3001 1472 3035 ε
1528 2983 1650 3048 Πῶς
1692 2985 1720 3038 6
1773 2983 1902 3049 Υἱὸς

316 3066 388 3118 ἐκ
421 3063 540 3128 σοῦ,
575 3067 675 3121 Θεὲ
716 3069 919 3142 Πάτερ,
945 3073 1203 3144 ἀνίσχων,
1233 3073 1333 3145 οὐχ
1362 3073 1590 3145 ῦστερός
1624 3075 1740 3129 ἐστί
1772 3090 1896 3129 σου⁸

2007 605 2025 635 ι
2058 586 2328 639 Cancrum
2363 589 2485 650 quis
2512 589 2566 642 in
2602 590 2704 643 bac
2760 591 2866 646 vita
2901 591 3115 662 positus
3144 591 3226 643 vel
3263 592 3583 660 crystallino

2002 689 2224 746 pectore
2280 678 2512 734 sulliciat
2561 691 2850 750 penetrare
2916 683 2992 737 ttti
3054 683 3227 753 ipsius
3293 683 3584 747 Trinitatis

2001 769 2216 824 interna
2275 772 2564 841 mysteria?
2609 774 2889 843 quomodo
2940 777 3122 842 Pater,
3162 787 3219 833 et
3266 776 3467 840 Filius,
3523 788 3584 831 ct

2002 857 2239 929 Spiritus
2289 871 2539 925 Sanctus,
2591 873 2704 918 tres
2745 864 2971 933 quidem
3015 881 3263 937 person-.2
3316 867 3451 922 estis
3526 875 3583 920 et

2004 966 2108 1005 una
2148 954 2383 1008 natura?
2433 957 2712 1024 quomodo
2750 967 2804 1012 lu
2849 959 3011 1014 Pater
3051 958 3322 1028 ingenitus
3349 959 3578 1022 diceris.

2001 1042 2174 1101 Filius
2229 1047 2468 1114 genitus,
2500 1049 2744 1118 Spiritus
2799 1060 3024 1106 sanctus
3061 1065 3240 1120 neque
3281 1048 3583 1121 ingenitus,

2001 1154 2102 1192 nec
2158 1142 2396 1210 genitus,
2459 1142 2556 1197 sed
2616 1143 2928 1214 procedens
2977 1143 3232 1199 dicatur?
3309 1142 3584 1213 quomodo

2000 1229 2171 1286 Filius
2202 1233 2268 1288 de
2302 1240 2355 1288 te
2397 1232 2559 1288 Patre
2610 1243 2778 1292 natus
2806 1245 2913 1300 cst,
2958 1234 3201 1306 Spiritus
3241 1246 3470 1292 sanctus
3513 1237 3584 1291 de

2001 1332 2054 1377 te
2089 1323 2335 1390 procedit
2391 1334 2448 1379 et
2515 1324 2695 1380 Filio?
2753 1327 3030 1396 quomodo
3081 1326 3250 1383 Filius
3303 1329 3583 1384 nascendo

2000 1433 2108 1473 non
2170 1417 2436 1488 procedit,
2482 1419 2718 1487 Spiritus
2783 1430 3010 1476 sanctus
3067 1421 3417 1491 procedendo
3469 1437 3582 1476 non

2001 1512 2282 1568 nascitur?
2305 1514 2580 1584 quomodo
2626 1513 2801 1570 Filius
2826 1529 2936 1570 non
2971 1515 3039 1572 de
3065 1529 3143 1582 se,
3174 1516 3270 1571 sed
3300 1515 3368 1572 de
3394 1527 3447 1572 te
3473 1525 3579 1582 est,

1999 1619 2101 1659 nec
2131 1615 2313 1659 tamen
2358 1605 2435 1660 tui
2465 1614 2548 1660 est
2590 1607 2863 1676 posterior
2896 1606 2964 1660 de
2995 1622 3102 1676 quo
3132 1607 3254 1662 est?
3305 1612 3581 1677 quomodo

2001 1696 2243 1766 Spiritus
2276 1707 2501 1754 sanctus
2530 1698 2599 1753 de
2631 1707 2681 1754 te
2711 1699 2961 1768 procedit
2984 1711 3039 1755 et
3071 1699 3231 1762 Filio.
3265 1715 3365 1754 nec
3393 1708 3575 1755 tamen

2003 1804 2032 1844 a
2067 1790 2224 1844 vobis
2251 1789 2720 1860 pra>scinditur.a
2748 1789 2947 1859 quibus
2980 1790 3268 1859 procedit?
3295 1809 3312 1840 ι
3352 1789 3417 1844 Et
3457 1799 3584 1860 post

2004 1897 2214 1953 pauca:
2274 1882 2599 1949 «Quomodo
2631 1883 2802 1938 Filius
2849 1883 2942 1953 qui
2987 1883 3217 1939 orlentlo
3266 1891 3352 1937 cst
3395 1881 3514 1949 tibi,
3548 1897 3583 1934 ο

2003 1973 2185 2039 Pater,
2217 1973 2286 2029 de
2313 1989 2423 2042 quo
2466 1977 2644 2028 oritur
2672 1973 3017 2042 subsequens
3049 1989 3157 2028 non
3189 1973 3314 2029 est?
3359 1981 3416 2027 et
3439 1987 3581 2042 quo-

2003 2066 2168 2121 modo
2230 2064 2472 2136 Spiritus
2527 2065 2838 2130 amborum,
2870 2065 2962 2135 qui
3018 2079 3116 2135 per
3173 2065 3580 2136 processionent

2001 2158 2256 2230 proditur
2285 2173 2316 2211 a
2352 2157 2506 2213 vobis
2535 2157 2946 2227 proferentibus
2980 2173 3092 2212 non
3139 2157 3402 2228 praitur?
3448 2172 3585 2226 quo.

2002 2249 2166 2306 modo
2203 2261 2261 2306 et
2288 2265 2460 2305 unum
2497 2249 2843 2306 divisibiliter
2871 2250 2998 2317 tria,
3023 2261 3081 2304 ct
3111 2250 3213 2304 tria
3239 2247 3584 2305 indivisibili-

2002 2353 2084 2399 ter
2111 2343 2245 2399 estis
2270 2341 2484 2398 unmn?
2510 2342 2770 2411 Ejusdem
2794 2341 2849 2396 in
2878 2341 2978 2396 lib.
3011 2340 3440 2410 Soliloquiorum
3481 2341 3584 2411 (l).

2005 2452 2026 2488 ι
2055 2434 2292 2504 Cognovi
2316 2443 2368 2491 te
2396 2432 2592 2500 Deum,
2629 2449 2800 2490 unum
2844 2434 3110 2503 Spiritum
3135 2442 3381 2489 sanctum
3408 2433 3587 2489 Patris

2001 2537 2056 2583 et
2082 2526 2225 2588 Filii,
2261 2524 2332 2580 ab
2386 2534 2622 2594 utroque
2656 2524 2863 2594 pariter
2894 2524 3310 2593 pmccdentcm,
3347 2525 3585 2579 consub-

2001 2617 2312 2675 statttialem
2336 2626 2392 2673 et
2417 2626 2750 2672 coarternunt
2771 2615 2920 2671 Patri
2952 2626 3008 2671 et
3053 2615 3222 2683 Filio,
3257 2617 3594 2686 paraclelum.

2001 2721 2056 2766 et
2086 2711 2412 2766 advocatum
2437 2718 2710 2771 nostrum,
2737 2710 2830 2777 qui
2857 2724 3022 2776 super
3039 2707 3292 2762 eumdem
3335 2708 3503 2763 Deum
3529 2720 3587 2766 ct

2002 2805 2292 2860 Dominum
2358 2812 2603 2858 nostrum
2668 2802 2854 2858 Jesum
2911 2802 3194 2858 Cbristum
3237 2802 3291 2855 in
3319 2803 3587 2858 columba:

2001 2897 2183 2967 specie
2245 2894 2689 2958 descendisti,el
2749 2909 2913 2965 super
2961 2892 3239 2964 apostolos
3282 2894 3338 2949 in
3383 2892 3587 2964 linguis

2001 2988 2175 3061 igneis
2218 2985 2666 3059 apparuisti,qui
2714 2997 2769 3042 et
2808 3000 3001 3042 omnes
3041 2994 3258 3042 sanctos
3288 2994 3343 3041 et
3382 2985 3586 3040 electos

2005 3081 2098 3136 Dei
2127 3095 2156 3134 a
2191 3079 2462 3150 principio
2490 3089 2596 3135 tua:
2626 3083 2814 3149 gratiae
2839 3093 3066 3134 munere
3093 3078 3328 3133 docuisti
3364 3095 3378 3132 :
3407 3087 3584 3139 et‘ora

313 3158 414 3212 καὶ
445 3159 560 3224 πῶς
588 3161 652 3216 τὸ
675 3163 1005 3234 ἀμφοτέρων
1027 3164 1184 3236 ὑμῶν
1212 3165 1455 3236 Πνεῦμα,
1485 3166 1699 3238 προόδῳ
1725 3185 1899 3238 προα-

2007 3173 2416 3244 prophetarum.
2441 3178 2501 3225 ut
2551 3180 2872 3226 enarrarent
2918 3169 3183 3225 mirabilia
3235 3171 3405 3240 regni.
3450 3169 3585 3232 Dei.

311 3251 578 3322 γόμενον,
632 3253 729 3324 ἀφ’
759 3255 918 3322 ὑμῶν
956 3258 1067 3311 τῶν
1113 3260 1467 3328 προαγόντων
1498 3260 1560 3313 οὐ
1603 3261 1902 3330 χωρίζεται

311 3346 383 3414 τῇ
423 3347 662 3416 apo/.619;
700 3347 824 3411 Πῶς
854 3348 948 3402 καὶ
977 3348 1035 3402 τὸ
1060 3347 1120 3403 ἐν
1145 3349 1580 3419 διακεκριμένως
1611 3350 1776 3420 τρία⁸
1809 3351 1904 3405 καὶ

308 3440 386 3492 τὰ
421 3439 571 3510 τρία,
606 3442 937 3515 ἀδιακριτως
958 3442 1019 3499 ἐν
1047 3446 1170 3500 ἐστε
1201 3462 1217 3512 ;
1261 3463 1280 3498 ι
1329 3444 1390 3498 '0
1429 3444 1594 3508 αὐτὸς
1616 3444 1674 3497 ἐν
1704 3443 1784 3513 τῷ
1817 3445 1904 3514 βι-

308 3533 455 3603 ϐλίῳ
501 3535 608 3587 τῶν
637 3534 996 3604 Μονολόγων·
1035 3555 1058 3590 ε
1100 3538 1318 3606 Ἐγνων
1367 3551 1428 3591 σε
1456 3538 1591 3591 Θεὸν
1629 3537 1903 3608 ἀληθινὸν,

310 3630 413 3682 καὶ
447 3627 544 3681 ἱνα
566 3641 582 3656 ⁸
610 3627 674 3682 τὸ
702 3629 796 3682 τοῦ
823 3630 1036 3698 Πατρὸς
1064 3631 1160 3684 καὶ
1183 3629 1280 3684 τοῦ
1303 3629 1438 3685 Υίοῦ
1468 3629 1697 3700 Πνεῦμα
1722 3631 1902 3699 ἅγιον,

311 3721 382 3789 ἐξ
418 3719 686 3792 ἐκατέρου
715 3723 923 3791 ὁμοίως
955 3723 1398 3795 ἐκπορευόμενον
1420 3739 1436 3754 ⁸
1467 3723 1756 3794 δμοούσιον
1797 3723 1904 3775 Πα-

309 3820 414 3886 τρὶ
459 3814 552 3870 καὶ
600 3814 739 3885 Υίῷ,
787 3815 1144 3886 παράκλητον
1183 3816 1279 3870 καὶ
1327 3816 1673 3887 συνήγορον⁸
1701 3816 1764 3870 τὸ
1816 3815 1905 3871 ἐπ’

314 3905 487 3962 αὐτὸν
515 3905 607 3960 τὸν
637 3907 771 3960 Θεὸν
815 3907 911 3961 καὶ
954 3906 1162 3975 Κύριον
1208 3907 1368 3977 ἡμῶν
1399 3905 1616 3974 Ἰησοῦν
1668 3906 1909 3976 Χριστὸν

313 4003 378 4054 ἐν
411 4000 542 4054 είδει
573 4002 909 4071 περιστερᾶς
953 3999 1218 4055 κατελθόν
1240 4015 1257 4033 ⁸
1289 3998 1387 4055 καὶ
1425 4001 1540 4061 τοῖς
1570 3998 1748 4067 ἁγίοις
1777 4001 1914 4052 ἀπο.

316 4094 536 4158 στόλοις
583 4096 641 4147 ἐν
676 4095 929 4164 πυρίναις
955 4093 1234 4163 γλώσσαις
1263 4095 1527 4164 ἐπιφανὲν
1549 4110 1566 4124 ⁸
1595 4095 1656 4149 τὸ
1703 4095 1910 4156 πάντας

316 4186 457 4250 τοῦς
504 4187 694 4256 ἁγίους
729 4186 825 4241 καὶ
855 4186 1152 4250 ἐκλεκτοὺς
1181 4187 1278 4242 τοῦ
1320 4185 1481 4252 Θεοῦ,
1534 4187 1593 4253 ἐξ
1629 4187 1805 4257 ἀρχῆς
1836 4187 1912 4258 τῷ

315 4280 485 4349 δώρῳ
517 4279 617 4349 τῆς
667 4278 769 4349 σῆς
812 4279 1038 4351 χάριτος
1085 4281 1357 4346 διδάσκον,
1391 4280 1487 4335 καὶ
1521 4278 1590 4332 τὰ
1635 4278 1748 4332 τῶν
1781 4295 1914 4349 προ-

319 4375 517 4444 φητῶν
576 4375 846 4438 διανοῖγον
898 4373 1166 4445 στόματα,
1200 4375 1343 4429 ὥστε
1403 4375 1472 4427 τὰ
1524 4372 1623 4442 τῆς
1658 4371 1759 4439 σῆς
1819 4371 1915 4441 βα-

2006 3263 2261 3331 aperuisti
2296 3281 2310 3317 :
2338 3261 2428 3331 qui
2460 3261 2529 3317 ab
2552 3262 2808 3317 omnibus
2838 3259 3040 3316 sanctis
3077 3258 3169 3314 Dei
3198 3273 3323 3315 cum
3349 3261 3510 3313 Patre
3531 3271 3588 3313 et

2005 3356 2145 3412 Filio
2182 3356 2345 3411 simul
2383 3355 2634 3411 adoraris
2663 3364 2715 3409 et
2765 3352 3092 3425 gloriﬁcaris
3126 3367 3143 3408 :
3197 3351 3343 3406 inter
3367 3365 3506 3428 quos
3532 3358 3590 3404 ct

2005 3465 2110 3522 ego
2171 3448 2320 3502 ﬁlius
2383 3445 2595 3502 ancilla:
2655 3453 2764 3500 tua
2819 3453 2933 3500 toto
2963 3443 3130 3500 corde
3182 3459 3306 3506 meo
3346 3442 3591 3511 glorifico

2007 3556 2209 3598 nomen
2235 3551 2412 3607 tuum,
2444 3539 2570 3610 quia
2595 3536 2918 3594 illuminasti
2966 3551 3074 3592 tne.
3109 3535 3192 3599 Tu
3229 3551 3290 3591 es
3317 3551 3445 3591 vera
3467 3535 3588 3600 lux,

2009 3637 2194 3692 lumen
2223 3632 2527 3688 veridicum
2560 3631 2700 3702 ignis
2737 3629 2855 3694 Dei,
2891 3639 2948 3685 et
2969 3629 3232 3700 magister
3262 3629 3582 3698 spirituum,

2008 3727 2100 3798 qui
2159 3725 2422 3782 unctione
2485 3733 2577 3778 tua
2637 3722 2807 3778 doces
2865 3737 2968 3777 nos
2997 3720 3587 3783 omnemveritatem,

2009 3820 2241 3891 spiritus
2283 3818 2558 3879 veritatis,
2587 3817 2708 3870 sine
2732 3829 2843 3884 quo
2876 3813 3215 3885 impossibile
3264 3821 3349 3867 est
3373 3813 3588 3881 placere

2012 3913 2146 3978 Deo,
2175 3910 2438 3981 quoniam
2494 3918 2551 3963 tu
2597 3909 2714 3978 ipse
2747 3906 2889 3962 Deus
2930 3921 2990 3960 cs
3023 3922 3087 3960 cx
3121 3905 3254 3969 Deo,
3293 3915 3348 3959 et
3393 3903 3486 3956 lux
3520 3901 3592 3956 de

2012 4003 2219 4058 lumine
2258 4001 2560 4074 procedens
2588 4015 2619 4055 a
2663 3999 2826 4054 Patre
2855 3998 3124 4051 luminum
3162 3994 3510 4050 ineffabiliter
3555 4009 3587 4047 a

2014 4113 2117 4153 suo
2146 4095 2285 4150 Filio
2333 4093 2566 4147 Domino
2614 4100 2806 4147 nostro
2840 4090 2968 4145 Iesu
2997 4088 3238 4146 Christo.
3271 4106 3289 4138 ι
3337 4087 3484 4142 Idem
3534 4084 3592 4140 in

2011 4190 2254 4245 eodem:
2307 4205 2326 4238 ι
2355 4186 2512 4242 Unus
2538 4194 2625 4241 est
2670 4184 2815 4238 Deus
2855 4181 3037 4244 Pater,
3083 4181 3176 4258 qui
3228 4179 3379 4234 solus
3400 4192 3597 4233 essem

2018 4280 2218 4334 tialiter
2245 4276 2315 4331 dc
2343 4292 2403 4331 se
2447 4291 2617 4332 unum
2645 4273 2844 4329 Filium
2877 4273 3101 4343 genuit:
3150 4280 3206 4326 et
3240 4285 3383 4332 unus
3417 4269 3592 4324 Filius

2017 4388 2080 4427 et
2110 4387 2222 4426 uno
2247 4369 2409 4425 Patre
2474 4368 2625 4423 solus
2677 4366 3043 4422 essentialitcr
3079 4367 3318 4436 genitus,
3356 4372 3409 4416 et
3445 4378 3590 4417 unus

318 4465 537 4529 σιλείας
593 4465 877 4532 θαυμάσια
930 4463 1279 4534 διηγεῖσθαι·
1335 4464 1364 4517 6
1431 4466 1532 4519 σὺν
1595 4461 1772 4532 Πατρὶ
1818 4464 1903 4517 καῖ

2021 4463 2268 4534 Spiritus
2319 4471 2564 4525 sanctus,
2596 4458 2689 4528 qui
2743 4458 2891 4513 solus
2934 4456 3300 4515 essentialiter
3338 4469 3405 4508 ex
3431 4452 3593 4507 Patre

319 4555 446 4628 Υἱῷ
499 4528 768 4627 προσήκει
834 4528 1398 4628 συμπροσκυνεῐσθαι,
1447 4559 1542 4610 καὶ
1588 4528 1903 4626 συνδοξάζε-

2022 4528 2268 4625 FiliOque
2298 4554 2595 4624 procedit.»
2661 4552 2806 4606 Idem
2842 4552 2896 4605 in
2928 4550 3122 4606 eodem
3156 4563 3279 4617 cap.
3317 4560 3378 4602 τι
3401 4546 3592 4614 Neque

318 4654 455 4705 σθαι
487 4651 591 4704 ὑπὸ
617 4656 837 4704 πάντων
862 4651 971 4704 τῶν
1001 4649 1173 4718 ἁγίων
1201 4651 1296 4704 τοῦ
1327 4651 1465 4706 Θεοῦ
1491 4667 1506 4683 ⁸
1557 4654 1616 4706 ἐν
1648 4648 1729 4715 οἷς
1758 4651 1914 4720 κάγὼ

314 4748 345 4798 ὁ
379 4746 497 4808 υίὸς
523 4745 622 4815 τῆς
650 4745 945 4816 παιδίσκης
976 4761 1094 4806 σου,
1121 4745 1223 4816 ὅλῃ
1249 4761 1352 4814 μου
1375 4747 1441 4816 τῇ
1478 4745 1681 4815 καρδίᾳ
1703 4745 1914 4810 δοξάζω

313 4844 386 4896 τὸ
409 4840 581 4909 ὄνομα
611 4856 730 4903 σου,
754 4840 837 4893 ὅτι
867 4837 1140 4907 ὲφὼτισάς
1174 4855 1264 4907 με.
1288 4839 1362 4890 Σὺ
1399 4841 1508 4907 γὰρ
1540 4833 1590 4889 εί
1614 4839 1674 4888 τὸ
1706 4837 1820 4907 φῶς
1852 4834 1914 4889 τὸ

314 4932 605 5003 ἀληθινὸν,
632 4932 694 4986 τὸ
737 4931 884 4984 Θεῖον
923 4929 1070 5001 πῦρ,
1102 4931 1132 4983 6
1176 4929 1287 4983 τῶν
1317 4929 1492 4997 ἁγίων
1542 4929 1804 4999 Πατίρων
1836 4927 1916 4980 δι-

319 5024 598 5087 δάσκαλος
626 5038 643 5054 ⁸
675 5024 735 5078 τὸ
761 5022 841 5094 τῷ
875 5022 951 5092 σῷ
980 5023 1247 5092 χρίσματι
1282 5023 1464 5075 πᾶσαν
1491 5021 1744 5075 διδάσκον
1767 5021 1914 5090 ἡμᾶς

318 5120 430 5191 τὴν
464 5116 730 5188 ἀλήθειαν
754 5135 768 5148 ⁸
814 5116 878 5170 τὸ
909 5115 1136 5186 Πνεῦμα
1166 5115 1264 5184 τῆς
1312 5114 1598 5184 ἀληθείας,
1632 5107 1694 5168 οὗ
1743 5115 1914 5183 χωρὶς

318 5213 532 5280 ἀρέσαι
560 5208 680 5280 Θεῷ
709 5208 991 5264 ἀδύνατον.
1024 5207 1147 5262 Ὀτι
1173 5205 1307 5269 Θεὸς
1334 5200 1383 5259 εἴ
1414 5208 1477 5260 ἐκ
1499 5205 1636 5259 Θεοῦ
1673 5222 1688 5238 ⁸
1723 5208 1787 5259 ἐκ
1819 5207 1911 5259 τοῦ

323 5302 551 5372 Πατρὸς
584 5301 694 5354 τῶν
722 5298 917 5370 φώτων
946 5299 1201 5370 ἀρρήτως
1231 5296 1690 5368 ἐκπορευόμενον,
1722 5296 1816 5349 καὶ
1849 5296 1915 5348 ἐκ

318 5395 430 5451 τοῦ
458 5393 591 5447 Υἱοῦ
614 5392 805 5458 αὐτοῦ,
838 5392 1046 5463 Κυρίου
1079 5390 1138 5444 δι
1166 5389 1327 5461 ἡμῶν
1369 5386 1544 5459 Ἰησοῦ
1586 5387 1847 5458 Χριστοῦ.
1887 5405 1906 5439 ι

333 5490 405 5542 ὀ
434 5486 597 5549 αὐτὸς
622 5486 676 5539 ὲν
702 5485 778 5555 τῷ
821 5483 1003 5554 αὐτῷ’
1043 5503 1062 5536 ι
1101 5478 1196 5545 Εἷς
1256 5485 1373 5536 ἐστι
1405 5481 1560 5544 Θεὸς,
1605 5483 1632 5534 6
1679 5479 1871 5550 Πατήρ
1895 5493 1910 5510 ⁸

320 5583 390 5645 ὃς
429 5579 588 5648 μόνος
632 5577 908 5641 οὖσιωδῶς
957 5576 1017 5644 ἐξ
1062 5573 1260 5630 ἐαυτοῦ
1306 5574 1403 5628 ἕνα
1447 5572 1577 5627 Υἱὸν
1609 5572 1868 5642 ἐγέννησε
1896 5585 1913 5604 ⁸

324 5673 436 5730 καὶ
466 5666 547 5733 εἷς
577 5670 728 5737 Υἱὸς,
753 5674 783 5725 6
808 5669 867 5737 ἐξ
887 5671 1008 5734 ἐνὸς
1041 5667 1273 5740 Πατρὸς,
1304 5665 1468 5737 μόνος
1490 5662 1766 5728 ούσιωδῶς
1789 5681 1916 5732 γεν-

327 5765 526 5836 νηθείς
544 5779 560 5796 ⁸
589 5765 683 5818 καὶ
710 5765 770 5818 ἓν
800 5762 1026 5835 Πνεῦμα
1059 5763 1236 5833 ἅγιον,
1257 5759 1316 5813 τὸ
1347 5757 1510 5832 μύνον
1538 5754 1813 5821 ούσιωδῶς
1851 5757 1915 5812 ἐκ

425 5881 503 5955 (ι)
524 5879 657 5953 Cap.
689 5879 781 5937 σε.

2016 4651 2164 4706 enim
2195 4650 2249 4702 in
2285 4647 2376 4702 illa
2424 4646 2693 4701 Trinitatc
2721 4645 2998 4713 proprium
3052 4643 3157 4696 erit
3187 4641 3356 4695 solius
3391 4639 3591 4703 Patris,

2014 4741 2144 4810 quia
2189 4738 2309 4808 ipse
2338 4735 2561 4805 genitus
2595 4751 2704 4789 non
2742 4743 2846 4798 est,
2877 4733 2970 4787 scd
2999 4733 3124 4802 quia
3151 4731 3326 4787 solum
3392 4731 3589 4785 Filium

2016 4832 2243 4903 genuit;
2307 4845 2487 4900 neque
2542 4829 2822 4899 pr0prium
2874 4826 2996 4881 Filii
3051 4825 3244 4892 solius,
3291 4826 3418 4894 quia
3473 4824 3592 4892 ipse

2017 4940 2125 4979 non
2157 4923 2368 4992 genuit.
2404 4921 2501 4976 scd
2533 4937 2594 4975 ex
2646 4920 2821 4974 Patris
2864 4918 3170 4973 substantia
3219 4918 3434 4987 genitus
3474 4927 3589 4976 est;

2016 5031 2196 5086 neque
2231 5014 2510 5084 proprium
2567 5012 2802 5082 Spiritus
2848 5010 3044 5075 sam-ti,
3097 5009 3221 5078 quia
3250 5022 3432 5075 neque
3473 5007 3593 5077 ipse

2017 5110 2232 5178 genitus
2263 5116 2369 5172 est,
2403 5120 2579 5174 neque
2610 5104 2815 5176 genuit,
2848 5104 2941 5158 sed
2993 5100 3168 5155 solum
3212 5116 3277 5154 ex
3305 5102 3461 5154 Patre
3486 5097 3590 5152 Fi-

2017 5200 2199 5269 lioque
2248 5197 2562 5268 procedere.
2589 5214 2607 5246 ν
2656 5194 2802 5250 Idem
2834 5193 2902 5248 ad
2933 5192 3184 5246 Orosinm
3215 5206 3234 5247 :
3276 5209 3293 5241 ι
3325 5187 3586 5261 Spiritum

2018 5305 2196 5359 neque
2255 5290 2555 5359 ingenitum
2608 5299 2754 5347 esse.
2804 5301 2982 5351 neque
3028 5284 3311 5353 genitum,
3364 5296 3484 5348 qua:
3533 5280 3588 5333 in

2017 5384 2270 5439 confesso
2310 5382 2445 5438 lich
2490 5391 2572 5434 cst
2605 5377 2955 5434 manifestat:
3005 5391 3127 5432 nam
3174 5376 3218 5429 si
3263 5373 3587 5436 disclimus,

2018 5477 2346 5546 ingenitum,
2411 5476 2550 5529 duos
2609 5471 2798 5525 Patres
2868 5483 3116 5523 asserere
3168 5465 3506 5532 videbimur;
3541 5466 3586 5517 si

2017 5568 2286 5638 genitum,
2318 5567 2456 5622 duos
2487 5565 2656 5620 Filios
2684 5562 2910 5618 credere
2941 5576 3041 5615 nos
3073 5557 3442 5621 accusabunt;
3489 5555 3588 5609 scd

2019 5673 2166 5718 utea
2213 5673 2336 5729 qum
2367 5660 2421 5714 in
2467 5656 2724 5713 confesso
2754 5655 2889 5710 lides
2919 5663 3003 5709 est
3036 5659 3200 5716 tenet,
3233 5662 3409 5723 neque
3435 5648 3586 5716 inge-

2019 5755 2189 5826 nitus,
2223 5767 2402 5824 neque
2432 5751 2652 5823 genitus
2685 5757 2790 5816 est,
2823 5747 2917 5804 sed
2959 5762 3025 5804 ex
3055 5754 3286 5814 utroque
3315 5736 3582 5810 procedit,
