4206 6342
438 377 581 445 1193

918 381 1070 444 PRO
1106 382 1321 445 CONC.
1361 384 1743 450 FLORENT.
1779 387 1946 450 CAP.
1990 390 1994 449 ἶ

2121 391 2219 451 DE
2253 348 2505 450 samo
2544 391 2641 451 ET
2674 391 3224 453 FEBMENTATO.

3553 386 3696 452 1196

431 489 700 565 διαφορὰν
729 494 963 566 ἐνζῦμου
992 496 1087 551 καὶ
1116 497 1346 567 ἀζύμου,
1376 499 1424 549 εί
1466 498 1628 567 μόνον
1656 502 1719 552 ἐκ
1746 499 1896 553 σίτου
1927 501 1994 554 είι

2121 516 2279 567 nem;
2314 501 2612 557 secundum
2642 505 2866 556 verbum
2908 501 3143 563 Domini.
3172 500 3264 569 qui
3314 514 3374 553 sc
3417 498 3694 557 frumento

431 591 461 640 6
500 587 682 657 ἄρτος.
733 587 938 642 Τούτου
971 589 1129 658 χάριν
1163 589 1260 642 καὶ
1309 590 1594 656 νομοθετεῖ
1644 588 1897 661 λέγουσα,
1936 592 2011 660 μὴ

426 678 543 732 δεῖν
573 678 760 748 ἕτερον
789 678 1075 741 είςθυσὲαν
1102 682 1453 748 προσφέρειν,
1490 681 1609 734 ἀλλ’
1651 680 1683 750 ἢ
1737 683 1903 751 ἄρτον
1947 683 2013 736 ὲκ

429 772 607 833 σίτου,
660 771 800 824 κατὰ
849 772 941 824 τὸν
986 770 1081 825 τοῦ
1111 772 1319 843 Κυρίου
1350 772 1527 841 λόγον,
1581 773 2013 843 παρεικάζοντος

421 863 623 917 ἑαυτὸν
667 867 836 931 σίτῳο
875 883 892 916 ι
948 865 1074 918 Ἐάν
1122 864 1199 933 μὴ
1243 866 1271 917 6
1305 867 1502 926 κόκκος
1548 863 1643 917 τοῦ
1682 866 1854 933 σίτου,
1899 866 2011 934 γάρ

423 970 586 1024 φησι,
616 956 799 1010 πεσὼν
822 958 899 1020 είς
929 955 1029 1027 τὴν
1065 957 1170 1026 γῆν
1204 956 1471 1027 ἀποθάνῃ.
1520 956 1679 1019 αὐτὸς
1717 956 1880 1024 μόνος
1911 958 2011 1025 μέ-

422 1064 510 1099 νει
539 1064 551 1077 ·
588 1048 684 1103 ἐὰν
714 1049 773 1102 δὲ
812 1049 1081 1120 ἀποθάνῃ,
1114 1050 1329 1119 καρπὸν
1375 1050 1543 1103 πολὺν
1583 1049 1762 1116 φέρει.
1799 1069 1817 1100 ι
1854 1048 2011 1100 Οὕτω

417 1144 518 1194 καὶ
549 1142 577 1193 6
621 1142 855 1212 Χριστὸς
897 1140 1182 1219 ἁπυθανὼν
1213 1143 1420 1204 πάντας
1451 1143 1514 1195 ὲκ
1541 1140 1637 1195 τοῦ
1683 1142 1811 1212 ᾅδου
1848 1142 2012 1211 ὲρρύ·

418 1250 581 1288 σατο.
620 1236 728 1288 Καὶ
754 1236 1005 1303 γέννημα
1031 1234 1089 1287 δὲ
1140 1233 1199 1299 ἐξ
1230 1233 1476 1300 ἀμπέλου
1524 1233 1615 1287 διὰ
1650 1237 1745 1287 τὸν
1790 1234 1885 1287 τοῦ
1915 1235 2012 1287 αὺ-

415 1323 520 1377 τοῦ
548 1325 709 1394 λόγον
729 1342 743 1355 ·
769 1343 793 1378 ε
836 1323 979 1393 Ἐγώ
1002 1327 1119 1394 εἰμι
1149 1326 1181 1395 ἡ
1207 1325 1453 1393 ἄμπελος
1476 1325 1510 1392 ἡ
1537 1326 1765 1396 ἀληθινὴ
1787 1341 1801 1356 ο
1837 1344 1856 1377 ι
1890 1327 2005 1389 καὶ,

422 1434 443 1467 ε
499 1418 733 1486 Ἀκάρτι
762 1416 823 1468 οὐ
857 1416 935 1486 μὴ
967 1416 1079 1468 πίω
1105 1417 1166 1469 ὲκ
1198 1416 1388 1471 τούτου
1420 1417 1515 1471 τοῦ
1541 1418 1883 1484 γεννήματος
1908 1415 2010 1485 τῆς

414 1507 693 1577 ἀμπέλου,
729 1527 749 1560 ι
784 1507 884 1579 τὴν
908 1508 1203 1561 ἀνάστασιν
1227 1509 1396 1561 αὐτοῦ
1422 1509 1623 1578 δηλῶν.
1656 1508 1791 1563 ’Δπὸ
1814 1508 2005 1562 τούτου

413 1594 514 1653 οὖν
550 1598 829 1653 δείκνυται
881 1599 1201 1670 διαρρὶιδην,
1254 1598 1331 1668 μὴ
1376 1599 1635 1653 δύνασθαι
1672 1602 2007 1669 προσφέρειν

415 1692 572 1761 ἡμᾶς
601 1694 738 1759 μήτε
771 1691 988 1761 κριθὴν,
1018 1693 1153 1760 μήτε
1182 1692 1405 1763 ὀλύρας,
1437 1693 1470 1763 ἢ
1497 1692 1554 1758 ἐξ
1583 1692 1744 1745 ἄλλου
1772 1709 1866 1745 του
1898 1695 2007 1745 τῶν

413 1781 782 1852 σπερμάτων·
820 1781 1010 1849 ὥσπερ
1039 1780 1150 1834 οὐδ’
1179 1777 1322 1834 οἶνον
1361 1781 1661 1834 σκευαστὸν
1710 1780 1806 1832 ἀπ’
1838 1780 2000 1832 ἄλλου

408 1879 583 1937 huic,
623 1876 815 1944 σίκερα
842 1874 877 1946 ἢ
913 1876 1035 1944 μέλι
1067 1877 1099 1944 ἢ
1135 1875 1299 1941 γάλα,
1343 1872 1458 1926 ἀλλ’
1489 1872 1550 1936 ἐξ
1580 1870 1827 1940 ἀμπέλου
1861 1870 2003 1923 κατὰ
2035 1865 2076 1917 Β

411 1966 517 2037 τὴν
544 1966 817 2036 κυριακὴν
849 1968 1055 2036 φωνήν.
1087 1968 1288 2019 Λοιπὸν
1331 1963 1427 2018 οὖν
1459 1968 1608 2016 ἔστιν
1640 1966 1773 2032 ἡμῖν
1805 1960 1999 2027 δεῖξαι,

410 2060 467 2113 τί
504 2056 571 2126 ἢν
598 2062 737 2129 ὅπερ
766 2062 794 2113 6
822 2060 1028 2130 Κύριος
1060 2060 1265 2129 ιπραξε
1300 2059 1420 2111 τότε
1460 2060 1521 2111 τὸ
1556 2058 1860 2127 μυστήριον
1892 2073 2001 2109 πα-

412 2150 687 2220 ραδιδοὺς,
716 2151 925 2217 ἄζυμον
1024 2150 1274 2219 ἐνζυμοψ
1306 2149 1494 2219 ἐπειδὴ
1539 2148 1599 2201 οὐ
1640 2148 1891 2217 φαίνεταί
1917 2165 2000 2211 τις

408 2245 525 2297 τῶν
556 2244 900 2297 διδασκάλων
935 2241 1236 2314 διαρρήδην
1263 2240 1439 2310 λέγων
1473 2244 1527 2295 τί
1554 2238 1645 2311 ἦν,
1674 2242 1751 2305 ὡς
1780 2241 2000 2294 ἀπεδεί-

408 2336 608 2405 ξαμεν.
647 2335 840 2405 Ὑμεῖς
872 2335 972 2407 μὲν
1000 2337 1110 2407 γὰρ
1140 2337 1328 2402 λέγετε
1367 2339 1449 2389 ὅτι
1484 2335 1716 2401 ἔνζυμον
1748 2330 1838 2406 ἦν,
1870 2334 2001 2406 παρ’

406 2429 627 2491 οὐδενὸς
666 2428 777 2480 τῶν
820 2428 991 2497 ἁγίων
1022 2428 1180 2482 τοῦτο
1226 2428 1501 2492 λαϐόντες.
1545 2431 1737 2498 Ἡμεῖς
1776 2430 1821 2481 δ’
1857 2430 1996 2491 ἄζυ-

412 2538 517 2590 μον
567 2521 839 2588 λέγοντες,
870 2522 1020 2592 παρὰ
1054 2523 1161 2575 τῶν
1213 2513 1552 2575 ὁιδαᾶκάλων
1588 2526 1687 2585 τὰς
1738 2523 1997 2591 ἀφορμὰς

411 2613 673 2677 λαϐόντες
716 2614 972 2684 λέγομεν.
1006 2615 1129 2667 Ὀτι
1158 2615 1214 2667 δὲ
1245 2614 1391 2666 τοῦθ’
1430 2616 1602 2677 οὕτως
1632 2616 1766 2683 ἔχει,
1797 2614 1955 2684 δῆλον
1977 2632 1993 2646 ·

409 2709 472 2761 ὲν
503 2710 741 2779 πρώτοις
772 2713 881 2777 γὰρ
907 2709 936 2760 6
975 2708 1371 2778 εὐαγγελιστὴς
1419 2708 1566 2775 λέγει
1598 2710 1899 2769 Ματθαῖος,
1935 2710 1995 2761 ἐν

407 2803 697 2872 κεφαλαίῳ
725 2802 961 2871 εἰκοστῷ
981 2801 1127 2871 ἕκτῳ
1153 2817 1166 2831 ·
1204 2820 1223 2853 ε
1261 2802 1339 2871 Τῇ
1380 2802 1436 2853 δὲ
1467 2800 1663 2871 πρώτῃ
1689 2800 1799 2853 τῶν
1838 2800 1994 2864 ’Δζύα

408 2912 533 2965 μων
595 2892 900 2962 προσῆλθον
960 2894 1010 2946 οί
1061 2892 1302 2962 μαθηταὶ
1359 2892 1436 2962 τῷ
1491 2892 1689 2962 Ἰησοῦ,
1742 2893 1990 2959 λέγοντες

406 2986 563 3055 αὐτῷ
586 3002 601 3017 ⁸
628 2984 736 3039 Ποῦ
759 2984 933 3048 θέλεις
959 2985 1337 3055 ἑτοιμάσωμέν
1361 3002 1444 3039 σοι
1463 2987 1655 3053 φαγεῖν
1672 2984 1733 3038 τὸ
1759 2986 1949 3056 Πάσχα
1971 3002 1987 3051 ;

416 3079 485 3133 Ὀ
513 3080 571 3133 δὲ
597 3078 750 3134 εἶπεν
770 3094 785 3108 ·
820 3076 1093 3150 Ὑπάγετε
1126 3080 1205 3141 είς
1228 3077 1326 3149 τὴν
1354 3078 1510 3133 πόλιν
1532 3080 1668 3149 πρὸς
1699 3079 1792 3132 τὸν
1818 3078 1986 3142 δεῖνα,

405 3172 509 3227 καὶ
541 3172 732 3225 εἴπατε
784 3169 953 3240 αὐτῷ,
999 3170 1057 3223 ’0
1104 3170 1427 3234 διδάσκαλος
1480 3170 1648 3238 λέγει,
1685 3172 1747 3224 Ὀ
1798 3173 1988 3242 καιρός
2016 3201 2059 3254 c

409 3281 517 3333 μου
546 3263 713 3331 ίγγύς
757 3265 873 3315 εστι
896 3277 910 3292 ⁸
947 3262 1083 3332 πρὸς
1117 3266 1174 3314 σε
1202 3262 1342 3315 ποιῶ
1370 3263 1432 3315 τὸ
1479 3262 1667 3331 Πάσχα
1703 3267 1846 3333 μετὰ
1878 3263 1987 3315 τῶν

410 3356 672 3426 μαθητῶν
711 3372 836 3427 μου.
865 3355 973 3408 Καὶ
1010 3355 1273 3422 ἐποίησαν
1300 3354 1350 3407 οῖ
1396 3355 1636 3425 μαθηταὶ
1665 3356 1738 3418 ὠς
1786 3356 1987 3425 προσέ-

403 3451 566 3516 ταξεν
596 3450 783 3511 αὐτοῖς
827 3450 855 3503 6
893 3447 1122 3517 Ἰησοῦς,
1152 3447 1243 3500 καὶ
1287 3448 1593 3517 ἡτοίμασαν
1616 3449 1675 3500 τε)
1703 3448 1917 3515 Πάσχα.
1959 3466 1978 3499 ι

414 3542 479 3596 ’0
503 3541 561 3596 δι
591 3541 733 3604 θεῖος
772 3539 1163 3608 εὐαγγελιστὴς
1226 3540 1451 3607 Μάρκος
1495 3540 1682 3606 λέγει·
1724 3558 1743 3590 Ι
1780 3540 1890 3594 Καὶ
1917 3541 1981 3610 τῇ

402 3632 601 3705 πρώτῃ
645 3634 828 3703 ἡμέρᾳ.
871 3630 980 3683 τῶν
1017 3631 1289 3700 ’Λςύμων,
1336 3631 1428 3683 ὅτε
1470 3631 1533 3684 τὸ
1576 3631 1767 3700 Πάσχα
1802 3630 1981 3695 ἔθυον,

399 3723 653 3790 λέγουσιν
682 3720 830 3788 αὑτῷ
858 3721 909 3773 οί
957 3720 1199 3790 μαθηταὶ
1228 3720 1391 3774 αὑτοῦ
1423 3734 1438 3746 ·
1459 3721 1654 3791 Κύριε,
1674 3720 1777 3772 ποῦ
1808 3720 1983 3783 θέλεις

400 3813 791 3883 ἑτοιμάσωμεν
820 3812 1171 3874 ἀπελθόντες,
1201 3811 1290 3865 ἵνα
1318 3812 1499 3882 φάγῃς
1520 3824 1583 3865 το
1610 3811 1802 3881 Πάσχα
1825 3828 1840 3875 ;
1871 3813 1983 3865 Καὶ

398 3900 723 3956 ἀποστέλλει
754 3899 851 3953 δύο
878 3898 989 3953 τῶν
1039 3899 1299 3969 μαθητῶν
1339 3900 1526 3968 αὐτοῦ,
1568 3902 1664 3955 καὶ
1708 3901 1858 3970 λέγει
1881 3902 1977 3954 αὐ-

394 3996 547 4058 τοῖς’
593 3991 867 4059 Ὑπάγετε
914 3991 996 4053 είς
1035 3991 1133 4060 τὴν
1157 3992 1334 4058 πόλιν,
1376 3996 1470 4046 καὶ
1510 3993 1815 4063 ἀπαντήσει
1847 3995 1977 4063 ἡμῖν

394 4084 686 4157 ἄνθρωπος
707 4086 980 4154 κεράμιον
1005 4082 1196 4146 ὕδατος
1222 4084 1539 4153 βαστάζων·
1572 4085 1975 4157 ἀκολουθήσατε

395 4176 571 4247 αὐτῷ,
597 4177 695 4231 καὶ
720 4177 857 4231 ὅπου
891 4176 960 4230 ἄν
997 4175 1238 4250 είσέλθῃ,
1266 4179 1463 4232 εἴπατε
1488 4178 1563 4249 τῷ
1582 4180 1939 4250 οἰκοδεσπότῃ
1958 4195 1972 4209 ·

407 4267 472 4321 '0
502 4266 822 4330 διδάσκαλος
872 4267 1057 4336 λέγει’
1088 4268 1201 4322 Ποῦ
1247 4271 1363 4323 ἐστι
1392 4270 1455 4335 τὸ
1506 4271 1798 4341 κατάλυμα
1840 4272 1974 4325 ἰπου

2118 596 2349 649 similem
2400 595 2529 650 facit
2566 615 2579 650 :
2615 615 2635 647 ‹
2670 596 2784 649 Nisi
2832 610 3060 667 granum
3095 594 3355 648 frumenti
3398 594 3601 648 cadens
3633 595 3690 656 in

2117 697 2261 741 terra
2293 698 2564 742 mortuum
2593 688 2778 750 fuerit,
2806 689 2985 755 ipsum
3034 687 3209 740 solum
3238 695 3420 739 manet
3449 704 3461 749 ;
3492 687 3532 737 si
3561 699 3691 738 vero

2119 788 2391 834 moltuum
2425 779 2607 843 fuerit,
2641 780 2869 833 multum
2902 779 3139 833 fructum
3171 776 3330 831 affert
3365 777 3432 829 ³⁸.
3467 794 3485 826 ο
3522 776 3609 828 Sic
3638 783 3693 829 et

2114 870 2364 925 Christus
2404 871 2645 925 moriens
2696 886 2885 923 omnes
2938 872 3006 921 ali
3058 870 3271 922 interno
3324 868 3593 921 liberavit.
3626 866 3693 919 Et

2116 961 2240 1014 vitis
2293 961 2502 1017 fructus
2550 960 2791 1028 ejusdem
2859 961 3042 1015 verbis
3095 961 3402 1015 ostenditur
3452 973 3466 1010 :
3519 977 3538 1008 ι
3578 956 3690 1025 Ego

2113 1052 2468 1117 sum,inquit,
2486 1051 2614 1103 vitis
2630 1066 2756 1104 vera
2774 1050 2838 1114 ⁸³,
2858 1049 2967 1118 jum
2992 1066 3099 1103 non
3126 1050 3307 1104 liibam
3326 1064 3390 1101 ex
3416 1049 3691 1116 geniumne

2116 1141 2240 1193 vitis
2276 1143 2461 1212 hujus.
2494 1142 2957 1193 resurrectionem
3013 1154 3170 1193 suam
3210 1140 3526 1209 signiﬁcans
3561 1137 3626 1189 ³⁷.
3664 1156 3683 1191 ι

2112 1231 2185 1285 Es
2212 1229 2318 1285 hoc
2345 1247 2476 1299 ergo
2520 1231 2724 1299 liquido
2753 1230 3079 1305 ostenditur,
3119 1245 3229 1281 non
3274 1242 3435 1298 posse
3479 1242 3580 1287 nos
3613 1228 3689 1282 uti

2110 1338 2289 1390 neque
2317 1322 2544 1387 hordeo,
2576 1338 2756 1391 neque
2780 1338 2971 1384 avena,
2999 1322 3083 1376 vel
3112 1321 3218 1374 alio
3242 1321 3471 1382 semine,
3499 1335 3690 1387 querno

2109 1417 2400 1471 admodum
2467 1432 2646 1485 neque
2694 1417 2818 1469 vino
2873 1430 2936 1466 ex
2971 1414 3073 1467 alia
3108 1429 3165 1468 re
3192 1412 3450 1477 conﬂato,
3485 1412 3685 1476 sicera,

2108 1513 2194 1564 vel
2232 1510 2408 1574 melle,
2472 1510 2555 1563 vel
2589 1509 2748 1569 lacte,
2786 1507 2881 1561 sed
2910 1523 2975 1560 ex
3010 1507 3138 1570 vile,
3173 1504 3473 1562 secundum
3524 1504 3686 1558 verba

2111 1599 2351 1654 Domini.
2380 1599 2666 1668 Reliquum
2693 1600 2855 1667 igitur
2873 1608 2956 1651 est
2980 1598 3132 1652 vobis
3148 1596 3438 1651 ostendere
3488 1597 3612 1662 quid
3634 1596 3683 1647 id

2110 1695 2277 1749 fuerit
2300 1697 2444 1764 quod
2476 1693 2742 1747 Dominus
2775 1694 2901 1747 iecit
2936 1707 3059 1746 cum
3096 1692 3317 1743 tradidit
3347 1693 3451 1744 hoc
3483 1701 3683 1759 myste-

2112 1787 2281 1848 rium,
2312 1799 2637 1855 azymumne
2692 1786 2774 1838 vel
2834 1782 3258 1837 ierint-utamur?
3318 1785 3575 1850 quoniam
3616 1797 3682 1835 ex

2109 1878 2327 1931 nemine
2366 1877 2651 1930 doctorum
2714 1875 3147 1943 deprehenditur
3177 1885 3361 1944 aperte
3406 1875 3680 1942 quodnam

2110 1970 2163 2024 id
2191 1967 2375 2029 fuerit,
2412 1977 2472 2020 ut
2492 1978 2651 2021 antea
2685 1967 3060 2036 patefecimus.
3099 1965 3206 2020 Vos
3246 1967 3463 2035 quidem
3501 1966 3685 2019 dicitis

2107 2060 2493 2115 fermentatum
2526 2061 2576 2112 id
2622 2060 2809 2120 fuisse,
2849 2076 2972 2113 cum
3030 2076 3061 2113 a
3099 2060 3328 2115 nemine
3368 2069 3682 2113 sanctorum

2106 2152 2158 2206 id
2187 2153 2499 2221 accipiatis;
2536 2166 2637 2205 nos
2674 2166 2805 2205 vero
2832 2167 3078 2222 azymum
3112 2151 3423 2214 dicentes,a
3447 2150 3682 2205 doctori-

2103 2244 2205 2305 bus
2263 2243 2317 2299 id
2368 2253 2649 2298 sumentes
2680 2245 2945 2297 dicemus.
2996 2242 3151 2307 Quod
3209 2244 3280 2297 ita
3320 2258 3378 2295 se
3429 2242 3625 2296 habeat
3662 2280 3680 2306 .

2102 2347 2285 2406 patet:
2317 2338 2372 2390 in
2402 2337 2591 2405 primis
2612 2340 2947 2405 evangelista
2981 2337 3262 2390 Mattheus
3291 2335 3421 2389 dicit
3452 2350 3569 2401 cap.
3606 2334 3675 2390 σε

2107 2447 2125 2481 ι
2158 2431 2343 2484 Prima
2378 2441 2559 2483 autem
2588 2430 2676 2483 die
2706 2431 3031 2500 Azymorum
3051 2438 3397 2483 accesserunt
3424 2425 3678 2496 discipuli

2098 2521 2231 2578 Jesu
2290 2522 2556 2587 dicentes,
2588 2521 2688 2577 Ubi
2727 2524 2807 2575 vis
2840 2535 3093 2589 paremus
3125 2521 3222 2575 tibi
3253 2521 3543 2575 comedere
3575 2519 3676 2574 Pa-

2099 2616 2229 2669 scha
2257 2614 2279 2667 1
2310 2617 2378 2668 At
2403 2614 2559 2668 Jcsus
2586 2614 2723 2668 dixit
2749 2632 2757 2665 :
2786 2616 2861 2667 Ite
2890 2614 2943 2666 in
2970 2615 3240 2668 civitatem
3265 2612 3337 2667 tid
3363 2612 3673 2681 quemdam,

2098 2718 2153 2763 et
2180 2708 2344 2762 dicite
2369 2709 2441 2773 ei,
2473 2706 2721 2775 Magister
2740 2706 2889 2771 dicit,
2910 2715 3129 2778 tempus
3171 2722 3347 2758 meum
3376 2720 3543 2774 prope
3569 2716 3672 2769 est,

2097 2798 2241 2868 apud
2280 2810 2331 2853 te
2362 2798 2504 2852 facio
2537 2797 2744 2853 Pascha
2782 2813 2903 2852 cum
2937 2798 3218 2869 discipulis
3247 2797 3403 2852 meis.
3441 2797 3502 2850 Et
3533 2797 3676 2852 tece-

2096 2902 2225 2946 runt
2272 2893 2530 2962 discipuli
2576 2892 2719 2946 sicut
2756 2892 3041 2946 constituit
3088 2890 3198 2946 illis
3223 2888 3403 2956 Jesus,
3437 2899 3491 2944 et
3523 2906 3675 2960 para-

2094 2996 2295 3037 verunt
2320 2981 2528 3036 Pascha
2555 2983 2621 3035 ³⁸.
2664 3001 2683 3033 ι
2725 2982 2886 3036 Divus
2922 2996 3050 3036 vero
3089 2982 3417 3052 evangelista
3460 2979 3674 3045 Marcus

2092 3076 2227 3131 dicit
2260 3096 2273 3131 :
2310 3095 2329 3128 ε
2369 3076 2671 3131 Prima‘die
2697 3077 3046 3143 Azymorum,
3079 3074 3295 3143 quando
3318 3073 3524 3128 Pascha
3573 3076 3673 3127 im-

2094 3169 2395 3235 molabant,
2426 3169 2614 3225 dicunt
2647 3169 2695 3223 ei
2720 3168 2972 3236 discipuli
3008 3170 3144 3238 ejus,
3169 3165 3286 3233 Quo
3326 3166 3406 3220 vis
3431 3181 3621 3219 eamus
3650 3206 3664 3229 ,

2097 3270 2155 3315 et
2210 3274 2467 3330 paremus
2525 3260 2621 3313 tibi
2674 3268 2733 3312 ut
2771 3258 3067 3312 niacduces
3125 3258 3377 3312 Pascha?
3410 3258 3472 3310 Et
3506 3257 3673 3311 mittit

2097 3353 2239 3408 duos
2283 3368 2350 3407 ex
2380 3352 2663 3421 discipulis
2690 3352 2831 3421 ejus,
2866 3361 2920 3405 et
2947 3352 3079 3405 dicit
3107 3352 3186 3405 eis
3229 3369 3241 3402 :
3276 3348 3350 3405 Ite
3389 3350 3444 3403 in
3477 3348 3671 3403 civita-

2095 3458 2226 3511 tem.
2256 3453 2315 3500 et
2369 3454 2621 3500 occurret
2654 3444 2805 3499 vobis
2838 3445 3002 3498 homo
3054 3444 3296 3513 lagonam
3335 3457 3489 3511 aqua:
3519 3440 3669 3508 bajn-

2092 3540 2254 3607 laus;
2297 3538 2591 3607 sequimini
2621 3552 2768 3602 eum,
2799 3546 2857 3592 et
2884 3551 3211 3606 quocunque
3246 3533 3537 3600 introierit,
3582 3533 3670 3587 di—

2094 3632 2203 3686 cite
2248 3631 2476 3686 domino
2509 3632 2707 3685 domus
2732 3669 2747 3695 .
2783 3630 2920 3695 Quia
2958 3628 3213 3696 Magister
3256 3627 3409 3690 dicit,
3462 3627 3551 3680 ubi
3583 3635 3669 3679 est

2094 3722 2322 3777 refectio
2356 3735 2501 3785 mea,
2533 3719 2625 3774 ubi
2661 3718 2866 3773 Pascha
2890 3734 3016 3773 cum
3038 3717 3318 3788 discipulis
3347 3718 3483 3771 meis
3508 3730 3665 3770 man-

2092 3815 2334 3871 ducem?
2380 3823 2439 3867 et
2492 3814 2607 3883 ipse
2664 3813 2819 3867 vobis
2865 3811 3261 3866 demonstrabit
3324 3811 3668 3871 camaculum

2096 3908 2301 3979 grande
2332 3915 2583 3969 stratum,
2621 3914 2677 3960 et
2708 3905 2817 3959 illic
2841 3918 3029 3975 parate
3065 3905 3221 3959 nobis
3246 3906 3537 3961 comedere
3566 3906 3665 3959 Pa-

2088 4002 2245 4057 scha.
2312 3999 2379 4054 Et
2435 3999 2693 4054 abierunt
2745 3996 2996 4067 discipuli
3030 3998 3150 4066 ejus
3184 4036 3201 4061 ,
3246 4006 3303 4051 et
3337 4006 3665 4066 paraverunt.

2085 4091 2295 4147 Pascha
2318 4091 2384 4146 ”.
2426 4109 2446 4142 ι
2488 4089 2662 4144 Lucas
2701 4104 2831 4143 vero
2868 4089 3200 4156 evangelista
3238 4088 3659 4145 facundissimus

2086 4184 2169 4240 sic
2196 4185 2272 4237 ait
2307 4201 2322 4237 :
2362 4201 2381 4235 ι
2422 4182 2909 4253 Appropinquabat
2964 4191 3145 4235 autem
3170 4182 3288 4237 dies
3308 4183 3657 4251 Azymowm,

2085 4290 2208 4345 qua:
2272 4274 2477 4330 dicitur
2534 4272 2767 4331 Pascha.
2820 4294 2838 4325 ι
2890 4274 2960 4330 Et
3010 4285 3132 4343 post
3191 4289 3407 4343 pauca:
3446 4292 3467 4325 ε
3502 4274 3662 4330 Venit

394 4359 460 4413 τδ
489 4360 681 4430 Πάσχα
705 4361 846 4429 μετὰ
868 4359 977 4413 τῶν
1002 4359 1268 4432 μαθητῶν
1304 4380 1409 4433 μου
1443 4362 1639 4432 φάγω;
1671 4364 1784 4418 Καὶ
1808 4364 1975 4427 αὐτὸς

2095 4375 2269 4421 autem
2301 4366 2421 4421 dies
2448 4365 2802 4436 Azymorum,
2832 4365 2885 4420 in
2916 4381 3025 4434 quo
3055 4365 3341 4434 oportebat
3390 4364 3656 4434 immolari

395 4450 528 4518 ὑμῖν
554 4449 720 4516 δείξει
751 4450 994 4519 ἁνώγεον
1032 4453 1175 4522 μέγα
1201 4452 1547 4524 ἐστρωμένον
1571 4469 1585 4485 ο
1611 4456 1731 4508 ἐκεῖ
1752 4456 1973 4525 ἑτοιμά-

2080 4457 2311 4524 Pascha,
2344 4457 2601 4526 misitque
2636 4455 2857 4512 Petrum
2892 4466 2946 4512 et
2967 4458 3232 4514 Joannem
3260 4458 3449 4512 dicens
3469 4498 3483 4523 ,
3512 4458 3655 4513 Eun-

394 4560 531 4599 σατε
553 4544 689 4617 ἡμῖν
724 4545 789 4597 τὸ
812 4545 1007 4615 Πάσχα
1032 4548 1251 4616 φαγεῖν.
1283 4550 1346 4602 0t
1380 4550 1437 4603 δι
1467 4551 1795 4617 ἀπελθόντες
1821 4553 1971 4622 ἡτοί-

2101 4565 2161 4605 es
2198 4558 2385 4620 parate
2431 4550 2590 4605 nobis
2645 4548 2849 4605 Pascha
2872 4590 2887 4615 ,
2942 4559 3000 4602 ut
3032 4549 3416 4616 comedamus;
3447 4559 3655 4605 etcum

391 4653 575 4708 μασαν
597 4636 661 4690 τδ
676 4636 889 4706 Πάσχα.
914 4655 935 4690 ι
961 4639 1176 4702 Δουκᾶς
1201 4638 1257 4692 δὲ
1291 4642 1319 4695 6
1343 4642 1728 4715 εὐαγγελιστὴς
1750 4648 1777 4698 6
1808 4646 1971 4715 ῥητο-

392 4730 697 4797 ρεκώτατος
744 4727 890 4782 οὓτω
920 4730 1165 4799 φάσκειο
1238 4749 1259 4783 ε
1328 4734 1557 4801 ’Πγγιζε
1601 4736 1657 4788 δὲ
1710 4738 1743 4806 ἡ
1805 4736 1969 4806 ἑορτὴ

385 4820 497 4874 τῶν
534 4821 808 4889 Ἀζύμων,
838 4823 869 4889 ἡ
897 4822 1169 4892 λεγομένη
1204 4823 1416 4895 Πάσχα.
1444 4844 1461 4876 ι
1492 4828 1597 4879 Καὶ
1628 4830 1745 4895 μετ’
1777 4828 1963 4894 ὀλίγα·

395 4930 415 4964 ε
445 4906 617 4964 ’Πλθε
642 4913 701 4964 δὲ
732 4913 765 4983 ἡ
793 4914 976 4981 ἡμέρα
1000 4914 1107 4966 τῶν
1150 4915 1421 4984 ’Λζύμων,
1451 4920 1509 4970 ὲν
1604 4919 1710 4972 ἔδει
1744 4919 1967 4973 θύεσθαι

388 5006 450 5057 τὸ
504 5004 737 5074 Πάσχαο
796 5010 893 5057 καὶ
948 5007 1234 5060 ἀπέστειλε
1296 5009 1503 5079 Πέτρον
1551 5014 1646 5064 καὶ
1709 5014 1967 5083 Ἰωάννην

388 5094 562 5149 είπὼν
585 5112 599 5127 ·
632 5097 998 5166 Πορευθέντες
1028 5101 1355 5170 ἑτοιμάσατε
1393 5105 1524 5175 ἡμῖν
1556 5105 1618 5157 τὸ
1649 5107 1839 5176 Πάσχα
1880 5106 1966 5160 ἵνα

388 5192 676 5260 φάγωμεν,
717 5192 811 5244 καὶ
861 5191 1193 5256 ἀπελθόντες
1235 5196 1541 5265 ἡτοίμασαν
1585 5200 1647 5253 τὸ
1682 5200 1893 5269 Πάσχα.
1937 5220 1957 5252 ι

388 5279 531 5349 Ὅρα
560 5280 656 5336 οὖν
708 5281 973 5352 ἀκρισὼς,
1009 5284 1126 5348 πῶς
1173 5288 1590 5357 προσέρχονται,
1628 5292 1721 5343 καὶ
1769 5293 1819 5343 τί
1871 5294 1959 5343 at-

382 5370 560 5425 τοῦσι.
594 5370 703 5425 Ποῦ
750 5371 947 5438 θέλεις,
977 5378 1164 5443 φασὶν,
1206 5380 1591 5451 ἑτοιμάσωμέν
1628 5398 1710 5434 σοι
1765 5386 1960 5452 φαγεῖν

381 5462 444 5513 τὸ
464 5464 685 5533 Πάσχα;
707 5463 785 5533 Τῇ
814 5465 1025 5538 ἑσπέρᾳ
1047 5468 1155 5536 γὰρ
1176 5471 1357 5541 εκείνη
1385 5472 1491 5525 ἔδει
1521 5476 1717 5541 φαγεῖν
1745 5476 1961 5537 αὐτοὺς,

382 5548 458 5611 ὥς
484 5566 646 5618 φασιν
673 5555 721 5605 οῖ
752 5554 1137 5635 εὐαγγελισταί
1164 5574 1178 5587 ·
1210 5559 1238 5610 6
1275 5562 1397 5631 μὲν,
1432 5566 1497 5633 τῇ
1530 5563 1585 5617 δὲ
1629 5566 1819 5634 πρώτῃ
1849 5564 1960 5619 τῶν

395 5640 646 5711 ’Δζύμων
672 5658 687 5673 ·
718 5646 748 5697 6
775 5646 855 5710 δὲ,
884 5649 981 5702 καὶ
1005 5652 1072 5721 τῇ
1100 5653 1293 5724 πρώτῃ
1320 5654 1503 5726 ἡμέρᾳ
1532 5657 1637 5710 τῶν
1685 5657 1953 5728 ’Λζιτμωη

450 5752 497 5787 ³³
529 5754 688 5838 {eam
710 5773 814 5838 _x_u,
845 5759 939 5818 ει.
1017 5764 1062 5795 ³⁸
1086 5763 1245 5825 Joan.
1272 5786 1360 5838 xv,
1394 5774 1443 5829 Ι.

384 5838 511 5893 un,
538 5826 592 5892 Ι,
638 5828 795 5883 1-13.

618 5930 884 5988 ΡΑτιιοι..
927 5926 1045 5989 Gn.
1075 5926 1275 5994 CLIX.

1544 5778 1587 5808 ³⁷
1623 5776 1815 5836 Matth.
1849 5799 1995 5851 xxvi,
2028 5783 2118 5841 29.

2097 4642 2507 4709 discessissent,
2538 4632 2874 4712 paraverunt
2903 4641 3109 4697 Pascha
3169 4642 3236 4695 “.
3297 4662 3316 4695 ι
3357 4644 3656 4701 Considera

2079 4751 2209 4807 ergo
2252 4734 2448 4790 sedulo
2497 4750 2605 4805 quo
2645 4743 2803 4805 pacto
2844 4735 3135 4798 accedunt,
3167 4742 3223 4788 et
3257 4736 3387 4805 quid
3429 4747 3652 4807 petunt,

2082 4845 2101 4878 ε
2140 4825 2242 4881 Ubi
2271 4828 2373 4890 vis,
2398 4828 2573 4890 aiunt,
2605 4842 2861 4897 paremus
2892 4828 2989 4881 tibi
3035 4830 3321 4883 comedere
3350 4828 3596 4886 Pascha?
3627 4849 3649 4883 ι

2075 4919 2209 4973 Nam
2250 4933 2476 4987 veSpere
2514 4919 2605 4973 illo
2632 4919 2915 4988 Oportebat
2938 4935 3032 4973 eos
3047 4922 3329 4977 comedere
3354 4964 3367 4987 ,
3401 4934 3457 4977 ut
3487 4940 3653 4978 cvan-

2074 5010 2278 5081 gelista:
2300 5010 2512 5074 dicimt,
2550 5009 2640 5062 hic
2665 5028 2682 5060 ι
2721 5014 2892 5079 prima
2926 5010 3014 5065 die
3042 5012 3393 5082 Azymorum,
3433 5035 3451 5067 ι
3489 5018 3645 5083 alter,

2078 5121 2095 5153 ε
2125 5102 2295 5171 prima
2312 5102 2400 5156 die
2417 5102 2762 5172 Azymorum,
2784 5103 3004 5172 quando
3024 5103 3371 5158 immolabant
3386 5107 3613 5161 Pascha.
3628 5128 3646 5159 ι

2070 5194 2388 5262 Qualisnam
2434 5204 2515 5247 cst
2550 5196 2663 5248 haec
2716 5194 2889 5261 prima
2940 5195 3059 5249 dics
3098 5197 3440 5265 Azyiuorum,
3486 5215 3647 5269 quam

2071 5294 2179 5340 tres
2208 5287 2558 5356 evangelistam
2581 5287 2923 5341 concorditer
2952 5288 3293 5357 praedicant?
3312 5288 3461 5344 lianc
3491 5292 3649 5345 nobis

2071 5393 2237 5431 aurea
2301 5378 2481 5447 lingua
2524 5379 2798 5443 declarat;
2851 5379 2981 5433 dicit
3022 5382 3167 5434 enim
3225 5382 3446 5438 homilia
3493 5385 3554 5438 81
3593 5387 3645 5438 in

2072 5466 2402 5531 Manlianum,
2442 5471 2670 5538 primum
2696 5469 3020 5538 Azymorum
3059 5486 3177 5526 csse
3208 5488 3325 5527 cam
3358 5490 3476 5542 qum
3505 5492 3644 5545 prac-

2072 5556 2219 5611 ccdit
2258 5559 2499 5627 Azyma;
2574 5574 2698 5612 nam
2733 5574 2761 5611 a
2798 5575 3026 5629 vespera
3072 5576 3287 5629 semper
3354 5579 3643 5620 numerare

2064 5646 2234 5702 Judaei
2265 5658 2672 5702 consueverunt
2701 5664 2715 5702 :
2743 5657 2797 5702 et
2847 5647 3009 5717 hujus
3037 5649 3367 5704 mentionem
3402 5650 3550 5713 facit.
3584 5654 3638 5705 in

2232 5785 2275 5818 ³⁸
2313 5782 2452 5841 ibid.
2481 5783 2664 5841 17-19.
2746 5785 2787 5817 ”
2819 5784 2986 5843 Marc.
3014 5802 3126 5854 xw,
3156 5785 3346 5841 12-16.
3425 5783 3469 5816 “
3499 5784 3634 5847 Luc.

3199 5946 3275 6014 38
