4206 6342
468 283 599 349 12101

967 294 1123 357 PRO
1165 297 1382 362 CONC.
1412 300 1807 368 FLORENT.
1851 308 2009 374 CAP.
2056 312 2143 376 ll.
2182 315 2281 375 DE
2319 316 2574 379 ΑΖΥΜΟ
2615 318 2711 380 ΕΤ
2753 322 3295 391 FERMENTA'I‘O.

3586 332 3726 395 120?.

461 401 609 471 ζύμη
637 402 735 473 οὐχ
762 403 1119 476 εὑρεθήσεται
1148 409 1207 465 ἐν
1239 414 1361 475 ταῖς
1390 416 1592 481 οίκίαις
1627 420 1783 490 ὑμῶν
1808 438 1823 454 ο
1857 424 1966 488 πᾶς
1992 424 2003 477 i

2094 434 2124 491 λ
2157 432 2410 500 primam.
2448 450 2560 488 non
2594 436 2789 493 debere
2815 438 3045 494 inveniri
3072 441 3529 498 fermentatumin
3561 448 3724 503 domo

458 492 527 588 άν
555 495 705 567 φάγῃ
742 495 1015 565 ζυμωτδν.
1051 500 1569 577 ἐξολοθρσυϐήσεται
1603 511 1637 581 ἡ
1677 512 1824 585 ψυχὴ
1860 517 2040 588 ἐκείνη

459 586 523 639 ἐκ
573 590 893 658 συναγωγῆς
928 592 1059 646 υἱῶν
1101 595 1340 667 Ἰσραήλ.
1379 601 1479 654 Ἔν
1521 620 1580 655 τε
1623 608 1736 667 τοῖς
1781 586 2041 676 γειώραις

456 678 548 728 καὶ
574 679 859 747 αὐτόχθοσι
915 685 1011 753 τῆς
1041 687 1167 756 γῆς.
1222 692 1333 742 πᾶν
1375 691 1626 763 ζυμωτὸν
1683 697 1783 751 οὐκ
1816 697 1999 753 ἔδεσθε
2022 719 2036 734 ο

457 768 517 818 ἐν
541 772 702 821 παντὶ
727 779 1133 849 κατοικητηρίῳ
1156 779 1185 830 ὕ
1196 780 1310 847 μῶν
1333 783 1510 835 ἐδεσθε
1537 785 1741 855 ἄζυμα.
1780 805 1798 839 ι
1837 791 2038 843 Ἤκου-

455 877 552 923 σας
584 862 665 915 ὅτι
695 866 1001 935 ἀρχομένου
1031 869 1126 923 τοῦ
1165 872 1353 944 Πάσχα
1385 875 1479 944 ἀφ’
1505 878 1746 948 ἑσπέρας
1786 882 1886 948 τῆς
1918 899 2040 936 τεσ-

458 955 965 1030 σαρεσκαιδεκάτης
1012 961 1229 1033 ἡμέρας
1262 965 1354 1018 τοῦ
1390 970 1579 1038 μηνὸς,
1622 970 1727 1033 ἕως
1755 971 1853 1040 τῆς
1893 976 2039 1027 είκο-

456 1047 586 1115 στῆς
617 1048 866 1119 πρώτης,
896 1051 997 1104 οὐκ
1037 1053 1144 1107 ἔδει
1183 1056 1473 1127 εὑρεθῆναι
1504 1059 1757 1129 ζυμωτὸν
1803 1065 1859 1115 ἐν
1888 1065 2037 1135 οἰκίᾳ

450 1136 595 1200 τινὸς
624 1138 824 1195 αὐτῶν.
866 1140 926 1193 ’0
951 1142 1006 1196 δὲ
1030 1144 1251 1213 Κύριος,
1285 1149 1423 1215 μετὰ
1445 1149 1505 1202 τὸ
1532 1154 1729 1221 φαγεῖν
1751 1152 1810 1205 τὸ
1842 1154 2033 1224 Πάσχα

445 1228 804 1301 ὁρθτστάδην,
840 1235 915 1297 ὡς
954 1236 1168 1306 εἴρηται
1198 1240 1479 1307 πολλάκις,
1513 1246 1609 1295 καὶ
1646 1244 1707 1298 τὸ
1740 1247 1918 1299 πάντα
1948 1265 2035 1299 τε-

445 1320 600 1376 λέσαι
644 1327 783 1378 κατὰ
818 1330 907 1380 τὸν
959 1333 1143 1399 νόμον,
1183 1333 1320 1401 μετᾶ
1364 1333 1537 1387 ταῦτα
1572 1337 1856 1390 ἀναπεσὼν
1904 1338 2029 1408 ἔφη,

450 1432 478 1465 ι.
521 1414 819 1489 Ἐπιθυμίᾳ
848 1420 1173 1490 ἐπεθύμησα
1203 1424 1363 1479 τοῦτο
1386 1429 1445 1480 τὸ
1472 1429 1659 1499 Πάσχα
1680 1432 1881 1499 φαγεῖν
1909 1434 2031 1501 μεθ’

445 1507 602 1578 ὑμῶν
641 1513 747 1582 πρὸ
793 1514 886 1566 τοῦ
936 1534 1003 1584 με
1037 1518 1231 1573 παθεῖν
1259 1537 1271 1549 ’
1314 1540 1333 1573 ι
1366 1518 1483 1575 εἶτα
1534 1525 1868 1578 συνεδείπνει
1915 1530 2029 1591 τοῖς

442 1602 761 1669 ἀποστόλοις
788 1621 804 1639 ο
840 1607 1054 1672 δεῖπνος
1076 1610 1186 1679 γὰρ
1218 1609 1307 1682 ἦν.
1336 1615 1490 1669 Μετὰ
1533 1616 1586 1669 δὲ
1616 1616 1677 1670 τδ
1716 1619 2024 1688 δειπνῆσαι,

434 1696 619 1751 λαϐὼν
678 1701 767 1751 τὸν
828 1701 1365 1775 ἄρτον,εὐλὸγησεν.
1421 1707 1604 1761 Εἰπὼν
1635 1709 1714 1771 δὲ,
1764 1712 1900 1780 μετὰ
1962 1711 2023 1764 τὸ

2149 522 2379 587 alicujus
2401 525 2424 576 ‘1
2449 524 2707 580 Dominus
2734 543 2860 582 vero
2887 539 3180 597 postesum
3212 532 3511 603 Paschalis,
3550 545 3725 602 stans,

2150 625 2209 669 ut
2239 630 2379 683 saepe
2402 616 2604 671 dictu'm
2623 629 2725 683 est,
2776 632 2829 675 et
2852 622 3087 692 peractis
3111 626 3365 679 omnibus
3422 628 3723 683 secundum

2146 704 2346 773 legem,
2394 723 2516 760 cum
2546 719 2732 778 postea
2784 711 3169 774 discubuisset.
3212 714 3383 770 dixit:
3438 737 3455 769 ι
3496 718 3721 773 Deside-

2145 796 2224 847 rio
2285 795 2586 851 desideravi
2618 799 2723 853 hoc
2768 799 2973 855 Pascha
3031 805 3366 860 manducare
3436 809 3718 863 vobiscum

2149 894 2441 954 antequam
2472 888 2650 957 patiar
2678 890 2759 955 ης
2794 909 2812 942 ι
2847 902 3036 962 postea
3059 910 3180 947 cum
3216 897 3473 963 apostolis
3506 913 3720 955 concm-

2141 979 2329 1044 nabat,
2359 994 2514 1034 creua
2573 982 2719 1035 enim
2763 993 2901 1037 erat.
2958 984 3085 1040 Post
3139 1001 3351 1041 caenam
3403 999 3583 1045 autem
3633 1006 3721 1044 ac-

2139 1081 2295 1141 cepto
2315 1088 2454 1141 pane
2469 1074 2765 1129 benedixit.
2789 1075 2944 1142 Quod
2963 1092 3083 1131 cum
3106 1091 3227 1149 post
3241 1096 3453 1135 coenam
3473 1083 3715 1147 dixisset,

2137 1182 2354 1221 onmem
2388 1169 2605 1224 sustulit
2647 1172 2992 1227 occasionem
3026 1175 3090 1228 iis
3120 1177 3211 1245 qui
3269 1188 3516 1246 qurerunt
3556 1195 3718 1233 occa-

2136 1260 2319 1316 siones
2348 1280 2359 1314 :
2391 1262 2594 1332 quippe
2626 1281 2747 1318 cum
2791 1266 2835 1320 si
2867 1266 2918 1320 id
2946 1276 3072 1320 ante
3106 1284 3317 1323 rmnam
3369 1273 3712 1337 protulisset.

2134 1354 2797 1421 quodammodoumbram
2832 1358 3018 1412 auxilii
3056 1360 3366 1430 reliquisset
3399 1364 3569 1431 iisqui
3604 1364 3709 1415 liti-

2135 1460 2264 1515 gare
2290 1456 2565 1515 ettoptaut,
2621 1447 2932 1505 dicentibus
2962 1459 3087 1505 ante
3106 1466 3320 1507 coenam
3384 1456 3703 1523 mysterium

2133 1539 2430 1607 peregisse,
2484 1540 2611 1593 dum
2668 1541 2996 1611 Azymorum
3068 1553 3286 1614 tentpus
3379 1547 3707 1612 przeteriret.

2133 1627 2341 1681 Idcirco
2373 1628 2504 1681 nihil
2533 1632 2679 1690 novi.
2712 1631 2758 1685 si
2790 1630 3183 1687 fermentatum
3215 1648 3411 1704 panem
3456 1635 3708 1690 Christus

2133 1720 2476 1791 sumpsisset,
2532 1734 2587 1778 et
2648 1724 2702 1777 in
2765 1739 2831 1778 eo
2896 1727 3217 1795 mysterium
3254 1729 3575 1796 peregisset.
3603 1732 3709 1785 Sed

438 1789 747 1859 δειπνῆσαι,
797 1796 977 1847 πάσαν
1022 1796 1200 1850 ἀνεῖλε
1251 1801 1518 1868 πρόφασιν
1568 1802 1677 1854 τῶν
1718 1806 2003 1874 προφάσεις

2094 1808 2097 1837 ⁵
2128 1822 2251 1881 post
2278 1829 2490 1867 rmnam
2522 1815 2700 1881 dixit;
2727 1832 2850 1871 nam
2890 1819 3166 1873 sublatum
3225 1818 3553 1875 fermentum
3590 1836 3708 1877 erat

434 1880 759 1950 ζητούντων.
805 1885 865 1938 Ei
914 1888 1021 1957 γὰρ
1076 1888 1230 1958 ἔλεγε
1275 1893 1382 1960 πρὸ
1426 1893 1522 1945 τοῦ
1570 1895 1882 1965 δειπνῆσαι,
1918 1914 2017 1949 κα-

436 1972 653 2027 τέλιπεν
681 1975 749 2028 ἃν
775 1978 935 2030 σκιάν
969 1979 1222 2050 βοηθείας
1250 1985 1359 2045 τοῖς
1402 1983 1745 2054 βουλομένοις
1790 1987 2012 2058 ἐρίζειν,

436 2066 684 2135 λέγουσιν
712 2071 793 2123 ὅτι
827 2072 931 2143 πρὸ
965 2075 1058 2127 τοῦ
1083 2076 1300 2130 δείπνου
1350 2081 1570 2149 ἐποίησε
1603 2083 1663 2136 τὸ
1689 2086 2013 2154 μυστήριον,

431 2164 489 2216 ἐν
541 2166 607 2235 τῇ
661 2166 782 2236 ὥρᾳ
820 2167 919 2236 τῆς
971 2168 1294 2239 ἀπαλλαγῆς
1344 2171 1441 2224 τοῦ
1500 2171 1732 2242 ἀζύμου.
1786 2175 1894 2227 Καὶ
1926 2176 2013 2228 διὰ

430 2254 609 2319 τοῦτο,
642 2258 793 2310 οὐδὲν
828 2259 1037 2324 καινὸν,
1075 2262 1123 2313 εἰ
1173 2263 1266 2316 καὶ
1300 2262 1528 2335 ἔνζυμον
1560 2268 1721 2336 ἄρτον
1763 2266 1953 2321 ἐλαϐεν
1980 2269 2007 2321 ὁ

429 2348 684 2417 Χριστὸς.
718 2352 811 2404 καλ.
861 2352 921 2405 τὸ
953 2355 1253 2423 μυστήριον
1280 2356 1629 2412 ἀπετέλεσεν.
1674 2360 1834 2413 Ἀλλὰ
1870 2360 2007 2429 μετὰ

420 2443 485 2495 τὸ
518 2442 807 2513 δειπνῆσαι
841 2441 1017 2501 εἶπεν.
1060 2447 1401 2503 Ἀπελθοῦσα
1435 2452 1543 2521 γὰρ
1587 2446 1654 2522 ἦν
1684 2452 1717 2523 ἡ
1767 2451 1915 2523 ζύμη
1947 2457 2005 2506 ἐν

421 2537 488 2606 τῇ
521 2535 640 2608 ὥρᾳ
673 2538 766 2593 τοῦ
800 2539 1016 2609 Πάσχα,
1046 2541 1142 2595 καὶ
1168 2543 1405 2612 οὐδαμοῦ
1438 2545 1723 2611 εὑρίσκετο
1768 2546 1877 2600 ἀπὸ
1901 2546 2002 2617 τῆς

422 2628 613 2699 τρίτης
642 2628 791 2697 ὥρας
822 2631 921 2700 τῆς
949 2634 1161 2704 ἡμέρας
1186 2634 1402 2703 ἐκείνης
1436 2636 1557 2690 καθ’
1586 2636 1653 2707 ἣν
1679 2637 1812 2708 πρὸς
1837 2640 1997 2693 ἐσπέ-

426 2733 528 2785 ραν
556 2719 618 2771 τὸ
645 2720 834 2789 Πάσχα
864 2721 1054 2775 ἐθύετο
1075 2739 1090 2754 ο
1120 2723 1262 2776 οὕτω
1300 2724 1405 2794 γὰρ
1432 2727 1526 2778 καὶ
1562 2728 1723 2799 μέχρι
1753 2728 1853 2799 τῆς
1898 2729 1996 2799 σή-

2117 1905 2396 1959 Paschatis
2424 1914 2691 1975 tempore,
2725 1923 2824 1962 nec
2860 1924 3032 1979 usque
3063 1911 3437 1980 reperiebatur
3466 1922 3580 1981 post
3605 1925 3711 1967 ter-

2117 1995 2241 2050 tiam
2270 1994 2459 2049 horam
2491 1996 2599 2050 diei
2632 1997 2799 2063 illius,
2827 1998 2876 2051 in
2898 2015 3005 2069 qua
3024 2016 3249 2068 vespere
3275 2002 3483 2057 Pascha
3514 2005 3707 2058 immn-

2120 2089 2356 2143 labatur.
2393 2086 2550 2144 Hunc
2607 2105 2810 2144 morem
2870 2107 3041 2161 usque
3067 2094 3132 2147 ad
3184 2094 3321 2148 hanc
3351 2096 3493 2150 diem
3529 2095 3702 2151 Judei

2114 2192 2359 2235 servant.
2440 2182 2592 2237 Unde
2625 2191 2804 2236 autem
2863 2186 3100 2254 sumpsit
3134 2189 3367 2255 panem?
3399 2186 3471 2242 Ex
3510 2205 3700 2243 mensa

2110 2276 2197 2330 tibi
2221 2276 2603 2330 comedchant.
2627 2274 2769 2342 Quid
2786 2280 3149 2334 comedebant
3169 2279 3192 2332 ?
3210 2282 3427 2350 Azyma.
3459 2286 3698 2350 Accepto

2108 2380 2239 2420 vero
2264 2366 2515 2435 panequi
2557 2382 2617 2422 se
2663 2368 2868 2422 obtulit
2903 2369 2959 2423 in
3005 2386 3192 2437 mensa
3233 2371 3346 2435 illa,
3380 2375 3697 2445 mysterium

2106 2457 2285 2512 tradit.
2314 2445 2630 2524 Qualisnam
2663 2460 2867 2529 panis?
2897 2462 3161 2532 Azymus.
3214 2461 3328 2517 Non
3360 2466 3505 2517 enim
3530 2482 3697 2535 opor-

2104 2550 2247 2604 tebat
2292 2551 2455 2604 alium
2515 2552 2727 2615 adesse,
2785 2554 3044 2622 quoniam
3096 2554 3269 2623 legale
3315 2555 3525 2609 Pascha
3569 2573 3687 2623 pcr-

2110 2643 2390 2713 agebatur,
2427 2652 2481 2696 et
2518 2647 2721 2713 Azyma
2760 2655 2938 2707 erant,
2974 2646 3101 2715 quia
3132 2646 3519 2716 incipientibus
3551 2648 3691 2719 Azy~

2109 2734 2235 2797 mis,
2253 2733 2761 2800 locum,secuudum
2791 2735 2981 2807 legem,
3003 2736 3324 2792 fermentata
3341 2754 3445 2793 non
3469 2739 3693 2794 habent.

416 2826 584 2882 μερον
637 2812 685 2865 οι
735 2814 976 2866 Ἰουδαῖοι
1028 2813 1292 2870 ποιοῦσιν.
1352 2816 1552 2871 Ἕλαϐε
1591 2818 1637 2870 δ’
1698 2819 1886 2890 ἄρτον,
1924 2822 2124 2891 πόθεν;
2196 2825 2289 2878 Ἐκ
2348 2827 2447 2894 τῆς
2497 2826 2779 2895 τραπέζης
2847 2821 3023 2897 ἐφ’ἦς
3048 2827 3257 2899 ἢσθιον.
3288 2828 3351 2880 Τί
3381 2829 3435 2882 δὲ
3467 2829 3692 2899 ἧσθιονς

420 2902 660 2975 νΔζυμα.
695 2907 891 2961 Λαϐὼν
920 2907 975 2961 δέ
1006 2908 1099 2962 τὸν
1145 2913 1532 2983 παρατυχόντα
1564 2912 1728 2984 ἄρτον
1783 2920 1851 2988 τῇ
1917 2914 2167 2991 τραπέζῃ
2229 2920 2432 2993 ἐκείνῃ,
2481 2922 2819 2993 παραδίδωσι
2884 2923 2944 2976 τὸ
3008 2926 3331 2994 μυστήριον.
3367 2925 3462 2987 Τίς
3499 2926 3555 2978 δὲ
3584 2921 3690 2996 ἦνς

418 3002 681 3071 Ἀζυμος.
717 3005 792 3057 Οὐ
818 3006 929 3075 γὰρ
962 3003 1195 3073 ὤφειλεν
1226 3009 1383 3074 ἄλλος
1416 3009 1580 3078 εἶναι,
1612 3014 1735 3066 ἐπεὶ
1791 3013 1854 3067 τὸ
1901 3016 2126 3086 νομικὸν
2154 3019 2387 3071 ἐτελεῖτο
2418 3020 2632 3089 Πάσχα,
2665 3022 2757 3072 καὶ
2786 3020 2853 3073 τά
2889 3017 3115 3091 Ἀζυμα
3142 3015 3301 3091 ἦσαν.
3347 3019 3693 3092 Ἀρξαμένων

410 3097 519 3169 γὰρ
545 3097 652 3152 τῶν
696 3098 966 3169 ’Δζύμων,
992 3101 1092 3155 οὐκ
1148 3101 1331 3172 ἔχουσι
1397 3102 1584 3176 χώραν
1644 3107 1713 3161 τὰ
1764 3111 1971 3179 ενςυμα
2007 3112 2147 3163 κατά
2174 3111 2265 3166 τὸν
2300 3113 2487 3183 νόμον.

1174 3196 1244 3250 Δ’.
2028 3209 2073 3267 C

494 3280 658 3335 Ἀλλὰ
682 3281 735 3334 τί
774 3298 939 3349 φασιν
967 3285 1014 3336 oi
1044 3286 1297 3341 τάναντία
1327 3289 1691 3359 φρονοῦντεςς
1720 3292 1797 3345 Οὐ
1830 3292 1989 3345 τοῦτο

2840 3205 2928 3261 ιν.

2160 3274 2229 3353 At
2291 3297 2419 3366 quid
2476 3296 2715 3352 aﬂ‘crunt
2792 3300 2887 3368 qui
2940 3306 3128 3353 contra
3168 3297 3455 3354 sentiunt?
3489 3295 3606 3353 Non
3630 3297 3683 3351 id

406 3366 476 3443 ἧν
517 3373 579 3425 τὸ
623 3375 846 3443 νομικὸν
899 3376 1091 3446 Πάσχα
1118 3393 1132 3408 ·
1161 3381 1339 3434 πάντα
1387 3379 1616 3449 ὤφειλον
1670 3378 1810 3438 εῖναι
1846 3387 1987 3440 ὀπτὰ

411 3468 546 3534 πυρὶ
576 3467 670 3517 καὶ
701 3467 910 3537 ἄζυμα,
932 3469 988 3522 ὲν
1015 3471 1190 3540 τούτῳ
1218 3472 1296 3537 δὲ,
1327 3475 1420 3525 καὶ
1452 3473 1656 3543 ζωμὸς,
1685 3478 1780 3530 καὶ
1808 3478 1982 3546 ἄρτοι,

401 3559 500 3611 καὶ
529 3558 778 3627 τρυϐλία,
814 3560 906 3613 καὶ
961 3554 1102 3625 οἶνος
1127 3578 1141 3591 ·
1188 3562 1326 3616 ὥστε
1363 3565 1424 3617 οὐ
1476 3566 1634 3622 τοῦτο
1677 3562 1765 3637 ἦν.
1800 3569 1988 3623 Ταῦτα

400 3651 673 3718 λέγοντες,
727 3652 968 3707 ἐοίκασιν
1025 3655 1085 3707 ἐν
1135 3656 1230 3710 καὶ
1267 3660 1433 3712 ταυτὸ
1479 3656 1616 3713 εἶναι
1671 3661 1861 3731 Πάσχα
1893 3664 1987 3717 καὶ

401 3745 639 3798 δεῖπνον.
680 3746 826 3798 Ἀλλ’
851 3748 954 3801 οὐκ
983 3746 1133 3803 ἔστιν
1157 3766 1172 3781 ο
1201 3750 1328 3804 ἄλλο
1358 3753 1465 3822 γάρ
1500 3754 1709 3823 Πάσχα,
1736 3757 1830 3808 καὶ
1853 3756 1983 3811 ἄλλο

399 3836 636 3903 δεῖπιος,
672 3838 747 3901 ὡς
799 3838 1040 3910 εἴρηται.
1087 3841 1174 3894 Ἐν
1208 3842 1317 3914 γάρ
1367 3845 1444 3913 τῷ
1483 3845 1670 3916 Πάσχα
1721 3854 1813 3903 καὶ
1847 3851 1981 3918 ἡμῖν

399 3930 612 4000 εῐρηται
641 3930 918 3999 πολλάκις,
942 3934 992 3986 εί
1015 3937 1109 3987 καὶ
1135 3934 1290 3990 αὐτοὶ
1317 3937 1379 3990 οὐ
1404 3941 1665 4007 συνῆκαν,
1690 3941 1771 3992 ὅτι
1807 3942 1985 3995 πάντα

398 4016 631 4089 ὤφειλον
684 4019 823 4076 εἶναι
875 4025 1016 4078 ὀπτά
1057 4030 1233 4097 πυρί·
1282 4029 1311 4082 ὃ
1358 4030 1546 4102 ἤσθιον
1595 4033 1846 4098 ἑστῶτες.
1880 4035 1983 4090 Καὶ

400 4113 533 4166 αὐτὸ
563 4115 816 4185 ἐποίησεν
844 4117 873 4170 ό
900 4117 1155 4187 Χριστὸς,
1183 4122 1290 4192 πρὸ
1318 4123 1412 4176 τοῦ
1443 4124 1682 4192 δείπνου,
1717 4124 1835 4182 εῐτα
1861 4131 1982 4184 ἀνέ-

402 4220 567 4255 πεσεν
606 4205 664 4256 ἐν
708 4206 785 4277 τῷ
817 4207 1041 4278 δείπνῳ,
1082 4212 1175 4263 καὶ
1212 4213 1401 4283 ἤσθιον
1445 4216 1685 4286 ζωμοὺς,
1722 4222 1815 4273 καὶ
1846 4223 1981 4276 ἄλλα

399 4294 497 4345 ὅσα
526 4295 780 4365 ἧρεσκεν.
808 4298 932 4351 Ὅτι
955 4300 1011 4353 δὲ
1038 4301 1099 4353 τὸ
1133 4304 1356 4371 νομικὸν
1378 4306 1626 4361 ἐτέλεσεν
1648 4312 1675 4362 ὀ
1699 4312 1980 4384 Δεσπότης

399 4385 557 4455 ἡμῶν
592 4387 829 4457 Χριστὸς
883 4391 1077 4461 Πάσχα
1111 4395 1256 4463 τότε,
1308 4395 1338 4450 ὁ
1377 4402 1780 4472 χρυσορῤἡμων
1833 4406 1982 4475 Χρυ-

400 4478 666 4547 σόστομος
696 4484 1037 4553 μαρτυρήσει
1064 4488 1242 4553 τοῦτο,
1276 4492 1334 4544 ἐν
1363 4494 1429 4563 τῇ
1464 4494 1823 4567 προλεχθείσῃ
1851 4499 1975 4567 ὁμι-

393 4568 503 4639 λίᾳ,
553 4571 631 4633 εἰς
679 4573 773 4625 τὸν
822 4576 1215 4649 εὐαγγελιστὴν
1259 4582 1575 4645 Ματθαῖονο
1625 4586 1771 4655 λέγει
1821 4593 1927 4661 γάρ
1957 4610 1971 4623 ·

400 4680 419 4710 ι
462 4662 617 4714 Μετὰ
652 4662 709 4716 δὲ
745 4665 806 4716 τὸ
842 4669 1038 4734 φαγεῖν
1073 4670 1132 4721 τὸ
1193 4680 1418 4741 νομικὸν
1467 4676 1680 4747 Πάσχα,
1745 4679 1978 4748 7:019:15!-

391 4752 519 4806 ὄεσσι
550 4755 610 4807 τὸ
671 4758 989 4829 μυστήριον.
1027 4781 1044 4812 ι
1084 4764 1255 4818 Τοῦτο
1287 4765 1342 4818 δὲ
1396 4770 1490 4821 καὶ
1539 4772 1568 4822 ὁ
1616 4774 1978 4842 Δαμασκηνίρς

409 4843 683 4909 Ἰωάννης,
731 4852 790 4900 ἐν
837 4850 915 4916 τῷ
972 4855 1200 4924 εἰκοστῷ
1250 4860 1497 4930 τετάρτῳ
1555 4863 1833 4933 κεφαλαίῳ
1868 4865 1977 4919 τῶν

392 4941 785 5010 Θεολογικῶν,
820 4932 933 5015 obii}
968 4948 1128 5018 ἀρχὴ,
1164 4969 1182 5001 ι
1224 4951 1287 5005 '0
1310 4953 1512 5021 ἀγαθὸς
1537 4959 1631 5011 καὶ
1665 4932 1977 5027 πανάγαθος

391 5036 483 5088 καὶ
536 5036 880 5107 ὐπεράγαθος
910 5040 1063 5105 Θεὸς,
1107 5063 1125 5095 ι
1155 5046 1295 5112 μετά
1332 5050 1565 5101 τινακαὶ
1604 5049 1739 5103 ἄλλα
1785 5053 1973 5118 φησὶν,

397 5148 414 5179 ι
458 5128 544 5181 Ἐν
566 5128 643 5196 τῷ
668 5129 905 5200 ὑπερῴῳ
930 5134 1111 5186 τοίνυν
1139 5137 1238 5204 τῆς
1268 5138 1428 5207 ἁγίας
1450 5144 1542 5193 καὶ
1568 5142 1781 5206 ἐνδόξου
1810 5144 1966 5210 Σιὼν,

390 5220 450 5270 τδ
489 5218 715 5273 παλαιὸν
742 5223 929 5291 Πάσχα
964 5226 1104 5294 μετὰ
1127 5227 1235 5281 τῶν
1272 5230 1532 5299 μαθητῶν
1558 5234 1723 5286 αὑτοῦ
1754 5235 1966 5303 φαγὼν,

393 5315 485 5364 καὶ
526 5313 825 5381 πληρώσας
856 5315 954 5387 τὴν
979 5318 1218 5373 παλαιάν
1252 5324 1435 5376 πᾶσαν
1462 5326 1757 5395 Διαθήκην,
1790 5330 1967 5380 νίπτει

389 5401 514 5463 τοῦς
540 5403 705 5465 πόδας
730 5405 838 5459 τῶν
868 5405 1148 5476 μαθητῶν.
1188 5429 1208 5462 ι
1249 5411 1513 5477 ’Δκούει;,
1538 5416 1619 5466 ὅτι
1654 5416 1711 5468 τὸ
1740 5416 1971 5470 παλαιὸν

388 5492 577 5564 Πάσχα
613 5493 817 5563 ἔφαγεν
846 5498 875 5549 ὁ
907 5500 1179 5571 Χριστὸς;
1208 5504 1329 5567 Πῶς
1362 5506 1467 5577 φῂς
1510 5506 1589 5558 ὅτι
1624 5506 1685 5560 οὗ
1716 5508 1874 5560 τοῦτο
1903 5505 1971 5579 ἦν

376 5583 448 5635 ,τὺ
479 5585 741 5652 νομικόν;
771 5587 886 5640 Οὐκ
917 5584 1034 5643 οἴδα
1082 5593 1192 5665 γὰρ
1226 5594 1274 5648 τί
1308 5595 1435 5651 ἄλλο
1468 5597 1582 5651 ἐστὶ
1615 5598 1678 5652 τὸ
1718 5598 1964 5665 παλαιὸν,

466 5760 515 5793 ⁸⁸
543 5761 676 5818 Luc.
712 5777 849 5834 xm,
886 5766 971 5823 15.

2088 3398 2207 3444 erat
2239 3388 2410 3458 legale
2468 3387 2709 3454 Pascha;
2749 3389 2933 3443 omnia
2967 3391 3240 3445 debebant
3270 3404 3391 3444 esse
3419 3404 3544 3445 assa
3579 3391 3683 3460 igni

2086 3491 2365 3555 etazyma,
2392 3497 2557 3553 atque
2582 3485 2722 3537 ineo
2745 3483 2991 3553 suutjns,
3029 3485 3201 3553 panis,
3223 3484 3413 3547 catini,
3465 3484 3682 3537 vinum:

2089 3577 2270 3644 itaque
2326 3592 2431 3629 non
2469 3576 2595 3629 illm]
2642 3586 2779 3630 erat.
2824 3575 2960 3631 Cum
3021 3577 3139 3633 lucc
3169 3578 3383 3641 dicunt,
3429 3576 3681 3630 videntur

2087 3681 2257 3720 unum
2290 3667 2502 3721 etidem
2552 3666 2756 3722 Pascha
2804 3677 2859 3723 et
2909 3682 3086 3723 caua.
3139 3669 3243 3723 Sed
3263 3683 3369 3723 non
3394 3678 3500 3735 est;
3558 3683 3680 3722 nam

2085 3759 2231 3812 aliud
2283 3768 2363 3813 est
2418 3758 2649 3825 PuSClla,
2718 3759 2861 3814 aliud
2924 3774 3103 3823 Cinna,
3160 3768 3219 3812 ut
3294 3759 3510 3814 dictum
3575 3770 3678 3815 est.

2088 3849 2142 3903 lu
2174 3849 2436 3906 Paschate
2467 3851 2613 3905 enim
2654 3853 2818 3919 (quod
2873 3868 2902 3905 a
2936 3852 3098 3906 nobis
3137 3865 3279 3921 sche
3344 3850 3457 3919 jam
3508 3866 3682 3920 expo-

2085 3939 2247 3995 situm
2290 3950 2390 4003 cst,
2424 3956 2745 4009 quanquam
2802 3940 2836 3993 ii
2870 3956 2978 3996 non
3040 3940 3434 4011 intellexerint)
3480 3951 3678 3998 cuncta

2083 4031 2502 4101 oportebatesse
2534 4048 2655 4085 assa
2677 4032 2820 4103 igni;
2856 4032 2999 4102 quod
3020 4032 3225 4089 Pascha
3255 4041 3465 4088 stantes
3495 4048 3677 4088 comes

2081 4125 2303 4191 debant,
2332 4123 2478 4194 quod
2508 4132 2566 4179 et
2593 4125 2850 4181 Christus
2897 4125 3027 4180 fecit
3075 4136 3202 4181 ante
3265 4142 3512 4190 ccenam;
3556 4136 3677 4196 post

2083 4217 2137 4270 in
2172 4230 2331 4271 cmna
2359 4215 2656 4281 discubuit,
2682 4226 2737 4271 et
2798 4217 3159 4273 comederunt
3191 4216 3282 4283 jus
3309 4225 3363 4270 et
3393 4217 3496 4269 alia
3526 4232 3670 4285 quae—

2080 4321 2301 4376 cunque
2365 4306 2547 4360 libuit.
2617 4306 2770 4373 Quod
2831 4318 3011 4360 autem
3060 4307 3230 4378 legale
3277 4306 3487 4362 Pascha
3552 4318 3665 4361 tum

2086 4396 2361 4467 peregerit
2392 4395 2648 4452 Christus
2688 4396 2956 4451 Dominus
2985 4410 3192 4459 noster,
3227 4414 3427 4453 aureus
3491 4397 3665 4451 Joan-

2081 4503 2178 4543 nes
2204 4489 2255 4541 id
2293 4486 2578 4541 testabitur
2610 4487 2663 4540 iu
2691 4488 2914 4541 homilia
2945 4490 3218 4543 antedicta
3248 4491 3299 4542 in
3376 4490 3663 4557 evangeli-

2012 4555 2050 4608 θ
2083 4591 2220 4635 stam
2242 4577 2552 4633 Matthtenm
2580 4595 2593 4642 ;
2628 4579 2761 4633 dicit
2782 4579 2963 4633 enim:
2997 4598 3013 4631 ι
3041 4579 3171 4634 Post
3202 4581 3389 4651 legalis
3419 4555 3671 4636 Pascha-

2082 4674 2151 4728 tis
2205 4685 2361 4727 esum
2412 4674 2732 4743 mysterium
2792 4673 2975 4727 tradit.
3021 4692 3037 4723 ι
3105 4672 3161 4726 Μ
3211 4684 3264 4726 et
3294 4675 3667 4729 Damascenus

2079 4769 2318 4824 Joannes
2347 4768 2419 4823 24
2451 4768 2626 4837 capite
2663 4768 2983 4837 Tlteologiw,
3019 4769 3112 4838 qui
3152 4769 3366 4837 incipit,
3428 4785 3446 4819 ι
3484 4766 3668 4821 Bonus

2081 4872 2134 4917 et
2171 4860 2396 4917 omnino
2427 4864 2624 4926 bonus,
2676 4875 2729 4915 et
2757 4876 2926 4931 super
2947 4861 3129 4915 omnia
3204 4861 3383 4915 bonus
3419 4858 3586 4925 Deus,
3639 4880 3657 4909 ι

2085 4965 2208 5023 post
2263 4951 2367 5007 alia
2414 4950 2685 5020 quzrdam,
2752 4952 2918 5006 dicit:
2982 4972 3000 5004 ι
3050 4953 3104 5005 lu
3172 4953 3455 5007 C(Bnilcllitl
3499 4953 3663 5021 igitur

2079 5051 2284 5097 sanctae
2344 5053 2398 5098 et
2432 5041 2684 5113 gloriosa:
2728 5042 2858 5097 Sion
2937 5045 3217 5113 antiquum
3268 5042 3477 5099 Pascha
3530 5059 3655 5099 curn

2082 5137 2444 5201 comedisset,
2473 5143 2528 5190 et
2558 5146 2712 5190 vetus
2740 5135 3149 5190 Testamentum
3205 5151 3368 5189 omne
3416 5136 3653 5205 complc-

2074 5229 2261 5291 vissct.
2328 5227 2719 5296 discipulorum
2769 5229 2929 5294 petes
2993 5228 3185 5281 abluit.
3226 5246 3243 5277 ι
3291 5227 3458 5280 Audis
3496 5229 3643 5297 quod

2072 5326 2228 5375 vetus
2277 5318 2481 5373 Pascha
2501 5318 2819 5376 comedebat
2852 5319 3103 5375 Christus
3128 5319 3150 5371 ?
3172 5317 3457 5384 Quomodo
3511 5321 3653 5373 dicis

2082 5412 2133 5465 id
2159 5411 2454 5481 legitimum
2510 5411 2719 5466 Pascha
2770 5427 2877 5464 non
2925 5411 3081 5465 esse?
3127 5408 3324 5475 Ignoro
3381 5411 3527 5462 enim
3583 5426 3649 5461 an

2082 5503 2316 5556 sitaliud
2352 5501 2586 5570 priscum
2619 5502 2849 5565 Pascha,
2894 5510 2951 5555 et
2983 5502 3127 5555 aliud
3178 5501 3363 5571 legale.
3390 5499 3544 5565 Quod
3602 5504 3648 5555 si

2078 5600 2199 5670 quis
2216 5600 2358 5655 dicat
2375 5598 2541 5670 quod,
2561 5601 2661 5655 etsi
2681 5587 2886 5657 Pascha
2902 5612 3145 5672 paratum
3168 5601 3289 5670 fuit,
3312 5616 3419 5656 non
3457 5616 3651 5654 secun-
