4206 6342
529 301 661 370 1211
1682 303 1995 365 JOSEPHI
2041 301 2601 366 METIIONENSIS‘
3642 300 3785 367 1212

523 428 672 475 etum
703 423 783 472 est
812 425 996 481 antea,
1030 414 1329 471 secundum
1356 416 1529 488 legem
1556 418 1761 486 peregit
1790 418 1995 479 omnia,
2028 432 2093 472 ac

2214 416 2291 470 ιαὶ
2322 419 2553 487 ποιητὴς
2577 416 2653 478 ὡς
2684 413 3034 487 προείρηται,
3069 413 3211 469 κατὰ
3232 410 3327 468 τδν
3345 412 3511 484 νόμον
3532 413 3785 469 ιτέλισεν

522 526 588 564 ex
612 510 937 565 necessitate
968 508 1187 564 fuerunt
1218 510 1449 579 Azyma,
1481 518 1535 564 ct
1567 526 1816 581 azymum
1846 511 2096 578 praebuit.

522 605 663 671 Quid
696 605 860 673 igitur
888 604 1101 673 petitis?
1139 605 1548 674 lutet-rogamus
1582 621 1595 657 :
1626 620 1949 675 azymumne
1983 614 2101 659 erat

522 698 666 767 quod
689 696 939 751 Christus
968 697 1224 765 praebuit,
1251 713 1319 751 an
1355 697 1714 751 fermentum?
1736 697 1791 751 Si
1823 713 2099 767 azymum,

529 804 626 857 pro
662 790 819 843 nobis
857 788 910 843 id
945 800 1069 856 est;
1108 790 1152 844 si
1196 791 1523 854 fermentum
1552 832 1570 855 ,
1622 790 1904 846 Christum
1968 791 2102 860 legis

525 892 990 952 transgressorem
1040 898 1164 938 esse
1214 886 1297 938 vel
1331 886 1487 939 inviti
1530 886 1842 948 ostenditis.
1885 902 2009 940 eum
2047 888 2101 940 in

525 979 851 1047 Azymorum
882 978 967 1031 die
997 978 1379 1032 fermentatum
1415 992 1609 1047 panem
1640 988 1934 1033 servasset.

1274 1148 1360 1203 Vl.

600 1242 707 1298 Sed
739 1244 868 1313 quid
898 1244 1029 1299 dicit
1070 1242 1455 1313 Xanthopulus
1486 1244 1607 1315 (l)?
1639 1245 1967 1299 Praecedenti
2017 1242 2105 1298 die

526 1333 582 1389 id
611 1332 758 1389 fecit.
787 1332 895 1389 Hoc
928 1336 1066 1401 apud
1103 1351 1198 1389 eos
1245 1336 1336 1403 qui
1386 1335 1580 1389 mentis
1626 1345 1915 1404 compotes
1972 1348 2101 1390 sunt

526 1428 752 1482 stultum
788 1439 842 1481 et
871 1431 989 1483 sine
1022 1445 1187 1483 sensu
1218 1429 1657 1492 existimabitur;
1708 1445 1832 1484 nam
1879 1432 1923 1484 si
1965 1447 2104 1498 pra-.-

525 1522 736 1578 cedenti
789 1521 878 1576 die
929 1521 1169 1587 (coisset,
1226 1524 1282 1575 in
1334 1532 1577 1593 tempore
1609 1540 1716 1579 non
1760 1523 2019 1591 fecisset;
2057 1524 2102 1577 si

527 1630 655 1671 vero
700 1631 803 1671 non
860 1616 914 1669 in
974 1626 1260 1683 tempore,
1312 1631 1415 1669 nec
1466 1616 1555 1669 illa
1613 1616 1746 1670 hora
1787 1615 2100 1682 eﬂecissvt,

540 1692 912 1779 transgressor
946 1706 1081 1776 legis
1111 1723 1173 1761 ex
1198 1708 1525 1762 necessitate
1548 1708 1802 1762 Christus
1827 1708 2107 1762 convinci-

531 1812 641 1861 tur.
673 1801 801 1870 quia
827 1802 909 1853 lex
945 1801 1359 1870 quartadecima
1416 1801 1504 1855 die
1540 1800 1745 1855 mensis
1773 1799 2106 1869 vespereju-

532 1894 623 1948 bet
652 1893 859 1947 Pascha
889 1893 1186 1961 immolari.
1220 1892 1373 1959 Quod
1423 1892 1470 1947 si
1528 1893 1617 1947 die
1657 1893 2010 1960 praecedenti,
2041 1901 2100 1946 ut

534 2000 636 2041 vos
661 1984 863 2050 dicitis,
896 1984 1097 2047 eﬂecit,
1134 1986 1501 2039 tertiadecima
1556 1986 1646 2039 die
1701 1995 1930 2053 apparet
1980 1984 2108 2038 etle-

532 2078 703 2135 cisse.
746 2078 801 2132 Si
836 2094 961 2132 vero
992 2079 1387 2144 tertiadecima,
1431 2080 1689 2134 adversus
1722 2078 1856 2148 legis
1884 2078 2110 2131 manda-

534 2170 609 2227 tis
658 2171 986 2235 ostenditur,
1032 2187 1153 2240 quae
1202 2172 1356 2235 jubet
1408 2171 1819 2241 quartadecima
1872 2169 2013 2223 tieri.
2049 2168 2105 2221 Si

544 2263 843 2327 adversus,
900 2278 1030 2334 ergo
1080 2272 1133 2317 et
1188 2263 1322 2334 legis
1372 2273 1764 2331 transgressor.
1819 2259 2107 2329 Reliquum

536 2357 704 2427 igitur
733 2367 817 2410 est
860 2367 918 2410 ut
949 2359 1188 2411 credatis
1228 2373 1352 2411 eum
1388 2373 1495 2411 non
1543 2357 1890 2425 anticipasse,
1926 2355 2021 2409 sed
2056 2354 2107 2408 in

534 2458 775 2513 tempore
805 2448 1020 2505 fecisse.
1054 2450 1320 2505 Przeterea
1352 2451 1394 2503 si
1426 2452 1555 2503 dicit
1583 2452 1691 2515 lex,
1728 2464 1953 2517 vespere
2010 2448 2109 2504 Pa-

535 2543 667 2598 scha
686 2543 952 2599 celebrari
975 2551 1245 2613 oportere,
1272 2552 1324 2596 et
1347 2541 1599 2596 Christus
1630 2557 1854 2609 vespere
1878 2542 2109 2610 peregit,

538 2652 646 2690 non
684 2647 1054 2705 transgressus
1097 2644 1181 2689 est
1233 2638 1531 2690 secundum
1583 2634 1973 2703 evangelistam
2010 2633 2119 2685 Lu-

535 2744 679 2793 cam,
705 2730 793 2800 qui
822 2729 976 2795 dicit,
1008 2748 1028 2782 ι
1058 2729 1123 2783 Et
1154 2730 1373 2799 quando
1398 2729 1546 2782 venit
1579 2728 2021 2791 hora,discubnit
2056 2742 2105 2789 ς»

540 2838 665 2876 nam
706 2823 750 2877 si
781 2823 957 2877 media
996 2822 1084 2877 die
1122 2821 1356 2886 iecisset,
1380 2822 1484 2874 diei
1518 2829 1731 2890 poterat
1753 2835 1876 2872 eum
1920 2819 2113 2873 antici-

538 2930 700 2986 passe
730 2917 811 2969 vel
845 2925 1082 2983 tempus.
1114 2916 1193 2968 vel
1242 2917 1453 2977 horam,
1480 2923 1534 2967 et
1578 2910 1699 2967 ideo
1724 2911 2111 2966 fermentatum

539 3009 733 3066 fuisse.
766 3008 838 3062 At
867 3024 973 3062 non
1010 3008 1082 3061 ita
1121 3007 1321 3061 factum
1356 3015 1458 3060 est.
1486 3005 1747 3073 Discipuli
1800 3014 2063 3075 praeterea
2094 3040 2109 3063 .

544 3112 605 3158 ut
633 3116 774 3171 saepe
800 3102 1004 3156 dictum
1032 3110 1138 3164 est,
1167 3115 1290 3153 cum
1317 3097 1491 3153 Iudici
1523 3106 1727 3159 essent.
1759 3097 1918 3149 aliter
1942 3110 2107 3164 quam
2137 3113 2181 3170 ε

541 3196 845 3266 ρτεειὶιιιιο
885 3204 1130 3263 tempore
1164 3208 1324 3261 agere
1365 3207 1473 3246 non
1525 3190 1852 3246 debuerunt.
1886 3188 2109 3244 Prmsti-

540 3296 656 3343 tuta
688 3286 849 3354 igitur
872 3300 901 3339 a
930 3286 1045 3355 lege
1070 3285 1159 3339 die
1187 3284 1334 3349 fecit,
1368 3292 1424 3338 et
1446 3283 1667 3353 quando
1706 3284 1908 3354 Azyma
1934 3289 2111 3347 erant,

543 3391 601 3436 ut
626 3381 843 3436 divinus
870 3381 1006 3436 dixit
1038 3379 1233 3446 Lucas,
1264 3381 1314 3434 id
1346 3390 1425 3434 est
1446 3381 1618 3448 prima
1644 3379 1733 3433 die
1759 3379 2111 3450 Azymorum,

544 3488 657 3544 quo
695 3473 901 3529 Pascha
948 3473 1219 3528 immolari
1244 3473 1554 3542 oportebat.
1604 3470 1894 3538 Quomodo
1948 3471 2113 3537 igitur

544 3566 898 3635 anticipavit,
947 3564 994 3621 si
1031 3566 1202 3633 prima
1234 3566 1321 3619 (lie
1354 3568 1684 3633 Azymorum
1718 3564 1975 3632 discipuli
2025 3580 2116 3618 ac-

544 3667 856 3724 cesserunt,
886 3667 1126 3727 petentes
1150 3659 1237 3712 ubi
1259 3659 1417 3713 vellet
1449 3659 1625 3728 parari
1656 3657 1893 3713 Pascha?
1920 3658 2116 3712 Osten-

546 3767 667 3807 sum
698 3752 844 3806 enim
880 3760 962 3805 est
996 3752 1139 3820 quod
1182 3752 1351 3820 legale
1382 3762 1495 3805 tum
1548 3752 1755 3807 Pascha
1804 3754 2070 3820 parabant
2102 3791 2117 3812 ,

545 3853 602 3897 et
629 3843 716 3898 die
744 3844 1049 3911 prmstituta
1083 3854 1446 3914 peregerunt;
1486 3859 1609 3898 nam
1658 3845 1749 3914 qui
1812 3844 1893 3898 vel
1963 3843 2119 3913 prius

548 3937 629 3991 vel
662 3947 783 4005 post
808 3936 1010 4003 effecit,
1048 3938 1462 4009 transgreditur.
1498 3939 1887 4006 Quamobrem,
1916 3940 1994 3993 uti
2023 3953 2120 3994 vos

546 4029 899 4095 existimatis,
964 4040 1021 4084 et
1072 4029 1323 4088 Christus
1374 4032 1798 4101 transgreditur,
1861 4035 2117 4103 quoniam

548 4134 759 4193 tempus
800 4123 1137 4190 anticipavit.
1194 4122 1298 4178 Sed
1352 4140 1508 4180 nemo
1559 4126 1755 4181 mentis
1794 4140 2016 4193 compos
2070 4126 2122 4180 id

549 4229 788 4285 unquam
816 4214 1104 4284 percipiet,
1145 4215 1225 4269 vel
1258 4215 1457 4271 dixerit
1503 4231 1740 4287 unquam
1772 4235 1787 4282 ;
1819 4217 1914 4271 sed
1946 4233 2123 4272 unus-

549 4306 783 4373 quisque
831 4304 1004 4372 magis
1032 4304 1366 4371 intempore
1393 4316 1449 4361 et
1490 4307 1792 4361 secundum
1834 4307 2007 4376 legem
2048 4307 2127 4363 fe-

550 4396 693 4453 cisse
718 4396 882 4451 dieet.
920 4396 975 4450 ld
1014 4397 1303 4452 testabitur
1332 4412 1495 4453 aurea
1529 4398 1741 4468 lingua.
1784 4398 1889 4453 Sed
1937 4400 2121 4453 omnia

551 4489 814 4543 audentes
838 4487 1038 4553 Judaei,
1072 4497 1286 4557 tempus
1321 4500 1757 4558 praevenerunt;
1810 4490 1942 4545 dicit
1978 4491 2122 4545 enim

554 4582 645 4637 hic
685 4595 917 4652 magnus
963 4580 1123 4633 Pater
1156 4579 1223 4634 86
1258 4581 1477 4635 ltomilia
1522 4584 1574 4635 in
1616 4581 1847 4636 Joannis
1879 4581 2126 4653 Evange-

553 4669 684 4725 lium
713 4684 876 4740 super
910 4686 972 4723 ea
1002 4670 1163 4726 verba
1200 4688 1214 4725 :
1248 4690 1267 4723 ι
1306 4671 1596 4725 Adducunt
1626 4671 1823 4727 Jcsnm
1852 4688 1881 4726 a
1912 4672 2117 4742 Caipha

554 4761 608 4815 in
680 4763 994 4831 praetorium
1038 4779 1052 4814 :
1094 4780 1113 4814 ι
1178 4761 1308 4836 Cur‘
1364 4776 1430 4817 eo
1506 4764 1682 4832 ipsum
1743 4763 2125 4827 abduxerunt,

554 4856 645 4909 ubi
701 4869 891 4908 omnes
936 4865 1091 4910 erant
1150 4855 1501 4925 congregati?
1556 4853 1623 4910 Ut
1675 4872 1740 4910 ex
1804 4857 2124 4925 pontiﬁcum

555 4948 822 5009 sententia
850 4958 1043 5003 cuncta
1074 4960 1390 5018 peragerent
1416 4966 1431 5014 ;
1471 4963 1594 5004 nam
1619 4949 1664 5004 is
1693 4960 1821 5005 ιιιιιο
1854 4961 1971 5007 erat
1999 4966 2136 5021 pon-

556 5037 709 5102 tilex.
736 5050 787 5092 et
816 5055 1007 5094 omnes
1036 5056 1160 5095 cum
1198 5042 1617 5110 exspectabant.
1665 5043 1739 5096 Ita
1770 5044 1841 5098 ob
1872 5043 1977 5099 hoc
2014 5060 2136 5113 per-

556 5132 849 5185 noctabant
876 5141 930 5185 et
957 5130 1279 5200 vigilabant,
1305 5134 1433 5201 quia
1461 5143 1573 5187 tum
1599 5134 1805 5189 Pascha
1842 5150 1950 5190 non
1981 5150 2135 5189 com-

557 5224 803 5287 ederaut,
869 5224 1067 5295 inquit,
1120 5227 1214 5280 sed
1265 5235 1548 5295 propterea
1585 5225 1897 5297 vigilabant.
1933 5226 2135 5281 Dicens

557 5315 702 5369 enim
742 5316 911 5384 «quod
946 5332 1106 5369 mane
1137 5326 1306 5376 erat”
1340 5314 1582 5370 Joannes
1615 5316 1919 5384 subiunxit,
1954 5337 1971 5366 σ
2008 5318 2130 5373 Non

560 5418 687 5462 sunt
729 5409 960 5475 ingressi
998 5413 1311 5477 praetorium
1348 5420 1406 5463 ut
1452 5424 1560 5464 non
1595 5408 2131 5475 contaminarentur,

562 5497 654 5550 scd
695 5505 752 5550 ut
782 5497 985 5553 Pascha
1020 5499 1464 5554 mandu‘carent.»
1495 5500 1638 5565 Quid
1668 5502 1833 5570 igitur
1864 5500 2137 5557 dicemus?

564 5590 708 5660 quod
747 5589 917 5645 altera
948 5592 1035 5647 die
1066 5593 1444 5659 comederunt,
1468 5605 1524 5649 et
1559 5594 1731 5664 legem
1763 5593 2132 5658 violaverunt,

2204 510 2420 563 ἅπαντα
2443 525 2459 540 ο
2494 506 2588 561 καὶ
2634 509 2819 577 ἄζυμα
2857 503 3002 578 ἦσαν
3051 506 3391 576 ἀναγκαίως,
3438 506 3532 559 καὶ
3567 508 3784 578 ἄζυμον

2201 603 2541 672 παρέδωκεν.
2592 586 2660 655 Ti
2716 601 2811 655 οὖν
2862 600 3023 670 ὑμεῖς
3096 599 3396 671 βούλεσθες
3458 600 3781 671 ἱρωτιῖῳεν.

2206 699 2451 766 ’Δζυμον
2484 693 2552 767 ἦν
2582 696 2611 748 ὃ
2640 696 2958 766 παρέδωκεν
2990 696 3019 748 6
3053 695 3311 765 Χριστὸς.
3344 694 3379 763 ἢ
3416 691 3689 762 ῑνζυμον;
3728 693 3784 747 εἰ

2205 794 2306 864 μὶν
2340 794 2570 860 ἄζυμον,
2602 791 2741 859 πρὸς
2774 788 2930 858 ὑμῶν
2960 790 2989 841 6
3021 790 3177 857 λόγος
3197 804 3212 819 ο
3240 788 3289 841 si
3309 786 3355 840 δ’
3394 784 3646 856 ενζυμον,
3677 804 3785 839 πα·

2208 884 2453 955 ραϐάτην
2497 881 2592 935 τοῦ
2646 882 2812 951 νόμου
2842 883 2932 933 τὸν
2979 882 3218 952 Χριστὸν
3254 877 3644 947 ἀποφαίνεσθε,
3677 878 3786 932 κᾶν

2206 970 2283 1041 μὴ
2319 970 2583 1041 βούλησθε
2611 989 2627 1005 ο
2660 972 2743 1024 ὅτι
2775 974 2842 1041 τῇ
2876 972 2982 1025 τῶν
3024 970 3283 1040 Ἀζύμων
3312 971 3498 1042 ἡμέρα
3551 970 3784 1041 ἐφύλατ-

2204 1082 2294 1117 τεν
2330 1064 2564 1133 ἔνζυμον
2598 1061 2788 1132 άρτον.

2277 1249 2343 1300 Τί
2378 1249 2435 1302 δέ
2480 1266 2648 1317 φησιν
2690 1251 2718 1303 6
2769 1247 3191 1317 Ξανθόπουλο;;
3240 1249 3564 1319 Προλαϐὼν,
3618 1250 3789 1319 ῆγουν

2208 1342 2312 1411 πρδ
2348 1344 2477 1411 μιᾶς
2509 1343 2722 1411 ἡμέρας
2773 1342 3021 1409 ἐποίησε.
3057 1342 3232 1394 Τοῦτο
3279 1340 3375 1394 οὖν
3420 1343 3533 1404 τοῖς
3559 1336 3620 1394 εὖ
3654 1358 3790 1409 (ppo-

2206 1428 2381 1493 νοῦσι,
2424 1430 2651 1499 μάταιον
2709 1432 2803 1484 καὶ
2852 1432 3209 1498 ἀδιανόητον·
3256 1434 3305 1484 ei
3351 1432 3463 1502 γὰρ
3517 1432 3621 1500 πρὸ
3656 1434 3788 1501 μιᾶς

2207 1523 2421 1591 ἡμέρας
2448 1522 2728 1590 ἐποίησεν,
2760 1523 2863 1577 οὐκ
2896 1526 2951 1577 tv
2980 1525 3058 1594 τῷ
3096 1524 3272 1595 καιρῷ
3320 1527 3577 1595 ἐποίησεν
3600 1544 3613 1558 ο
3651 1528 3699 1578 εἰ
3729 1525 3789 1578 δὲ

2207 1615 2306 1667 οὐκ
2341 1616 2399 1667 ὲν
2428 1615 2503 1682 τῷ
2552 1616 2728 1685 καιρῷ
2762 1618 2857 1669 καὶ
2890 1619 2956 1687 τῇ
2999 1616 3120 1689 ὥρᾳ.
3184 1620 3431 1687 ἐποίησε,
3468 1620 3791 1689 παράνομος

2209 1709 2268 1773 ἐξ
2315 1709 2562 1776 ἀνάγκης
2605 1709 2881 1763 δείκνυται
2912 1711 2940 1761 6
2985 1712 3243 1779 Χριστός.
3284 1713 3345 1765 ’0
3378 1714 3487 1782 γὰρ
3523 1713 3690 1780 νόμος
3719 1716 3790 1785 τῇ

2205 1801 2776 1873 τεσσαρεσκαιδεκάτῃ
2805 1802 2899 1855 τοῦ
2931 1804 3097 1872 μηνὸς
3129 1806 3262 1874 πρδς
3295 1806 3537 1874 ἑσπέραν
3572 1805 3791 1858 κε).εύει

2205 1894 2266 1947 τὸ
2318 1895 2510 1963 Πάσχα
2565 1893 2811 1951 θύεσθαι.
2847 1895 2911 1949 Ei
2960 1894 3018 1949 δὲ
3070 1895 3176 1964 πρὸ
3210 1898 3340 1967 μιᾶς
3392 1898 3609 1967 ἡμέρας
3666 1899 3792 1952 καθ’

2207 1985 2351 2050 ὑμᾶς
2383 1987 2629 2053 ἐποίησε,
2668 1990 2734 2055 τῇ
2761 1989 3195 2061 τρισκαιδεκάτῃ
3231 1989 3484 2059 φαίνεται
3529 1992 3789 2060 ποιήσας.

2211 2080 2271 2131 Et
2298 2078 2355 2131 δὲ
2393 2082 2457 2149 τῇ
2494 2081 2948 2158 τρισκαιδεκάτῃ,
2987 2081 3247 2144 ἐναντίως
3278 2079 3557 2137 δείκνυται
3584 2084 3661 2153 τῷ
3691 2075 3790 2138 τοῦ

2209 2169 2373 2239 νόμου
2406 2170 2815 2245 προστάγματι,
2841 2175 3273 2241 προστάττοντος
3302 2176 3369 2243 τῇ
3394 2190 3792 2241 τεσσαρεσκαι-

2209 2261 2413 2333 δεκάτῃ
2448 2266 2643 2316 ποιεῖν.
2704 2261 2767 2315 El
2820 2264 2875 2315 δὲ
2917 2265 3183 2329 ἐναντίος,
3221 2266 3314 2319 καὶ
3365 2268 3681 2336 παράνομος
3731 2267 3794 2331 ἐξ

2209 2356 2475 2423 ἀνάγκης.
2509 2355 2709 2407 Λοιπὸν
2732 2356 2813 2409 δεῖ
2845 2355 3120 2409 πιστεύειν
3148 2358 3293 2426 ὑμᾶς
3355 2360 3438 2411 ὅτι
3466 2359 3530 2413 οὐ
3564 2358 3796 2427 προέλα-

2211 2447 2327 2512 ϐεν,
2357 2446 2491 2499 ἀλλὰ
2526 2447 2664 2499 κατὰ
2691 2447 2780 2499 τὸν
2812 2447 3002 2515 καιρδν
3035 2450 3313 2519 ἐποίησεν.
3348 2451 3469 2503 Ἔτι
3495 2453 3544 2504 εἰ
3576 2453 3602 2503 6
3626 2451 3793 2519 νόμος

2212 2540 2345 2607 φησὶ
2385 2538 2519 2606 πρὶς
2551 2539 2793 2606 ἑσπέραν
2838 2538 2896 2590 τὸ
2932 2538 3123 2609 Πάσχα
3153 2541 3423 2607 γίνεσθαι,
3455 2542 3555 2595 καὶ
3593 2542 3624 2595 6
3652 2542 3793 2609 Χρι-

2213 2633 2336 2689 στὸς
2369 2632 2607 2701 ἑσπέρας
2640 2634 2942 2701 γενομένης
2979 2632 3248 2694 ὶτέ).εσεν,
3278 2633 3339 2684 ο)
3373 2633 3613 2702 παρέϐη,
3646 2633 3794 2687 κατὰ

2211 2725 2302 2778 τὸν
2335 2725 2730 2794 εὐαγγελιστὴν
2763 2728 3005 2790 Λουκᾶν,
3034 2727 3262 2794 λέγοντα
3287 2742 3302 2757 ·
3338 2750 3360 2779 ι
3397 2728 3508 2781 Καὶ
3541 2728 3632 2780 ὅτε
3673 2727 3796 2795 ἔτι·

2211 2834 2350 2880 νετο,
2372 2818 2539 2888 ήῶρα
2558 2817 2872 2872 ἀνέπεσεν.»
2902 2820 2963 2873 κε
2981 2821 3093 2888 γὰρ
3122 2818 3325 2888 ἔπραξε
3358 2820 3530 2888 μέσης
3554 2821 3792 2890 ἡμέρας,

2213 2908 2339 2979 ἐξῆν
2365 2911 2432 2962 ἂν
2469 2912 2644 2962 εἰπεῖν
2670 2912 2753 2964 ὄτι
2790 2911 3093 2980 προέλαϐεν
3120 2911 3153 2982 ἦ
3193 2912 3387 2979 καιρὸν
3413 2911 3447 2982 ἢ
3475 2911 3628 2981 ὥραν
3655 2924 3671 2940 ·
3698 2912 3794 2965 καὶ

2213 3002 2300 3056 διὰ
2350 3001 2512 3056 τοῦτο
2558 3003 2652 3056 καὶ
2681 3002 2938 3071 ἐνζυμον.
2998 3003 3139 3057 Ἀλλ’
3186 3005 3285 3074 οὺχ
3328 3002 3502 3067 οὕτως
3552 3004 3794 3072 ιγένετο.

2216 3090 2348 3148 Εἶτα
2376 3097 2470 3148 καὶ
2503 3098 2552 3150 oi
2588 3094 2854 3165 pan-sa‘,
2874 3096 2948 3158 ὡς
2986 3094 3246 3158 πολλάκις
3274 3096 3515 3166 εἴρηται,
3556 3096 3796 3152 Ἰουδαῖοι

2214 3186 2388 3250 δντες,
2420 3189 2518 3241 οὐκ
2566 3188 2799 3259 ὤφειλον
2842 3189 3039 3256 ἄλλως,
3068 3188 3103 3260 ἢ
3138 3191 3196 3242 tv
3238 3190 3317 3260 τῷ
3358 3189 3796 3262 ἀποδεδειγμένῳ

2216 3282 2418 3351 καιρῷ,
2469 3281 2716 3351 ποιῆσαι.
2764 3281 3075 3351 Ἐνδέχεται
3129 3280 3223 3336 οὖν
3256 3283 3312 3335 tv
3340 3282 3419 3353 τῷ
3469 3284 3796 3356 τεταγμένῳ

2215 3372 2309 3429 τοῦ
2340 3374 2503 3443 νόμου
2535 3372 2713 3443 καιρῷ
2735 3374 2830 3426 καὶ
2862 3376 2929 3444 τῇ
2953 3373 3071 3445 ὥρᾳ
3100 3374 3330 3445 ἔπραξε,
3360 3375 3455 3427 καὶ
3476 3375 3547 3429 τὰ
3571 3377 3796 3446 Ἀζυμα

2216 3460 2377 3536 ἦσαν,
2413 3465 2487 3528 ὡς
2514 3466 2543 3519 6
2564 3465 2826 3535 Θεηγόρος
2849 3465 2953 3536 ἔφη
2982 3468 3221 3533 Λουκᾶς,
3250 3468 3334 3521 ὅτι
3362 3469 3431 3539 τῇ
3464 3469 3656 3541 πρώτῃ
3686 3470 3798 3525 τῶν

2230 3558 2506 3627 ’Δζύμων,
2560 3560 2618 3611 tv
2750 3561 2858 3613 ἔδει
2892 3560 3114 3614 θύεσθαι
3168 3560 3233 3615 τδ
3283 3562 3494 3632 Πάσχα.
3550 3564 3673 3627 ηὼς
3699 3559 3800 3619 οὖν

2223 3650 2511 3721 προλαϐὼν
2566 3653 2844 3724 ἐποίησεν,
2897 3655 2947 3706 si
3000 3657 3065 3723 τῇ
3120 3653 3315 3725 πρώτη
3367 3656 3477 3708 τῶν
3539 3656 3795 3727 Ἀζύμων

2222 3745 2526 3816 προσῆλῦον
2551 3747 2597 3797 oi
2630 3747 2870 3814 μαθηταὶ
2897 3745 3197 3813 αἰτοῦντες,
3220 3746 3304 3815 ﬁt"
3330 3744 3585 3812 βούλοιτὸ
3603 3748 3793 3817 Πάσχα

2222 3841 2367 3908 ἡμᾶς
2401 3840 2689 3907 ἑτοιμάσαι
2718 3855 2731 3903 ;
2762 3841 3044 3893 Δέδεικται
3073 3841 3184 3911 γὰρ
3220 3841 3304 3895 ὅτι
3341 3840 3436 3894 καὶ
3477 3841 3536 3894 τδ
3576 3843 3801 3912 νομικὸν

2223 3935 2529 4002 ἡτοίμασαν
2550 3932 2670 3985 τότε
2700 3932 2909 4001 Πάσχα,
2943 3933 3038 3986 καὶ
3066 3935 3125 3987 tv
3150 3932 3231 4002 τῷ
3258 3934 3581 4004 τεταγμένῳ
3620 3938 3801 4007 καιρῷ

2225 4023 2481 4103 ὶτέλεσαν
2500 4041 2516 4058 ο
2546 4026 2642 4078 καὶ
2667 4024 2777 4094 γὰρ
2802 4026 2892 4078 καὶ
2923 4025 2950 4078 6
2986 4024 3297 4095 προλαϐὼν,
3333 4026 3429 4080 καὶ
3469 4026 3500 4078 6
3530 4028 3799 4095 μεταϐὰς,

2226 4117 2562 4186 παράνομος.
2600 4114 2762 4170 Ὥστε
2800 4116 2925 4169 καθ’
2960 4117 3103 4186 ὑμᾶς
3144 4118 3237 4171 καὶ
3265 4120 3294 4172 6
3322 4118 3560 4185 Χριστὸς
3606 4121 3797 4190 παράα

2226 4226 2412 4278 νομος,
2447 4210 2571 4262 ἐπεὶ
2604 4208 2876 4278 προέλαϐε
2934 4209 3029 4262 τὸν
3055 4210 3273 4281 καιρόν.
3322 4209 3485 4265 Ἀλλά
3521 4210 3681 4266 τοῦτο
3706 4212 3804 4265 οὐ-

2226 4302 2337 4365 δεὶς
2369 4302 2478 4355 τῶν
2524 4297 2582 4355 εὖ
2621 4301 2965 4372 φρονούντων
3016 4304 3292 4375 νοήσει,ἢ
3337 4303 3483 4359 εῐποι
3528 4304 3626 4359 ἄν’
3666 4303 3805 4359 ά).λά

2236 4396 2455 4466 μᾶλλον,
2494 4396 2554 4447 ὲν
2583 4379 2661 4463 τῷ
2701 4393 2879 4463 καιρῷ
2909 4395 3003 4448 καὶ
3046 4396 3191 4449 κατὰ
3227 4395 3320 4449 τὸν
3361 4396 3524 4466 νόμον
3553 4398 3800 4467 tuaique,

2229 4491 2339 4551 sti;
2366 4506 2450 4549 τις
2480 4488 2545 4541 ἂν
2578 4487 2732 4558 εῐπῃ.
2767 4489 2879 4543 Καὶ
2910 4487 3070 4541 τοῦτο
3118 4490 3463 4559 μαρτυρήσει
3493 4491 3522 4543 6
3566 4488 3805 4560 χρυσοῦς

2227 4582 2325 4651 τὴν
2356 4578 2624 4647 γ).ὦτταν.
2672 4579 2735 4633 Oi
2770 4579 2827 4631 δὲ
2886 4580 2954 4631 τὰ
2992 4580 3173 4633 πάντα
3213 4580 3521 4651 τολμῶντες
3562 4581 3807 4635 Ἰουδαῖοι

2229 4674 2550 4744 παρέϐησαν
2582 4672 2675 4725 τὸν
2700 4674 2910 4742 καιρόν.
2938 4674 3078 4743 Φησὶ
3102 4674 3209 4743 γὰρ
3241 4676 3270 4726 6
3308 4676 3483 4742 μέγας
3513 4664 3666 4736 οὗτος
3701 4675 3809 4726 Πα-

2229 4766 2333 4834 τὴρ
2393 4767 2451 4817 tv
2494 4766 2562 4832 τῇ
2609 4764 2946 4834 ὀγδοηκοστῇ
3004 4769 3243 4835 τετάρτη
3273 4765 3463 4837 ὁμιλίᾳ
3517 4765 3614 4820 τοῦ
3666 4769 3809 4821 κατὰ

2244 4857 2500 4924 Ἰωάννην
2532 4857 2893 4926 Εὖαγγιλιου,
2923 4859 3003 4920 εἰς
3027 4859 3107 4919 τὸ,
3146 4877 3166 4909 ι
3209 4858 3439 4926 ’Δγουσι
3464 4860 3557 4912 τὸν
3600 4861 3809 4928 Ἰησοῦν

2232 4949 2342 5003 ἁπδ
2368 4948 2464 5003 τοῦ
2496 4950 2723 5016 Καϊάφα
2751 4950 2829 5011 εἰς
2861 4950 2922 5002 τὸ
2954 4950 3311 5018 πραιτώριονο
3371 4968 3392 5002 ι
3452 4950 3552 5005 Διὰ
3610 4952 3664 5005 τι
3692 4954 3812 5005 ἐκεῖ

2232 5042 2521 5112 ἀπήγαγον
2570 5041 2754 5107 αὐτὸν,
2792 5041 2922 5095 ἔνθα
2971 5043 3211 5106 ἅπαντες
3251 5038 3392 5113 ἦσαν
3438 5045 3810 5114 συνηγμένοις

2235 5135 2354 5189 Ἵνα
2384 5134 2523 5203 μετὰ
2558 5132 2783 5203 γνώμης
2815 5132 2994 5187 πάντα
3034 5135 3305 5201 ποιήσωσι
3332 5135 3440 5189 τῶν
3472 5136 3810 5207 ἀρχιερέων·

2234 5226 2443 5288 ἐκεῖνος
2488 5224 2597 5294 γὰρ
2626 5218 2695 5295 ἦν
2744 5224 2867 5277 τότε
2915 5224 3233 5295 ἀρχιερεὺς,
3287 5226 3382 5280 καὶ
3428 5227 3631 5291 πάντες
3669 5222 3815 5299 ἦσαν

2241 5316 2408 5371 αὐτὸν
2446 5316 2840 5385 ἀναμένοντεςθ
2894 5315 3037 5369 οὕτω
3080 5317 3490 5385 διενυκτέρευον
3524 5317 3616 5369 καὶ
3641 5315 3818 5387 ἠγρύ-

2242 5424 2408 5463 πνουν
2451 5408 2545 5461 ἐπὶ
2590 5409 2766 5479 τούτῳ
2790 5422 2805 5436 °
2834 5407 2897 5461 οὐ
2950 5407 3057 5475 γὰρ
3087 5408 3288 5475 ἔφαγον
3320 5408 3440 5460 τότε
3482 5407 3544 5460 τδ
3598 5407 3815 5477 Πάσχα,

2242 5503 2429 5571 φησὶν,
2457 5500 2593 5553 άλλᾶ
2619 5500 2707 5553 διὰ
2736 5498 2894 5552 τοῦτο
2921 5499 3259 5571 ἠγρύπνουν.
3335 5496 3524 5552 Εἰπὼν
3587 5499 3698 5568 γὰρ
3728 5500 3817 5553 ὅτι

2246 5610 2267 5645 ι
2304 5590 2485 5661 πρωῖα
2506 5589 2705 5654 ἑστὶν,ι
2732 5593 2760 5647 δ
2800 5590 3049 5663 Ἰωάννης
3067 5591 3362 5663 ἐπήγαγεν,
3388 5605 3410 5644 ι
3440 5587 3819 5663 οὺκιισῆλοον

639 5768 716 5837 (l)
748 5766 1083 5841 Nicephorus
1103 5769 1502 5842 XanthOpulus,
1536 5783 1728 5831 auctor
1758 5771 2017 5829 Historia:
2044 5772 2438 5829 ecclesiastica.
