4170 6280
396 359 538 428 1213
893 363 1045 426 PRO
1078 365 1300 429 CONC.
1341 367 1724 428 FLORENTo
1763 367 1925 430 CAP.
1977 369 2054 430 II.
2089 369 2185 430 DE
2221 370 2477 432 AZYMO
2506 373 2605 434 ET
2634 373 3172 440 FERMENTATO.
3492 378 3632 448 12η

394 474 476 540 είς
502 474 566 529 τὸ
592 472 950 547 πραιτώριον,
993 476 1082 530 ίνα
1113 477 1190 548 μὴ
1232 477 1555 548 μιανθῶσιν.
1591 478 1709 532 ἀλλ’
1745 479 1834 532 ίνα
1870 480 1971 548 φά-

2102 492 2134 537 ιι
2171 485 2454 553 cupiditati
2490 503 2600 558 qua
2628 487 2893 544 ardebant
2918 489 3243 546 inservirent
3269 490 3468 549 caedem
3498 494 3641 551 hanc

396 582 536 636 γωσι
560 567 623 622 τδ
639 567 854 641 Πάσχα.
889 588 907 621 ι
933 570 1000 624 Τί
1029 569 1125 624 οὖν
1152 571 1298 624 ἔστιν
1316 572 1492 624 εἰπεῖν
1517 587 1532 638 ;
1561 571 1686 624 Ὀτι
1720 574 1778 625 ἒν
1809 573 1972 645 ἑτέρᾳ

2102 579 2448 646 :crpetrandi,
2487 596 2610 634 nam
2653 589 2871 648 tempus
2903 581 3161 639 Christus
3200 599 3306 639 non
3340 594 3641 652 transgres-

397 659 624 729 ἔφαγον,
662 661 757 716 καὶ⁵
805 660 900 714 τδν
947 661 1113 729 νόμον
1155 662 1353 716 ἔλυσαν
1403 662 1492 716 διὰ
1529 662 1630 734 τὴν
1672 663 1972 732 ἐπιθυμίαν

2107 686 2168 725 ns
2198 681 2283 726 est
2315 672 2616 740 Paschalis,
2647 688 2774 727 cum
2805 689 3030 744 vespere
3065 676 3114 728 id
3150 677 3495 732 comedisset.
3531 677 3645 732 Sed

399 751 501 818 τὴν
529 753 660 822 περὶ
681 754 782 820 τὴν
801 752 1019 823 σφαγὴν
1045 754 1267 823 ταύτην.
1302 755 1436 808 Οὐδὲ
1464 756 1573 824 γὰρ
1600 757 1668 811 ἂν
1691 759 1718 809 ό
1737 757 1974 825 Χριστὸς

2102 763 2110 815 i
2138 773 2334 817 cuncta
2370 764 2660 831 audebant,
2699 779 3002 834 omnesque
3036 767 3179 834 leges
3202 767 3598 821 conculcabaut
3622 784 3649 825 ε

401 844 620 914 παρέϐη
671 846 763 900 τδν
812 847 1007 916 καιρὸν
1039 845 1133 901 τοῦ
1183 846 1376 916 Πάσχα
1429 847 1619 918 φαγὼν
1676 848 1808 902 αὐτὸ
1836 847 1973 916 πρὸς

2102 869 2202 906 iam
2236 855 2363 923 quia
2400 857 2750 911 vehementer
2782 857 2864 912 ira
2890 858 3225 920 aestuahant,
3270 875 3370 914 nec
3408 873 3531 913 eum
3563 860 3631 912 in-

401 933 675 1002 ισπίραν·
702 934 818 988 ἀλλ’
846 937 1043 990 ἐκείνοι
1079 936 1131 991 οί
1171 937 1350 991 πάντα
1379 938 1714 1004 τολμῶντες,
1744 939 1840 993 καὶ
1873 957 1976 1007 μυ-

2102 946 2324 1000 erlicere
2350 956 2619 1016 poterant,
2647 950 2898 1018 quamvis
2924 950 2976 1003 id
3010 966 3151 1019 saepe
3173 953 3411 1022 aggressi
3438 961 3646 1015 essent,

404 1028 554 1096 ρίους
600 1027 1044 1093 καταπατοῦντες
1097 1030 1329 1099 νόμους’
1367 1030 1555 1100 ἐπειδὴ
1605 1031 1714 1102 γὰρ
1769 1032 1976 1100 σφόδρα

2104 1053 2210 1090 unc
2243 1054 2366 1091 cum
2410 1040 2585 1107 ipsum
2627 1041 2904 1109 inopinato
2933 1044 3492 1112 comprehcndissent,
3526 1059 3643 1098 ma-

401 1119 552 1185 ἔξεον
576 1119 658 1190 τῷ
694 1120 875 1190 θυμῷ,
903 1123 1001 1176 καὶ
1048 1122 1310 1186 πολλάκις
1358 1123 1816 1194 ιπιχειρήσαντες
1852 1129 1975 1179 dive.

2102 1143 2292 1186 uerunt
2327 1133 2533 1189 Pascha
2567 1136 2842 1198 omittere,
2871 1145 2929 1190 ut
2961 1138 3311 1205 cupiditatem
3336 1152 3459 1190 eum
3484 1137 3650 1206 jugu-

402 1211 538 1276 λετν,
573 1213 671 1266 οὐκ
702 1212 954 1286 ἴσχυσαν,
975 1210 1106 1273 ’τότε
1134 1219 1392 1280 λαϐόντες
1424 1219 1584 1272 αὑτὸν
1624 1220 1974 1290 ἀπροσδοκή-

2102 1224 2222 1278 andi
2247 1226 2583 1294 explerenta
2619 1227 2790 1283 Audis
2809 1243 2903 1284 eos
2936 1239 3147 1299 tempus
3175 1238 3228 1283 et
3262 1230 3430 1300 legem
3471 1240 3650 1284 trans-

405 1321 532 1369 τως,
578 1309 895 1374 προείλοντο
940 1311 1034 1363 καὶ
1081 1309 1142 1364 τὸ
1190 1312 1384 1381 Πάσχα
1431 1313 1670 1381 ἀφεῖναι,
1708 1313 1846 1383 ὑπὲρ
1877 1313 1972 1368 τοῦ

2102 1331 2293 1377 :ressos
2349 1332 2501 1381 esse,
2553 1319 2839 1375 Christum
2885 1337 2990 1374 non
3039 1332 3445 1391 transgressum
3492 1323 3655 1378 esse?

404 1400 507 1472 τὴν
539 1402 766 1473 φονικὴν
789 1402 970 1457 αὐτῶν
994 1404 1614 1474 ἔμπλῆσαιᾷπιθυμίαν.
1647 1422 1664 1457 ι
1738 1403 1983 1468 Ἀκούεις

2102 1406 2164 1460 ihi
2197 1417 2323 1461 sunt
2347 1411 2438 1477 qui
2473 1411 2660 1464 dicunt
2694 1425 2816 1464 cum
2851 1413 3226 1482 anticipasse?

404 1494 491 1548 ὅτι
520 1495 717 1549 ἐκεῖνοι
743 1496 842 1566 μὶν
870 1496 1192 1567 παρέϐησαν
1219 1498 1311 1551 τὸν
1337 1499 1528 1568 καιρὶν
1554 1498 1760 1552 καὶτὸν
1787 1498 1974 1566 νόμον,
2010 1500 2037 1551 ὁ
2073 1499 2127 1550 δὲ
2160 1501 2395 1570 Χριστὸς
2427 1503 2487 1554 ού
2521 1505 2740 1576 παρέϐη
2769 1522 2782 1572 ;
2816 1505 2924 1558 Ποῦ
2976 1508 3114 1561 εἰσιν
3159 1510 3208 1562 οἱ
3271 1508 3525 1578 λέγοντες
3569 1507 3652 1569 δτι

407 1585 696 1658 προλαεὼύ
719 1591 978 1658 εποίησεν
1005 1608 1020 1658 ;

479 1681 699 1737 Τούτων
723 1686 905 1739 τοίνυν
935 1685 1110 1749 οὓτως
1150 1687 1407 1757 ἑχόντων,
1440 1687 1536 1742 καὶ
1581 1686 1976 1754 ἀποδεικνυμέ-

407 1793 516 1828 νων
547 1778 800 1846 φανερῶς
827 1776 1022 1841 οὓτως,
1060 1778 1142 1832 ὅτι
1187 1779 1396 1847 ἄζυμον
1430 1780 1751 1849 παρέδωκεν
1773 1780 1800 1831 ὁ
1845 1779 1889 1831 Χ
1898 1795 1979 1843 ρι-

2157 1685 2251 1742 llis
2281 1688 2447 1756 igitur
2480 1691 2551 1744 ita
2582 1705 2641 1745 se
2678 1691 3000 1748 hahentihns
3021 1733 3034 1756 ,
3069 1702 3122 1748 et
3151 1693 3224 1748 ita
3262 1694 3467 1765 liquido
3506 1706 3654 1752 com‘

2087 1780 2348 1846 probatis.
2378 1780 2655 1835 Christum
2686 1783 2862 1839 sacris
2898 1786 3160 1854 apostolis
3194 1801 3441 1857 azymum
3482 1789 3536 1842 in
3573 1788 3658 1841 die

411 1869 536 1930 στδς
563 1872 678 1934 τοῖς
707 1871 875 1942 ίεροῖς
900 1871 1063 1926 αὐτοῦ
1097 1871 1363 1942 μαθηταῖς
1397 1875 1452 1927 ἐν
1480 1876 1543 1941 τῇ
1574 1873 1685 1925 τῶν
1727 1869 1981 1938 Ἀζύμων

2102 1872 2412 1940 \zymorum
2453 1876 2741 1932 tradidisse
2801 1879 3078 1941 (existimo
3109 1880 3250 1934 enim
3278 1881 3419 1950 quod
3453 1881 3497 1937 si
3532 1891 3660 1937 tunc

411 1961 640 2033 ἡμέρᾳο
692 1959 848 2030 οἶμαι
893 1967 1024 2033 γὰρ,
1059 1961 1237 2033 οἶμαι,
1282 1965 1354 2028 ὡς
1383 1966 1552 2019 είούκ
1605 1965 1880 2017 ὲνεστὼσα
1917 1958 1984 2030 ἦν

411 2055 534 2107 τότε
563 2057 596 2123 ἡ
647 2056 759 2109 τῶν
805 2054 1056 2122 Ἀζύμων
1095 2059 1301 2129 ἡμέρα,
1331 2059 1391 2110 ὲν
1430 2056 1648 2126 ἑνζύμῳ
1692 2055 1983 2124 παρεδίδου

417 2145 484 2198 ἂν
516 2145 578 2198 τὸ
607 2145 933 2217 μυστήριον,
969 2146 1296 2217 βουλόμενος
1327 2149 1466 2212 ὅλως
1505 2145 1666 2200 τοῦτο
1710 2146 1984 2214 παραδού-

419 2257 548 2293 ναι·
586 2239 854 2310 μηδαμῶς
901 2239 1062 2305 λόγον
1117 2239 1440 2309 ποιούμενος
1491 2238 1728 2307 ὲνζύμου
1783 2254 1844 2289 τε
1893 2239 1986 2290 καὶ

417 2331 650 2402 ἀζύμου,
686 2333 757 2395 ὡς
789 2331 944 2396 εἰδὼς
978 2331 1077 2400 τὴν
1103 2333 1239 2402 ὓλην
1263 2349 1323 2386 τε
1355 2333 1449 2386 καὶ
1477 2332 1665 2385 οὐσίαν
1695 2330 1787 2384 τοῦ
1817 2331 1984 2399 ἄρτου

414 2426 555 2483 εἶναι
584 2429 648 2482 ἔκ
676 2427 848 2492 σίτου,
888 2425 1004 2490 πῶς
1033 2427 1500 2496 κατηγορήσωμεν
1525 2425 1653 2488 τοὺς
1686 2424 1826 2494 μετὰ
1851 2423 1987 2487 ἀζύ-

419 2537 536 2591 μων
566 2519 666 2587 τὴν
694 2520 885 2573 θυσίαν
942 2517 1231 2579 ποιοῦντας
1258 2532 1275 2583 ;
1319 2515 1352 2587 ἢ
1384 2516 1499 2578 πῶς
1545 2513 1986 2583 ὲναντιωθῶμεν,

415 2614 514 2680 τῆς
548 2612 702 2682 ίερᾶς
729 2611 950 2666 συνόδου
985 2609 1320 2679 κελευούσης
1351 2611 1410 2662 ιν
1439 2607 1518 2676 τῷ
1547 2609 1718 2676 αὐτῆς
1743 2609 1876 2678 ὅρῳ,
1907 2608 1988 2659 ὅτι

415 2707 478 2760 ιν
526 2705 862 2773 ἀμφοτέροις
897 2699 1006 2766 τοῖς
1043 2707 1236 2771 μέρεσι
1297 2701 1358 2768 τὸ
1402 2700 1494 2754 τοῦ
1540 2702 1778 2772 Χριστοῦ
1830 2701 1992 2769 σῶμα

417 2796 677 2857 τελεῖται,
708 2798 800 2849 καὶ
832 2797 892 2849 ὲν
936 2795 1133 2864 scapo
1163 2796 1258 2849 καὶ
1287 2794 1346 2847 ἑν
1391 2792 1647 2862 ὲνζύμῳς
1688 2788 1719 2846 ὃ
1748 2793 1990 2858 παρέλα-

422 2889 514 2941 ϐεν
544 2870 716 2951 huc}
747 2890 780 2956 ἡ
831 2885 954 2956 ίερέι
995 2885 1297 2956 Ἐκκλησία
1342 2886 1491 2956 παρὰ
1531 2884 1639 2937 τῶν
1669 2881 1830 2954 ιερῶν
1859 2883 1992 2935 ἀποο

424 2979 647 3035 στόλων.
695 2980 760 3034 οι
790 2979 897 3047 γὰρ
938 2980 1072 3048 ίεροὶ
1093 3002 1099 3008 ·
1120 2977 1432 3040 ἀπόστολοι,
1466 2977 1554 3030 ὅτε
1587 2975 1687 3030 οὐκ
1717 2970 1784 3044 ἦν
1833 2975 1860 3028 ὁ
1887 2973 1993 3026 τῶν

436 3069 685 3140 ’Δζύμων
738 3069 952 3139 καιρὸς,
987 3067 1112 3124 κατ’
1161 3063 1310 3121 οἶκον
1354 3067 1528 3137 ὄντες,
1559 3066 1797 3127 κλῶυτες
1829 3064 1994 3134 ἄρτον

2087 1967 2419 2035 Azymorum
2458 1971 2588 2023 hora
2625 1987 2730 2023 non
2786 1971 3096 2038 institisset,
3139 1974 3193 2028 in
3241 1973 3510 2029 fermento
3540 1992 3661 2049 my-

2089 2059 2313 2112 sterium
2370 2063 2707 2124 tradidisset,
2738 2065 2926 2120 volens
2961 2068 3186 2121 omnino
3239 2067 3368 2120 illud
3423 2069 3659 2131 tradere,

2089 2149 2244 2203 nihili
2290 2149 2496 2206 iaciens
2533 2163 2717 2208 utrum
2753 2156 2807 2209 in
2844 2144 3223 2212 fermento'vel
3261 2173 3450 2229 azymo
3479 2159 3532 2212 id
3576 2157 3663 2213 la-

2089 2255 2273 2310 ceret,
2315 2247 2494 2300 sciens
2529 2248 2808 2300 materiam
2844 2256 2898 2302 et
2926 2247 3289 2302 substantiam
3328 2264 3449 2303 esse
3503 2249 3662 2318 panis

2089 2351 2154 2389 es
2189 2337 2373 2389 tritico
2409 2339 2759 2406 constantis),
2809 2352 2918 2407 quo
2982 2350 3142 2408 pacto
3197 2340 3664 2408 reprehendemus

2090 2442 2184 2483 eos
2227 2428 2317 2495 qui
2353 2429 2405 2482 in
2443 2444 2636 2500 azymo
2675 2430 3029 2485 sacriﬁcant?
3061 2447 3164 2500 qua
3215 2433 3423 2487 ratione
3472 2433 3665 2486 adver-

2092 2522 2358 2581 sahimur.
2395 2536 2519 2576 cum
2553 2536 2710 2576 saera
2739 2523 2978 2594 synodus
3007 2525 3058 2577 iu
3092 2540 3193 2578 suo
3224 2523 3445 2579 decreto
3473 2524 3667 2592 iubeat

2093 2625 2325 2684 utroque
2363 2614 2524 2669 modo
2548 2614 2748 2669 Christi
2782 2630 2982 2681 corpus
3012 2618 3204 2671 confici
3236 2631 3416 2686 posse,
3444 2617 3498 2670 in
3537 2632 3661 2689 azy-

2094 2720 2183 2758 mu
2209 2704 2418 2759 scilicet
2446 2715 2502 2759 et
2532 2705 3055 2775 fermentatu?quod
3086 2706 3327 2762 Ecclesia
3347 2721 3502 2759 sacra
3542 2721 3668 2775 pro-

2097 2797 2236 2851 l'ecto
2258 2813 2288 2850 a
2310 2798 2485 2854 sacris
2512 2800 2718 2866 accepit
2754 2799 3047 2865 apostolis;
3072 2800 3212 2854 sacri
3241 2798 3391 2854 enim
3425 2797 3656 2868 apostoli

2094 2898 2248 2942 extra
2289 2898 2501 2956 tempus
2549 2888 2875 2958 Azymorum
2916 2888 3090 2942 fracto
3141 2905 3278 2957 pune
3326 2889 3658 2942 sacritieinm

2096 2981 2450 3052 peragebant,
2479 2996 2580 3036 nec
2610 2980 2758 3036 ullihi
2791 2990 3014 3051 apparet
3060 2997 3155 3038 eos
3195 2997 3446 3051 azymum
3477 2990 3668 3052 postu-

2096 3072 2260 3127 lasse.
2299 3071 2361 3126 Et
2389 3088 2581 3128 rursus
2611 3071 2665 3126 in
2695 3072 2887 3129 diebus
2913 3075 3259 3144 Azymornm,
3287 3088 3410 3126 cum
3441 3071 3663 3128 Jerusao

423 3163 524 3234 τὴν
545 3164 737 3217 θυσίαν
759 3162 1068 3226 ἐπετέλουν,
1100 3161 1191 3214 καὶ
1219 3158 1456 3230 οὐδαμοῦ
1482 3157 1732 3226 φαίνεται
1763 3156 1990 3218 τούτους

2102 3166 2202 3220 lem
2241 3165 2618 3220 fermentatum
2648 3183 2754 3222 non
2792 3167 3146 3235 reperiretur,
3173 3169 3377 3220 omisso
3408 3165 3650 3220 fermen-

424 3257 596 3311 αίτεῖυ
627 3257 853 3325 ἄζυμον.
883 3257 993 3310 Καὶ
1017 3255 1182 3307 πάλιν
1204 3254 1260 3306 ὲν
1280 3255 1399 3314 ταίς
1429 3252 1665 3320 ἡμέραις
1695 3249 1803 3301 τῶν
1837 3249 1994 3313 Ἀζύ-

424 3363 564 3419 μων,
599 3347 656 3400 ἐν
689 3344 1049 3415 Ἰερουσαλὴμ
1084 3343 1160 3413 μὴ
1188 3341 1586 3413 εὑρισκομένου
1608 3338 1866 3408 ενζύμου,
1894 3338 1996 3390 οὐκ

426 3441 660 3512 ῐνζυμον
690 3439 968 3502 αίτοῦντες
1002 3440 1101 3510 τὴν
1135 3439 1327 3494 θυσίαν
1362 3437 1698 3506 εἰργάζοντο.
1734 3435 1996 3506 "manu

424 3534 533 3600 γὰρ
565 3532 810 3601 ἀκριϐῶς
845 3532 928 3585 ὅτι
960 3531 1124 3602 ἀρκεῖ
1152 3529 1290 3601 πρὸς
1323 3527 1505 3591 τοῦτο,
1537 3528 1604 3581 lx
1650 3526 1799 3578 σίτου
1831 3520 1992 3578 εἶναι.

426 3626 502 3679 ῦύ
534 3625 635 3694 γὰρ
666 3624 753 3678 διὰ
789 3624 851 3677 τὸ
879 3622 954 3693 μὴ
981 3622 1126 3692 ἔχειν
1157 3622 1361 3692 μικρὰν
1393 3620 1597 3688 ζύμην,
1624 3614 1694 3691 ἦν
1718 3619 1897 3672 πάντα
1928 3618 1998 3670 τὰ

425 3718 724 3786 τελούμενα
762 3716 906 3784 ἀργά
930 3733 944 3747 ο
983 3718 1076 3770 καὶ
1119 3714 1354 3784 μάλιστα
1385 3713 1455 3766 τὰ
1485 3712 1580 3766 τοῦ
1610 3711 1864 3780 Σωτῆρος
1895 3711 1996 3780 ῥή-

430 3828 578 3881 ματα
603 3827 617 3841 °
645 3810 683 3864 ἆ
710 3827 826 3863 τινα
860 3809 1222 3876 μεταποιοῦσι
1271 3809 1361 3860 τὸν
1394 3808 1560 3878 ἄρτον
1593 3807 1686 3858 καὶ
1735 3803 1826 3859 τὸν
1855 3798 2000 3858 οἶνον

428 3907 529 3960 σὺν
554 3903 634 3972 τῷ
666 3902 840 3965 ὕδατι,
875 3904 958 3966 είς
988 3901 1148 3969 σῶμα
1179 3900 1276 3953 καὶ
1316 3894 1458 3968 αἷμα
1487 3896 1656 3951 αὐτοῦ
1681 3912 1696 3925 ·
1732 3895 1870 3949 ἀλλὰ
1904 3895 2001 3947 καὶ

427 3996 589 4052 τοῦτο
620 3997 672 4052 οί
699 3997 777 4067 μὴ
801 3999 866 4065 τῇ
895 3995 1101 4064 συνόδῳ
1129 3993 1407 4060 ἑπόμενοι,
1437 3989 1732 4060 ἀρνοῦνται
1756 4005 1772 4022 ο
1807 3988 1902 4041 καὶ
1934 3986 1996 4040 ού

430 4089 709 4143 πείθονται
744 4087 1022 4141 πιστεύειν
1067 4086 1139 4145 ὡς
1174 4087 1207 4151 ἡ
1251 4082 1550 4152 Ἐκκλησία
1585 4080 1887 4152 νομοθετεῖ,
1916 4079 2001 4134 ὅτι

431 4185 494 4236 ιν
522 4185 586 4252 τῇ
626 4184 877 4252 κυριακῇ
912 4182 1061 4248 φωνῇ
1090 4177 1292 4250 ἐκείνῃ,
1320 4181 1387 4246 τῇ
1422 4174 1654 4246 λεγούσῃ
1674 4188 1690 4205 ·
1723 4192 1741 4225 ι
1767 4172 2001 4239 Λάϐετε,

434 4276 663 4345 φάγετε,
697 4275 855 4327 τοῦτό
884 4272 985 4343 μού
1034 4275 1153 4325 ἔστι
1203 4273 1264 4324 τὸ
1316 4268 1500 4338 σῶμα,
1537 4268 1635 4322 καὶ
1681 4265 1842 4320 τοῦτό
1897 4262 2000 4335 μού

433 4370 550 4422 ιστι
581 4370 640 4420 τί.
663 4363 824 4436 αἷμα,
864 4385 883 4418 ι
915 4367 976 4417 τὸ
998 4366 1300 4434 μυστήριον
1325 4359 1628 4414 τελειοῦται
1653 4374 1668 4389 ’
1700 4358 1837 4413 ἀλλα
1864 4357 2004 4427 μετὰ

429 4461 624 4522 ταῦτα,
656 4461 714 4512 tv
746 4459 823 4528 τῷ
873 4457 1075 4525 λέγειν,
1107 4457 1262 4522 φασὶ,
1303 4474 1324 4506 ι
1354 4456 1462 4508 Καὶ
1517 4453 1744 4519 ποίησον
1778 4452 1872 4505 τὸν
1905 4449 2005 4520 μὲν

2100 3266 2212 3312 tato
2243 3258 2580 3313 sacriﬁcium
2627 3260 3007 3328 peragebant:
3057 3273 3180 3313 nam
3226 3267 3378 3312 certo
3427 3258 3672 3314 sciebant

2105 3349 2244 3405 satis
2283 3362 2402 3402 esse
2442 3348 2488 3403 si
2525 3363 2590 3402 ex
2624 3348 2810 3404 tritico
2836 3356 3112 3403 constaret
3141 3387 3158 3411 .
3190 3362 3290 3404 nec
3321 3348 3445 3417 quia
3477 3364 3666 3419 parum

2098 3437 2353 3494 fermenti
2375 3441 2659 3504 haberent,
2690 3455 2810 3508 qua:
2839 3440 3041 3496 ﬁebant
3077 3440 3280 3494 idcirco
3305 3438 3535 3496 fuissent
3554 3457 3673 3494 om-

2100 3533 2190 3585 nia
2217 3532 2394 3594 irrita,
2428 3532 2769 3600 potissimum
2799 3547 2925 3586 vero
2953 3531 3164 3587 Domini
3200 3533 3387 3596 verba,
3420 3549 3540 3601 qua:
3570 3548 3670 3602 pa-

2103 3641 2225 3680 nem
2256 3636 2310 3680 et
2343 3626 2534 3679 vinum
2593 3641 2713 3679 eum
2749 3639 2887 3691 aqua
2934 3623 2986 3676 in
3017 3637 3212 3691 corpus
3252 3634 3305 3678 et
3349 3623 3671 3691 sanguinem

2098 3720 2217 3787 ejus
2258 3725 2652 3772 transmittant.
2703 3717 2968 3770 (helenum
3014 3713 3201 3769 ethoc
3259 3714 3530 3781 ahnegant
3579 3714 3673 3782 qui

2105 3810 2376 3882 synodum
2413 3825 2519 3865 non
2552 3818 2858 3879 sequuntur
2894 3824 2908 3861 :
2945 3822 3044 3862 nec
3069 3805 3285 3861 suaderi
3323 3804 3538 3870 volunt,
3576 3821 3675 3861 nec

2106 3904 2326 3957 credere
2359 3901 2504 3969 quod
2539 3903 2716 3955 sancit
2753 3898 3020 3963 Ecclesia,
3055 3897 3200 3967 quod
3224 3895 3278 3950 in
3314 3897 3591 3953 Dominica
3612 3915 3675 3954 ea

2106 4008 2258 4057 voce,
2293 4008 2414 4061 quae
2443 3991 2599 4051 dicit.
2642 4009 2660 4042 ι
2697 3990 2963 4060 Accipite,
2995 3991 3287 4053 comedite.
3313 3989 3415 4047 hoc
3435 4000 3519 4045 est
3549 4004 3676 4045 cor-

2106 4099 2208 4154 pus
2237 4098 2473 4148 meum,»
2500 4092 2555 4137 et
2581 4079 2715 4136 «Hie
2746 4091 2828 4135 est
2854 4080 3078 4150 sanguis
3107 4093 3316 4147 mens,»
3353 4079 3676 4152 mysterium

2107 4176 2382 4246 peragitur
2409 4191 2424 4241 ;
2455 4174 2544 4228 sed
2575 4180 2695 4242 post
2728 4173 2865 4233 hanc.
2895 4187 3021 4227 cum
3050 4171 3255 4227 dicitur
3289 4172 3509 4241 (aiunt),
3551 4189 3572 4224 ι
3610 4173 3680 4227 Et

2111 4282 2303 4338 paan
2351 4268 2495 4320 hunc
2525 4265 2673 4321 eliice
2701 4265 3011 4320 venerabile
3043 4279 3246 4333 corpus
3269 4263 3474 4320 Christi
3506 4266 3581 4318 tui
3605 4305 3622 4330 ,
3651 4282 3673 4316 ι

2099 4374 2215 4426 ⁵ιιοιι
2250 4359 2632 4428 percipieutes,
2670 4358 2818 4427 quod
2850 4358 2952 4412 hoc
2973 4359 3146 4411 sancti
3185 4357 3437 4412 sacriﬁcii
3463 4364 3670 4428 myste-

2111 4452 2252 4505 rium
2299 4451 2553 4505 Christus
2588 4449 2811 4503 tradidit
2841 4464 2858 4502 :
2890 4464 2990 4503 nec
3037 4449 3143 4502 alia
3181 4458 3379 4518 praeter
3412 4462 3474 4503 ea
3506 4448 3674 4502 verba

431 4551 596 4623 ἄρτον
623 4551 832 4613 τοῦτον,
862 4550 1044 4619 τίμιον
1083 4547 1242 4617 σῶμα
1284 4545 1379 4600 τοῦ
1412 4543 1650 4616 Χριστοῦ
1692 4561 1786 4598 σου
1816 4558 1833 4574 °
1875 4562 1894 4595 ι
1930 4543 1998 4613 μὴ

2114 4543 2271 4607 dixit,
2307 4542 2436 4606 nisi,
2467 4559 2486 4592 ι
2526 4539 2791 4609 Accipite,
2823 4541 3114 4604 comedite,
3143 4549 3197 4595 et
3232 4539 3400 4595 hihite
3427 4555 3674 4601 omnes,»

435 4645 710 4706 συνιέντες
740 4645 822 4697 ὅτι
853 4642 912 4695 τὸ
939 4641 1242 4711 μυστήριον
1268 4637 1428 4692 τοῦτο
1452 4638 1552 4706 τῆς
1581 4637 1734 4706 ίερᾶς
1759 4635 2002 4704 τελετῆς,

435 4739 465 4791 6
497 4736 734 4806 Χριστὸς
760 4733 1042 4802 παρέδωκε
1067 4747 1082 4764 ο
1119 4733 1215 4784 καὶ
1247 4730 1440 4791 ἄλλους
1471 4728 1662 4796 λόγους
1702 4727 1804 4780 ούκ
1828 4721 2007 4788 εἶπεν,

437 4828 472 4898 ἢ
505 4825 718 4888 τούτοις
765 4825 859 4878 καὶ
912 4823 1093 4893 μόνον,
1143 4823 1227 4880 τδ.
1262 4841 1281 4874 ι
1318 4821 1553 4882 Λάϐετε,
1576 4818 1780 4886 φάγετε
1806 4832 1820 4848 ·
1862 4837 1882 4870 ι
1913 4816 2011 4869 καὶ

440 4919 520 4984 τὸ,
563 4937 582 4969 ι
631 4919 790 4971 Πὶετε
825 4917 1046 4977 πάντες.
1089 4934 1107 4967 ι
1143 4914 1248 4967 Καὶ
1280 4912 1401 4966 οὕτε
1427 4911 1653 4979 ποίησον
1681 4905 1858 4972 εἶπεν,
1885 4906 2010 4961 οὔτε

437 5012 606 5066 τᾶλλα
641 5013 742 5064 ὅσα
788 5011 948 5078 ἡμεῖς
981 5008 1235 5076 λέγομεν.
1290 4999 1450 5058 Οὗτοι
1494 5002 1604 5070 γὰρ
1630 5001 1679 5054 οἱ
1729 4999 1879 5066 λόγοι
1915 4999 2012 5052 καὶ

443 5104 596 5173 μόνοι
620 5101 718 5170 τὴν
774 5101 929 5167 ίσχὺν
962 5098 1144 5169 ἔχουσι
1169 5113 1188 5131 ο
1219 5096 1287 5150 τὰ
1310 5095 1355 5149 δ’
1383 5094 1518 5148 ἄλλα
1547 5095 1728 5146 πάντα
1752 5092 1851 5143 ὃσα
1874 5091 2011 5158 δῆτα

440 5195 536 5248 sui
570 5194 802 5263 λέγομεν
835 5190 1143 5260 εὐχόμενοι,
1175 5188 1315 5258 ὑπὲρ
1339 5185 1496 5257 ἡμῶν
1517 5183 1692 5237 ταῦτα
1724 5181 2009 5250 λέγονταιο

443 5286 512 5339 ἶν’
546 5287 692 5347 ὅπως
738 5280 1062 5352 ἀξιωθῶμεν
1093 5279 1333 5333 τοιούτου
1381 5277 1615 5347 αἵματος
1658 5273 2010 5343 κοινωνῆσαι,

442 5377 538 5428 καὶ
564 5375 812 5427 τοιούτου
844 5371 1096 5439 σώματος
1142 5367 1407 5439 ἅψασθαι.
1445 5367 1658 5435 Ὠσπερ
1691 5364 1801 5435 γὰρ
1853 5366 1913 5417 ὲν
1943 5365 2009 5432 τῇ

444 5467 739 5536 παραδόσει
761 5461 854 5517 τοῦ
883 5461 1152 5532 σωτηρίου
1179 5461 1580 5531 βαπτίσματος,
1603 5456 1798 5521 ἄλλους
1821 5456 2012 5524 λόγους

444 5559 546 5611 ούκ
594 5553 770 5617 εἶπεν,
819 5554 878 5626 ἦ,
923 5572 943 5605 ι
987 5551 1355 5623 Πορευθέντες
1404 5548 1782 5618 μαθητεύσατε
1835 5548 2014 5601 πάντα

444 5649 514 5702 τὰ
545 5649 697 5718 εθνη,
750 5647 1101 5719 βαπτίζοντες
1123 5643 1321 5705 αὐτοὺς
1351 5645 1433 5705 είς
1461 5640 1522 5694 τὸ
1571 5640 1742 5710 ὄνομα
1767 5638 1864 5693 τοῦ
1905 5643 2015 5694 lla-

445 5741 594 5809 τρὺξ,
626 5743 720 5794 καὶ
751 5740 843 5793 τοῦ
880 5737 1035 5804 Υίοῦ,
1067 5739 1160 5790 καὶ
1184 5736 1280 5786 τοῦ
1305 5735 1463 5798 ἁγίου
1498 5732 1812 5802 Πνεύματος
1833 5747 1882 5781 ἰ
1921 5729 2016 5782 καὶ

446 5831 592 5887 οὗτοι
620 5834 670 5886 οἰ
695 5831 842 5902 λόγοι
868 5832 1229 5904 ἑναπίμειναν
1253 5827 1422 5892 τύπος
1453 5824 1547 5881 τοῦ
1585 5825 1910 5898 μυστηρίου,
1937 5822 2011 5887 ὡς

2113 4650 2222 4688 non
2271 4631 2421 4688 eﬂice
2464 4633 2622 4697 dixit,
2668 4648 2842 4701 neque
2877 4641 3068 4686 czrtera
3120 4647 3242 4700 qua:
3281 4646 3381 4686 nos
3423 4630 3680 4697 dicimus,

2112 4728 2312 4797 quippe
2361 4740 2483 4782 cum
2521 4729 2633 4781 haec
2665 4734 2874 4779 tantum
2908 4725 3069 4778 verba
3104 4725 3207 4778 vim
3241 4725 3506 4778 hahereut
3531 4737 3548 4790 ;
3575 4738 3680 4777 cato

2114 4829 2230 4874 tera
2262 4820 2445 4875 omnia
2484 4835 2605 4889 quae
2639 4821 2902 4885 dicimus,
2943 4838 3040 4892 pro
3088 4821 3247 4876 nobis
3281 4836 3498 4878 orantes
3532 4820 3680 4875 diei-

2115 4925 2260 4974 mus,
2303 4919 2362 4964 ut
2407 4911 2533 4965 huic
2577 4912 2832 4980 sanguini
2884 4913 3291 4966 communicare
3341 4921 3506 4982 atque
3566 4912 3674 4966 hoc

2112 5015 2315 5070 corpus
2367 5011 2590 5070 tangere
2627 5018 2960 5057 mercamur.
3011 5003 3478 5068 Quemadmodum
3532 5005 3678 5057 enim

2118 5106 2241 5146 cum
2275 5092 2541 5161 baptisma
2569 5090 2801 5145 traderet
2836 5093 3095 5160 salutare,
3130 5094 3234 5148 alia
3261 5096 3427 5149 verba
3462 5111 3568 5149 non
3599 5095 3686 5149 ali-

2115 5181 2193 5234 ait
2225 5196 2407 5249 quam,
2435 5200 2454 5232 ι
2487 5181 2691 5236 Euntes
2715 5182 2903 5237 docete
2931 5197 3122 5237 omnes
3150 5194 3360 5253 gentes,
3396 5186 3680 5256 baptizan-

2115 5281 2198 5328 tes
2238 5289 2332 5329 eos
2359 5274 2414 5327 in
2446 5275 2667 5327 nomine
2698 5274 2903 5337 Patris,
2932 5284 2988 5329 et
3021 5273 3179 5342 Filii,
3204 5285 3256 5330 et
3287 5276 3520 5346 Spiritus
3551 5291 3682 5330 san-

2116 5371 2186 5421 cti
2225 5383 2238 5419 :
2271 5384 2289 5414 ι
2323 5373 2379 5419 et
2408 5378 2473 5420 ea
2505 5364 2669 5418 verba
2719 5376 3036 5420 manserunt
3083 5365 3258 5420 forma
3308 5369 3682 5434 sacramenti,

2118 5456 2320 5525 quippe
2342 5455 2544 5524 quibus
2560 5456 2786 5524 prolatis
2802 5455 3066 5524 baptisma
3091 5457 3427 5525 perticiatnr.
3448 5460 3682 5528 reliqua.

2115 5565 2239 5616 qua:
2262 5548 2502 5602 dicimus
2528 5563 2626 5616 pro
2659 5549 2840 5613 nobis,
2872 5563 2969 5618 pro
3000 5549 3275 5618 haptiaato
3310 5549 3475 5604 simul
3504 5559 3558 5605 et
3587 5567 3684 5619 pro

2116 5642 2436 5705 susceptare
2474 5635 2732 5700 dicimus,
2766 5637 2840 5690 ita
2885 5647 2939 5691 et
2984 5638 3057 5691 ibi
3104 5636 3239 5690 dicit
3283 5639 3350 5692 ad
3383 5637 3682 5706 discipulos

2111 5725 2386 5789 Christus,
2451 5743 2471 5778 ι
2539 5725 2796 5792 Accipite,
2857 5725 3144 5789 comedite,
3183 5735 3321 5792 etc.,
3360 5727 3466 5779 hoc
3523 5726 3684 5782 facite

2116 5818 2169 5874 in
2203 5832 2375 5873 turam
2401 5817 2973 5874 commemorationem
2997 5831 3009 5870 :
3041 5834 3059 5869 ι
3082 5815 3326 5885 nihilque
3346 5816 3494 5874 aliud
3515 5816 3679 5882 dixit.
