  <div class='ocr_page' id='page_1' title='image "/cluster/home/n/w/nwhite01/storage/ocr_20150623/159/mdp.39015015350443/620.png"; bbox 0 0 4206 6342; ppageno 0'>
   <div class='ocr_carea' id='block_1_1' title="bbox 469 330 613 397">
    <p class='ocr_par' dir='ltr' id='par_1_1' title="bbox 469 330 613 397">
     <span class='ocr_line' id='line_1_1' title="bbox 469 330 613 397; baseline -0.028 0"><span class='ocrx_word' id='word_1_1' title='bbox 469 330 613 397; x_wconf 74' lang='lat'><strong>1225</strong></span> 
     </span>
    </p>
   </div>
   <div class='ocr_carea' id='block_1_2' title="bbox 933 330 3250 427">
    <p class='ocr_par' dir='ltr' id='par_1_2' title="bbox 933 330 3250 427">
     <span class='ocr_line' id='line_1_2' title="bbox 933 330 3250 427; baseline 0.013 -35"><span class='ocrx_word' id='word_1_2' title='bbox 933 330 1085 394; x_wconf 80' lang='lat' dir='ltr'><strong>IRO</strong></span> <span class='ocrx_word' id='word_1_3' title='bbox 1122 331 1337 398; x_wconf 73' lang='lat' dir='ltr'><strong>CONC.</strong></span> <span class='ocrx_word' id='word_1_4' title='bbox 1381 337 1757 400; x_wconf 81' lang='lat' dir='ltr'><strong>FLORENT.</strong></span> <span class='ocrx_word' id='word_1_5' title='bbox 1812 337 1969 402; x_wconf 78' lang='lat' dir='ltr'><strong>CAP.</strong></span> <span class='ocrx_word' id='word_1_6' title='bbox 2021 341 2105 402; x_wconf 88' lang='lat' dir='ltr'><strong>ll.</strong></span> <span class='ocrx_word' id='word_1_7' title='bbox 2139 343 2231 402; x_wconf 83' lang='lat' dir='ltr'><strong>DE</strong></span> <span class='ocrx_word' id='word_1_8' title='bbox 2272 347 2526 407; x_wconf 76' lang='lat' dir='ltr'><strong>AZYMO</strong></span> <span class='ocrx_word' id='word_1_9' title='bbox 2569 350 2667 412; x_wconf 86' lang='lat' dir='ltr'><strong>ET</strong></span> <span class='ocrx_word' id='word_1_10' title='bbox 2709 354 3250 427; x_wconf 69' lang='lat' dir='ltr'><strong>FERMENTATO.</strong></span> 
     </span>
    </p>
   </div>
   <div class='ocr_carea' id='block_1_3' title="bbox 3578 366 3717 429">
    <p class='ocr_par' dir='ltr' id='par_1_3' title="bbox 3578 366 3717 429">
     <span class='ocr_line' id='line_1_3' title="bbox 3578 366 3717 429; baseline 0.022 -2"><span class='ocrx_word' id='word_1_11' title='bbox 3578 366 3717 429; x_wconf 69' lang='lat'><strong>1226</strong></span> 
     </span>
    </p>
   </div>
   <div class='ocr_carea' id='block_1_4' title="bbox 457 450 2034 545">
    <p class='ocr_par' dir='ltr' id='par_1_4' title="bbox 457 450 2034 526">
     <span class='ocr_line' id='line_1_4' title="bbox 457 450 2034 526; baseline 0.003 -21"><span class='ocrx_word' id='word_1_12' title='bbox 457 451 726 521; x_wconf 77' lang='grc' dir='ltr'><strong>δηλονότι,</strong></span> <span class='ocrx_word' id='word_1_13' title='bbox 761 450 855 503; x_wconf 76' lang='grc' dir='ltr'><strong>καὶ</strong></span> <span class='ocrx_word' id='word_1_14' title='bbox 885 452 1010 514; x_wconf 85' lang='grc' dir='ltr'><strong>ταῖς</strong></span> <span class='ocrx_word' id='word_1_15' title='bbox 1058 453 1118 505; x_wconf 85' lang='grc' dir='ltr'><strong>ἐν</strong></span> <span class='ocrx_word' id='word_1_16' title='bbox 1160 455 1225 522; x_wconf 79' lang='grc' dir='ltr'><strong>τῇ</strong></span> <span class='ocrx_word' id='word_1_17' title='bbox 1263 453 1544 523; x_wconf 81' lang='grc' dir='ltr'><strong>’Λνατο).ᾗ.</strong></span> <span class='ocrx_word' id='word_1_18' title='bbox 1586 457 1818 525; x_wconf 64' lang='lat' dir='ltr'><strong>&quot;Aprum</strong></span> <span class='ocrx_word' id='word_1_19' title='bbox 1850 456 1958 526; x_wconf 82' lang='grc' dir='ltr'><strong>γὰρ</strong></span> <span class='ocrx_word' id='word_1_20' title='bbox 1989 457 2034 510; x_wconf 68' lang='grc' dir='ltr'><strong>τὶ</strong></span> 
     </span>
    </p>
   </div>
   <div class='ocr_carea' id='block_1_5' title="bbox 2137 450 3721 545">
    <p class='ocr_par' dir='ltr' id='par_1_5' title="bbox 2152 457 3721 545">
     <span class='ocr_line' id='line_1_5' title="bbox 2152 457 3721 545; baseline 0.015 -35"><span class='ocrx_word' id='word_1_21' title='bbox 2152 457 2374 528; x_wconf 82' lang='lat' dir='ltr'><strong>inquam</strong></span> <span class='ocrx_word' id='word_1_22' title='bbox 2398 472 2452 516; x_wconf 78' lang='lat' dir='ltr'><strong>et</strong></span> <span class='ocrx_word' id='word_1_23' title='bbox 2482 461 2816 522; x_wconf 85' lang='lat' dir='ltr'><strong>Orientalem</strong></span> <span class='ocrx_word' id='word_1_24' title='bbox 2854 486 2869 524; x_wconf 88' lang='grc'>;</span> <span class='ocrx_word' id='word_1_25' title='bbox 2911 485 3036 524; x_wconf 88' lang='lat' dir='ltr'><strong>nam</strong></span> <span class='ocrx_word' id='word_1_26' title='bbox 3064 472 3287 541; x_wconf 80' lang='lat' dir='ltr'><strong>optime,</strong></span> <span class='ocrx_word' id='word_1_27' title='bbox 3323 482 3380 530; x_wconf 91' lang='lat' dir='ltr'><strong>ut</strong></span> <span class='ocrx_word' id='word_1_28' title='bbox 3409 477 3524 545; x_wconf 85' lang='lat' dir='ltr'><strong>ipse</strong></span> <span class='ocrx_word' id='word_1_29' title='bbox 3575 482 3721 536; x_wconf 55' lang='grc' dir='ltr'><strong>ιιι-ωε</strong></span> 
     </span>
    </p>
   </div>
   <div class='ocr_carea' id='block_1_6' title="bbox 457 544 2040 631">
    <p class='ocr_par' dir='ltr' id='par_1_6' title="bbox 457 544 2040 631">
     <span class='ocr_line' id='line_1_6' title="bbox 457 544 2040 631; baseline 0.002 -33"><span class='ocrx_word' id='word_1_30' title='bbox 457 544 981 616; x_wconf 66' lang='grc' dir='ltr'><strong>προκείμενον-κατ’</strong></span> <span class='ocrx_word' id='word_1_31' title='bbox 1023 546 1120 616; x_wconf 78' lang='grc' dir='ltr'><strong>ἐμὲ</strong></span> <span class='ocrx_word' id='word_1_32' title='bbox 1155 548 1449 617; x_wconf 74' lang='grc' dir='ltr'><strong>διεσάφησε</strong></span> <span class='ocrx_word' id='word_1_33' title='bbox 1475 563 1487 576; x_wconf 83' lang='lat'>&#39;</span> <span class='ocrx_word' id='word_1_34' title='bbox 1520 548 1623 618; x_wconf 79' lang='grc' dir='ltr'><strong>τὴν</strong></span> <span class='ocrx_word' id='word_1_35' title='bbox 1665 551 1766 618; x_wconf 80' lang='grc' dir='ltr'><strong>μὲν</strong></span> <span class='ocrx_word' id='word_1_36' title='bbox 1799 549 1927 618; x_wconf 74' lang='grc' dir='ltr'><strong>γὰρ,</strong></span> <span class='ocrx_word' id='word_1_37' title='bbox 1957 549 2040 631; x_wconf 29' lang='grc' dir='ltr'><strong>τῷ.</strong></span> 
     </span>
    </p>
   </div>
   <div class='ocr_carea' id='block_1_7' title="bbox 457 635 2036 710">
    <p class='ocr_par' dir='ltr' id='par_1_7' title="bbox 457 635 2036 710">
     <span class='ocr_line' id='line_1_7' title="bbox 457 635 2036 710; baseline 0.004 -20"><span class='ocrx_word' id='word_1_38' title='bbox 457 637 653 705; x_wconf 79' lang='grc' dir='ltr'><strong>ἁζύμῳ</strong></span> <span class='ocrx_word' id='word_1_39' title='bbox 683 635 922 706; x_wconf 74' lang='grc' dir='ltr'><strong>χρῆσθαι</strong></span> <span class='ocrx_word' id='word_1_40' title='bbox 970 655 1126 708; x_wconf 82' lang='grc' dir='ltr'><strong>φησι,</strong></span> <span class='ocrx_word' id='word_1_41' title='bbox 1158 637 1246 693; x_wconf 73' lang='grc' dir='ltr'><strong>διὰ</strong></span> <span class='ocrx_word' id='word_1_42' title='bbox 1275 641 1335 692; x_wconf 79' lang='grc' dir='ltr'><strong>τὸ</strong></span> <span class='ocrx_word' id='word_1_43' title='bbox 1380 640 1677 710; x_wconf 77' lang='grc' dir='ltr'><strong>εἰλικρινές</strong></span> <span class='ocrx_word' id='word_1_44' title='bbox 1715 659 1774 695; x_wconf 85' lang='grc' dir='ltr'><strong>τε</strong></span> <span class='ocrx_word' id='word_1_45' title='bbox 1808 644 1900 695; x_wconf 78' lang='grc' dir='ltr'><strong>καὶ</strong></span> <span class='ocrx_word' id='word_1_46' title='bbox 1937 661 2036 697; x_wconf 82' lang='grc' dir='ltr'><strong>κα-</strong></span> 
     </span>
    </p>
   </div>
   <div class='ocr_carea' id='block_1_8' title="bbox 458 731 2033 802">
    <p class='ocr_par' dir='ltr' id='par_1_8' title="bbox 458 731 2033 802">
     <span class='ocr_line' id='line_1_8' title="bbox 458 731 2033 802; baseline 0.003 -18"><span class='ocrx_word' id='word_1_47' title='bbox 458 731 779 800; x_wconf 80' lang='grc' dir='ltr'><strong>θαρώτατον</strong></span> <span class='ocrx_word' id='word_1_48' title='bbox 810 732 907 800; x_wconf 68' lang='grc' dir='ltr'><strong>τῆς</strong></span> <span class='ocrx_word' id='word_1_49' title='bbox 935 732 1139 798; x_wconf 72' lang='grc' dir='ltr'><strong>σαρκὸς</strong></span> <span class='ocrx_word' id='word_1_50' title='bbox 1160 731 1252 784; x_wconf 85' lang='grc' dir='ltr'><strong>τοῦ</strong></span> <span class='ocrx_word' id='word_1_51' title='bbox 1281 731 1487 802; x_wconf 80' lang='grc' dir='ltr'><strong>Κυρίου</strong></span> <span class='ocrx_word' id='word_1_52' title='bbox 1516 747 1530 762; x_wconf 69' lang='grc' dir='ltr'><strong>ο</strong></span> <span class='ocrx_word' id='word_1_53' title='bbox 1561 732 1641 784; x_wconf 83' lang='grc' dir='ltr'><strong>ὅτι</strong></span> <span class='ocrx_word' id='word_1_54' title='bbox 1670 733 1948 801; x_wconf 71' lang='grc' dir='ltr'><strong>ἂψαυστόν</strong></span> <span class='ocrx_word' id='word_1_55' title='bbox 1973 751 2033 788; x_wconf 90' lang='grc' dir='ltr'><strong>τε</strong></span> 
     </span>
    </p>
   </div>
   <div class='ocr_carea' id='block_1_9' title="bbox 457 823 2034 898">
    <p class='ocr_par' dir='ltr' id='par_1_9' title="bbox 457 823 2034 898">
     <span class='ocr_line' id='line_1_9' title="bbox 457 823 2034 898; baseline 0.003 -22"><span class='ocrx_word' id='word_1_56' title='bbox 457 825 556 877; x_wconf 70' lang='grc' dir='ltr'><strong>καὶ</strong></span> <span class='ocrx_word' id='word_1_57' title='bbox 581 823 934 877; x_wconf 76' lang='grc' dir='ltr'><strong>ἀνεπίδεκτον</strong></span> <span class='ocrx_word' id='word_1_58' title='bbox 961 825 1158 894; x_wconf 80' lang='grc' dir='ltr'><strong>μώμου</strong></span> <span class='ocrx_word' id='word_1_59' title='bbox 1187 826 1419 887; x_wconf 77' lang='grc' dir='ltr'><strong>παντός’</strong></span> <span class='ocrx_word' id='word_1_60' title='bbox 1448 825 1549 897; x_wconf 75' lang='grc' dir='ltr'><strong>τὴν</strong></span> <span class='ocrx_word' id='word_1_61' title='bbox 1577 825 1654 891; x_wconf 78' lang='grc' dir='ltr'><strong>δὲ,</strong></span> <span class='ocrx_word' id='word_1_62' title='bbox 1691 826 1770 896; x_wconf 83' lang='grc' dir='ltr'><strong>τῷ</strong></span> <span class='ocrx_word' id='word_1_63' title='bbox 1793 826 2034 898; x_wconf 80' lang='grc' dir='ltr'><strong>ἐνζύμῳ,</strong></span> 
     </span>
    </p>
   </div>
   <div class='ocr_carea' id='block_1_10' title="bbox 459 915 2036 990">
    <p class='ocr_par' dir='ltr' id='par_1_10' title="bbox 459 915 2036 990">
     <span class='ocr_line' id='line_1_10' title="bbox 459 915 2036 990; baseline 0.003 -22"><span class='ocrx_word' id='word_1_64' title='bbox 459 915 550 969; x_wconf 65' lang='grc' dir='ltr'><strong>διὰ</strong></span> <span class='ocrx_word' id='word_1_65' title='bbox 578 916 678 984; x_wconf 77' lang='grc' dir='ltr'><strong>τὴν</strong></span> <span class='ocrx_word' id='word_1_66' title='bbox 722 916 922 969; x_wconf 76' lang='grc' dir='ltr'><strong>ἕνωσιν</strong></span> <span class='ocrx_word' id='word_1_67' title='bbox 967 917 1066 986; x_wconf 81' lang='grc' dir='ltr'><strong>τῆς</strong></span> <span class='ocrx_word' id='word_1_68' title='bbox 1100 916 1352 986; x_wconf 79' lang='grc' dir='ltr'><strong>θεότητος</strong></span> <span class='ocrx_word' id='word_1_69' title='bbox 1380 935 1440 971; x_wconf 84' lang='grc' dir='ltr'><strong>τε</strong></span> <span class='ocrx_word' id='word_1_70' title='bbox 1472 919 1566 971; x_wconf 78' lang='grc' dir='ltr'><strong>καὶ</strong></span> <span class='ocrx_word' id='word_1_71' title='bbox 1611 918 2036 990; x_wconf 74' lang='grc' dir='ltr'><strong>ἀνθρωπότητος</strong></span> 
     </span>
    </p>
   </div>
   <div class='ocr_carea' id='block_1_11' title="bbox 455 1007 2038 1082">
    <p class='ocr_par' dir='ltr' id='par_1_11' title="bbox 455 1007 2038 1082">
     <span class='ocr_line' id='line_1_11' title="bbox 455 1007 2038 1082; baseline 0.003 -22"><span class='ocrx_word' id='word_1_72' title='bbox 455 1009 554 1073; x_wconf 79' lang='grc' dir='ltr'><strong>τῆς</strong></span> <span class='ocrx_word' id='word_1_73' title='bbox 582 1007 750 1062; x_wconf 79' lang='grc' dir='ltr'><strong>αὑτοῦ</strong></span> <span class='ocrx_word' id='word_1_74' title='bbox 781 1009 1157 1071; x_wconf 75' lang='grc' dir='ltr'><strong>ὑποστάσεως.</strong></span> <span class='ocrx_word' id='word_1_75' title='bbox 1188 1009 1299 1062; x_wconf 81' lang='grc' dir='ltr'><strong>Καὶ</strong></span> <span class='ocrx_word' id='word_1_76' title='bbox 1326 1009 1557 1072; x_wconf 74' lang='grc' dir='ltr'><strong>εἰκότως</strong></span> <span class='ocrx_word' id='word_1_77' title='bbox 1578 1025 1594 1041; x_wconf 86' lang='grc'>⁶</span> <span class='ocrx_word' id='word_1_78' title='bbox 1629 1007 1820 1081; x_wconf 83' lang='grc' dir='ltr'><strong>ὥσπερ</strong></span> <span class='ocrx_word' id='word_1_79' title='bbox 1845 1013 1956 1082; x_wconf 83' lang='grc' dir='ltr'><strong>γὰρ</strong></span> <span class='ocrx_word' id='word_1_80' title='bbox 1974 1011 2038 1064; x_wconf 82' lang='grc' dir='ltr'><strong>τὸ</strong></span> 
     </span>
    </p>
   </div>
   <div class='ocr_carea' id='block_1_12' title="bbox 457 1099 2039 1172">
    <p class='ocr_par' dir='ltr' id='par_1_12' title="bbox 457 1099 2039 1172">
     <span class='ocr_line' id='line_1_12' title="bbox 457 1099 2039 1172; baseline 0.003 -18"><span class='ocrx_word' id='word_1_81' title='bbox 457 1101 666 1170; x_wconf 75' lang='grc' dir='ltr'><strong>ἄζυμον</strong></span> <span class='ocrx_word' id='word_1_82' title='bbox 696 1099 1027 1155; x_wconf 79' lang='grc' dir='ltr'><strong>λεπτότατόν</strong></span> <span class='ocrx_word' id='word_1_83' title='bbox 1047 1119 1110 1154; x_wconf 88' lang='grc' dir='ltr'><strong>τε</strong></span> <span class='ocrx_word' id='word_1_84' title='bbox 1135 1102 1227 1155; x_wconf 80' lang='grc' dir='ltr'><strong>καὶ</strong></span> <span class='ocrx_word' id='word_1_85' title='bbox 1262 1101 1653 1172; x_wconf 81' lang='grc' dir='ltr'><strong>καθαρώτατύν</strong></span> <span class='ocrx_word' id='word_1_86' title='bbox 1686 1104 1826 1169; x_wconf 82' lang='grc' dir='ltr'><strong>ἐστι,</strong></span> <span class='ocrx_word' id='word_1_87' title='bbox 1861 1105 1948 1159; x_wconf 67' lang='grc' dir='ltr'><strong>διὰ</strong></span> <span class='ocrx_word' id='word_1_88' title='bbox 1977 1105 2039 1159; x_wconf 64' lang='grc' dir='ltr'><strong>τὸ</strong></span> 
     </span>
    </p>
   </div>
   <div class='ocr_carea' id='block_1_13' title="bbox 454 1191 2039 1267">
    <p class='ocr_par' dir='ltr' id='par_1_13' title="bbox 454 1191 2039 1267">
     <span class='ocr_line' id='line_1_13' title="bbox 454 1191 2039 1267; baseline 0.003 -21"><span class='ocrx_word' id='word_1_89' title='bbox 454 1191 585 1247; x_wconf 70' lang='grc' dir='ltr'><strong>ἄνευ</strong></span> <span class='ocrx_word' id='word_1_90' title='bbox 626 1193 807 1262; x_wconf 80' lang='grc' dir='ltr'><strong>ζύμης</strong></span> <span class='ocrx_word' id='word_1_91' title='bbox 855 1194 1108 1259; x_wconf 78' lang='grc' dir='ltr'><strong>γενέσθαι</strong></span> <span class='ocrx_word' id='word_1_92' title='bbox 1149 1195 1306 1260; x_wconf 74' lang='grc' dir='ltr'><strong>αὐτὸ,</strong></span> <span class='ocrx_word' id='word_1_93' title='bbox 1341 1194 1493 1265; x_wconf 79' lang='grc' dir='ltr'><strong>ζύμη</strong></span> <span class='ocrx_word' id='word_1_94' title='bbox 1529 1197 1641 1266; x_wconf 71' lang='grc' dir='ltr'><strong>γὰρ</strong></span> <span class='ocrx_word' id='word_1_95' title='bbox 1692 1197 1727 1267; x_wconf 79' lang='grc' dir='ltr'><strong>ἠ</strong></span> <span class='ocrx_word' id='word_1_96' title='bbox 1779 1197 2039 1267; x_wconf 79' lang='grc' dir='ltr'><strong>ἁμαρτία</strong></span> 
     </span>
    </p>
   </div>
   <div class='ocr_carea' id='block_1_14' title="bbox 457 1284 2034 1359">
    <p class='ocr_par' dir='ltr' id='par_1_14' title="bbox 457 1284 2034 1359">
     <span class='ocr_line' id='line_1_14' title="bbox 457 1284 2034 1359; baseline 0.004 -21"><span class='ocrx_word' id='word_1_97' title='bbox 457 1284 612 1355; x_wconf 65' lang='grc' dir='ltr'><strong>παρὰ</strong></span> <span class='ocrx_word' id='word_1_98' title='bbox 644 1288 709 1356; x_wconf 76' lang='grc' dir='ltr'><strong>τῇ</strong></span> <span class='ocrx_word' id='word_1_99' title='bbox 745 1284 932 1354; x_wconf 79' lang='grc' dir='ltr'><strong>Γραφῇ</strong></span> <span class='ocrx_word' id='word_1_100' title='bbox 988 1285 1226 1353; x_wconf 83' lang='grc' dir='ltr'><strong>λέγεται,</strong></span> <span class='ocrx_word' id='word_1_101' title='bbox 1266 1286 1412 1344; x_wconf 74' lang='grc' dir='ltr'><strong>οὕτω</strong></span> <span class='ocrx_word' id='word_1_102' title='bbox 1465 1288 1560 1342; x_wconf 75' lang='grc' dir='ltr'><strong>καὶ</strong></span> <span class='ocrx_word' id='word_1_103' title='bbox 1593 1287 1654 1343; x_wconf 74' lang='grc' dir='ltr'><strong>τὸ</strong></span> <span class='ocrx_word' id='word_1_104' title='bbox 1686 1287 1782 1343; x_wconf 88' lang='grc' dir='ltr'><strong>τοῦ</strong></span> <span class='ocrx_word' id='word_1_105' title='bbox 1826 1290 2034 1359; x_wconf 80' lang='grc' dir='ltr'><strong>Κυρίου</strong></span> 
     </span>
    </p>
   </div>
   <div class='ocr_carea' id='block_1_15' title="bbox 459 1378 2038 1451">
    <p class='ocr_par' dir='ltr' id='par_1_15' title="bbox 459 1378 2038 1451">
     <span class='ocr_line' id='line_1_15' title="bbox 459 1378 2038 1451; baseline 0.004 -21"><span class='ocrx_word' id='word_1_106' title='bbox 459 1379 619 1448; x_wconf 84' lang='grc' dir='ltr'><strong>σῶμα</strong></span> <span class='ocrx_word' id='word_1_107' title='bbox 667 1378 1055 1450; x_wconf 75' lang='grc' dir='ltr'><strong>καθαρώτατον</strong></span> <span class='ocrx_word' id='word_1_108' title='bbox 1081 1378 1162 1445; x_wconf 80' lang='grc' dir='ltr'><strong>δν,</strong></span> <span class='ocrx_word' id='word_1_109' title='bbox 1211 1380 1310 1435; x_wconf 78' lang='grc' dir='ltr'><strong>καὶ</strong></span> <span class='ocrx_word' id='word_1_110' title='bbox 1352 1382 1709 1438; x_wconf 72' lang='grc' dir='ltr'><strong>ἀνεπίδεκτον</strong></span> <span class='ocrx_word' id='word_1_111' title='bbox 1755 1383 2038 1451; x_wconf 83' lang='grc' dir='ltr'><strong>ἁμαρτίας</strong></span> 
     </span>
    </p>
   </div>
   <div class='ocr_carea' id='block_1_16' title="bbox 457 1470 2036 1547">
    <p class='ocr_par' dir='ltr' id='par_1_16' title="bbox 457 1470 2036 1547">
     <span class='ocr_line' id='line_1_16' title="bbox 457 1470 2036 1547; baseline 0.004 -24"><span class='ocrx_word' id='word_1_112' title='bbox 457 1473 657 1542; x_wconf 79' lang='grc' dir='ltr'><strong>πάσης,</strong></span> <span class='ocrx_word' id='word_1_113' title='bbox 690 1470 758 1525; x_wconf 81' lang='grc' dir='ltr'><strong>δι’</strong></span> <span class='ocrx_word' id='word_1_114' title='bbox 791 1472 1005 1542; x_wconf 77' lang='grc' dir='ltr'><strong>ἀζύμου</strong></span> <span class='ocrx_word' id='word_1_115' title='bbox 1046 1475 1436 1544; x_wconf 84' lang='grc' dir='ltr'><strong>ίερουργεῖται.</strong></span> <span class='ocrx_word' id='word_1_116' title='bbox 1470 1476 1583 1529; x_wconf 82' lang='grc' dir='ltr'><strong>Καὶ</strong></span> <span class='ocrx_word' id='word_1_117' title='bbox 1608 1475 1804 1547; x_wconf 77' lang='grc' dir='ltr'><strong>ὥσπερ</strong></span> <span class='ocrx_word' id='word_1_118' title='bbox 1826 1478 1856 1530; x_wconf 83' lang='grc' dir='ltr'><strong>δ</strong></span> <span class='ocrx_word' id='word_1_119' title='bbox 1882 1477 2036 1541; x_wconf 75' lang='grc' dir='ltr'><strong>ἒνζυ-</strong></span> 
     </span>
    </p>
   </div>
   <div class='ocr_carea' id='block_1_17' title="bbox 459 1564 2034 1637">
    <p class='ocr_par' dir='ltr' id='par_1_17' title="bbox 459 1564 2034 1637">
     <span class='ocr_line' id='line_1_17' title="bbox 459 1564 2034 1637; baseline 0.005 -22"><span class='ocrx_word' id='word_1_120' title='bbox 459 1581 561 1634; x_wconf 89' lang='grc' dir='ltr'><strong>μος</strong></span> <span class='ocrx_word' id='word_1_121' title='bbox 630 1564 722 1618; x_wconf 69' lang='grc' dir='ltr'><strong>διὰ</strong></span> <span class='ocrx_word' id='word_1_122' title='bbox 769 1567 867 1635; x_wconf 79' lang='grc' dir='ltr'><strong>τῆς</strong></span> <span class='ocrx_word' id='word_1_123' title='bbox 922 1564 1103 1636; x_wconf 80' lang='grc' dir='ltr'><strong>ζύμης</strong></span> <span class='ocrx_word' id='word_1_124' title='bbox 1169 1569 1549 1637; x_wconf 75' lang='grc' dir='ltr'><strong>ἀρτοποιεῖται</strong></span> <span class='ocrx_word' id='word_1_125' title='bbox 1590 1570 1687 1622; x_wconf 75' lang='grc' dir='ltr'><strong>καὶ</strong></span> <span class='ocrx_word' id='word_1_126' title='bbox 1755 1574 1838 1634; x_wconf 86' lang='grc' dir='ltr'><strong>είς</strong></span> <span class='ocrx_word' id='word_1_127' title='bbox 1903 1572 2034 1625; x_wconf 70' lang='grc' dir='ltr'><strong>ὑπέ-</strong></span> 
     </span>
    </p>
   </div>
   <div class='ocr_carea' id='block_1_18' title="bbox 457 1659 2034 1734">
    <p class='ocr_par' dir='ltr' id='par_1_18' title="bbox 457 1659 2034 1734">
     <span class='ocr_line' id='line_1_18' title="bbox 457 1659 2034 1734; baseline 0.006 -24"><span class='ocrx_word' id='word_1_128' title='bbox 457 1675 655 1712; x_wconf 80' lang='grc' dir='ltr'><strong>στασιν</strong></span> <span class='ocrx_word' id='word_1_129' title='bbox 684 1659 1004 1730; x_wconf 70' lang='grc' dir='ltr'><strong>παχυτέραν</strong></span> <span class='ocrx_word' id='word_1_130' title='bbox 1034 1660 1266 1728; x_wconf 84' lang='grc' dir='ltr'><strong>γίνεται,</strong></span> <span class='ocrx_word' id='word_1_131' title='bbox 1301 1661 1446 1715; x_wconf 76' lang='grc' dir='ltr'><strong>οὕτω</strong></span> <span class='ocrx_word' id='word_1_132' title='bbox 1483 1664 1577 1729; x_wconf 73' lang='grc' dir='ltr'><strong>ναὶ</strong></span> <span class='ocrx_word' id='word_1_133' title='bbox 1596 1664 1658 1717; x_wconf 76' lang='grc' dir='ltr'><strong>τὸ</strong></span> <span class='ocrx_word' id='word_1_134' title='bbox 1689 1664 1783 1719; x_wconf 86' lang='grc' dir='ltr'><strong>τοῦ</strong></span> <span class='ocrx_word' id='word_1_135' title='bbox 1824 1667 2034 1734; x_wconf 77' lang='grc' dir='ltr'><strong>Κυρίου</strong></span> 
     </span>
    </p>
   </div>
   <div class='ocr_carea' id='block_1_19' title="bbox 457 1749 2035 1831">
    <p class='ocr_par' dir='ltr' id='par_1_19' title="bbox 457 1749 2035 1831">
     <span class='ocr_line' id='line_1_19' title="bbox 457 1749 2035 1831; baseline 0.007 -29"><span class='ocrx_word' id='word_1_136' title='bbox 457 1749 619 1820; x_wconf 73' lang='grc' dir='ltr'><strong>σῶμα</strong></span> <span class='ocrx_word' id='word_1_137' title='bbox 650 1752 743 1805; x_wconf 77' lang='grc' dir='ltr'><strong>διὰ</strong></span> <span class='ocrx_word' id='word_1_138' title='bbox 779 1749 876 1805; x_wconf 89' lang='grc' dir='ltr'><strong>τοῦ</strong></span> <span class='ocrx_word' id='word_1_139' title='bbox 925 1753 1250 1823; x_wconf 76' lang='grc' dir='ltr'><strong>φυράματος</strong></span> <span class='ocrx_word' id='word_1_140' title='bbox 1293 1754 1392 1824; x_wconf 86' lang='grc' dir='ltr'><strong>τῆς</strong></span> <span class='ocrx_word' id='word_1_141' title='bbox 1426 1755 1779 1826; x_wconf 72' lang='grc' dir='ltr'><strong>ἀνθρωπίνης</strong></span> <span class='ocrx_word' id='word_1_142' title='bbox 1830 1760 2035 1831; x_wconf 73' lang='grc' dir='ltr'><strong>σαρκὸς</strong></span> 
     </span>
    </p>
   </div>
   <div class='ocr_carea' id='block_1_20' title="bbox 2144 550 3724 635">
    <p class='ocr_par' dir='ltr' id='par_1_20' title="bbox 2144 550 3724 635">
     <span class='ocr_line' id='line_1_20' title="bbox 2144 550 3724 635; baseline 0.016 -33"><span class='ocrx_word' id='word_1_143' title='bbox 2144 557 2278 614; x_wconf 89' lang='lat' dir='ltr'><strong>tror,</strong></span> <span class='ocrx_word' id='word_1_144' title='bbox 2315 550 2618 610; x_wconf 83' lang='lat' dir='ltr'><strong>declaravit</strong></span> <span class='ocrx_word' id='word_1_145' title='bbox 2663 559 2808 627; x_wconf 85' lang='lat' dir='ltr'><strong>quod</strong></span> <span class='ocrx_word' id='word_1_146' title='bbox 2842 577 2988 616; x_wconf 90' lang='lat' dir='ltr'><strong>nunc</strong></span> <span class='ocrx_word' id='word_1_147' title='bbox 3039 567 3379 633; x_wconf 78' lang='lat' dir='ltr'><strong>propositum</strong></span> <span class='ocrx_word' id='word_1_148' title='bbox 3429 578 3535 635; x_wconf 87' lang='lat' dir='ltr'><strong>est,</strong></span> <span class='ocrx_word' id='word_1_149' title='bbox 3584 571 3724 628; x_wconf 79' lang='lat' dir='ltr'><strong>hanc</strong></span> 
     </span>
    </p>
   </div>
   <div class='ocr_carea' id='block_1_21' title="bbox 2145 651 3721 732">
    <p class='ocr_par' dir='ltr' id='par_1_21' title="bbox 2145 651 3721 732">
     <span class='ocr_line' id='line_1_21' title="bbox 2145 651 3721 732; baseline 0.015 -38"><span class='ocrx_word' id='word_1_150' title='bbox 2145 657 2341 713; x_wconf 85' lang='lat' dir='ltr'><strong>azymo</strong></span> <span class='ocrx_word' id='word_1_151' title='bbox 2376 660 2532 700; x_wconf 82' lang='lat' dir='ltr'><strong>usam</strong></span> <span class='ocrx_word' id='word_1_152' title='bbox 2564 663 2690 705; x_wconf 85' lang='lat' dir='ltr'><strong>esse</strong></span> <span class='ocrx_word' id='word_1_153' title='bbox 2730 651 2808 706; x_wconf 87' lang='lat' dir='ltr'><strong>ait</strong></span> <span class='ocrx_word' id='word_1_154' title='bbox 2833 664 3051 723; x_wconf 70' lang='grc' dir='ltr'><strong>[ποριεῖ</strong></span> <span class='ocrx_word' id='word_1_155' title='bbox 3073 656 3444 714; x_wconf 68' lang='lat' dir='ltr'><strong>sinceritatem</strong></span> <span class='ocrx_word' id='word_1_156' title='bbox 3474 671 3529 716; x_wconf 89' lang='lat' dir='ltr'><strong>et</strong></span> <span class='ocrx_word' id='word_1_157' title='bbox 3566 671 3721 732; x_wconf 83' lang='lat' dir='ltr'><strong>puri-</strong></span> 
     </span>
    </p>
   </div>
   <div class='ocr_carea' id='block_1_22' title="bbox 2143 738 3721 824">
    <p class='ocr_par' dir='ltr' id='par_1_22' title="bbox 2143 738 3721 824">
     <span class='ocr_line' id='line_1_22' title="bbox 2143 738 3721 824; baseline 0.015 -36"><span class='ocrx_word' id='word_1_158' title='bbox 2143 741 2311 790; x_wconf 83' lang='lat' dir='ltr'><strong>tatem</strong></span> <span class='ocrx_word' id='word_1_159' title='bbox 2353 738 2543 796; x_wconf 79' lang='lat' dir='ltr'><strong>carnis</strong></span> <span class='ocrx_word' id='word_1_160' title='bbox 2583 740 2827 812; x_wconf 83' lang='lat' dir='ltr'><strong>Domini,</strong></span> <span class='ocrx_word' id='word_1_161' title='bbox 2856 747 2988 816; x_wconf 86' lang='lat' dir='ltr'><strong>quia</strong></span> <span class='ocrx_word' id='word_1_162' title='bbox 3023 748 3283 806; x_wconf 86' lang='lat' dir='ltr'><strong>immunis</strong></span> <span class='ocrx_word' id='word_1_163' title='bbox 3312 759 3366 806; x_wconf 90' lang='lat' dir='ltr'><strong>et</strong></span> <span class='ocrx_word' id='word_1_164' title='bbox 3404 769 3598 824; x_wconf 81' lang='lat' dir='ltr'><strong>expers</strong></span> <span class='ocrx_word' id='word_1_165' title='bbox 3636 770 3721 811; x_wconf 85' lang='lat' dir='ltr'><strong>est</strong></span> 
     </span>
    </p>
   </div>
   <div class='ocr_carea' id='block_1_23' title="bbox 2143 832 3724 916">
    <p class='ocr_par' dir='ltr' id='par_1_23' title="bbox 2143 832 3724 916">
     <span class='ocr_line' id='line_1_23' title="bbox 2143 832 3724 916; baseline 0.013 -33"><span class='ocrx_word' id='word_1_166' title='bbox 2143 832 2326 886; x_wconf 88' lang='lat' dir='ltr'><strong>omnis</strong></span> <span class='ocrx_word' id='word_1_167' title='bbox 2383 835 2503 889; x_wconf 89' lang='lat' dir='ltr'><strong>vitii</strong></span> <span class='ocrx_word' id='word_1_168' title='bbox 2537 853 2554 889; x_wconf 85' lang='lat'><strong>:</strong></span> <span class='ocrx_word' id='word_1_169' title='bbox 2584 835 2734 892; x_wconf 89' lang='lat' dir='ltr'><strong>illam</strong></span> <span class='ocrx_word' id='word_1_170' title='bbox 2770 838 3106 898; x_wconf 74' lang='lat' dir='ltr'><strong>fertnentato</strong></span> <span class='ocrx_word' id='word_1_171' title='bbox 3159 859 3381 916; x_wconf 87' lang='lat' dir='ltr'><strong>propter</strong></span> <span class='ocrx_word' id='word_1_172' title='bbox 3419 849 3724 905; x_wconf 78' lang='lat' dir='ltr'><strong>divinitatis</strong></span> 
     </span>
    </p>
   </div>
   <div class='ocr_carea' id='block_1_24' title="bbox 2143 921 3728 1011">
    <p class='ocr_par' dir='ltr' id='par_1_24' title="bbox 2143 921 3728 1011">
     <span class='ocr_line' id='line_1_24' title="bbox 2143 921 3728 1011; baseline 0.013 -36"><span class='ocrx_word' id='word_1_173' title='bbox 2143 930 2196 976; x_wconf 90' lang='lat' dir='ltr'><strong>et</strong></span> <span class='ocrx_word' id='word_1_174' title='bbox 2220 921 2578 981; x_wconf 82' lang='lat' dir='ltr'><strong>humanitatis</strong></span> <span class='ocrx_word' id='word_1_175' title='bbox 2603 930 2863 986; x_wconf 87' lang='lat' dir='ltr'><strong>unionem</strong></span> <span class='ocrx_word' id='word_1_176' title='bbox 2899 933 2954 986; x_wconf 89' lang='lat' dir='ltr'><strong>in</strong></span> <span class='ocrx_word' id='word_1_177' title='bbox 2986 933 3160 1003; x_wconf 82' lang='lat' dir='ltr'><strong>ipsius</strong></span> <span class='ocrx_word' id='word_1_178' title='bbox 3197 936 3477 1008; x_wconf 75' lang='lat' dir='ltr'><strong>liypostasi</strong></span> <span class='ocrx_word' id='word_1_179' title='bbox 3507 954 3521 994; x_wconf 87' lang='lat'>:</span> <span class='ocrx_word' id='word_1_180' title='bbox 3557 941 3728 1011; x_wconf 84' lang='lat' dir='ltr'><strong>idque</strong></span> 
     </span>
    </p>
   </div>
   <div class='ocr_carea' id='block_1_25' title="bbox 2147 1014 3726 1101">
    <p class='ocr_par' dir='ltr' id='par_1_25' title="bbox 2147 1014 3726 1101">
     <span class='ocr_line' id='line_1_25' title="bbox 2147 1014 3726 1101; baseline 0.016 -36"><span class='ocrx_word' id='word_1_181' title='bbox 2147 1014 2391 1082; x_wconf 78' lang='lat' dir='ltr'><strong>merito;</strong></span> <span class='ocrx_word' id='word_1_182' title='bbox 2440 1032 2565 1072; x_wconf 88' lang='lat' dir='ltr'><strong>nam</strong></span> <span class='ocrx_word' id='word_1_183' title='bbox 2595 1029 2654 1075; x_wconf 88' lang='lat' dir='ltr'><strong>ut</strong></span> <span class='ocrx_word' id='word_1_184' title='bbox 2690 1036 2944 1093; x_wconf 81' lang='lat' dir='ltr'><strong>azytnum</strong></span> <span class='ocrx_word' id='word_1_185' title='bbox 2991 1026 3417 1084; x_wconf 83' lang='lat' dir='ltr'><strong>subtilissimum</strong></span> <span class='ocrx_word' id='word_1_186' title='bbox 3452 1046 3518 1087; x_wconf 87' lang='lat' dir='ltr'><strong>ac</strong></span> <span class='ocrx_word' id='word_1_187' title='bbox 3548 1034 3726 1101; x_wconf 89' lang='lat' dir='ltr'><strong>pnrls-</strong></span> 
     </span>
    </p>
   </div>
   <div class='ocr_carea' id='block_1_26' title="bbox 2143 1106 3720 1196">
    <p class='ocr_par' dir='ltr' id='par_1_26' title="bbox 2143 1106 3720 1196">
     <span class='ocr_line' id='line_1_26' title="bbox 2143 1106 3720 1196; baseline 0.01 -35"><span class='ocrx_word' id='word_1_188' title='bbox 2143 1106 2346 1161; x_wconf 82' lang='lat' dir='ltr'><strong>simum</strong></span> <span class='ocrx_word' id='word_1_189' title='bbox 2406 1110 2511 1175; x_wconf 76' lang='lat' dir='ltr'><strong>est,</strong></span> <span class='ocrx_word' id='word_1_190' title='bbox 2573 1114 2703 1181; x_wconf 88' lang='lat' dir='ltr'><strong>quia</strong></span> <span class='ocrx_word' id='word_1_191' title='bbox 2760 1119 2883 1170; x_wconf 85' lang='lat' dir='ltr'><strong>sine</strong></span> <span class='ocrx_word' id='word_1_192' title='bbox 2944 1119 3216 1173; x_wconf 81' lang='lat' dir='ltr'><strong>termento</strong></span> <span class='ocrx_word' id='word_1_193' title='bbox 3247 1122 3539 1179; x_wconf 80' lang='lat' dir='ltr'><strong>coniicitur</strong></span> <span class='ocrx_word' id='word_1_194' title='bbox 3572 1126 3720 1196; x_wconf 87' lang='lat' dir='ltr'><strong>(nam</strong></span> 
     </span>
    </p>
   </div>
   <div class='ocr_carea' id='block_1_27' title="bbox 2141 1195 3724 1280">
    <p class='ocr_par' dir='ltr' id='par_1_27' title="bbox 2141 1195 3724 1280">
     <span class='ocr_line' id='line_1_27' title="bbox 2141 1195 3724 1280; baseline 0.01 -31"><span class='ocrx_word' id='word_1_195' title='bbox 2141 1195 2416 1255; x_wconf 81' lang='lat' dir='ltr'><strong>fermento</strong></span> <span class='ocrx_word' id='word_1_196' title='bbox 2460 1216 2560 1269; x_wconf 86' lang='lat' dir='ltr'><strong>pro</strong></span> <span class='ocrx_word' id='word_1_197' title='bbox 2607 1211 2835 1272; x_wconf 85' lang='lat' dir='ltr'><strong>peccato</strong></span> <span class='ocrx_word' id='word_1_198' title='bbox 2887 1204 3168 1276; x_wconf 89' lang='lat' dir='ltr'><strong>Scriptura</strong></span> <span class='ocrx_word' id='word_1_199' title='bbox 3226 1210 3444 1280; x_wconf 82' lang='lat' dir='ltr'><strong>utitur),</strong></span> <span class='ocrx_word' id='word_1_200' title='bbox 3518 1195 3598 1266; x_wconf 80' lang='lat' dir='ltr'><strong>sic</strong></span> <span class='ocrx_word' id='word_1_201' title='bbox 3665 1223 3724 1267; x_wconf 90' lang='lat' dir='ltr'><strong>et</strong></span> 
     </span>
    </p>
   </div>
   <div class='ocr_carea' id='block_1_28' title="bbox 2146 1289 3724 1373">
    <p class='ocr_par' dir='ltr' id='par_1_28' title="bbox 2146 1289 3724 1373">
     <span class='ocr_line' id='line_1_28' title="bbox 2146 1289 3724 1373; baseline 0.006 -26"><span class='ocrx_word' id='word_1_202' title='bbox 2146 1289 2356 1348; x_wconf 87' lang='lat' dir='ltr'><strong>Domini</strong></span> <span class='ocrx_word' id='word_1_203' title='bbox 2390 1308 2728 1364; x_wconf 84' lang='lat' dir='ltr'><strong>corpuscum</strong></span> <span class='ocrx_word' id='word_1_204' title='bbox 2756 1297 3111 1367; x_wconf 80' lang='lat' dir='ltr'><strong>purissimum</strong></span> <span class='ocrx_word' id='word_1_205' title='bbox 3142 1316 3241 1360; x_wconf 81' lang='lat' dir='ltr'><strong>nec</strong></span> <span class='ocrx_word' id='word_1_206' title='bbox 3263 1301 3495 1373; x_wconf 72' lang='lat' dir='ltr'><strong>alicujus</strong></span> <span class='ocrx_word' id='word_1_207' title='bbox 3516 1307 3724 1373; x_wconf 86' lang='lat' dir='ltr'><strong>peccati</strong></span> 
     </span>
    </p>
   </div>
   <div class='ocr_carea' id='block_1_29' title="bbox 2143 1385 3724 1464">
    <p class='ocr_par' dir='ltr' id='par_1_29' title="bbox 2143 1385 3724 1464">
     <span class='ocr_line' id='line_1_29' title="bbox 2143 1385 3724 1464; baseline 0.009 -28"><span class='ocrx_word' id='word_1_208' title='bbox 2143 1385 2495 1451; x_wconf 86' lang='lat' dir='ltr'><strong>perceptibile</strong></span> <span class='ocrx_word' id='word_1_209' title='bbox 2551 1389 2661 1452; x_wconf 86' lang='lat' dir='ltr'><strong>sit,</strong></span> <span class='ocrx_word' id='word_1_210' title='bbox 2698 1389 2751 1444; x_wconf 94' lang='lat' dir='ltr'><strong>in</strong></span> <span class='ocrx_word' id='word_1_211' title='bbox 2804 1392 2980 1461; x_wconf 79' lang='lat' dir='ltr'><strong>azymi</strong></span> <span class='ocrx_word' id='word_1_212' title='bbox 3012 1397 3284 1450; x_wconf 78' lang='lat' dir='ltr'><strong>sacriﬁcio</strong></span> <span class='ocrx_word' id='word_1_213' title='bbox 3312 1396 3620 1464; x_wconf 72' lang='lat' dir='ltr'><strong>coniicitur,</strong></span> <span class='ocrx_word' id='word_1_214' title='bbox 3656 1414 3724 1451; x_wconf 83' lang='lat' dir='ltr'><strong>ae</strong></span> 
     </span>
    </p>
   </div>
   <div class='ocr_carea' id='block_1_30' title="bbox 2145 1475 3727 1557">
    <p class='ocr_par' dir='ltr' id='par_1_30' title="bbox 2145 1475 3727 1557">
     <span class='ocr_line' id='line_1_30' title="bbox 2145 1475 3727 1557; baseline 0.011 -29"><span class='ocrx_word' id='word_1_215' title='bbox 2145 1484 2206 1528; x_wconf 88' lang='lat' dir='ltr'><strong>ut</strong></span> <span class='ocrx_word' id='word_1_216' title='bbox 2250 1475 2643 1532; x_wconf 78' lang='lat' dir='ltr'><strong>fermentatum</strong></span> <span class='ocrx_word' id='word_1_217' title='bbox 2699 1494 2797 1551; x_wconf 90' lang='lat' dir='ltr'><strong>per</strong></span> <span class='ocrx_word' id='word_1_218' title='bbox 2825 1482 3150 1539; x_wconf 74' lang='lat' dir='ltr'><strong>fermentum</strong></span> <span class='ocrx_word' id='word_1_219' title='bbox 3188 1486 3244 1541; x_wconf 91' lang='lat' dir='ltr'><strong>in</strong></span> <span class='ocrx_word' id='word_1_220' title='bbox 3288 1503 3480 1557; x_wconf 84' lang='lat' dir='ltr'><strong>panem</strong></span> <span class='ocrx_word' id='word_1_221' title='bbox 3502 1505 3727 1546; x_wconf 87' lang='lat' dir='ltr'><strong>conver-</strong></span> 
     </span>
    </p>
   </div>
   <div class='ocr_carea' id='block_1_31' title="bbox 2143 1568 3726 1648">
    <p class='ocr_par' dir='ltr' id='par_1_31' title="bbox 2143 1568 3726 1648">
     <span class='ocr_line' id='line_1_31' title="bbox 2143 1568 3726 1648; baseline 0.01 -27"><span class='ocrx_word' id='word_1_222' title='bbox 2143 1568 2301 1634; x_wconf 83' lang='lat' dir='ltr'><strong>titur,</strong></span> <span class='ocrx_word' id='word_1_223' title='bbox 2372 1581 2428 1624; x_wconf 90' lang='lat' dir='ltr'><strong>et</strong></span> <span class='ocrx_word' id='word_1_224' title='bbox 2488 1574 2855 1630; x_wconf 87' lang='lat' dir='ltr'><strong>substantiam</strong></span> <span class='ocrx_word' id='word_1_225' title='bbox 2920 1578 3250 1636; x_wconf 82' lang='lat' dir='ltr'><strong>crassiorem</strong></span> <span class='ocrx_word' id='word_1_226' title='bbox 3314 1582 3483 1648; x_wconf 85' lang='lat' dir='ltr'><strong>subit,</strong></span> <span class='ocrx_word' id='word_1_227' title='bbox 3541 1583 3620 1638; x_wconf 87' lang='lat' dir='ltr'><strong>sic</strong></span> <span class='ocrx_word' id='word_1_228' title='bbox 3669 1594 3726 1638; x_wconf 92' lang='lat' dir='ltr'><strong>et</strong></span> 
     </span>
    </p>
   </div>
   <div class='ocr_carea' id='block_1_32' title="bbox 2143 1657 3719 1745">
    <p class='ocr_par' dir='ltr' id='par_1_32' title="bbox 2143 1657 3719 1745">
     <span class='ocr_line' id='line_1_32' title="bbox 2143 1657 3719 1745; baseline 0.011 -31"><span class='ocrx_word' id='word_1_229' title='bbox 2143 1657 2360 1716; x_wconf 81' lang='lat' dir='ltr'><strong>Domini</strong></span> <span class='ocrx_word' id='word_1_230' title='bbox 2382 1677 2586 1735; x_wconf 90' lang='lat' dir='ltr'><strong>corpus</strong></span> <span class='ocrx_word' id='word_1_231' title='bbox 2617 1680 2714 1735; x_wconf 91' lang='lat' dir='ltr'><strong>per</strong></span> <span class='ocrx_word' id='word_1_232' title='bbox 2772 1666 3027 1723; x_wconf 65' lang='lat' dir='ltr'><strong>humana</strong></span> <span class='ocrx_word' id='word_1_233' title='bbox 3063 1673 3248 1728; x_wconf 89' lang='lat' dir='ltr'><strong>carnis</strong></span> <span class='ocrx_word' id='word_1_234' title='bbox 3273 1676 3719 1745; x_wconf 87' lang='lat' dir='ltr'><strong>conspersionem</strong></span> 
     </span>
    </p>
   </div>
   <div class='ocr_carea' id='block_1_33' title="bbox 2141 1753 3720 1840">
    <p class='ocr_par' dir='ltr' id='par_1_33' title="bbox 2141 1753 3720 1840">
     <span class='ocr_line' id='line_1_33' title="bbox 2141 1753 3720 1840; baseline 0.009 -32"><span class='ocrx_word' id='word_1_235' title='bbox 2141 1753 2199 1811; x_wconf 88' lang='lat' dir='ltr'><strong>in</strong></span> <span class='ocrx_word' id='word_1_236' title='bbox 2232 1770 2398 1811; x_wconf 85' lang='lat' dir='ltr'><strong>unam</strong></span> <span class='ocrx_word' id='word_1_237' title='bbox 2453 1757 2753 1814; x_wconf 75' lang='lat' dir='ltr'><strong>divinitatis</strong></span> <span class='ocrx_word' id='word_1_238' title='bbox 2796 1771 2851 1815; x_wconf 87' lang='lat' dir='ltr'><strong>et</strong></span> <span class='ocrx_word' id='word_1_239' title='bbox 2903 1764 3260 1821; x_wconf 83' lang='lat' dir='ltr'><strong>humanitatis</strong></span> <span class='ocrx_word' id='word_1_240' title='bbox 3302 1782 3588 1836; x_wconf 85' lang='lat' dir='ltr'><strong>personam</strong></span> <span class='ocrx_word' id='word_1_241' title='bbox 3621 1783 3720 1840; x_wconf 91' lang='lat' dir='ltr'><strong>per</strong></span> 
     </span>
    </p>
   </div>
   <div class='ocr_carea' id='block_1_34' title="bbox 453 1835 2034 1928">
    <p class='ocr_par' dir='ltr' id='par_1_34' title="bbox 453 1845 2034 1921">
     <span class='ocr_line' id='line_1_34' title="bbox 453 1845 2034 1921; baseline 0.006 -24"><span class='ocrx_word' id='word_1_242' title='bbox 453 1845 536 1905; x_wconf 78' lang='grc' dir='ltr'><strong>είς</strong></span> <span class='ocrx_word' id='word_1_243' title='bbox 569 1845 873 1899; x_wconf 76' lang='grc' dir='ltr'><strong>ὑπόστασιν</strong></span> <span class='ocrx_word' id='word_1_244' title='bbox 903 1845 1036 1913; x_wconf 82' lang='grc' dir='ltr'><strong>μίαν</strong></span> <span class='ocrx_word' id='word_1_245' title='bbox 1066 1845 1324 1916; x_wconf 73' lang='grc' dir='ltr'><strong>θεότητος</strong></span> <span class='ocrx_word' id='word_1_246' title='bbox 1355 1865 1412 1902; x_wconf 88' lang='grc' dir='ltr'><strong>τε</strong></span> <span class='ocrx_word' id='word_1_247' title='bbox 1456 1851 1551 1901; x_wconf 72' lang='grc' dir='ltr'><strong>καὶ</strong></span> <span class='ocrx_word' id='word_1_248' title='bbox 1586 1851 2034 1921; x_wconf 82' lang='grc' dir='ltr'><strong>ἀνθρωπότητος,</strong></span> 
     </span>
    </p>
   </div>
   <div class='ocr_carea' id='block_1_35' title="bbox 2137 1835 3720 1928">
    <p class='ocr_par' dir='ltr' id='par_1_35' title="bbox 2137 1845 3720 1928">
     <span class='ocr_line' id='line_1_35' title="bbox 2137 1845 3720 1928; baseline 0.01 -26"><span class='ocrx_word' id='word_1_249' title='bbox 2137 1845 2464 1903; x_wconf 74' lang='lat' dir='ltr'><strong>fermentum</strong></span> <span class='ocrx_word' id='word_1_250' title='bbox 2513 1850 2813 1906; x_wconf 84' lang='lat' dir='ltr'><strong>indicatur.</strong></span> <span class='ocrx_word' id='word_1_251' title='bbox 2885 1854 3071 1924; x_wconf 88' lang='lat' dir='ltr'><strong>Itaque</strong></span> <span class='ocrx_word' id='word_1_252' title='bbox 3137 1874 3234 1928; x_wconf 92' lang='lat' dir='ltr'><strong>per</strong></span> <span class='ocrx_word' id='word_1_253' title='bbox 3291 1860 3619 1916; x_wconf 81' lang='lat' dir='ltr'><strong>fermentum</strong></span> <span class='ocrx_word' id='word_1_254' title='bbox 3665 1874 3720 1918; x_wconf 88' lang='lat' dir='ltr'><strong>et</strong></span> 
     </span>
    </p>
   </div>
   <div class='ocr_carea' id='block_1_36' title="bbox 453 1934 2034 2016">
    <p class='ocr_par' dir='ltr' id='par_1_36' title="bbox 453 1934 2034 2016">
     <span class='ocr_line' id='line_1_36' title="bbox 453 1934 2034 2016; baseline 0.006 -27"><span class='ocrx_word' id='word_1_255' title='bbox 453 1936 541 1990; x_wconf 76' lang='grc' dir='ltr'><strong>διὰ</strong></span> <span class='ocrx_word' id='word_1_256' title='bbox 572 1934 668 1988; x_wconf 88' lang='grc' dir='ltr'><strong>τοῦ</strong></span> <span class='ocrx_word' id='word_1_257' title='bbox 699 1935 934 2005; x_wconf 80' lang='grc' dir='ltr'><strong>ἐνζύμου</strong></span> <span class='ocrx_word' id='word_1_258' title='bbox 961 1939 1333 1991; x_wconf 84' lang='grc' dir='ltr'><strong>ἐνδείκνυται·</strong></span> <span class='ocrx_word' id='word_1_259' title='bbox 1368 1944 1459 1993; x_wconf 69' lang='grc' dir='ltr'><strong>καῖ</strong></span> <span class='ocrx_word' id='word_1_260' title='bbox 1491 1939 1666 2005; x_wconf 67' lang='grc' dir='ltr'><strong>οὕτως</strong></span> <span class='ocrx_word' id='word_1_261' title='bbox 1697 1944 1765 1996; x_wconf 78' lang='grc' dir='ltr'><strong>δι’</strong></span> <span class='ocrx_word' id='word_1_262' title='bbox 1794 1943 2034 2016; x_wconf 84' lang='grc' dir='ltr'><strong>ἐνζύμου</strong></span> 
     </span>
    </p>
   </div>
   <div class='ocr_carea' id='block_1_37' title="bbox 454 2027 2040 2105">
    <p class='ocr_par' dir='ltr' id='par_1_37' title="bbox 454 2027 2040 2105">
     <span class='ocr_line' id='line_1_37' title="bbox 454 2027 2040 2105; baseline 0.006 -24"><span class='ocrx_word' id='word_1_263' title='bbox 454 2045 518 2081; x_wconf 85' lang='grc' dir='ltr'><strong>τε</strong></span> <span class='ocrx_word' id='word_1_264' title='bbox 551 2029 646 2081; x_wconf 71' lang='grc' dir='ltr'><strong>καὶ</strong></span> <span class='ocrx_word' id='word_1_265' title='bbox 674 2027 886 2098; x_wconf 75' lang='grc' dir='ltr'><strong>ἀξύμου</strong></span> <span class='ocrx_word' id='word_1_266' title='bbox 909 2029 969 2081; x_wconf 83' lang='grc' dir='ltr'><strong>τὸ</strong></span> <span class='ocrx_word' id='word_1_267' title='bbox 995 2028 1090 2082; x_wconf 90' lang='grc' dir='ltr'><strong>τοῦ</strong></span> <span class='ocrx_word' id='word_1_268' title='bbox 1117 2031 1326 2101; x_wconf 78' lang='grc' dir='ltr'><strong>Κυρίου</strong></span> <span class='ocrx_word' id='word_1_269' title='bbox 1354 2031 1563 2099; x_wconf 84' lang='grc' dir='ltr'><strong>γίνεται</strong></span> <span class='ocrx_word' id='word_1_270' title='bbox 1603 2033 1762 2102; x_wconf 82' lang='grc' dir='ltr'><strong>σῶμα</strong></span> <span class='ocrx_word' id='word_1_271' title='bbox 1794 2036 2040 2105; x_wconf 69' lang='grc' dir='ltr'><strong>ἀναμφι-</strong></span> 
     </span>
    </p>
   </div>
   <div class='ocr_carea' id='block_1_38' title="bbox 453 2119 2033 2198">
    <p class='ocr_par' dir='ltr' id='par_1_38' title="bbox 453 2119 2033 2198">
     <span class='ocr_line' id='line_1_38' title="bbox 453 2119 2033 2198; baseline 0.006 -25"><span class='ocrx_word' id='word_1_272' title='bbox 453 2119 661 2184; x_wconf 75' lang='grc' dir='ltr'><strong>δόλιος·</strong></span> <span class='ocrx_word' id='word_1_273' title='bbox 701 2121 800 2175; x_wconf 71' lang='grc' dir='ltr'><strong>καὶ</strong></span> <span class='ocrx_word' id='word_1_274' title='bbox 840 2123 952 2186; x_wconf 86' lang='grc' dir='ltr'><strong>τοῖς</strong></span> <span class='ocrx_word' id='word_1_275' title='bbox 994 2123 1314 2177; x_wconf 81' lang='grc' dir='ltr'><strong>πιστεύουαι</strong></span> <span class='ocrx_word' id='word_1_276' title='bbox 1373 2125 1726 2198; x_wconf 83' lang='grc' dir='ltr'><strong>σωτηριώδης</strong></span> <span class='ocrx_word' id='word_1_277' title='bbox 1756 2129 1876 2181; x_wconf 68' lang='grc' dir='ltr'><strong>ἐστὶ</strong></span> <span class='ocrx_word' id='word_1_278' title='bbox 1916 2146 2033 2182; x_wconf 86' lang='grc' dir='ltr'><strong>κοι-</strong></span> 
     </span>
    </p>
   </div>
   <div class='ocr_carea' id='block_1_39' title="bbox 454 2214 643 2270">
    <p class='ocr_par' dir='ltr' id='par_1_39' title="bbox 454 2214 643 2270">
     <span class='ocr_line' id='line_1_39' title="bbox 454 2214 643 2270; baseline -0.005 -1"><span class='ocrx_word' id='word_1_279' title='bbox 454 2214 643 2270; x_wconf 87' lang='grc' dir='ltr'><strong>νωνία.</strong></span> 
     </span>
    </p>
   </div>
   <div class='ocr_carea' id='block_1_40' title="bbox 1209 2309 1287 2366">
    <p class='ocr_par' dir='ltr' id='par_1_40' title="bbox 1209 2309 1287 2366">
     <span class='ocr_line' id='line_1_40' title="bbox 1209 2309 1287 2366; baseline 0.038 -3"><span class='ocrx_word' id='word_1_280' title='bbox 1209 2309 1287 2366; x_wconf 69' lang='grc' dir='ltr'><strong>Θν.</strong></span> 
     </span>
    </p>
   </div>
   <div class='ocr_carea' id='block_1_41' title="bbox 539 2397 2038 2479">
    <p class='ocr_par' dir='ltr' id='par_1_41' title="bbox 539 2397 2038 2479">
     <span class='ocr_line' id='line_1_41' title="bbox 539 2397 2038 2479; baseline 0.007 -26"><span class='ocrx_word' id='word_1_281' title='bbox 539 2397 675 2454; x_wconf 78' lang='grc' dir='ltr'><strong>Ἰδοὺ</strong></span> <span class='ocrx_word' id='word_1_282' title='bbox 705 2401 802 2453; x_wconf 73' lang='grc' dir='ltr'><strong>καὶ</strong></span> <span class='ocrx_word' id='word_1_283' title='bbox 835 2402 896 2455; x_wconf 74' lang='grc' dir='ltr'><strong>τὸ</strong></span> <span class='ocrx_word' id='word_1_284' title='bbox 926 2401 1186 2474; x_wconf 82' lang='grc' dir='ltr'><strong>δεύτερον</strong></span> <span class='ocrx_word' id='word_1_285' title='bbox 1219 2406 1332 2459; x_wconf 84' lang='grc' dir='ltr'><strong>τῶν</strong></span> <span class='ocrx_word' id='word_1_286' title='bbox 1362 2406 1496 2477; x_wconf 82' lang='grc' dir='ltr'><strong>παρ’</strong></span> <span class='ocrx_word' id='word_1_287' title='bbox 1523 2408 1659 2478; x_wconf 72' lang='grc' dir='ltr'><strong>ἡμῖν</strong></span> <span class='ocrx_word' id='word_1_288' title='bbox 1693 2407 2038 2479; x_wconf 75' lang='grc' dir='ltr'><strong>ἐγκαλουμέ-</strong></span> 
     </span>
    </p>
   </div>
   <div class='ocr_carea' id='block_1_42' title="bbox 455 2495 2035 2571">
    <p class='ocr_par' dir='ltr' id='par_1_42' title="bbox 455 2495 2035 2571">
     <span class='ocr_line' id='line_1_42' title="bbox 455 2495 2035 2571; baseline 0.005 -24"><span class='ocrx_word' id='word_1_289' title='bbox 455 2509 589 2560; x_wconf 80' lang='grc' dir='ltr'><strong>νων,</strong></span> <span class='ocrx_word' id='word_1_290' title='bbox 619 2495 921 2566; x_wconf 72' lang='grc' dir='ltr'><strong>ἀπεδείχθη</strong></span> <span class='ocrx_word' id='word_1_291' title='bbox 956 2498 1160 2562; x_wconf 82' lang='grc' dir='ltr'><strong>καλῶς,</strong></span> <span class='ocrx_word' id='word_1_292' title='bbox 1190 2498 1267 2562; x_wconf 78' lang='grc' dir='ltr'><strong>ὡς</strong></span> <span class='ocrx_word' id='word_1_293' title='bbox 1297 2499 1526 2567; x_wconf 77' lang='grc' dir='ltr'><strong>ἀμαθῶς</strong></span> <span class='ocrx_word' id='word_1_294' title='bbox 1568 2502 1702 2571; x_wconf 77' lang='grc' dir='ltr'><strong>ἡμῖν</strong></span> <span class='ocrx_word' id='word_1_295' title='bbox 1729 2502 2035 2571; x_wconf 81' lang='grc' dir='ltr'><strong>ἐγκαλεῖτε,</strong></span> 
     </span>
    </p>
   </div>
   <div class='ocr_carea' id='block_1_43' title="bbox 456 2584 2035 2662">
    <p class='ocr_par' dir='ltr' id='par_1_43' title="bbox 456 2584 2035 2662">
     <span class='ocr_line' id='line_1_43' title="bbox 456 2584 2035 2662; baseline 0.006 -26"><span class='ocrx_word' id='word_1_296' title='bbox 456 2584 553 2637; x_wconf 80' lang='grc' dir='ltr'><strong>καὶ</strong></span> <span class='ocrx_word' id='word_1_297' title='bbox 606 2585 814 2649; x_wconf 81' lang='grc' dir='ltr'><strong>σκαιῶς</strong></span> <span class='ocrx_word' id='word_1_298' title='bbox 863 2585 966 2656; x_wconf 81' lang='grc' dir='ltr'><strong>τὴν</strong></span> <span class='ocrx_word' id='word_1_299' title='bbox 1009 2590 1400 2659; x_wconf 81' lang='grc' dir='ltr'><strong>οἱκουμενικὴν</strong></span> <span class='ocrx_word' id='word_1_300' title='bbox 1441 2589 1733 2662; x_wconf 86' lang='grc' dir='ltr'><strong>διασύρετε</strong></span> <span class='ocrx_word' id='word_1_301' title='bbox 1792 2593 2035 2662; x_wconf 82' lang='grc' dir='ltr'><strong>σύνοδον,</strong></span> 
     </span>
    </p>
   </div>
   <div class='ocr_carea' id='block_1_44' title="bbox 455 2678 2039 2755">
    <p class='ocr_par' dir='ltr' id='par_1_44' title="bbox 455 2678 2039 2755">
     <span class='ocr_line' id='line_1_44' title="bbox 455 2678 2039 2755; baseline 0.007 -25"><span class='ocrx_word' id='word_1_302' title='bbox 455 2678 825 2733; x_wconf 78' lang='grc' dir='ltr'><strong>πιστεύουσαν</strong></span> <span class='ocrx_word' id='word_1_303' title='bbox 856 2682 914 2732; x_wconf 78' lang='grc' dir='ltr'><strong>ἐν</strong></span> <span class='ocrx_word' id='word_1_304' title='bbox 940 2681 1138 2750; x_wconf 57' lang='lat' dir='ltr'><strong>scisin</strong></span> <span class='ocrx_word' id='word_1_305' title='bbox 1165 2681 1227 2734; x_wconf 73' lang='grc' dir='ltr'><strong>τὸ</strong></span> <span class='ocrx_word' id='word_1_306' title='bbox 1255 2683 1418 2752; x_wconf 85' lang='grc' dir='ltr'><strong>σῶμα</strong></span> <span class='ocrx_word' id='word_1_307' title='bbox 1445 2684 1540 2737; x_wconf 81' lang='grc' dir='ltr'><strong>τοῦ</strong></span> <span class='ocrx_word' id='word_1_308' title='bbox 1565 2686 1828 2755; x_wconf 75' lang='grc' dir='ltr'><strong>Χριστοῦ,</strong></span> <span class='ocrx_word' id='word_1_309' title='bbox 1862 2691 1957 2741; x_wconf 73' lang='grc' dir='ltr'><strong>καὶ</strong></span> <span class='ocrx_word' id='word_1_310' title='bbox 1982 2691 2039 2741; x_wconf 85' lang='grc' dir='ltr'><strong>ἐν</strong></span> 
     </span>
    </p>
   </div>
   <div class='ocr_carea' id='block_1_45' title="bbox 457 2769 2038 2845">
    <p class='ocr_par' dir='ltr' id='par_1_45' title="bbox 457 2769 2038 2845">
     <span class='ocr_line' id='line_1_45' title="bbox 457 2769 2038 2845; baseline 0.005 -20"><span class='ocrx_word' id='word_1_311' title='bbox 457 2773 680 2843; x_wconf 77' lang='grc' dir='ltr'><strong>ἐνςύμῳ</strong></span> <span class='ocrx_word' id='word_1_312' title='bbox 710 2775 810 2842; x_wconf 81' lang='grc' dir='ltr'><strong>οὐχ</strong></span> <span class='ocrx_word' id='word_1_313' title='bbox 844 2769 1008 2845; x_wconf 82' lang='grc' dir='ltr'><strong>ἦττον</strong></span> <span class='ocrx_word' id='word_1_314' title='bbox 1041 2776 1338 2841; x_wconf 78' lang='grc' dir='ltr'><strong>τελεῖσθαι,</strong></span> <span class='ocrx_word' id='word_1_315' title='bbox 1363 2777 1484 2837; x_wconf 74' lang='grc' dir='ltr'><strong>ἐνὸς</strong></span> <span class='ocrx_word' id='word_1_316' title='bbox 1519 2777 1672 2842; x_wconf 77' lang='grc' dir='ltr'><strong>ὄντος</strong></span> <span class='ocrx_word' id='word_1_317' title='bbox 1716 2781 1809 2833; x_wconf 83' lang='grc' dir='ltr'><strong>τοῦ</strong></span> <span class='ocrx_word' id='word_1_318' title='bbox 1838 2781 2038 2833; x_wconf 80' lang='grc' dir='ltr'><strong>δεσπο-</strong></span> 
     </span>
    </p>
   </div>
   <div class='ocr_carea' id='block_1_46' title="bbox 458 2868 2037 2946">
    <p class='ocr_par' dir='ltr' id='par_1_46' title="bbox 458 2868 2037 2946">
     <span class='ocr_line' id='line_1_46' title="bbox 458 2868 2037 2946; baseline 0.004 -25"><span class='ocrx_word' id='word_1_319' title='bbox 458 2869 613 2924; x_wconf 89' lang='grc' dir='ltr'><strong>τικοῦ</strong></span> <span class='ocrx_word' id='word_1_320' title='bbox 643 2869 920 2938; x_wconf 81' lang='grc' dir='ltr'><strong>σώματος,</strong></span> <span class='ocrx_word' id='word_1_321' title='bbox 945 2870 1040 2924; x_wconf 78' lang='grc' dir='ltr'><strong>καὶ</strong></span> <span class='ocrx_word' id='word_1_322' title='bbox 1061 2870 1121 2923; x_wconf 92' lang='grc' dir='ltr'><strong>ού</strong></span> <span class='ocrx_word' id='word_1_323' title='bbox 1144 2868 1505 2941; x_wconf 81' lang='grc' dir='ltr'><strong>μεριζομένου</strong></span> <span class='ocrx_word' id='word_1_324' title='bbox 1530 2873 1610 2936; x_wconf 88' lang='grc' dir='ltr'><strong>είς</strong></span> <span class='ocrx_word' id='word_1_325' title='bbox 1635 2873 1752 2940; x_wconf 90' lang='grc' dir='ltr'><strong>δύο,</strong></span> <span class='ocrx_word' id='word_1_326' title='bbox 1776 2873 1852 2938; x_wconf 87' lang='grc' dir='ltr'><strong>ὡς</strong></span> <span class='ocrx_word' id='word_1_327' title='bbox 1875 2876 2037 2946; x_wconf 73' lang='grc' dir='ltr'><strong>ἡμεῖς</strong></span> 
     </span>
    </p>
   </div>
   <div class='ocr_carea' id='block_1_47' title="bbox 454 2964 2039 3039">
    <p class='ocr_par' dir='ltr' id='par_1_47' title="bbox 454 2964 2039 3039">
     <span class='ocr_line' id='line_1_47' title="bbox 454 2964 2039 3039; baseline 0.004 -23"><span class='ocrx_word' id='word_1_328' title='bbox 454 2964 508 3016; x_wconf 73' lang='lat' dir='ltr'><strong>oi</strong></span> <span class='ocrx_word' id='word_1_329' title='bbox 532 2966 603 3035; x_wconf 74' lang='grc' dir='ltr'><strong>τῇ</strong></span> <span class='ocrx_word' id='word_1_330' title='bbox 637 2964 848 3033; x_wconf 73' lang='grc' dir='ltr'><strong>συνόδῳ</strong></span> <span class='ocrx_word' id='word_1_331' title='bbox 882 2965 959 3036; x_wconf 82' lang='grc' dir='ltr'><strong>μὴ</strong></span> <span class='ocrx_word' id='word_1_332' title='bbox 1007 2965 1285 3034; x_wconf 76' lang='grc' dir='ltr'><strong>ἐπύμενοι,</strong></span> <span class='ocrx_word' id='word_1_333' title='bbox 1318 2964 1545 3028; x_wconf 70' lang='grc' dir='ltr'><strong>ἄκοντές</strong></span> <span class='ocrx_word' id='word_1_334' title='bbox 1575 2984 1632 3019; x_wconf 88' lang='grc' dir='ltr'><strong>τε</strong></span> <span class='ocrx_word' id='word_1_335' title='bbox 1662 2969 1754 3020; x_wconf 77' lang='grc' dir='ltr'><strong>καὶ</strong></span> <span class='ocrx_word' id='word_1_336' title='bbox 1807 2967 1884 3039; x_wconf 82' lang='grc' dir='ltr'><strong>μὴ</strong></span> <span class='ocrx_word' id='word_1_337' title='bbox 1915 2968 2039 3038; x_wconf 77' lang='grc' dir='ltr'><strong>βου-</strong></span> 
     </span>
    </p>
   </div>
   <div class='ocr_carea' id='block_1_48' title="bbox 455 3057 2037 3131">
    <p class='ocr_par' dir='ltr' id='par_1_48' title="bbox 455 3057 2037 3131">
     <span class='ocr_line' id='line_1_48' title="bbox 455 3057 2037 3131; baseline 0.003 -21"><span class='ocrx_word' id='word_1_338' title='bbox 455 3058 696 3126; x_wconf 80' lang='grc' dir='ltr'><strong>λόμενοι,</strong></span> <span class='ocrx_word' id='word_1_339' title='bbox 727 3059 776 3112; x_wconf 88' lang='grc' dir='ltr'><strong>εί</strong></span> <span class='ocrx_word' id='word_1_340' title='bbox 806 3059 903 3112; x_wconf 72' lang='grc' dir='ltr'><strong>καὶ</strong></span> <span class='ocrx_word' id='word_1_341' title='bbox 933 3060 1016 3129; x_wconf 77' lang='grc' dir='ltr'><strong>μὴ</strong></span> <span class='ocrx_word' id='word_1_342' title='bbox 1043 3057 1130 3111; x_wconf 76' lang='grc' dir='ltr'><strong>διὰ</strong></span> <span class='ocrx_word' id='word_1_343' title='bbox 1159 3057 1403 3128; x_wconf 70' lang='grc' dir='ltr'><strong>γραφῆς,</strong></span> <span class='ocrx_word' id='word_1_344' title='bbox 1432 3058 1550 3112; x_wconf 80' lang='grc' dir='ltr'><strong>ἀλλ’</strong></span> <span class='ocrx_word' id='word_1_345' title='bbox 1581 3061 1639 3112; x_wconf 87' lang='grc' dir='ltr'><strong>ἐν</strong></span> <span class='ocrx_word' id='word_1_346' title='bbox 1669 3059 1750 3131; x_wconf 81' lang='grc' dir='ltr'><strong>τῷ</strong></span> <span class='ocrx_word' id='word_1_347' title='bbox 1781 3062 2037 3115; x_wconf 83' lang='grc' dir='ltr'><strong>ἀπιστεῖν</strong></span> 
     </span>
    </p>
   </div>
   <div class='ocr_carea' id='block_1_49' title="bbox 453 3151 2107 3248">
    <p class='ocr_par' dir='ltr' id='par_1_49' title="bbox 453 3151 2107 3248">
     <span class='ocr_line' id='line_1_49' title="bbox 453 3151 2107 3248; baseline 0.003 -42"><span class='ocrx_word' id='word_1_348' title='bbox 453 3154 568 3214; x_wconf 83' lang='grc' dir='ltr'><strong>τοῖς</strong></span> <span class='ocrx_word' id='word_1_349' title='bbox 610 3151 951 3223; x_wconf 76' lang='grc' dir='ltr'><strong>λεγομένοις,</strong></span> <span class='ocrx_word' id='word_1_350' title='bbox 985 3153 1388 3226; x_wconf 82' lang='grc' dir='ltr'><strong>συμπεραίνετε</strong></span> <span class='ocrx_word' id='word_1_351' title='bbox 1415 3169 1430 3185; x_wconf 76' lang='grc'><em>³</em></span> <span class='ocrx_word' id='word_1_352' title='bbox 1479 3153 1574 3208; x_wconf 77' lang='grc' dir='ltr'><strong>καὶ</strong></span> <span class='ocrx_word' id='word_1_353' title='bbox 1603 3155 1693 3209; x_wconf 82' lang='grc' dir='ltr'><strong>διὰ</strong></span> <span class='ocrx_word' id='word_1_354' title='bbox 1742 3154 1903 3210; x_wconf 84' lang='grc' dir='ltr'><strong>τοῦτο</strong></span> <span class='ocrx_word' id='word_1_355' title='bbox 1932 3155 2034 3211; x_wconf 88' lang='grc' dir='ltr'><strong>ούκ</strong></span> <span class='ocrx_word' id='word_1_356' title='bbox 2061 3187 2107 3248; x_wconf 76' lang='lat' dir='ltr'>c</span> 
     </span>
    </p>
   </div>
   <div class='ocr_carea' id='block_1_50' title="bbox 454 3243 2034 3319">
    <p class='ocr_par' dir='ltr' id='par_1_50' title="bbox 454 3243 2034 3319">
     <span class='ocr_line' id='line_1_50' title="bbox 454 3243 2034 3319; baseline 0.003 -23"><span class='ocrx_word' id='word_1_357' title='bbox 454 3243 751 3314; x_wconf 79' lang='grc' dir='ltr'><strong>ἐκφεύγετε</strong></span> <span class='ocrx_word' id='word_1_358' title='bbox 781 3245 873 3299; x_wconf 73' lang='grc' dir='ltr'><strong>τὸν</strong></span> <span class='ocrx_word' id='word_1_359' title='bbox 893 3246 1112 3298; x_wconf 83' lang='grc' dir='ltr'><strong>δλισθον</strong></span> <span class='ocrx_word' id='word_1_360' title='bbox 1138 3245 1236 3316; x_wconf 84' lang='grc' dir='ltr'><strong>τῆς</strong></span> <span class='ocrx_word' id='word_1_361' title='bbox 1254 3245 1544 3316; x_wconf 77' lang='grc' dir='ltr'><strong>αἱρέσεως.</strong></span> <span class='ocrx_word' id='word_1_362' title='bbox 1582 3245 1642 3300; x_wconf 79' lang='lat'><strong>&#39;0</strong></span> <span class='ocrx_word' id='word_1_363' title='bbox 1668 3245 1776 3319; x_wconf 74' lang='grc' dir='ltr'><strong>γὰρ</strong></span> <span class='ocrx_word' id='word_1_364' title='bbox 1797 3247 2034 3317; x_wconf 76' lang='grc' dir='ltr'><strong>Χριστός</strong></span> 
     </span>
    </p>
   </div>
   <div class='ocr_carea' id='block_1_51' title="bbox 453 3337 2034 3414">
    <p class='ocr_par' dir='ltr' id='par_1_51' title="bbox 453 3337 2034 3414">
     <span class='ocr_line' id='line_1_51' title="bbox 453 3337 2034 3414; baseline 0.003 -23"><span class='ocrx_word' id='word_1_365' title='bbox 453 3356 589 3409; x_wconf 73' lang='grc' dir='ltr'><strong>φησι</strong></span> <span class='ocrx_word' id='word_1_366' title='bbox 619 3337 720 3410; x_wconf 83' lang='grc' dir='ltr'><strong>τὴν</strong></span> <span class='ocrx_word' id='word_1_367' title='bbox 761 3338 1089 3408; x_wconf 73' lang='grc' dir='ltr'><strong>Ἐκκλησίαν</strong></span> <span class='ocrx_word' id='word_1_368' title='bbox 1120 3340 1291 3394; x_wconf 78' lang='grc' dir='ltr'><strong>αὐτοῦ</strong></span> <span class='ocrx_word' id='word_1_369' title='bbox 1323 3339 1598 3409; x_wconf 78' lang='grc' dir='ltr'><strong>μηδέποτε</strong></span> <span class='ocrx_word' id='word_1_370' title='bbox 1650 3341 2034 3414; x_wconf 84' lang='grc' dir='ltr'><strong>πλανηθῆναι,</strong></span> 
     </span>
    </p>
   </div>
   <div class='ocr_carea' id='block_1_52' title="bbox 450 3429 2034 3508">
    <p class='ocr_par' dir='ltr' id='par_1_52' title="bbox 450 3429 2034 3508">
     <span class='ocr_line' id='line_1_52' title="bbox 450 3429 2034 3508; baseline 0.002 -22"><span class='ocrx_word' id='word_1_371' title='bbox 450 3431 576 3486; x_wconf 72' lang='grc' dir='ltr'><strong>ἐπεὶ</strong></span> <span class='ocrx_word' id='word_1_372' title='bbox 605 3433 977 3503; x_wconf 75' lang='grc' dir='ltr'><strong>ἐπηγγείλατο</strong></span> <span class='ocrx_word' id='word_1_373' title='bbox 1010 3434 1133 3503; x_wconf 83' lang='grc' dir='ltr'><strong>μετ’</strong></span> <span class='ocrx_word' id='word_1_374' title='bbox 1157 3433 1333 3500; x_wconf 81' lang='grc' dir='ltr'><strong>αὐτῆς</strong></span> <span class='ocrx_word' id='word_1_375' title='bbox 1359 3429 1504 3490; x_wconf 74' lang='grc' dir='ltr'><strong>εἶναι</strong></span> <span class='ocrx_word' id='word_1_376' title='bbox 1528 3434 1822 3508; x_wconf 76' lang='grc' dir='ltr'><strong>διηνεκῶς.</strong></span> <span class='ocrx_word' id='word_1_377' title='bbox 1849 3435 1914 3489; x_wconf 76' lang='lat' dir='ltr'><strong>El</strong></span> <span class='ocrx_word' id='word_1_378' title='bbox 1938 3434 2034 3489; x_wconf 87' lang='grc' dir='ltr'><strong>οῦν</strong></span> 
     </span>
    </p>
   </div>
   <div class='ocr_carea' id='block_1_53' title="bbox 449 3522 2034 3600">
    <p class='ocr_par' dir='ltr' id='par_1_53' title="bbox 449 3522 2034 3600">
     <span class='ocr_line' id='line_1_53' title="bbox 449 3522 2034 3600; baseline 0.001 -21"><span class='ocrx_word' id='word_1_379' title='bbox 449 3522 658 3596; x_wconf 74' lang='grc' dir='ltr'><strong>ἀληθής</strong></span> <span class='ocrx_word' id='word_1_380' title='bbox 691 3525 840 3578; x_wconf 83' lang='grc' dir='ltr'><strong>ἐστιν</strong></span> <span class='ocrx_word' id='word_1_381' title='bbox 883 3525 914 3576; x_wconf 80' lang='grc' dir='ltr'><strong>ὁ</strong></span> <span class='ocrx_word' id='word_1_382' title='bbox 947 3525 1204 3596; x_wconf 83' lang='grc' dir='ltr'><strong>Χριστὸς,</strong></span> <span class='ocrx_word' id='word_1_383' title='bbox 1235 3526 1333 3579; x_wconf 82' lang='grc' dir='ltr'><strong>καὶ</strong></span> <span class='ocrx_word' id='word_1_384' title='bbox 1366 3526 1466 3600; x_wconf 82' lang='grc' dir='ltr'><strong>τὴν</strong></span> <span class='ocrx_word' id='word_1_385' title='bbox 1497 3526 1834 3595; x_wconf 77' lang='grc' dir='ltr'><strong>ἐπαγγελίαν</strong></span> <span class='ocrx_word' id='word_1_386' title='bbox 1863 3525 2034 3581; x_wconf 84' lang='grc' dir='ltr'><strong>αὐτοῦ</strong></span> 
     </span>
    </p>
   </div>
   <div class='ocr_carea' id='block_1_54' title="bbox 449 3613 2032 3691">
    <p class='ocr_par' dir='ltr' id='par_1_54' title="bbox 449 3613 2032 3691">
     <span class='ocr_line' id='line_1_54' title="bbox 449 3613 2032 3691; baseline 0.001 -20"><span class='ocrx_word' id='word_1_387' title='bbox 449 3617 533 3672; x_wconf 84' lang='grc' dir='ltr'><strong>δεῖ</strong></span> <span class='ocrx_word' id='word_1_388' title='bbox 577 3618 859 3673; x_wconf 82' lang='grc' dir='ltr'><strong>πιστεύειν</strong></span> <span class='ocrx_word' id='word_1_389' title='bbox 904 3613 1047 3673; x_wconf 71' lang='grc' dir='ltr'><strong>εἶναι</strong></span> <span class='ocrx_word' id='word_1_390' title='bbox 1090 3619 1303 3690; x_wconf 80' lang='grc' dir='ltr'><strong>ἀληθῆ·</strong></span> <span class='ocrx_word' id='word_1_391' title='bbox 1353 3620 1490 3691; x_wconf 77' lang='grc' dir='ltr'><strong>φησὶ</strong></span> <span class='ocrx_word' id='word_1_392' title='bbox 1531 3619 1663 3690; x_wconf 76' lang='grc' dir='ltr'><strong>γὰρ,</strong></span> <span class='ocrx_word' id='word_1_393' title='bbox 1700 3639 1719 3674; x_wconf 84' lang='grc' dir='ltr'><strong>ι</strong></span> <span class='ocrx_word' id='word_1_394' title='bbox 1760 3621 1874 3675; x_wconf 75' lang='grc' dir='ltr'><strong>Καὶ</strong></span> <span class='ocrx_word' id='word_1_395' title='bbox 1919 3620 2032 3674; x_wconf 75' lang='grc' dir='ltr'><strong>ίδοῦ</strong></span> 
     </span>
    </p>
   </div>
   <div class='ocr_carea' id='block_1_55' title="bbox 448 3709 2034 3783">
    <p class='ocr_par' dir='ltr' id='par_1_55' title="bbox 448 3709 2034 3783">
     <span class='ocr_line' id='line_1_55' title="bbox 448 3709 2034 3783; baseline 0.002 -19"><span class='ocrx_word' id='word_1_396' title='bbox 448 3709 566 3780; x_wconf 80' lang='grc' dir='ltr'><strong>ἐγὼ</strong></span> <span class='ocrx_word' id='word_1_397' title='bbox 601 3709 723 3780; x_wconf 79' lang='grc' dir='ltr'><strong>μεθ’</strong></span> <span class='ocrx_word' id='word_1_398' title='bbox 771 3709 931 3782; x_wconf 76' lang='grc' dir='ltr'><strong>ὑμῶν</strong></span> <span class='ocrx_word' id='word_1_399' title='bbox 970 3712 1095 3782; x_wconf 80' lang='grc' dir='ltr'><strong>ειμι</strong></span> <span class='ocrx_word' id='word_1_400' title='bbox 1142 3712 1326 3776; x_wconf 74' lang='grc' dir='ltr'><strong>πασας</strong></span> <span class='ocrx_word' id='word_1_401' title='bbox 1381 3713 1482 3775; x_wconf 82' lang='grc' dir='ltr'><strong>τὰς</strong></span> <span class='ocrx_word' id='word_1_402' title='bbox 1537 3711 1754 3783; x_wconf 74' lang='grc' dir='ltr'><strong>ἡμέρας</strong></span> <span class='ocrx_word' id='word_1_403' title='bbox 1796 3711 1901 3774; x_wconf 69' lang='grc' dir='ltr'><strong>ἕως</strong></span> <span class='ocrx_word' id='word_1_404' title='bbox 1930 3711 2034 3782; x_wconf 82' lang='grc' dir='ltr'><strong>τῆς</strong></span> 
     </span>
    </p>
   </div>
   <div class='ocr_carea' id='block_1_56' title="bbox 450 3800 2033 3874">
    <p class='ocr_par' dir='ltr' id='par_1_56' title="bbox 450 3800 2033 3874">
     <span class='ocr_line' id='line_1_56' title="bbox 450 3800 2033 3874; baseline 0.001 -18"><span class='ocrx_word' id='word_1_405' title='bbox 450 3800 769 3866; x_wconf 80' lang='grc' dir='ltr'><strong>συντελείας</strong></span> <span class='ocrx_word' id='word_1_406' title='bbox 815 3800 911 3856; x_wconf 87' lang='grc' dir='ltr'><strong>τοῦ</strong></span> <span class='ocrx_word' id='word_1_407' title='bbox 940 3803 1134 3867; x_wconf 71' lang='grc' dir='ltr'><strong>αἰῶνος</strong></span> <span class='ocrx_word' id='word_1_408' title='bbox 1158 3819 1174 3836; x_wconf 80' lang='grc' dir='ltr'><strong><em>ο</em></strong></span> <span class='ocrx_word' id='word_1_409' title='bbox 1211 3822 1230 3854; x_wconf 77' lang='grc' dir='ltr'><strong>ι</strong></span> <span class='ocrx_word' id='word_1_410' title='bbox 1267 3805 1364 3857; x_wconf 73' lang='grc' dir='ltr'><strong>καὶ</strong></span> <span class='ocrx_word' id='word_1_411' title='bbox 1393 3805 1559 3874; x_wconf 71' lang='grc' dir='ltr'><strong>ἡμεῖς</strong></span> <span class='ocrx_word' id='word_1_412' title='bbox 1590 3800 1737 3856; x_wconf 71' lang='grc' dir='ltr'><strong>οὕτω</strong></span> <span class='ocrx_word' id='word_1_413' title='bbox 1777 3801 2033 3858; x_wconf 84' lang='grc' dir='ltr'><strong>πιστεύο-</strong></span> 
     </span>
    </p>
   </div>
   <div class='ocr_carea' id='block_1_57' title="bbox 451 3889 2028 3966">
    <p class='ocr_par' dir='ltr' id='par_1_57' title="bbox 451 3889 2028 3966">
     <span class='ocr_line' id='line_1_57' title="bbox 451 3889 2028 3966; baseline 0.001 -19"><span class='ocrx_word' id='word_1_414' title='bbox 451 3911 556 3965; x_wconf 90' lang='grc' dir='ltr'><strong>μεν</strong></span> <span class='ocrx_word' id='word_1_415' title='bbox 586 3896 730 3964; x_wconf 84' lang='grc' dir='ltr'><strong>μετὰ</strong></span> <span class='ocrx_word' id='word_1_416' title='bbox 773 3896 872 3963; x_wconf 86' lang='grc' dir='ltr'><strong>τῆς</strong></span> <span class='ocrx_word' id='word_1_417' title='bbox 911 3895 1246 3966; x_wconf 81' lang='grc' dir='ltr'><strong>Ἐκκλησίας</strong></span> <span class='ocrx_word' id='word_1_418' title='bbox 1280 3895 1448 3949; x_wconf 81' lang='grc' dir='ltr'><strong>αὐτοῦ</strong></span> <span class='ocrx_word' id='word_1_419' title='bbox 1485 3889 1630 3948; x_wconf 83' lang='grc' dir='ltr'><strong>εῐναι</strong></span> <span class='ocrx_word' id='word_1_420' title='bbox 1681 3894 1772 3947; x_wconf 78' lang='grc' dir='ltr'><strong>διὰ</strong></span> <span class='ocrx_word' id='word_1_421' title='bbox 1805 3893 2028 3959; x_wconf 80' lang='grc' dir='ltr'><strong>παντὸς,</strong></span> 
     </span>
    </p>
   </div>
   <div class='ocr_carea' id='block_1_58' title="bbox 448 3987 2061 4059">
    <p class='ocr_par' dir='ltr' id='par_1_58' title="bbox 448 3987 2061 4059">
     <span class='ocr_line' id='line_1_58' title="bbox 448 3987 2061 4059; baseline -0.004 -17"><span class='ocrx_word' id='word_1_422' title='bbox 448 3989 548 4042; x_wconf 77' lang='grc' dir='ltr'><strong>καὶ</strong></span> <span class='ocrx_word' id='word_1_423' title='bbox 593 3988 869 4059; x_wconf 80' lang='grc' dir='ltr'><strong>μηδέποτε</strong></span> <span class='ocrx_word' id='word_1_424' title='bbox 904 3988 1259 4059; x_wconf 77' lang='grc' dir='ltr'><strong>καταλείψειν</strong></span> <span class='ocrx_word' id='word_1_425' title='bbox 1302 3988 1498 4058; x_wconf 72' lang='grc' dir='ltr'><strong>αὐτὴν.</strong></span> <span class='ocrx_word' id='word_1_426' title='bbox 1533 3988 1594 4041; x_wconf 85' lang='grc' dir='ltr'><strong>Εί</strong></span> <span class='ocrx_word' id='word_1_427' title='bbox 1634 3987 1690 4041; x_wconf 75' lang='grc' dir='ltr'><strong>δὲ</strong></span> <span class='ocrx_word' id='word_1_428' title='bbox 1729 3987 1850 4040; x_wconf 81' lang='grc' dir='ltr'><strong>καθ’</strong></span> <span class='ocrx_word' id='word_1_429' title='bbox 1883 3987 2061 4057; x_wconf 77' lang='grc' dir='ltr'><strong>ὑμᾶς.</strong></span> 
     </span>
    </p>
   </div>
   <div class='ocr_carea' id='block_1_59' title="bbox 447 4079 2027 4152">
    <p class='ocr_par' dir='ltr' id='par_1_59' title="bbox 447 4079 2027 4152">
     <span class='ocr_line' id='line_1_59' title="bbox 447 4079 2027 4152; baseline -0.001 -18"><span class='ocrx_word' id='word_1_430' title='bbox 447 4081 819 4152; x_wconf 76' lang='grc' dir='ltr'><strong>ἐπηγγείλατο</strong></span> <span class='ocrx_word' id='word_1_431' title='bbox 870 4080 974 4149; x_wconf 67' lang='grc' dir='ltr'><strong>μὲν</strong></span> <span class='ocrx_word' id='word_1_432' title='bbox 1017 4079 1296 4150; x_wconf 80' lang='grc' dir='ltr'><strong>διαμένειν</strong></span> <span class='ocrx_word' id='word_1_433' title='bbox 1331 4079 1601 4151; x_wconf 78' lang='grc' dir='ltr'><strong>διηνεκῶς</strong></span> <span class='ocrx_word' id='word_1_434' title='bbox 1664 4081 1786 4150; x_wconf 85' lang='grc' dir='ltr'><strong>μετ’</strong></span> <span class='ocrx_word' id='word_1_435' title='bbox 1827 4079 2027 4148; x_wconf 84' lang='grc' dir='ltr'><strong>αὐτῆς,</strong></span> 
     </span>
    </p>
   </div>
   <div class='ocr_carea' id='block_1_60' title="bbox 447 4171 2026 4244">
    <p class='ocr_par' dir='ltr' id='par_1_60' title="bbox 447 4171 2026 4244">
     <span class='ocr_line' id='line_1_60' title="bbox 447 4171 2026 4244; baseline -0.001 -16"><span class='ocrx_word' id='word_1_436' title='bbox 447 4175 712 4229; x_wconf 82' lang='grc' dir='ltr'><strong>κατέλιπε</strong></span> <span class='ocrx_word' id='word_1_437' title='bbox 741 4171 802 4227; x_wconf 68' lang='grc' dir='ltr'><strong>δὲ</strong></span> <span class='ocrx_word' id='word_1_438' title='bbox 840 4172 1034 4244; x_wconf 79' lang='grc' dir='ltr'><strong>αὐτὴν,</strong></span> <span class='ocrx_word' id='word_1_439' title='bbox 1073 4173 1170 4228; x_wconf 79' lang='grc' dir='ltr'><strong>καὶ</strong></span> <span class='ocrx_word' id='word_1_440' title='bbox 1197 4171 1353 4227; x_wconf 80' lang='grc' dir='ltr'><strong>είασε</strong></span> <span class='ocrx_word' id='word_1_441' title='bbox 1380 4172 1746 4244; x_wconf 80' lang='grc' dir='ltr'><strong>πλανηθῆναι,</strong></span> <span class='ocrx_word' id='word_1_442' title='bbox 1778 4171 1839 4238; x_wconf 78' lang='grc' dir='ltr'><strong>ἐξ</strong></span> <span class='ocrx_word' id='word_1_443' title='bbox 1866 4171 2026 4242; x_wconf 83' lang='grc' dir='ltr'><strong>ἐνάγ-</strong></span> 
     </span>
    </p>
   </div>
   <div class='ocr_carea' id='block_1_61' title="bbox 445 4263 2026 4338">
    <p class='ocr_par' dir='ltr' id='par_1_61' title="bbox 445 4263 2026 4338">
     <span class='ocr_line' id='line_1_61' title="bbox 445 4263 2026 4338; baseline -0.001 -18"><span class='ocrx_word' id='word_1_444' title='bbox 445 4283 551 4338; x_wconf 80' lang='grc' dir='ltr'><strong>κης</strong></span> <span class='ocrx_word' id='word_1_445' title='bbox 581 4265 823 4337; x_wconf 78' lang='grc' dir='ltr'><strong>ψεύστης</strong></span> <span class='ocrx_word' id='word_1_446' title='bbox 852 4266 1003 4319; x_wconf 88' lang='grc' dir='ltr'><strong>ἐστίν</strong></span> <span class='ocrx_word' id='word_1_447' title='bbox 1028 4281 1043 4298; x_wconf 81' lang='grc' dir='ltr'><strong>ο</strong></span> <span class='ocrx_word' id='word_1_448' title='bbox 1066 4265 1116 4319; x_wconf 89' lang='grc' dir='ltr'><strong>εί</strong></span> <span class='ocrx_word' id='word_1_449' title='bbox 1141 4263 1198 4319; x_wconf 76' lang='grc' dir='ltr'><strong>δὲ</strong></span> <span class='ocrx_word' id='word_1_450' title='bbox 1221 4264 1485 4335; x_wconf 83' lang='grc' dir='ltr'><strong>ψεύστης,</strong></span> <span class='ocrx_word' id='word_1_451' title='bbox 1512 4266 1576 4318; x_wconf 85' lang='grc' dir='ltr'><strong>ού</strong></span> <span class='ocrx_word' id='word_1_452' title='bbox 1599 4265 1751 4329; x_wconf 76' lang='grc' dir='ltr'><strong>Θεός.</strong></span> <span class='ocrx_word' id='word_1_453' title='bbox 1789 4265 1899 4322; x_wconf 77' lang='grc' dir='ltr'><strong>Καὶ</strong></span> <span class='ocrx_word' id='word_1_454' title='bbox 1923 4265 2026 4334; x_wconf 85' lang='grc' dir='ltr'><strong>δρα</strong></span> 
     </span>
    </p>
   </div>
   <div class='ocr_carea' id='block_1_62' title="bbox 445 4351 2025 4426">
    <p class='ocr_par' dir='ltr' id='par_1_62' title="bbox 445 4351 2025 4426">
     <span class='ocr_line' id='line_1_62' title="bbox 445 4351 2025 4426; baseline -0.004 -16"><span class='ocrx_word' id='word_1_455' title='bbox 445 4358 544 4426; x_wconf 76' lang='grc' dir='ltr'><strong>τὴν</strong></span> <span class='ocrx_word' id='word_1_456' title='bbox 571 4355 807 4410; x_wconf 71' lang='grc' dir='ltr'><strong>ἀτοπίαν</strong></span> <span class='ocrx_word' id='word_1_457' title='bbox 834 4353 926 4408; x_wconf 88' lang='grc' dir='ltr'><strong>τοῦ</strong></span> <span class='ocrx_word' id='word_1_458' title='bbox 958 4353 1144 4421; x_wconf 77' lang='grc' dir='ltr'><strong>λέγειν</strong></span> <span class='ocrx_word' id='word_1_459' title='bbox 1177 4353 1323 4425; x_wconf 76' lang='grc' dir='ltr'><strong>ὑμᾶς</strong></span> <span class='ocrx_word' id='word_1_460' title='bbox 1358 4352 1449 4406; x_wconf 76' lang='grc' dir='ltr'><strong>τὸν</strong></span> <span class='ocrx_word' id='word_1_461' title='bbox 1478 4351 1717 4426; x_wconf 77' lang='grc' dir='ltr'><strong>Χριστὸν</strong></span> <span class='ocrx_word' id='word_1_462' title='bbox 1736 4351 1983 4424; x_wconf 77' lang='grc' dir='ltr'><strong>ψεύστην</strong></span> <span class='ocrx_word' id='word_1_463' title='bbox 2007 4366 2025 4382; x_wconf 78' lang='grc'><strong>’</strong></span> 
     </span>
    </p>
   </div>
   <div class='ocr_carea' id='block_1_63' title="bbox 443 4446 2026 4521">
    <p class='ocr_par' dir='ltr' id='par_1_63' title="bbox 443 4446 2026 4521">
     <span class='ocr_line' id='line_1_63' title="bbox 443 4446 2026 4521; baseline -0.004 -17"><span class='ocrx_word' id='word_1_464' title='bbox 443 4453 604 4507; x_wconf 77' lang='grc' dir='ltr'><strong>⁴τοῦτο</strong></span> <span class='ocrx_word' id='word_1_465' title='bbox 629 4451 740 4521; x_wconf 83' lang='grc' dir='ltr'><strong>γὰρ</strong></span> <span class='ocrx_word' id='word_1_466' title='bbox 769 4451 949 4521; x_wconf 79' lang='grc' dir='ltr'><strong>πάσης</strong></span> <span class='ocrx_word' id='word_1_467' title='bbox 991 4449 1225 4518; x_wconf 81' lang='grc' dir='ltr'><strong>ἀνομίας</strong></span> <span class='ocrx_word' id='word_1_468' title='bbox 1261 4447 1354 4502; x_wconf 81' lang='grc' dir='ltr'><strong>καὶ</strong></span> <span class='ocrx_word' id='word_1_469' title='bbox 1383 4447 1739 4519; x_wconf 77' lang='grc' dir='ltr'><strong>βλασφημίας</strong></span> <span class='ocrx_word' id='word_1_470' title='bbox 1764 4446 2026 4516; x_wconf 60' lang='lat' dir='ltr'><strong>diripim-</strong></span> 
     </span>
    </p>
   </div>
   <div class='ocr_carea' id='block_1_64' title="bbox 2140 1947 3720 2013">
    <p class='ocr_par' dir='ltr' id='par_1_64' title="bbox 2140 1947 3720 2013">
     <span class='ocr_line' id='line_1_64' title="bbox 2140 1947 3720 2013; baseline 0.009 -18"><span class='ocrx_word' id='word_1_471' title='bbox 2140 1957 2393 2013; x_wconf 77' lang='lat' dir='ltr'><strong>azymum</strong></span> <span class='ocrx_word' id='word_1_472' title='bbox 2449 1947 2598 2000; x_wconf 84' lang='lat' dir='ltr'><strong>omni</strong></span> <span class='ocrx_word' id='word_1_473' title='bbox 2657 1959 2866 2003; x_wconf 85' lang='lat' dir='ltr'><strong>remota</strong></span> <span class='ocrx_word' id='word_1_474' title='bbox 2939 1950 3284 2009; x_wconf 87' lang='lat' dir='ltr'><strong>dubitatione</strong></span> <span class='ocrx_word' id='word_1_475' title='bbox 3337 1957 3553 2012; x_wconf 91' lang='lat' dir='ltr'><strong>Domini</strong></span> <span class='ocrx_word' id='word_1_476' title='bbox 3597 1973 3720 2012; x_wconf 90' lang='lat' dir='ltr'><strong>cor-</strong></span> 
     </span>
    </p>
   </div>
   <div class='ocr_carea' id='block_1_65' title="bbox 2141 2036 3721 2109">
    <p class='ocr_par' dir='ltr' id='par_1_65' title="bbox 2141 2036 3721 2109">
     <span class='ocr_line' id='line_1_65' title="bbox 2141 2036 3721 2109; baseline 0.01 -20"><span class='ocrx_word' id='word_1_477' title='bbox 2141 2049 2244 2104; x_wconf 87' lang='lat' dir='ltr'><strong>pus</strong></span> <span class='ocrx_word' id='word_1_478' title='bbox 2266 2036 2577 2102; x_wconf 88' lang='lat' dir='ltr'><strong>conticitur,</strong></span> <span class='ocrx_word' id='word_1_479' title='bbox 2604 2049 2658 2094; x_wconf 87' lang='lat' dir='ltr'><strong>et</strong></span> <span class='ocrx_word' id='word_1_480' title='bbox 2687 2041 2827 2109; x_wconf 85' lang='lat' dir='ltr'><strong>apud</strong></span> <span class='ocrx_word' id='word_1_481' title='bbox 2856 2044 3144 2102; x_wconf 89' lang='lat' dir='ltr'><strong>credentes</strong></span> <span class='ocrx_word' id='word_1_482' title='bbox 3179 2049 3439 2105; x_wconf 88' lang='lat' dir='ltr'><strong>salutaris</strong></span> <span class='ocrx_word' id='word_1_483' title='bbox 3471 2050 3528 2104; x_wconf 88' lang='lat' dir='ltr'><strong>lit</strong></span> <span class='ocrx_word' id='word_1_484' title='bbox 3569 2065 3721 2105; x_wconf 91' lang='lat' dir='ltr'><strong>com-</strong></span> 
     </span>
    </p>
   </div>
   <div class='ocr_carea' id='block_1_66' title="bbox 2139 2141 2351 2183">
    <p class='ocr_par' dir='ltr' id='par_1_66' title="bbox 2139 2141 2351 2183">
     <span class='ocr_line' id='line_1_66' title="bbox 2139 2141 2351 2183; baseline 0.014 -3"><span class='ocrx_word' id='word_1_485' title='bbox 2139 2141 2351 2183; x_wconf 77' lang='grc' dir='ltr'><strong>ηιυηιιι.</strong></span> 
     </span>
    </p>
   </div>
   <div class='ocr_carea' id='block_1_67' title="bbox 2856 2318 2947 2372">
    <p class='ocr_par' dir='ltr' id='par_1_67' title="bbox 2856 2318 2947 2372">
     <span class='ocr_line' id='line_1_67' title="bbox 2856 2318 2947 2372; baseline 0.011 -1"><span class='ocrx_word' id='word_1_486' title='bbox 2856 2318 2947 2372; x_wconf 78' lang='lat' dir='ltr'><strong>IX.</strong></span> 
     </span>
    </p>
   </div>
   <div class='ocr_carea' id='block_1_68' title="bbox 2209 2406 3722 2482">
    <p class='ocr_par' dir='ltr' id='par_1_68' title="bbox 2209 2406 3722 2482">
     <span class='ocr_line' id='line_1_68' title="bbox 2209 2406 3722 2482; baseline 0.011 -21"><span class='ocrx_word' id='word_1_487' title='bbox 2209 2406 2351 2464; x_wconf 82' lang='lat' dir='ltr'><strong>Ecce</strong></span> <span class='ocrx_word' id='word_1_488' title='bbox 2374 2409 2627 2466; x_wconf 80' lang='lat' dir='ltr'><strong>secundae</strong></span> <span class='ocrx_word' id='word_1_489' title='bbox 2671 2411 2785 2482; x_wconf 86' lang='lat' dir='ltr'><strong>jam</strong></span> <span class='ocrx_word' id='word_1_490' title='bbox 2817 2416 3158 2472; x_wconf 82' lang='lat' dir='ltr'><strong>accusationi</strong></span> <span class='ocrx_word' id='word_1_491' title='bbox 3195 2427 3390 2476; x_wconf 67' lang='lat' dir='ltr'><strong>vestras</strong></span> <span class='ocrx_word' id='word_1_492' title='bbox 3448 2421 3586 2478; x_wconf 85' lang='lat' dir='ltr'><strong>bene</strong></span> <span class='ocrx_word' id='word_1_493' title='bbox 3637 2438 3722 2477; x_wconf 85' lang='lat' dir='ltr'><strong>re-</strong></span> 
     </span>
    </p>
   </div>
   <div class='ocr_carea' id='block_1_69' title="bbox 2139 2501 3719 2586">
    <p class='ocr_par' dir='ltr' id='par_1_69' title="bbox 2139 2501 3719 2586">
     <span class='ocr_line' id='line_1_69' title="bbox 2139 2501 3719 2586; baseline 0.009 -32"><span class='ocrx_word' id='word_1_494' title='bbox 2139 2501 2496 2571; x_wconf 82' lang='lat' dir='ltr'><strong>spondimus,</strong></span> <span class='ocrx_word' id='word_1_495' title='bbox 2554 2507 3008 2577; x_wconf 82' lang='lat' dir='ltr'><strong>ostendimnsque</strong></span> <span class='ocrx_word' id='word_1_496' title='bbox 3080 2512 3226 2581; x_wconf 87' lang='lat' dir='ltr'><strong>quod</strong></span> <span class='ocrx_word' id='word_1_497' title='bbox 3300 2514 3550 2586; x_wconf 84' lang='lat' dir='ltr'><strong>imperite</strong></span> <span class='ocrx_word' id='word_1_498' title='bbox 3615 2530 3719 2570; x_wconf 81' lang='lat' dir='ltr'><strong>Ilus</strong></span> 
     </span>
    </p>
   </div>
   <div class='ocr_carea' id='block_1_70' title="bbox 2140 2588 3722 2667">
    <p class='ocr_par' dir='ltr' id='par_1_70' title="bbox 2140 2588 3722 2667">
     <span class='ocr_line' id='line_1_70' title="bbox 2140 2588 3722 2667; baseline 0.011 -18"><span class='ocrx_word' id='word_1_499' title='bbox 2140 2596 2536 2664; x_wconf 88' lang='lat' dir='ltr'><strong>criminamini,</strong></span> <span class='ocrx_word' id='word_1_500' title='bbox 2592 2607 2649 2653; x_wconf 89' lang='lat' dir='ltr'><strong>et</strong></span> <span class='ocrx_word' id='word_1_501' title='bbox 2684 2588 2911 2657; x_wconf 81' lang='lat' dir='ltr'><strong>sinistre</strong></span> <span class='ocrx_word' id='word_1_502' title='bbox 2978 2607 3380 2663; x_wconf 74' lang='lat' dir='ltr'><strong>mcumenicam</strong></span> <span class='ocrx_word' id='word_1_503' title='bbox 3425 2610 3722 2667; x_wconf 80' lang='lat' dir='ltr'><strong>traducitis</strong></span> 
     </span>
    </p>
   </div>
   <div class='ocr_carea' id='block_1_71' title="bbox 2141 2689 3720 2766">
    <p class='ocr_par' dir='ltr' id='par_1_71' title="bbox 2141 2689 3720 2766">
     <span class='ocr_line' id='line_1_71' title="bbox 2141 2689 3720 2766; baseline 0.012 -24"><span class='ocrx_word' id='word_1_504' title='bbox 2141 2689 2407 2759; x_wconf 81' lang='lat' dir='ltr'><strong>synodum</strong></span> <span class='ocrx_word' id='word_1_505' title='bbox 2438 2706 2558 2760; x_wconf 67' lang='lat' dir='ltr'><strong>quae</strong></span> <span class='ocrx_word' id='word_1_506' title='bbox 2584 2706 2739 2758; x_wconf 70' lang='lat' dir='ltr'><strong>teque</strong></span> <span class='ocrx_word' id='word_1_507' title='bbox 2788 2694 2841 2748; x_wconf 92' lang='lat' dir='ltr'><strong>in</strong></span> <span class='ocrx_word' id='word_1_508' title='bbox 2869 2710 3064 2766; x_wconf 80' lang='lat' dir='ltr'><strong>azyma</strong></span> <span class='ocrx_word' id='word_1_509' title='bbox 3094 2708 3150 2753; x_wconf 91' lang='lat' dir='ltr'><strong>et</strong></span> <span class='ocrx_word' id='word_1_510' title='bbox 3183 2699 3454 2757; x_wconf 73' lang='lat' dir='ltr'><strong>fermento</strong></span> <span class='ocrx_word' id='word_1_511' title='bbox 3477 2703 3720 2760; x_wconf 89' lang='lat' dir='ltr'><strong>Domini-</strong></span> 
     </span>
    </p>
   </div>
   <div class='ocr_carea' id='block_1_72' title="bbox 2141 2787 3717 2856">
    <p class='ocr_par' dir='ltr' id='par_1_72' title="bbox 2141 2787 3717 2856">
     <span class='ocr_line' id='line_1_72' title="bbox 2141 2787 3717 2856; baseline 0.012 -22"><span class='ocrx_word' id='word_1_512' title='bbox 2141 2797 2266 2835; x_wconf 84' lang='lat' dir='ltr'><strong>cttm</strong></span> <span class='ocrx_word' id='word_1_513' title='bbox 2313 2799 2516 2854; x_wconf 83' lang='lat' dir='ltr'><strong>corpus</strong></span> <span class='ocrx_word' id='word_1_514' title='bbox 2544 2787 2740 2840; x_wconf 74' lang='lat' dir='ltr'><strong>confici</strong></span> <span class='ocrx_word' id='word_1_515' title='bbox 2793 2789 2987 2856; x_wconf 85' lang='lat' dir='ltr'><strong>credit,</strong></span> <span class='ocrx_word' id='word_1_516' title='bbox 3028 2806 3154 2845; x_wconf 91' lang='lat' dir='ltr'><strong>cum</strong></span> <span class='ocrx_word' id='word_1_517' title='bbox 3186 2808 3353 2848; x_wconf 89' lang='lat' dir='ltr'><strong>unum</strong></span> <span class='ocrx_word' id='word_1_518' title='bbox 3387 2796 3460 2849; x_wconf 87' lang='lat' dir='ltr'><strong>sit</strong></span> <span class='ocrx_word' id='word_1_519' title='bbox 3499 2795 3717 2853; x_wconf 87' lang='lat' dir='ltr'><strong>Domini</strong></span> 
     </span>
    </p>
   </div>
   <div class='ocr_carea' id='block_1_73' title="bbox 2141 2878 3719 2958">
    <p class='ocr_par' dir='ltr' id='par_1_73' title="bbox 2141 2878 3719 2958">
     <span class='ocr_line' id='line_1_73' title="bbox 2141 2878 3719 2958; baseline 0.011 -31"><span class='ocrx_word' id='word_1_520' title='bbox 2141 2887 2366 2945; x_wconf 88' lang='lat' dir='ltr'><strong>corpus,</strong></span> <span class='ocrx_word' id='word_1_521' title='bbox 2396 2878 2570 2934; x_wconf 84' lang='lat' dir='ltr'><strong>nonin</strong></span> <span class='ocrx_word' id='word_1_522' title='bbox 2596 2879 2707 2934; x_wconf 89' lang='lat' dir='ltr'><strong>duo</strong></span> <span class='ocrx_word' id='word_1_523' title='bbox 2735 2879 3084 2948; x_wconf 83' lang='lat' dir='ltr'><strong>distractum,</strong></span> <span class='ocrx_word' id='word_1_524' title='bbox 3113 2891 3172 2939; x_wconf 90' lang='lat' dir='ltr'><strong>ut</strong></span> <span class='ocrx_word' id='word_1_525' title='bbox 3199 2899 3296 2940; x_wconf 79' lang='lat' dir='ltr'><strong>vos</strong></span> <span class='ocrx_word' id='word_1_526' title='bbox 3329 2889 3422 2957; x_wconf 90' lang='lat' dir='ltr'><strong>qui</strong></span> <span class='ocrx_word' id='word_1_527' title='bbox 3449 2893 3719 2958; x_wconf 84' lang='lat' dir='ltr'><strong>synodum</strong></span> 
     </span>
    </p>
   </div>
   <div class='ocr_carea' id='block_1_74' title="bbox 2143 2959 3716 3049">
    <p class='ocr_par' dir='ltr' id='par_1_74' title="bbox 2143 2959 3716 3049">
     <span class='ocr_line' id='line_1_74' title="bbox 2143 2959 3716 3049; baseline 0.012 -28"><span class='ocrx_word' id='word_1_528' title='bbox 2143 2982 2249 3022; x_wconf 87' lang='lat' dir='ltr'><strong>non</strong></span> <span class='ocrx_word' id='word_1_529' title='bbox 2293 2969 2614 3040; x_wconf 82' lang='lat' dir='ltr'><strong>sequimini,</strong></span> <span class='ocrx_word' id='word_1_530' title='bbox 2671 2959 2922 3028; x_wconf 76' lang='lat' dir='ltr'><strong>nolentes</strong></span> <span class='ocrx_word' id='word_1_531' title='bbox 2983 2977 3251 3043; x_wconf 81' lang='lat' dir='ltr'><strong>voletttes,</strong></span> <span class='ocrx_word' id='word_1_532' title='bbox 3308 2982 3560 3049; x_wconf 86' lang='lat' dir='ltr'><strong>quamvis</strong></span> <span class='ocrx_word' id='word_1_533' title='bbox 3609 3000 3716 3040; x_wconf 90' lang='lat' dir='ltr'><strong>non</strong></span> 
     </span>
    </p>
   </div>
   <div class='ocr_carea' id='block_1_75' title="bbox 2141 3062 3718 3144">
    <p class='ocr_par' dir='ltr' id='par_1_75' title="bbox 2141 3062 3718 3144">
     <span class='ocr_line' id='line_1_75' title="bbox 2141 3062 3718 3144; baseline 0.011 -28"><span class='ocrx_word' id='word_1_534' title='bbox 2141 3062 2369 3130; x_wconf 85' lang='lat' dir='ltr'><strong>scripto,</strong></span> <span class='ocrx_word' id='word_1_535' title='bbox 2402 3063 2497 3118; x_wconf 86' lang='lat' dir='ltr'><strong>sed</strong></span> <span class='ocrx_word' id='word_1_536' title='bbox 2534 3066 2786 3136; x_wconf 75' lang='lat' dir='ltr'><strong>negando</strong></span> <span class='ocrx_word' id='word_1_537' title='bbox 2811 3083 2935 3138; x_wconf 69' lang='lat' dir='ltr'><strong>quae</strong></span> <span class='ocrx_word' id='word_1_538' title='bbox 2965 3068 3224 3135; x_wconf 85' lang='lat' dir='ltr'><strong>dicimus,</strong></span> <span class='ocrx_word' id='word_1_539' title='bbox 3271 3073 3622 3144; x_wconf 83' lang='lat' dir='ltr'><strong>concluditis,</strong></span> <span class='ocrx_word' id='word_1_540' title='bbox 3662 3089 3718 3133; x_wconf 89' lang='lat' dir='ltr'><strong>et</strong></span> 
     </span>
    </p>
   </div>
   <div class='ocr_carea' id='block_1_76' title="bbox 2141 3153 3712 3242">
    <p class='ocr_par' dir='ltr' id='par_1_76' title="bbox 2141 3153 3712 3242">
     <span class='ocr_line' id='line_1_76' title="bbox 2141 3153 3712 3242; baseline 0.012 -35"><span class='ocrx_word' id='word_1_541' title='bbox 2141 3153 2264 3209; x_wconf 88' lang='lat' dir='ltr'><strong>ideo</strong></span> <span class='ocrx_word' id='word_1_542' title='bbox 2296 3170 2364 3209; x_wconf 90' lang='lat' dir='ltr'><strong>ne</strong></span> <span class='ocrx_word' id='word_1_543' title='bbox 2390 3155 2443 3209; x_wconf 92' lang='lat' dir='ltr'><strong>in</strong></span> <span class='ocrx_word' id='word_1_544' title='bbox 2470 3155 2689 3212; x_wconf 61' lang='lat' dir='ltr'><strong>haeresis</strong></span> <span class='ocrx_word' id='word_1_545' title='bbox 2716 3158 2927 3229; x_wconf 89' lang='lat' dir='ltr'><strong>lapsum</strong></span> <span class='ocrx_word' id='word_1_546' title='bbox 2969 3161 3246 3233; x_wconf 84' lang='lat' dir='ltr'><strong>incidatis,</strong></span> <span class='ocrx_word' id='word_1_547' title='bbox 3299 3182 3410 3223; x_wconf 90' lang='lat' dir='ltr'><strong>non</strong></span> <span class='ocrx_word' id='word_1_548' title='bbox 3451 3168 3712 3242; x_wconf 80' lang='lat' dir='ltr'><strong>cll‘ngitis.</strong></span> 
     </span>
    </p>
   </div>
   <div class='ocr_carea' id='block_1_77' title="bbox 2139 3245 3720 3325">
    <p class='ocr_par' dir='ltr' id='par_1_77' title="bbox 2139 3245 3720 3325">
     <span class='ocr_line' id='line_1_77' title="bbox 2139 3245 3720 3325; baseline 0.012 -23"><span class='ocrx_word' id='word_1_549' title='bbox 2139 3245 2275 3302; x_wconf 80' lang='lat' dir='ltr'><strong>Nam</strong></span> <span class='ocrx_word' id='word_1_550' title='bbox 2326 3247 2585 3306; x_wconf 84' lang='lat' dir='ltr'><strong>Christus</strong></span> <span class='ocrx_word' id='word_1_551' title='bbox 2617 3251 2753 3307; x_wconf 87' lang='lat' dir='ltr'><strong>dicit</strong></span> <span class='ocrx_word' id='word_1_552' title='bbox 2791 3269 3074 3325; x_wconf 86' lang='lat' dir='ltr'><strong>nunquam</strong></span> <span class='ocrx_word' id='word_1_553' title='bbox 3108 3271 3266 3314; x_wconf 76' lang='lat' dir='ltr'><strong>suam</strong></span> <span class='ocrx_word' id='word_1_554' title='bbox 3309 3275 3497 3317; x_wconf 89' lang='lat' dir='ltr'><strong>errare</strong></span> <span class='ocrx_word' id='word_1_555' title='bbox 3529 3263 3720 3320; x_wconf 81' lang='lat' dir='ltr'><strong>Eccle-</strong></span> 
     </span>
    </p>
   </div>
   <div class='ocr_carea' id='block_1_78' title="bbox 2139 3341 3722 3427">
    <p class='ocr_par' dir='ltr' id='par_1_78' title="bbox 2139 3341 3722 3427">
     <span class='ocr_line' id='line_1_78' title="bbox 2139 3341 3722 3427; baseline 0.011 -30"><span class='ocrx_word' id='word_1_556' title='bbox 2139 3341 2301 3406; x_wconf 85' lang='lat' dir='ltr'><strong>siam,</strong></span> <span class='ocrx_word' id='word_1_557' title='bbox 2325 3342 2454 3413; x_wconf 87' lang='lat' dir='ltr'><strong>quia</strong></span> <span class='ocrx_word' id='word_1_558' title='bbox 2488 3359 2546 3400; x_wconf 90' lang='lat' dir='ltr'><strong>se</strong></span> <span class='ocrx_word' id='word_1_559' title='bbox 2580 3359 2800 3416; x_wconf 85' lang='lat' dir='ltr'><strong>semper</strong></span> <span class='ocrx_word' id='word_1_560' title='bbox 2827 3363 2955 3402; x_wconf 89' lang='lat' dir='ltr'><strong>cum</strong></span> <span class='ocrx_word' id='word_1_561' title='bbox 2985 3362 3050 3404; x_wconf 87' lang='lat' dir='ltr'><strong>ea</strong></span> <span class='ocrx_word' id='word_1_562' title='bbox 3080 3363 3408 3409; x_wconf 88' lang='lat' dir='ltr'><strong>mansurum</strong></span> <span class='ocrx_word' id='word_1_563' title='bbox 3443 3356 3722 3427; x_wconf 84' lang='lat' dir='ltr'><strong>pollicitus</strong></span> 
     </span>
    </p>
   </div>
   <div class='ocr_carea' id='block_1_79' title="bbox 2136 3435 3715 3515">
    <p class='ocr_par' dir='ltr' id='par_1_79' title="bbox 2136 3435 3715 3515">
     <span class='ocr_line' id='line_1_79' title="bbox 2136 3435 3715 3515; baseline 0.008 -23"><span class='ocrx_word' id='word_1_564' title='bbox 2136 3444 2240 3492; x_wconf 81' lang='lat' dir='ltr'><strong>est.</strong></span> <span class='ocrx_word' id='word_1_565' title='bbox 2271 3435 2328 3490; x_wconf 86' lang='lat' dir='ltr'><strong>Si</strong></span> <span class='ocrx_word' id='word_1_566' title='bbox 2375 3451 2506 3506; x_wconf 80' lang='lat' dir='ltr'><strong>ergo</strong></span> <span class='ocrx_word' id='word_1_567' title='bbox 2556 3451 2720 3493; x_wconf 86' lang='lat' dir='ltr'><strong>verus</strong></span> <span class='ocrx_word' id='word_1_568' title='bbox 2749 3447 2834 3494; x_wconf 87' lang='lat' dir='ltr'><strong>est</strong></span> <span class='ocrx_word' id='word_1_569' title='bbox 2864 3437 3144 3509; x_wconf 84' lang='lat' dir='ltr'><strong>Christus,</strong></span> <span class='ocrx_word' id='word_1_570' title='bbox 3197 3453 3251 3498; x_wconf 88' lang='lat' dir='ltr'><strong>et</strong></span> <span class='ocrx_word' id='word_1_571' title='bbox 3291 3449 3715 3515; x_wconf 79' lang='lat' dir='ltr'><strong>promissionem</strong></span> 
     </span>
    </p>
   </div>
   <div class='ocr_carea' id='block_1_80' title="bbox 2137 3534 3717 3614">
    <p class='ocr_par' dir='ltr' id='par_1_80' title="bbox 2137 3534 3717 3614">
     <span class='ocr_line' id='line_1_80' title="bbox 2137 3534 3717 3614; baseline 0.007 -31"><span class='ocrx_word' id='word_1_572' title='bbox 2137 3541 2296 3583; x_wconf 83' lang='lat' dir='ltr'><strong>suam</strong></span> <span class='ocrx_word' id='word_1_573' title='bbox 2331 3543 2516 3582; x_wconf 81' lang='lat' dir='ltr'><strong>verant</strong></span> <span class='ocrx_word' id='word_1_574' title='bbox 2549 3543 2674 3585; x_wconf 88' lang='lat' dir='ltr'><strong>esse</strong></span> <span class='ocrx_word' id='word_1_575' title='bbox 2712 3539 2975 3599; x_wconf 68' lang='lat' dir='ltr'><strong>oportet;</strong></span> <span class='ocrx_word' id='word_1_576' title='bbox 3029 3534 3107 3590; x_wconf 85' lang='lat' dir='ltr'><strong>ita</strong></span> <span class='ocrx_word' id='word_1_577' title='bbox 3145 3536 3290 3592; x_wconf 85' lang='lat' dir='ltr'><strong>enim</strong></span> <span class='ocrx_word' id='word_1_578' title='bbox 3325 3537 3485 3606; x_wconf 78' lang='lat' dir='ltr'><strong>dixit,</strong></span> <span class='ocrx_word' id='word_1_579' title='bbox 3536 3561 3555 3593; x_wconf 88' lang='grc' dir='ltr'><strong>ι</strong></span> <span class='ocrx_word' id='word_1_580' title='bbox 3601 3542 3717 3614; x_wconf 74' lang='lat' dir='ltr'><strong>Ego</strong></span> 
     </span>
    </p>
   </div>
   <div class='ocr_carea' id='block_1_81' title="bbox 2136 3619 3718 3699">
    <p class='ocr_par' dir='ltr' id='par_1_81' title="bbox 2136 3619 3718 3699">
     <span class='ocr_line' id='line_1_81' title="bbox 2136 3619 3718 3699; baseline 0.01 -26"><span class='ocrx_word' id='word_1_581' title='bbox 2136 3619 2418 3675; x_wconf 75' lang='lat' dir='ltr'><strong>vobiscum</strong></span> <span class='ocrx_word' id='word_1_582' title='bbox 2459 3636 2578 3676; x_wconf 84' lang='lat' dir='ltr'><strong>sunt</strong></span> <span class='ocrx_word' id='word_1_583' title='bbox 2604 3623 2860 3679; x_wconf 87' lang='lat' dir='ltr'><strong>omnibus</strong></span> <span class='ocrx_word' id='word_1_584' title='bbox 2905 3625 3096 3683; x_wconf 87' lang='lat' dir='ltr'><strong>diebus</strong></span> <span class='ocrx_word' id='word_1_585' title='bbox 3131 3643 3308 3699; x_wconf 86' lang='lat' dir='ltr'><strong>usque</strong></span> <span class='ocrx_word' id='word_1_586' title='bbox 3338 3631 3405 3684; x_wconf 83' lang='lat' dir='ltr'><strong>ad</strong></span> <span class='ocrx_word' id='word_1_587' title='bbox 3458 3647 3718 3691; x_wconf 85' lang='lat' dir='ltr'><strong>consum-</strong></span> 
     </span>
    </p>
   </div>
   <div class='ocr_carea' id='block_1_82' title="bbox 2138 3714 3712 3795">
    <p class='ocr_par' dir='ltr' id='par_1_82' title="bbox 2138 3714 3712 3795">
     <span class='ocr_line' id='line_1_82' title="bbox 2138 3714 3712 3795; baseline 0.01 -29"><span class='ocrx_word' id='word_1_588' title='bbox 2138 3714 2437 3769; x_wconf 89' lang='lat' dir='ltr'><strong>mationem</strong></span> <span class='ocrx_word' id='word_1_589' title='bbox 2474 3716 2664 3771; x_wconf 69' lang='lat' dir='ltr'><strong>saeculi</strong></span> <span class='ocrx_word' id='word_1_590' title='bbox 2690 3717 2756 3781; x_wconf 80' lang='lat'><strong>&quot;,</strong></span> <span class='ocrx_word' id='word_1_591' title='bbox 2817 3736 2838 3769; x_wconf 78' lang='grc' dir='ltr'><strong>ι</strong></span> <span class='ocrx_word' id='word_1_592' title='bbox 2873 3734 3086 3788; x_wconf 82' lang='lat' dir='ltr'><strong>nosque</strong></span> <span class='ocrx_word' id='word_1_593' title='bbox 3129 3723 3204 3776; x_wconf 90' lang='lat' dir='ltr'><strong>ita</strong></span> <span class='ocrx_word' id='word_1_594' title='bbox 3253 3726 3555 3795; x_wconf 80' lang='lat' dir='ltr'><strong>credimus,</strong></span> <span class='ocrx_word' id='word_1_595' title='bbox 3586 3743 3712 3782; x_wconf 89' lang='lat' dir='ltr'><strong>eum</strong></span> 
     </span>
    </p>
   </div>
   <div class='ocr_carea' id='block_1_83' title="bbox 2135 3805 3713 3887">
    <p class='ocr_par' dir='ltr' id='par_1_83' title="bbox 2135 3805 3713 3887">
     <span class='ocr_line' id='line_1_83' title="bbox 2135 3805 3713 3887; baseline 0.008 -27"><span class='ocrx_word' id='word_1_596' title='bbox 2135 3820 2260 3860; x_wconf 89' lang='lat' dir='ltr'><strong>cum</strong></span> <span class='ocrx_word' id='word_1_597' title='bbox 2284 3805 2533 3863; x_wconf 86' lang='lat' dir='ltr'><strong>Ecclesia</strong></span> <span class='ocrx_word' id='word_1_598' title='bbox 2567 3822 2667 3864; x_wconf 84' lang='lat' dir='ltr'><strong>sua</strong></span> <span class='ocrx_word' id='word_1_599' title='bbox 2719 3825 2938 3880; x_wconf 86' lang='lat' dir='ltr'><strong>semper</strong></span> <span class='ocrx_word' id='word_1_600' title='bbox 2964 3828 3086 3869; x_wconf 87' lang='lat' dir='ltr'><strong>esse</strong></span> <span class='ocrx_word' id='word_1_601' title='bbox 3134 3830 3578 3887; x_wconf 88' lang='lat' dir='ltr'><strong>permansurum,</strong></span> <span class='ocrx_word' id='word_1_602' title='bbox 3610 3836 3713 3876; x_wconf 86' lang='lat' dir='ltr'><strong>nec</strong></span> 
     </span>
    </p>
   </div>
   <div class='ocr_carea' id='block_1_84' title="bbox 2135 3898 3713 3973">
    <p class='ocr_par' dir='ltr' id='par_1_84' title="bbox 2135 3898 3713 3973">
     <span class='ocr_line' id='line_1_84' title="bbox 2135 3898 3713 3973; baseline 0.011 -22"><span class='ocrx_word' id='word_1_603' title='bbox 2135 3911 2260 3952; x_wconf 84' lang='lat' dir='ltr'><strong>eam</strong></span> <span class='ocrx_word' id='word_1_604' title='bbox 2283 3898 2678 3956; x_wconf 85' lang='lat' dir='ltr'><strong>derelicturum</strong></span> <span class='ocrx_word' id='word_1_605' title='bbox 2705 3917 2971 3973; x_wconf 84' lang='lat' dir='ltr'><strong>ttnquant.</strong></span> <span class='ocrx_word' id='word_1_606' title='bbox 3009 3906 3066 3961; x_wconf 86' lang='lat' dir='ltr'><strong>Si</strong></span> <span class='ocrx_word' id='word_1_607' title='bbox 3103 3922 3234 3962; x_wconf 82' lang='lat' dir='ltr'><strong>vero</strong></span> <span class='ocrx_word' id='word_1_608' title='bbox 3273 3914 3574 3967; x_wconf 81' lang='lat' dir='ltr'><strong>secundum</strong></span> <span class='ocrx_word' id='word_1_609' title='bbox 3613 3928 3713 3969; x_wconf 86' lang='lat' dir='ltr'><strong>vos</strong></span> 
     </span>
    </p>
   </div>
   <div class='ocr_carea' id='block_1_85' title="bbox 2134 3999 3711 4068">
    <p class='ocr_par' dir='ltr' id='par_1_85' title="bbox 2134 3999 3711 4068">
     <span class='ocr_line' id='line_1_85' title="bbox 2134 3999 3711 4068; baseline 0.011 -27"><span class='ocrx_word' id='word_1_610' title='bbox 2134 4002 2259 4042; x_wconf 88' lang='lat' dir='ltr'><strong>cum</strong></span> <span class='ocrx_word' id='word_1_611' title='bbox 2289 4003 2351 4044; x_wconf 92' lang='lat' dir='ltr'><strong>ea</strong></span> <span class='ocrx_word' id='word_1_612' title='bbox 2406 4005 2467 4044; x_wconf 90' lang='lat' dir='ltr'><strong>se</strong></span> <span class='ocrx_word' id='word_1_613' title='bbox 2503 4005 2720 4062; x_wconf 83' lang='lat' dir='ltr'><strong>semper</strong></span> <span class='ocrx_word' id='word_1_614' title='bbox 2786 4009 3106 4052; x_wconf 86' lang='lat' dir='ltr'><strong>mansurum</strong></span> <span class='ocrx_word' id='word_1_615' title='bbox 3139 3999 3413 4067; x_wconf 87' lang='lat' dir='ltr'><strong>pollicitus</strong></span> <span class='ocrx_word' id='word_1_616' title='bbox 3444 4013 3548 4068; x_wconf 87' lang='lat' dir='ltr'><strong>est,</strong></span> <span class='ocrx_word' id='word_1_617' title='bbox 3594 4006 3711 4060; x_wconf 83' lang='lat' dir='ltr'><strong>&#39;sed</strong></span> 
     </span>
    </p>
   </div>
   <div class='ocr_carea' id='block_1_86' title="bbox 2134 4083 3710 4159">
    <p class='ocr_par' dir='ltr' id='par_1_86' title="bbox 2134 4083 3710 4159">
     <span class='ocr_line' id='line_1_86' title="bbox 2134 4083 3710 4159; baseline 0.01 -24"><span class='ocrx_word' id='word_1_618' title='bbox 2134 4083 2423 4153; x_wconf 82' lang='lat' dir='ltr'><strong>dereliquit</strong></span> <span class='ocrx_word' id='word_1_619' title='bbox 2449 4085 2597 4139; x_wconf 85' lang='lat' dir='ltr'><strong>illam</strong></span> <span class='ocrx_word' id='word_1_620' title='bbox 2643 4095 2696 4141; x_wconf 92' lang='lat' dir='ltr'><strong>et</strong></span> <span class='ocrx_word' id='word_1_621' title='bbox 2721 4101 2908 4143; x_wconf 90' lang='lat' dir='ltr'><strong>errare</strong></span> <span class='ocrx_word' id='word_1_622' title='bbox 2949 4091 3219 4159; x_wconf 76' lang='lat' dir='ltr'><strong>permisit,</strong></span> <span class='ocrx_word' id='word_1_623' title='bbox 3259 4109 3323 4148; x_wconf 81' lang='lat' dir='ltr'><strong>ex</strong></span> <span class='ocrx_word' id='word_1_624' title='bbox 3382 4097 3710 4153; x_wconf 87' lang='lat' dir='ltr'><strong>necessitate</strong></span> 
     </span>
    </p>
   </div>
   <div class='ocr_carea' id='block_1_87' title="bbox 2133 4175 3711 4248">
    <p class='ocr_par' dir='ltr' id='par_1_87' title="bbox 2133 4175 3711 4248">
     <span class='ocr_line' id='line_1_87' title="bbox 2133 4175 3711 4248; baseline 0.008 -18"><span class='ocrx_word' id='word_1_625' title='bbox 2133 4175 2372 4231; x_wconf 79' lang='lat' dir='ltr'><strong>mendax</strong></span> <span class='ocrx_word' id='word_1_626' title='bbox 2404 4189 2513 4232; x_wconf 86' lang='lat' dir='ltr'><strong>est.</strong></span> <span class='ocrx_word' id='word_1_627' title='bbox 2547 4175 2604 4232; x_wconf 88' lang='lat' dir='ltr'><strong>Si</strong></span> <span class='ocrx_word' id='word_1_628' title='bbox 2637 4194 2768 4236; x_wconf 78' lang='lat' dir='ltr'><strong>vero</strong></span> <span class='ocrx_word' id='word_1_629' title='bbox 2816 4182 3072 4248; x_wconf 80' lang='lat' dir='ltr'><strong>mendas,</strong></span> <span class='ocrx_word' id='word_1_630' title='bbox 3122 4185 3265 4239; x_wconf 87' lang='lat' dir='ltr'><strong>Deus</strong></span> <span class='ocrx_word' id='word_1_631' title='bbox 3317 4201 3424 4240; x_wconf 88' lang='lat' dir='ltr'><strong>non</strong></span> <span class='ocrx_word' id='word_1_632' title='bbox 3459 4196 3564 4242; x_wconf 90' lang='lat' dir='ltr'><strong>est.</strong></span> <span class='ocrx_word' id='word_1_633' title='bbox 3621 4190 3711 4243; x_wconf 63' lang='grc' dir='ltr'><strong>νιος</strong></span> 
     </span>
    </p>
   </div>
   <div class='ocr_carea' id='block_1_88' title="bbox 2132 4269 3707 4345">
    <p class='ocr_par' dir='ltr' id='par_1_88' title="bbox 2132 4269 3707 4345">
     <span class='ocr_line' id='line_1_88' title="bbox 2132 4269 3707 4345; baseline 0.01 -21"><span class='ocrx_word' id='word_1_634' title='bbox 2132 4269 2259 4325; x_wconf 75' lang='lat' dir='ltr'><strong>dcte</strong></span> <span class='ocrx_word' id='word_1_635' title='bbox 2294 4271 2351 4326; x_wconf 92' lang='lat' dir='ltr'><strong>in</strong></span> <span class='ocrx_word' id='word_1_636' title='bbox 2372 4287 2538 4340; x_wconf 91' lang='lat' dir='ltr'><strong>quam</strong></span> <span class='ocrx_word' id='word_1_637' title='bbox 2562 4273 2960 4331; x_wconf 86' lang='lat' dir='ltr'><strong>absurditatem</strong></span> <span class='ocrx_word' id='word_1_638' title='bbox 2986 4278 3582 4345; x_wconf 87' lang='lat' dir='ltr'><strong>incidistis,Christum</strong></span> <span class='ocrx_word' id='word_1_639' title='bbox 3612 4297 3707 4339; x_wconf 85' lang='lat' dir='ltr'><strong>vo-</strong></span> 
     </span>
    </p>
   </div>
   <div class='ocr_carea' id='block_1_89' title="bbox 2131 4364 3709 4443">
    <p class='ocr_par' dir='ltr' id='par_1_89' title="bbox 2131 4364 3709 4443">
     <span class='ocr_line' id='line_1_89' title="bbox 2131 4364 3709 4443; baseline 0.008 -26"><span class='ocrx_word' id='word_1_640' title='bbox 2131 4364 2311 4418; x_wconf 82' lang='lat' dir='ltr'><strong>cando</strong></span> <span class='ocrx_word' id='word_1_641' title='bbox 2339 4366 2683 4432; x_wconf 88' lang='lat' dir='ltr'><strong>mendacem,</strong></span> <span class='ocrx_word' id='word_1_642' title='bbox 2716 4383 2840 4421; x_wconf 89' lang='lat' dir='ltr'><strong>nam</strong></span> <span class='ocrx_word' id='word_1_643' title='bbox 2873 4369 2975 4425; x_wconf 89' lang='lat' dir='ltr'><strong>hoc</strong></span> <span class='ocrx_word' id='word_1_644' title='bbox 2998 4387 3218 4427; x_wconf 87' lang='lat' dir='ltr'><strong>omnem</strong></span> <span class='ocrx_word' id='word_1_645' title='bbox 3258 4373 3606 4443; x_wconf 80' lang='lat' dir='ltr'><strong>iniquitatem</strong></span> <span class='ocrx_word' id='word_1_646' title='bbox 3651 4387 3709 4430; x_wconf 87' lang='lat' dir='ltr'><strong>et</strong></span> 
     </span>
    </p>
   </div>
   <div class='ocr_carea' id='block_1_90' title="bbox 2133 4454 3710 4530">
    <p class='ocr_par' dir='ltr' id='par_1_90' title="bbox 2133 4454 3710 4530">
     <span class='ocr_line' id='line_1_90' title="bbox 2133 4454 3710 4530; baseline 0.008 -21"><span class='ocrx_word' id='word_1_647' title='bbox 2133 4454 2536 4527; x_wconf 85' lang='lat' dir='ltr'><strong>blasphemiam</strong></span> <span class='ocrx_word' id='word_1_648' title='bbox 2565 4468 2820 4530; x_wconf 85' lang='lat' dir='ltr'><strong>superat:</strong></span> <span class='ocrx_word' id='word_1_649' title='bbox 2847 4461 2945 4516; x_wconf 87' lang='lat' dir='ltr'><strong>sed</strong></span> <span class='ocrx_word' id='word_1_650' title='bbox 2980 4477 3105 4520; x_wconf 86' lang='lat' dir='ltr'><strong>cum</strong></span> <span class='ocrx_word' id='word_1_651' title='bbox 3138 4479 3199 4518; x_wconf 84' lang='lat' dir='ltr'><strong>ea</strong></span> <span class='ocrx_word' id='word_1_652' title='bbox 3234 4464 3357 4529; x_wconf 81' lang='lat' dir='ltr'><strong>fuit,</strong></span> <span class='ocrx_word' id='word_1_653' title='bbox 3401 4477 3458 4521; x_wconf 91' lang='lat' dir='ltr'><strong>et</strong></span> <span class='ocrx_word' id='word_1_654' title='bbox 3495 4478 3600 4529; x_wconf 87' lang='lat' dir='ltr'><strong>est.</strong></span> <span class='ocrx_word' id='word_1_655' title='bbox 3655 4480 3710 4522; x_wconf 86' lang='lat' dir='ltr'><strong>ct</strong></span> 
     </span>
    </p>
   </div>
   <div class='ocr_carea' id='block_1_91' title="bbox 443 4526 2034 4626">
    <p class='ocr_par' dir='ltr' id='par_1_91' title="bbox 443 4537 2026 4614">
     <span class='ocr_line' id='line_1_91' title="bbox 443 4537 2026 4614; baseline -0.006 -14"><span class='ocrx_word' id='word_1_656' title='bbox 443 4564 558 4601; x_wconf 89' lang='grc' dir='ltr'><strong>ται.</strong></span> <span class='ocrx_word' id='word_1_657' title='bbox 600 4545 764 4599; x_wconf 60' lang='lat' dir='ltr'><strong>una</strong></span> <span class='ocrx_word' id='word_1_658' title='bbox 813 4544 936 4614; x_wconf 83' lang='grc' dir='ltr'><strong>μετ’</strong></span> <span class='ocrx_word' id='word_1_659' title='bbox 973 4542 1149 4613; x_wconf 81' lang='grc' dir='ltr'><strong>αὐτῆς</strong></span> <span class='ocrx_word' id='word_1_660' title='bbox 1184 4537 1276 4613; x_wconf 77' lang='grc' dir='ltr'><strong>ἦν,</strong></span> <span class='ocrx_word' id='word_1_661' title='bbox 1314 4541 1413 4596; x_wconf 80' lang='grc' dir='ltr'><strong>καὶ</strong></span> <span class='ocrx_word' id='word_1_662' title='bbox 1455 4539 1573 4594; x_wconf 79' lang='grc' dir='ltr'><strong>ιστι</strong></span> <span class='ocrx_word' id='word_1_663' title='bbox 1618 4541 1715 4593; x_wconf 72' lang='grc' dir='ltr'><strong>καὶ</strong></span> <span class='ocrx_word' id='word_1_664' title='bbox 1746 4539 1902 4592; x_wconf 73' lang='grc' dir='ltr'><strong>ἔσται</strong></span> <span class='ocrx_word' id='word_1_665' title='bbox 1932 4537 2026 4591; x_wconf 74' lang='grc' dir='ltr'><strong>καὶ</strong></span> 
     </span>
    </p>
   </div>
   <div class='ocr_carea' id='block_1_92' title="bbox 2137 4526 3710 4626">
    <p class='ocr_par' dir='ltr' id='par_1_92' title="bbox 2137 4526 3710 4626">
     <span class='ocr_line' id='line_1_92' title="bbox 2137 4526 3710 4626; baseline 0.007 -25"><span class='ocrx_word' id='word_1_666' title='bbox 2137 4526 2272 4611; x_wconf 63' lang='lat' dir='ltr'><strong>erit,</strong></span> <span class='ocrx_word' id='word_1_667' title='bbox 2305 4556 2362 4601; x_wconf 91' lang='lat' dir='ltr'><strong>et</strong></span> <span class='ocrx_word' id='word_1_668' title='bbox 2386 4526 2710 4606; x_wconf 35' lang='lat' dir='ltr'><strong>manebit&#39;in</strong></span> <span class='ocrx_word' id='word_1_669' title='bbox 2747 4551 2977 4618; x_wconf 59' lang='lat' dir='ltr'><strong>sacula,</strong></span> <span class='ocrx_word' id='word_1_670' title='bbox 3003 4556 3254 4623; x_wconf 82' lang='lat' dir='ltr'><strong>quamvis</strong></span> <span class='ocrx_word' id='word_1_671' title='bbox 3277 4556 3710 4626; x_wconf 85' lang='lat' dir='ltr'><strong>disrumpantur,</strong></span> 
     </span>
    </p>
   </div>
   <div class='ocr_carea' id='block_1_93' title="bbox 447 4630 2025 4708">
    <p class='ocr_par' dir='ltr' id='par_1_93' title="bbox 447 4630 2025 4708">
     <span class='ocr_line' id='line_1_93' title="bbox 447 4630 2025 4708; baseline -0.01 -14"><span class='ocrx_word' id='word_1_672' title='bbox 447 4641 602 4708; x_wconf 85' lang='grc' dir='ltr'><strong>μενεῖ</strong></span> <span class='ocrx_word' id='word_1_673' title='bbox 632 4638 711 4700; x_wconf 81' lang='grc' dir='ltr'><strong>εἰς</strong></span> <span class='ocrx_word' id='word_1_674' title='bbox 742 4637 834 4690; x_wconf 79' lang='grc' dir='ltr'><strong>τὸν</strong></span> <span class='ocrx_word' id='word_1_675' title='bbox 866 4636 1042 4690; x_wconf 85' lang='grc' dir='ltr'><strong>αίῶνα</strong></span> <span class='ocrx_word' id='word_1_676' title='bbox 1089 4635 1183 4688; x_wconf 73' lang='grc' dir='ltr'><strong>τὸν</strong></span> <span class='ocrx_word' id='word_1_677' title='bbox 1219 4635 1475 4688; x_wconf 61' lang='grc' dir='ltr'><strong>ᾶπαντω</strong></span> <span class='ocrx_word' id='word_1_678' title='bbox 1521 4631 1626 4686; x_wconf 77' lang='grc' dir='ltr'><strong>κᾶν</strong></span> <span class='ocrx_word' id='word_1_679' title='bbox 1663 4630 2025 4702; x_wconf 80' lang='grc' dir='ltr'><strong>διαρρήγνυν-</strong></span> 
     </span>
    </p>
   </div>
   <div class='ocr_carea' id='block_1_94' title="bbox 444 4720 2026 4797">
    <p class='ocr_par' dir='ltr' id='par_1_94' title="bbox 444 4720 2026 4797">
     <span class='ocr_line' id='line_1_94' title="bbox 444 4720 2026 4797; baseline -0.007 -14"><span class='ocrx_word' id='word_1_680' title='bbox 444 4748 535 4783; x_wconf 85' lang='grc' dir='ltr'><strong>ται</strong></span> <span class='ocrx_word' id='word_1_681' title='bbox 571 4729 622 4782; x_wconf 85' lang='grc' dir='ltr'><strong>οί</strong></span> <span class='ocrx_word' id='word_1_682' title='bbox 656 4728 920 4781; x_wconf 79' lang='grc' dir='ltr'><strong>τάναντία</strong></span> <span class='ocrx_word' id='word_1_683' title='bbox 958 4726 1058 4796; x_wconf 86' lang='grc' dir='ltr'><strong>τῆς</strong></span> <span class='ocrx_word' id='word_1_684' title='bbox 1102 4723 1344 4797; x_wconf 79' lang='grc' dir='ltr'><strong>Χριστοῦ</strong></span> <span class='ocrx_word' id='word_1_685' title='bbox 1394 4720 1723 4792; x_wconf 83' lang='grc' dir='ltr'><strong>Ἐκκλησίας</strong></span> <span class='ocrx_word' id='word_1_686' title='bbox 1762 4721 1857 4774; x_wconf 76' lang='grc' dir='ltr'><strong>καὶ</strong></span> <span class='ocrx_word' id='word_1_687' title='bbox 1891 4736 2026 4790; x_wconf 81' lang='grc' dir='ltr'><strong>φρο-</strong></span> 
     </span>
    </p>
   </div>
   <div class='ocr_carea' id='block_1_95' title="bbox 443 4811 2024 4888">
    <p class='ocr_par' dir='ltr' id='par_1_95' title="bbox 443 4811 2024 4888">
     <span class='ocr_line' id='line_1_95' title="bbox 443 4811 2024 4888; baseline -0.006 -13"><span class='ocrx_word' id='word_1_688' title='bbox 443 4821 662 4882; x_wconf 77' lang='grc' dir='ltr'><strong>νοῦντες</strong></span> <span class='ocrx_word' id='word_1_689' title='bbox 693 4820 789 4873; x_wconf 73' lang='grc' dir='ltr'><strong>καὶ</strong></span> <span class='ocrx_word' id='word_1_690' title='bbox 810 4820 1165 4888; x_wconf 72' lang='grc' dir='ltr'><strong>πράττοντες.</strong></span> <span class='ocrx_word' id='word_1_691' title='bbox 1201 4817 1394 4886; x_wconf 79' lang='grc' dir='ltr'><strong>Ἡμεῖς</strong></span> <span class='ocrx_word' id='word_1_692' title='bbox 1418 4815 1465 4869; x_wconf 81' lang='grc' dir='ltr'><strong>δ’</strong></span> <span class='ocrx_word' id='word_1_693' title='bbox 1498 4815 1636 4885; x_wconf 73' lang='grc' dir='ltr'><strong>αὐτῇ</strong></span> <span class='ocrx_word' id='word_1_694' title='bbox 1659 4817 1754 4868; x_wconf 85' lang='grc' dir='ltr'><strong>καὶ</strong></span> <span class='ocrx_word' id='word_1_695' title='bbox 1774 4811 2024 4884; x_wconf 75' lang='grc' dir='ltr'><strong>ἑπόμεθα</strong></span> 
     </span>
    </p>
   </div>
   <div class='ocr_carea' id='block_1_96' title="bbox 445 4902 2021 4980">
    <p class='ocr_par' dir='ltr' id='par_1_96' title="bbox 445 4902 2021 4980">
     <span class='ocr_line' id='line_1_96' title="bbox 445 4902 2021 4980; baseline -0.005 -15"><span class='ocrx_word' id='word_1_696' title='bbox 445 4913 541 4966; x_wconf 81' lang='grc' dir='ltr'><strong>καὶ</strong></span> <span class='ocrx_word' id='word_1_697' title='bbox 573 4909 982 4979; x_wconf 79' lang='grc' dir='ltr'><strong>ἀκολουθοῦμεν</strong></span> <span class='ocrx_word' id='word_1_698' title='bbox 1005 4926 1020 4940; x_wconf 90' lang='grc'><strong>·</strong></span> <span class='ocrx_word' id='word_1_699' title='bbox 1053 4909 1132 4973; x_wconf 84' lang='grc' dir='ltr'><strong>ὡς</strong></span> <span class='ocrx_word' id='word_1_700' title='bbox 1155 4909 1233 4980; x_wconf 80' lang='grc' dir='ltr'><strong>μῆ</strong></span> <span class='ocrx_word' id='word_1_701' title='bbox 1264 4907 1496 4962; x_wconf 75' lang='grc' dir='ltr'><strong>δυνατὸν</strong></span> <span class='ocrx_word' id='word_1_702' title='bbox 1518 4902 1658 4960; x_wconf 86' lang='grc' dir='ltr'><strong>εἶναι</strong></span> <span class='ocrx_word' id='word_1_703' title='bbox 1687 4905 1860 4976; x_wconf 78' lang='grc' dir='ltr'><strong>αὐτὴν</strong></span> <span class='ocrx_word' id='word_1_704' title='bbox 1889 4921 2021 4961; x_wconf 80' lang='grc' dir='ltr'><strong>ποτε</strong></span> 
     </span>
    </p>
   </div>
   <div class='ocr_carea' id='block_1_97' title="bbox 443 4997 2022 5074">
    <p class='ocr_par' dir='ltr' id='par_1_97' title="bbox 443 4997 2022 5074">
     <span class='ocr_line' id='line_1_97' title="bbox 443 4997 2022 5074; baseline -0.004 -16"><span class='ocrx_word' id='word_1_705' title='bbox 443 5004 654 5074; x_wconf 74' lang='grc' dir='ltr'><strong>πλάνην</strong></span> <span class='ocrx_word' id='word_1_706' title='bbox 678 5003 949 5073; x_wconf 79' lang='grc' dir='ltr'><strong>κηρύξαι·</strong></span> <span class='ocrx_word' id='word_1_707' title='bbox 987 5003 1124 5057; x_wconf 78' lang='grc' dir='ltr'><strong>ἀλλὰ</strong></span> <span class='ocrx_word' id='word_1_708' title='bbox 1157 5005 1361 5072; x_wconf 74' lang='grc' dir='ltr'><strong>μᾶλλον</strong></span> <span class='ocrx_word' id='word_1_709' title='bbox 1399 4999 1661 5070; x_wconf 75' lang='grc' dir='ltr'><strong>ἀλήθειαν</strong></span> <span class='ocrx_word' id='word_1_710' title='bbox 1689 5000 1786 5054; x_wconf 74' lang='grc' dir='ltr'><strong>καὶ</strong></span> <span class='ocrx_word' id='word_1_711' title='bbox 1807 4997 2022 5070; x_wconf 83' lang='grc' dir='ltr'><strong>δρθοδο-</strong></span> 
     </span>
    </p>
   </div>
   <div class='ocr_carea' id='block_1_98' title="bbox 443 5091 2024 5167">
    <p class='ocr_par' dir='ltr' id='par_1_98' title="bbox 443 5091 2024 5167">
     <span class='ocr_line' id='line_1_98' title="bbox 443 5091 2024 5167; baseline -0.008 -14"><span class='ocrx_word' id='word_1_712' title='bbox 443 5099 589 5164; x_wconf 71' lang='grc' dir='ltr'><strong>εἱαν,</strong></span> <span class='ocrx_word' id='word_1_713' title='bbox 641 5097 716 5161; x_wconf 82' lang='grc' dir='ltr'><strong>ὡς</strong></span> <span class='ocrx_word' id='word_1_714' title='bbox 772 5096 896 5164; x_wconf 87' lang='grc' dir='ltr'><strong>μετ’</strong></span> <span class='ocrx_word' id='word_1_715' title='bbox 943 5095 1116 5166; x_wconf 79' lang='grc' dir='ltr'><strong>αὐτῆς</strong></span> <span class='ocrx_word' id='word_1_716' title='bbox 1162 5095 1395 5167; x_wconf 76' lang='grc' dir='ltr'><strong>ἔχουσαν</strong></span> <span class='ocrx_word' id='word_1_717' title='bbox 1448 5093 1542 5148; x_wconf 76' lang='grc' dir='ltr'><strong>τὸν</strong></span> <span class='ocrx_word' id='word_1_718' title='bbox 1584 5093 1821 5162; x_wconf 77' lang='grc' dir='ltr'><strong>νυμφίον</strong></span> <span class='ocrx_word' id='word_1_719' title='bbox 1854 5091 2024 5163; x_wconf 85' lang='grc' dir='ltr'><strong>αὐτῆς</strong></span> 
     </span>
    </p>
   </div>
   <div class='ocr_carea' id='block_1_99' title="bbox 455 5180 2022 5260">
    <p class='ocr_par' dir='ltr' id='par_1_99' title="bbox 455 5180 2022 5260">
     <span class='ocr_line' id='line_1_99' title="bbox 455 5180 2022 5260; baseline -0.006 -16"><span class='ocrx_word' id='word_1_720' title='bbox 455 5191 667 5260; x_wconf 80' lang='grc' dir='ltr'><strong>Ἰησοῦν</strong></span> <span class='ocrx_word' id='word_1_721' title='bbox 719 5192 812 5242; x_wconf 79' lang='grc' dir='ltr'><strong>τὸν</strong></span> <span class='ocrx_word' id='word_1_722' title='bbox 857 5189 1116 5259; x_wconf 79' lang='grc' dir='ltr'><strong>Χριστόν.</strong></span> <span class='ocrx_word' id='word_1_723' title='bbox 1162 5187 1628 5257; x_wconf 81' lang='grc' dir='ltr'><strong>Ὑποτασσὸμενοι</strong></span> <span class='ocrx_word' id='word_1_724' title='bbox 1689 5180 1784 5239; x_wconf 88' lang='grc' dir='ltr'><strong>οῦν</strong></span> <span class='ocrx_word' id='word_1_725' title='bbox 1834 5185 2022 5256; x_wconf 83' lang='grc' dir='ltr'><strong>ἐκείνῃ</strong></span> 
     </span>
    </p>
   </div>
   <div class='ocr_carea' id='block_1_100' title="bbox 442 5273 2021 5362">
    <p class='ocr_par' dir='ltr' id='par_1_100' title="bbox 442 5273 2021 5362">
     <span class='ocr_line' id='line_1_100' title="bbox 442 5273 2021 5362; baseline -0.006 -24"><span class='ocrx_word' id='word_1_726' title='bbox 442 5286 594 5362; x_wconf 80' lang='grc' dir='ltr'><strong>ἐντρς</strong></span> <span class='ocrx_word' id='word_1_727' title='bbox 628 5287 797 5355; x_wconf 87' lang='grc' dir='ltr'><strong>ἐσμεν</strong></span> <span class='ocrx_word' id='word_1_728' title='bbox 840 5286 941 5352; x_wconf 84' lang='grc' dir='ltr'><strong>τῆς</strong></span> <span class='ocrx_word' id='word_1_729' title='bbox 974 5281 1248 5350; x_wconf 86' lang='grc' dir='ltr'><strong>σωστικῆς</strong></span> <span class='ocrx_word' id='word_1_730' title='bbox 1293 5278 1533 5334; x_wconf 75' lang='grc' dir='ltr'><strong>κιϐωτοῦ</strong></span> <span class='ocrx_word' id='word_1_731' title='bbox 1560 5296 1577 5312; x_wconf 76' lang='grc' dir='ltr'><strong>ο</strong></span> <span class='ocrx_word' id='word_1_732' title='bbox 1613 5278 1682 5332; x_wconf 87' lang='grc' dir='ltr'><strong>δι’</strong></span> <span class='ocrx_word' id='word_1_733' title='bbox 1715 5273 1784 5350; x_wconf 83' lang='grc' dir='ltr'><strong>ἧς</strong></span> <span class='ocrx_word' id='word_1_734' title='bbox 1825 5279 1890 5332; x_wconf 89' lang='grc' dir='ltr'><strong>ἐκ</strong></span> <span class='ocrx_word' id='word_1_735' title='bbox 1925 5276 2021 5330; x_wconf 87' lang='grc' dir='ltr'><strong>τοῦ</strong></span> 
     </span>
    </p>
   </div>
   <div class='ocr_carea' id='block_1_101' title="bbox 447 5373 2025 5449">
    <p class='ocr_par' dir='ltr' id='par_1_101' title="bbox 447 5373 2025 5449">
     <span class='ocr_line' id='line_1_101' title="bbox 447 5373 2025 5449; baseline -0.007 -15"><span class='ocrx_word' id='word_1_736' title='bbox 447 5381 681 5449; x_wconf 83' lang='grc' dir='ltr'><strong>ματαίου</strong></span> <span class='ocrx_word' id='word_1_737' title='bbox 715 5376 833 5449; x_wconf 83' lang='grc' dir='ltr'><strong>βίου</strong></span> <span class='ocrx_word' id='word_1_738' title='bbox 863 5376 1059 5429; x_wconf 88' lang='grc' dir='ltr'><strong>τούτου</strong></span> <span class='ocrx_word' id='word_1_739' title='bbox 1121 5375 1258 5445; x_wconf 79' lang='grc' dir='ltr'><strong>πρὸς</strong></span> <span class='ocrx_word' id='word_1_740' title='bbox 1302 5374 1402 5444; x_wconf 76' lang='grc' dir='ltr'><strong>τὴν</strong></span> <span class='ocrx_word' id='word_1_741' title='bbox 1428 5373 1599 5427; x_wconf 77' lang='grc' dir='ltr'><strong>ἀΐδιόν</strong></span> <span class='ocrx_word' id='word_1_742' title='bbox 1627 5389 1684 5425; x_wconf 87' lang='grc' dir='ltr'><strong>τε</strong></span> <span class='ocrx_word' id='word_1_743' title='bbox 1724 5373 1816 5426; x_wconf 75' lang='grc' dir='ltr'><strong>καὶ</strong></span> <span class='ocrx_word' id='word_1_744' title='bbox 1848 5388 2025 5441; x_wconf 86' lang='grc' dir='ltr'><strong>μακα-</strong></span> 
     </span>
    </p>
   </div>
   <div class='ocr_carea' id='block_1_102' title="bbox 446 5462 2022 5542">
    <p class='ocr_par' dir='ltr' id='par_1_102' title="bbox 446 5462 2022 5542">
     <span class='ocr_line' id='line_1_102' title="bbox 446 5462 2022 5542; baseline -0.005 -19"><span class='ocrx_word' id='word_1_745' title='bbox 446 5473 570 5542; x_wconf 78' lang='grc' dir='ltr'><strong>ρίαν</strong></span> <span class='ocrx_word' id='word_1_746' title='bbox 603 5470 750 5540; x_wconf 78' lang='grc' dir='ltr'><strong>ζωὴν</strong></span> <span class='ocrx_word' id='word_1_747' title='bbox 801 5467 1170 5536; x_wconf 75' lang='grc' dir='ltr'><strong>ἐπανήξομεν.</strong></span> <span class='ocrx_word' id='word_1_748' title='bbox 1205 5468 1400 5536; x_wconf 80' lang='grc' dir='ltr'><strong>Ἔχετε</strong></span> <span class='ocrx_word' id='word_1_749' title='bbox 1450 5462 1546 5520; x_wconf 82' lang='grc' dir='ltr'><strong>οὖν</strong></span> <span class='ocrx_word' id='word_1_750' title='bbox 1582 5466 1677 5519; x_wconf 73' lang='grc' dir='ltr'><strong>καὶ</strong></span> <span class='ocrx_word' id='word_1_751' title='bbox 1716 5465 1872 5536; x_wconf 81' lang='grc' dir='ltr'><strong>ὑμεῖς</strong></span> <span class='ocrx_word' id='word_1_752' title='bbox 1904 5465 2022 5516; x_wconf 86' lang='grc' dir='ltr'><strong>ἱκα-</strong></span> 
     </span>
    </p>
   </div>
   <div class='ocr_carea' id='block_1_103' title="bbox 447 5553 2023 5632">
    <p class='ocr_par' dir='ltr' id='par_1_103' title="bbox 447 5553 2023 5632">
     <span class='ocr_line' id='line_1_103' title="bbox 447 5553 2023 5632; baseline -0.006 -17"><span class='ocrx_word' id='word_1_753' title='bbox 447 5561 554 5625; x_wconf 74' lang='grc' dir='ltr'><strong>νιῖρς</strong></span> <span class='ocrx_word' id='word_1_754' title='bbox 592 5559 870 5632; x_wconf 81' lang='grc' dir='ltr'><strong>ὀρθόδοξοι</strong></span> <span class='ocrx_word' id='word_1_755' title='bbox 916 5560 1017 5628; x_wconf 87' lang='grc' dir='ltr'><strong>τὴν</strong></span> <span class='ocrx_word' id='word_1_756' title='bbox 1040 5559 1151 5611; x_wconf 83' lang='grc' dir='ltr'><strong>τῶν</strong></span> <span class='ocrx_word' id='word_1_757' title='bbox 1178 5559 1486 5627; x_wconf 79' lang='grc' dir='ltr'><strong>εἰρημένων</strong></span> <span class='ocrx_word' id='word_1_758' title='bbox 1527 5555 1846 5625; x_wconf 76' lang='grc' dir='ltr'><strong>ἀπολογίαν.</strong></span> <span class='ocrx_word' id='word_1_759' title='bbox 1883 5553 2023 5606; x_wconf 88' lang='grc' dir='ltr'><strong>Τού-</strong></span> 
     </span>
    </p>
   </div>
   <div class='ocr_carea' id='block_1_104' title="bbox 440 5648 2018 5725">
    <p class='ocr_par' dir='ltr' id='par_1_104' title="bbox 440 5648 2018 5725">
     <span class='ocr_line' id='line_1_104' title="bbox 440 5648 2018 5725; baseline -0.004 -19"><span class='ocrx_word' id='word_1_760' title='bbox 440 5669 558 5720; x_wconf 79' lang='grc' dir='ltr'><strong>⁴τοις</strong></span> <span class='ocrx_word' id='word_1_761' title='bbox 583 5651 873 5725; x_wconf 74' lang='grc' dir='ltr'><strong>ἐμμένετε,</strong></span> <span class='ocrx_word' id='word_1_762' title='bbox 924 5652 1008 5705; x_wconf 83' lang='grc' dir='ltr'><strong>ὅτι</strong></span> <span class='ocrx_word' id='word_1_763' title='bbox 1053 5653 1156 5706; x_wconf 84' lang='grc' dir='ltr'><strong>ούκ</strong></span> <span class='ocrx_word' id='word_1_764' title='bbox 1197 5653 1337 5705; x_wconf 67' lang='grc' dir='ltr'><strong>είσὶν</strong></span> <span class='ocrx_word' id='word_1_765' title='bbox 1382 5652 1549 5722; x_wconf 75' lang='grc' dir='ltr'><strong>ἕτερα</strong></span> <span class='ocrx_word' id='word_1_766' title='bbox 1581 5652 1630 5704; x_wconf 81' lang='grc' dir='ltr'><strong>εί</strong></span> <span class='ocrx_word' id='word_1_767' title='bbox 1687 5651 1763 5721; x_wconf 78' lang='grc' dir='ltr'><strong>μὴ</strong></span> <span class='ocrx_word' id='word_1_768' title='bbox 1803 5649 1876 5703; x_wconf 79' lang='grc' dir='ltr'><strong>τὰ</strong></span> <span class='ocrx_word' id='word_1_769' title='bbox 1909 5648 2018 5701; x_wconf 81' lang='grc' dir='ltr'><strong>τῶν</strong></span> 
     </span>
    </p>
   </div>
   <div class='ocr_carea' id='block_1_105' title="bbox 555 5832 1056 5896">
    <p class='ocr_par' dir='ltr' id='par_1_105' title="bbox 555 5832 1056 5896">
     <span class='ocr_line' id='line_1_105' title="bbox 555 5832 1056 5896; baseline -0.004 -8"><span class='ocrx_word' id='word_1_770' title='bbox 555 5834 597 5865; x_wconf 73' lang='grc' dir='ltr'><strong>δ’</strong></span> <span class='ocrx_word' id='word_1_771' title='bbox 620 5832 810 5889; x_wconf 69' lang='grc' dir='ltr'><strong>ΙΙ;ιιιΙι.</strong></span> <span class='ocrx_word' id='word_1_772' title='bbox 846 5849 936 5896; x_wconf 76' lang='lat' dir='ltr'><strong>xx,</strong></span> <span class='ocrx_word' id='word_1_773' title='bbox 970 5833 1056 5887; x_wconf 66' lang='lat' dir='ltr'><strong>l9.</strong></span> 
     </span>
    </p>
   </div>
   <div class='ocr_carea' id='block_1_106' title="bbox 751 5926 1437 5996">
    <p class='ocr_par' dir='ltr' id='par_1_106' title="bbox 751 5926 1437 5996">
     <span class='ocr_line' id='line_1_106' title="bbox 751 5926 1437 5996; baseline -0.01 0"><span class='ocrx_word' id='word_1_774' title='bbox 751 5933 1029 5996; x_wconf 75' lang='grc' dir='ltr'><strong>ΡΑτιιοι..</strong></span> <span class='ocrx_word' id='word_1_775' title='bbox 1071 5931 1190 5993; x_wconf 80' lang='lat' dir='ltr'><strong>Gtt.</strong></span> <span class='ocrx_word' id='word_1_776' title='bbox 1235 5926 1437 5992; x_wconf 72' lang='lat' dir='ltr'><strong>CLIX.</strong></span> 
     </span>
    </p>
   </div>
   <div class='ocr_carea' id='block_1_107' title="bbox 2131 4640 3710 4711">
    <p class='ocr_par' dir='ltr' id='par_1_107' title="bbox 2131 4640 3710 4711">
     <span class='ocr_line' id='line_1_107' title="bbox 2131 4640 3710 4711; baseline 0.008 -18"><span class='ocrx_word' id='word_1_777' title='bbox 2131 4640 2223 4710; x_wconf 91' lang='lat' dir='ltr'><strong>qui</strong></span> <span class='ocrx_word' id='word_1_778' title='bbox 2288 4650 2481 4695; x_wconf 90' lang='lat' dir='ltr'><strong>contra</strong></span> <span class='ocrx_word' id='word_1_779' title='bbox 2526 4656 2690 4711; x_wconf 86' lang='lat' dir='ltr'><strong>quam</strong></span> <span class='ocrx_word' id='word_1_780' title='bbox 2752 4640 3000 4702; x_wconf 81' lang='lat' dir='ltr'><strong>Ecclesia</strong></span> <span class='ocrx_word' id='word_1_781' title='bbox 3043 4648 3231 4711; x_wconf 86' lang='lat' dir='ltr'><strong>sentit,</strong></span> <span class='ocrx_word' id='word_1_782' title='bbox 3260 4651 3507 4705; x_wconf 87' lang='lat' dir='ltr'><strong>sentiunt</strong></span> <span class='ocrx_word' id='word_1_783' title='bbox 3533 4658 3590 4705; x_wconf 88' lang='lat' dir='ltr'><strong>et</strong></span> <span class='ocrx_word' id='word_1_784' title='bbox 3629 4650 3710 4706; x_wconf 77' lang='lat' dir='ltr'><strong>fa-</strong></span> 
     </span>
    </p>
   </div>
   <div class='ocr_carea' id='block_1_108' title="bbox 2131 4731 3711 4812">
    <p class='ocr_par' dir='ltr' id='par_1_108' title="bbox 2131 4731 3711 4812">
     <span class='ocr_line' id='line_1_108' title="bbox 2131 4731 3711 4812; baseline 0.008 -28"><span class='ocrx_word' id='word_1_785' title='bbox 2131 4731 2288 4786; x_wconf 91' lang='lat' dir='ltr'><strong>ciunt</strong></span> <span class='ocrx_word' id='word_1_786' title='bbox 2318 4746 2334 4784; x_wconf 86' lang='lat'><strong>:</strong></span> <span class='ocrx_word' id='word_1_787' title='bbox 2375 4746 2476 4788; x_wconf 89' lang='lat' dir='ltr'><strong>nos</strong></span> <span class='ocrx_word' id='word_1_788' title='bbox 2501 4747 2630 4787; x_wconf 90' lang='lat' dir='ltr'><strong>vero</strong></span> <span class='ocrx_word' id='word_1_789' title='bbox 2649 4749 2769 4791; x_wconf 89' lang='lat' dir='ltr'><strong>eam</strong></span> <span class='ocrx_word' id='word_1_790' title='bbox 2787 4736 3070 4806; x_wconf 87' lang='lat' dir='ltr'><strong>sequimur</strong></span> <span class='ocrx_word' id='word_1_791' title='bbox 3107 4749 3160 4794; x_wconf 88' lang='lat' dir='ltr'><strong>et</strong></span> <span class='ocrx_word' id='word_1_792' title='bbox 3189 4740 3567 4808; x_wconf 85' lang='lat' dir='ltr'><strong>observamus,</strong></span> <span class='ocrx_word' id='word_1_793' title='bbox 3588 4758 3711 4812; x_wconf 84' lang='lat' dir='ltr'><strong>per-</strong></span> 
     </span>
    </p>
   </div>
   <div class='ocr_carea' id='block_1_109' title="bbox 2129 4822 3706 4903">
    <p class='ocr_par' dir='ltr' id='par_1_109' title="bbox 2129 4822 3706 4903">
     <span class='ocr_line' id='line_1_109' title="bbox 2129 4822 3706 4903; baseline 0.008 -25"><span class='ocrx_word' id='word_1_794' title='bbox 2129 4822 2258 4878; x_wconf 86' lang='lat' dir='ltr'><strong>inde</strong></span> <span class='ocrx_word' id='word_1_795' title='bbox 2291 4838 2356 4878; x_wconf 88' lang='lat' dir='ltr'><strong>ac</strong></span> <span class='ocrx_word' id='word_1_796' title='bbox 2387 4823 2728 4893; x_wconf 86' lang='lat' dir='ltr'><strong>impossibile</strong></span> <span class='ocrx_word' id='word_1_797' title='bbox 2748 4827 2822 4886; x_wconf 83' lang='lat' dir='ltr'><strong>sit</strong></span> <span class='ocrx_word' id='word_1_798' title='bbox 2849 4837 2913 4883; x_wconf 92' lang='lat' dir='ltr'><strong>ut</strong></span> <span class='ocrx_word' id='word_1_799' title='bbox 2938 4843 3002 4885; x_wconf 87' lang='lat' dir='ltr'><strong>ea</strong></span> <span class='ocrx_word' id='word_1_800' title='bbox 3036 4845 3280 4888; x_wconf 87' lang='lat' dir='ltr'><strong>errorem</strong></span> <span class='ocrx_word' id='word_1_801' title='bbox 3311 4835 3588 4903; x_wconf 66' lang='lat' dir='ltr'><strong>praedicet,</strong></span> <span class='ocrx_word' id='word_1_802' title='bbox 3610 4837 3706 4891; x_wconf 85' lang='lat' dir='ltr'><strong>sed</strong></span> 
     </span>
    </p>
   </div>
   <div class='ocr_carea' id='block_1_110' title="bbox 2128 4915 3702 4987">
    <p class='ocr_par' dir='ltr' id='par_1_110' title="bbox 2128 4915 3702 4987">
     <span class='ocr_line' id='line_1_110' title="bbox 2128 4915 3702 4987; baseline 0.01 -18"><span class='ocrx_word' id='word_1_803' title='bbox 2128 4915 2306 4987; x_wconf 70' lang='lat' dir='ltr'><strong>magis</strong></span> <span class='ocrx_word' id='word_1_804' title='bbox 2357 4918 2642 4972; x_wconf 85' lang='lat' dir='ltr'><strong>veritatem</strong></span> <span class='ocrx_word' id='word_1_805' title='bbox 2675 4928 2731 4974; x_wconf 88' lang='lat' dir='ltr'><strong>et</strong></span> <span class='ocrx_word' id='word_1_806' title='bbox 2770 4930 2974 4978; x_wconf 86' lang='lat' dir='ltr'><strong>rectam</strong></span> <span class='ocrx_word' id='word_1_807' title='bbox 3025 4923 3208 4986; x_wconf 85' lang='lat' dir='ltr'><strong>tidem,</strong></span> <span class='ocrx_word' id='word_1_808' title='bbox 3238 4940 3362 4979; x_wconf 90' lang='lat' dir='ltr'><strong>cum</strong></span> <span class='ocrx_word' id='word_1_809' title='bbox 3395 4942 3458 4982; x_wconf 89' lang='lat' dir='ltr'><strong>ea</strong></span> <span class='ocrx_word' id='word_1_810' title='bbox 3516 4943 3702 4986; x_wconf 87' lang='lat' dir='ltr'><strong>secum</strong></span> 
     </span>
    </p>
   </div>
   <div class='ocr_carea' id='block_1_111' title="bbox 2133 5006 3709 5088">
    <p class='ocr_par' dir='ltr' id='par_1_111' title="bbox 2133 5006 3709 5088">
     <span class='ocr_line' id='line_1_111' title="bbox 2133 5006 3709 5088; baseline 0.006 -24"><span class='ocrx_word' id='word_1_811' title='bbox 2133 5006 2296 5064; x_wconf 83' lang='lat' dir='ltr'><strong>habet</strong></span> <span class='ocrx_word' id='word_1_812' title='bbox 2332 5022 2596 5078; x_wconf 86' lang='lat' dir='ltr'><strong>sponsum</strong></span> <span class='ocrx_word' id='word_1_813' title='bbox 2629 5025 2789 5064; x_wconf 89' lang='lat' dir='ltr'><strong>suum</strong></span> <span class='ocrx_word' id='word_1_814' title='bbox 2823 5010 3122 5070; x_wconf 81' lang='lat' dir='ltr'><strong>Christum.</strong></span> <span class='ocrx_word' id='word_1_815' title='bbox 3156 5016 3294 5070; x_wconf 81' lang='lat' dir='ltr'><strong>Cum</strong></span> <span class='ocrx_word' id='word_1_816' title='bbox 3322 5032 3453 5088; x_wconf 73' lang='lat' dir='ltr'><strong>ergo</strong></span> <span class='ocrx_word' id='word_1_817' title='bbox 3476 5019 3549 5072; x_wconf 92' lang='lat' dir='ltr'><strong>illi</strong></span> <span class='ocrx_word' id='word_1_818' title='bbox 3581 5022 3709 5074; x_wconf 82' lang='lat' dir='ltr'><strong>sub-</strong></span> 
     </span>
    </p>
   </div>
   <div class='ocr_carea' id='block_1_112' title="bbox 2126 5098 3707 5179">
    <p class='ocr_par' dir='ltr' id='par_1_112' title="bbox 2126 5098 3707 5179">
     <span class='ocr_line' id='line_1_112' title="bbox 2126 5098 3707 5179; baseline 0.011 -32"><span class='ocrx_word' id='word_1_819' title='bbox 2126 5098 2376 5168; x_wconf 79' lang='lat' dir='ltr'><strong>jieitnur,</strong></span> <span class='ocrx_word' id='word_1_820' title='bbox 2402 5100 2547 5154; x_wconf 86' lang='lat' dir='ltr'><strong>intra</strong></span> <span class='ocrx_word' id='word_1_821' title='bbox 2582 5100 2777 5156; x_wconf 86' lang='lat' dir='ltr'><strong>salutis</strong></span> <span class='ocrx_word' id='word_1_822' title='bbox 2807 5115 2994 5158; x_wconf 86' lang='lat' dir='ltr'><strong>arcam</strong></span> <span class='ocrx_word' id='word_1_823' title='bbox 3010 5107 3168 5174; x_wconf 82' lang='lat' dir='ltr'><strong>positi</strong></span> <span class='ocrx_word' id='word_1_824' title='bbox 3193 5120 3405 5172; x_wconf 88' lang='lat' dir='ltr'><strong>sumus,</strong></span> <span class='ocrx_word' id='word_1_825' title='bbox 3432 5123 3526 5178; x_wconf 90' lang='lat' dir='ltr'><strong>per</strong></span> <span class='ocrx_word' id='word_1_826' title='bbox 3541 5126 3707 5179; x_wconf 87' lang='lat' dir='ltr'><strong>quam</strong></span> 
     </span>
    </p>
   </div>
   <div class='ocr_carea' id='block_1_113' title="bbox 2132 5191 3710 5256">
    <p class='ocr_par' dir='ltr' id='par_1_113' title="bbox 2132 5191 3710 5256">
     <span class='ocr_line' id='line_1_113' title="bbox 2132 5191 3710 5256; baseline 0.007 -12"><span class='ocrx_word' id='word_1_827' title='bbox 2132 5205 2198 5244; x_wconf 80' lang='lat' dir='ltr'><strong>ex</strong></span> <span class='ocrx_word' id='word_1_828' title='bbox 2228 5191 2327 5244; x_wconf 86' lang='lat' dir='ltr'><strong>hac</strong></span> <span class='ocrx_word' id='word_1_829' title='bbox 2355 5191 2519 5246; x_wconf 83' lang='lat' dir='ltr'><strong>stulta</strong></span> <span class='ocrx_word' id='word_1_830' title='bbox 2557 5191 2667 5245; x_wconf 86' lang='lat' dir='ltr'><strong>vita</strong></span> <span class='ocrx_word' id='word_1_831' title='bbox 2709 5192 2765 5246; x_wconf 91' lang='lat' dir='ltr'><strong>in</strong></span> <span class='ocrx_word' id='word_1_832' title='bbox 2813 5201 3076 5249; x_wconf 64' lang='lat' dir='ltr'><strong>aternam</strong></span> <span class='ocrx_word' id='word_1_833' title='bbox 3108 5210 3173 5250; x_wconf 88' lang='lat' dir='ltr'><strong>ac</strong></span> <span class='ocrx_word' id='word_1_834' title='bbox 3215 5195 3430 5252; x_wconf 88' lang='lat' dir='ltr'><strong>beatam</strong></span> <span class='ocrx_word' id='word_1_835' title='bbox 3464 5214 3710 5256; x_wconf 85' lang='lat' dir='ltr'><strong>reverte-</strong></span> 
     </span>
    </p>
   </div>
   <div class='ocr_carea' id='block_1_114' title="bbox 2133 5282 3707 5353">
    <p class='ocr_par' dir='ltr' id='par_1_114' title="bbox 2133 5282 3707 5353">
     <span class='ocr_line' id='line_1_114' title="bbox 2133 5282 3707 5353; baseline 0.007 -18"><span class='ocrx_word' id='word_1_836' title='bbox 2133 5297 2280 5336; x_wconf 90' lang='lat' dir='ltr'><strong>mur.</strong></span> <span class='ocrx_word' id='word_1_837' title='bbox 2324 5282 2552 5339; x_wconf 84' lang='lat' dir='ltr'><strong>Habetis</strong></span> <span class='ocrx_word' id='word_1_838' title='bbox 2585 5283 2751 5352; x_wconf 79' lang='lat' dir='ltr'><strong>igitur</strong></span> <span class='ocrx_word' id='word_1_839' title='bbox 2781 5295 3051 5353; x_wconf 85' lang='lat' dir='ltr'><strong>quantum</strong></span> <span class='ocrx_word' id='word_1_840' title='bbox 3116 5287 3249 5342; x_wconf 86' lang='lat' dir='ltr'><strong>satis</strong></span> <span class='ocrx_word' id='word_1_841' title='bbox 3287 5297 3372 5343; x_wconf 84' lang='lat' dir='ltr'><strong>est</strong></span> <span class='ocrx_word' id='word_1_842' title='bbox 3421 5290 3707 5347; x_wconf 64' lang='lat' dir='ltr'><strong>orthodoxi</strong></span> 
     </span>
    </p>
   </div>
   <div class='ocr_carea' id='block_1_115' title="bbox 2130 5373 3705 5446">
    <p class='ocr_par' dir='ltr' id='par_1_115' title="bbox 2130 5373 3705 5446">
     <span class='ocr_line' id='line_1_115' title="bbox 2130 5373 3705 5446; baseline 0.006 -19"><span class='ocrx_word' id='word_1_843' title='bbox 2130 5373 2198 5430; x_wconf 88' lang='lat' dir='ltr'><strong>ad</strong></span> <span class='ocrx_word' id='word_1_844' title='bbox 2229 5391 2291 5430; x_wconf 86' lang='lat' dir='ltr'><strong>ea</strong></span> <span class='ocrx_word' id='word_1_845' title='bbox 2319 5391 2442 5446; x_wconf 75' lang='lat' dir='ltr'><strong>qua:</strong></span> <span class='ocrx_word' id='word_1_846' title='bbox 2469 5377 2614 5431; x_wconf 87' lang='lat' dir='ltr'><strong>dicta</strong></span> <span class='ocrx_word' id='word_1_847' title='bbox 2652 5383 2804 5441; x_wconf 87' lang='lat' dir='ltr'><strong>sunt,</strong></span> <span class='ocrx_word' id='word_1_848' title='bbox 2857 5379 3310 5444; x_wconf 88' lang='lat' dir='ltr'><strong>responsionem:</strong></span> <span class='ocrx_word' id='word_1_849' title='bbox 3347 5382 3401 5436; x_wconf 93' lang='lat' dir='ltr'><strong>in</strong></span> <span class='ocrx_word' id='word_1_850' title='bbox 3458 5382 3546 5438; x_wconf 87' lang='lat' dir='ltr'><strong>his</strong></span> <span class='ocrx_word' id='word_1_851' title='bbox 3585 5398 3705 5438; x_wconf 81' lang='lat' dir='ltr'><strong>ma-</strong></span> 
     </span>
    </p>
   </div>
   <div class='ocr_carea' id='block_1_116' title="bbox 2130 5454 3708 5543">
    <p class='ocr_par' dir='ltr' id='par_1_116' title="bbox 2130 5454 3708 5543">
     <span class='ocr_line' id='line_1_116' title="bbox 2130 5454 3708 5543; baseline 0.004 -22"><span class='ocrx_word' id='word_1_852' title='bbox 2130 5479 2287 5536; x_wconf 80' lang='lat' dir='ltr'><strong>nete;</strong></span> <span class='ocrx_word' id='word_1_853' title='bbox 2319 5468 2453 5522; x_wconf 91' lang='lat' dir='ltr'><strong>nihil</strong></span> <span class='ocrx_word' id='word_1_854' title='bbox 2479 5470 2626 5523; x_wconf 87' lang='lat' dir='ltr'><strong>enim</strong></span> <span class='ocrx_word' id='word_1_855' title='bbox 2657 5471 2711 5524; x_wconf 91' lang='lat' dir='ltr'><strong>in</strong></span> <span class='ocrx_word' id='word_1_856' title='bbox 2742 5469 2809 5524; x_wconf 85' lang='lat' dir='ltr'><strong>iis</strong></span> <span class='ocrx_word' id='word_1_857' title='bbox 2844 5454 3115 5539; x_wconf 86' lang='lat' dir='ltr'><strong>reperitur</strong></span> <span class='ocrx_word' id='word_1_858' title='bbox 3141 5472 3242 5528; x_wconf 87' lang='lat' dir='ltr'><strong>nisi</strong></span> <span class='ocrx_word' id='word_1_859' title='bbox 3286 5489 3350 5527; x_wconf 87' lang='lat' dir='ltr'><strong>ea</strong></span> <span class='ocrx_word' id='word_1_860' title='bbox 3396 5489 3516 5543; x_wconf 79' lang='lat' dir='ltr'><strong>quae</strong></span> <span class='ocrx_word' id='word_1_861' title='bbox 3541 5475 3708 5528; x_wconf 89' lang='lat' dir='ltr'><strong>lumi-</strong></span> 
     </span>
    </p>
   </div>
   <div class='ocr_carea' id='block_1_117' title="bbox 2130 5558 3706 5634">
    <p class='ocr_par' dir='ltr' id='par_1_117' title="bbox 2130 5558 3706 5634">
     <span class='ocr_line' id='line_1_117' title="bbox 2130 5558 3706 5634; baseline 0.004 -20"><span class='ocrx_word' id='word_1_862' title='bbox 2130 5559 2285 5614; x_wconf 87' lang='lat' dir='ltr'><strong>naria</strong></span> <span class='ocrx_word' id='word_1_863' title='bbox 2321 5558 2579 5615; x_wconf 72' lang='lat' dir='ltr'><strong>Eeelesia:</strong></span> <span class='ocrx_word' id='word_1_864' title='bbox 2602 5560 2801 5628; x_wconf 86' lang='lat' dir='ltr'><strong>jubent</strong></span> <span class='ocrx_word' id='word_1_865' title='bbox 2836 5579 2850 5612; x_wconf 89' lang='lat'><strong><em>:</em></strong></span> <span class='ocrx_word' id='word_1_866' title='bbox 2880 5577 3059 5630; x_wconf 87' lang='lat' dir='ltr'><strong>neque</strong></span> <span class='ocrx_word' id='word_1_867' title='bbox 3094 5564 3192 5629; x_wconf 91' lang='lat' dir='ltr'><strong>iis,</strong></span> <span class='ocrx_word' id='word_1_868' title='bbox 3229 5567 3321 5634; x_wconf 89' lang='lat' dir='ltr'><strong>qui</strong></span> <span class='ocrx_word' id='word_1_869' title='bbox 3363 5566 3608 5634; x_wconf 76' lang='lat' dir='ltr'><strong>litigandi</strong></span> <span class='ocrx_word' id='word_1_870' title='bbox 3649 5578 3706 5621; x_wconf 90' lang='lat' dir='ltr'><strong>et</strong></span> 
     </span>
    </p>
   </div>
   <div class='ocr_carea' id='block_1_118' title="bbox 2130 5651 3708 5729">
    <p class='ocr_par' dir='ltr' id='par_1_118' title="bbox 2130 5651 3708 5729">
     <span class='ocr_line' id='line_1_118' title="bbox 2130 5651 3708 5729; baseline 0.004 -21"><span class='ocrx_word' id='word_1_871' title='bbox 2130 5651 2652 5725; x_wconf 71' lang='lat' dir='ltr'><strong>contendendivitio</strong></span> <span class='ocrx_word' id='word_1_872' title='bbox 2703 5656 3004 5723; x_wconf 80' lang='lat' dir='ltr'><strong>loquuntur</strong></span> <span class='ocrx_word' id='word_1_873' title='bbox 3053 5669 3117 5709; x_wconf 89' lang='lat' dir='ltr'><strong>ac</strong></span> <span class='ocrx_word' id='word_1_874' title='bbox 3167 5659 3434 5726; x_wconf 83' lang='lat' dir='ltr'><strong>scribunt,</strong></span> <span class='ocrx_word' id='word_1_875' title='bbox 3468 5659 3708 5729; x_wconf 73' lang='lat' dir='ltr'><strong>vestigiis</strong></span> 
     </span>
    </p>
   </div>
   <div class='ocr_carea' id='block_1_119' title="bbox 3273 5925 3347 5985">
    <p class='ocr_par' dir='ltr' id='par_1_119' title="bbox 3273 5925 3347 5985">
     <span class='ocr_line' id='line_1_119' title="bbox 3273 5925 3347 5985; baseline -0.014 0"><span class='ocrx_word' id='word_1_876' title='bbox 3273 5925 3347 5985; x_wconf 83' lang='lat'><strong>39</strong></span> 
     </span>
    </p>
   </div>
  </div>
