4206 6342
358 369 487 436 liii

1061 366 1211 427 PRO
1235 365 1445 427 CONC.
1482 363 1854 426 FLORENT.
1895 365 2052 427 CAP.
2106 366 2219 426 ΠΙ.
2261 367 2358 428 DE
2394 365 2910 430 PURGATORIO.

3475 369 3614 434 1212

360 510 461 561 μεν
492 488 652 542 αὑτὸν
680 485 773 539 τοῦ
821 485 1058 554 δεσμοῦ·
1089 485 1184 537 καὶ
1225 485 1500 554 ἀνάγομεν
1554 486 1617 539 ἐκ
1659 483 1755 538 τοῦ
1805 483 1933 537 σκύ-

2040 483 2389 545 adhibemus,
2420 494 2473 537 et
2513 483 2588 538 illi
2619 499 2812 554 magna
2839 482 3128 538 commoda
3161 491 3212 537 et
3256 485 3613 537 utilitatesat‘-

353 600 521 647 τουςο
553 583 645 636 καὶ
693 580 801 633 τῶν
844 577 1100 648 δακρύων
1146 579 1242 632 καὶ
1298 578 1617 646 στεναγμῶν
1663 578 1757 632 τοῦ
1803 577 1933 650 ᾅδου

354 674 682 745 λυτροῦμεν.
715 673 778 726 Ei
813 672 870 724 δὲ
917 671 1144 736 δίκαιος,
1177 671 1235 723 οὐ
1286 670 1592 740 λυτρούμεν
1642 670 1807 724 αὐτὸν
1836 667 1934 722 τοῦ

357 769 607 832 σκότους,
635 769 750 823 οὐδ’
801 765 1113 836 ἀπολύομεν
1145 766 1253 820 τῶν
1299 765 1536 834 δεσμῶν,
1567 765 1686 818 οὐδὲ
1737 765 1935 820 καθαί-

358 879 531 932 ρομεν
557 859 724 914 αὑτοῦ
747 858 816 914 τὰ
840 859 1238 930 ἁμαρτήματα,
1265 857 1407 912 ἀλλὰ
1434 858 1755 927 προσθήκην
1781 857 1938 926 δόξης

357 948 513 1019 αύτῷ
546 948 903 1019 περιτίθεμεν
923 965 936 979 ·
970 948 1066 1001 καὶ
1097 947 1178 1001 ὅτι
1230 948 1477 1019 μεγάλην
1510 948 1696 1012 αὐτοῖς
1740 949 1937 1019 προξε-

360 1042 562 1110 νοῦμεν
591 1040 780 1112 ὄνησιν
808 1041 900 1095 καὶ
943 1040 1235 1109 ὠφέλειαν.
1265 1040 1374 1095 Ποῦ
1422 1042 1561 1095 εἰσιν
1589 1041 1639 1094 oi
1687 1040 1939 1109 λέγοντες

363 1131 444 1204 μὴ
472 1127 611 1187 εἶναι
647 1133 916 1203 κάθαρσιν
944 1132 1131 1203 ψυχῶν
1161 1132 1300 1201 μετά
1330 1133 1560 1187 θάνατον
1576 1149 1592 1200 ;
1635 1131 1766 1187 Ἰδοὺ
1793 1133 1938 1202 Χρυ-

361 1227 631 1297 σόστομος
659 1227 880 1295 φάσκει,
905 1225 1006 1279 οὐκ
1042 1227 1259 1296 ἐχουσιν
1289 1227 1590 1281 ἀπειπεῖν.
1635 1226 1797 1281 Ἀλλά
1830 1228 1934 1282 καὶ

357 1319 390 1371 ὁ
430 1319 707 1387 πάνσοφος
763 1311 920 1382 αὖθις
983 1317 1285 1372 Νυσσαέων
1346 1317 1674 1390 Γρηγόριος,
1725 1317 1940 1380 τούτοις

358 1412 530 1463 οἱονεὶ⁸
585 1411 897 1481 μαχόμενός
953 1428 1169 1482 φησιν’
1225 1411 1395 1467 Οὐδὲν
1447 1412 1754 1480 ἀλογίστως
1816 1412 1940 1466 οὐδὲ

359 1504 632 1574 ἀκερδῶς,
660 1503 766 1558 ύπδ
800 1504 909 1557 τῶν
936 1503 1029 1556 τοῦ
1061 1504 1303 1572 Χριστοῦ
1350 1504 1610 1575 κηρύκων
1641 1506 1738 1558 καὶ
1761 1506 1941 1576 μαθη-

358 1597 473 1650 τῶν
523 1597 926 1669 παραδέδοταιο
954 1598 1089 1651 ἀλλά
1138 1598 1198 1651 τδ
1238 1599 1474 1669 πρᾶγμα
1523 1599 1739 1658 πάντως
1791 1599 1938 1651 ἐπω-

2041 574 2287 629 fcrimus.
2327 575 2426 631 Uhi
2464 585 2594 629 sunt
2623 577 2715 643 qui
2751 579 3052 629 animarum
3078 583 3201 644 post
3232 588 3458 630 mortem
3487 594 3614 645 pur-

2040 667 2311 735 gationem
2340 682 2447 721 non
2476 669 2704 721 inveniri
2739 669 2929 723 dicunt
2959 669 2981 722 ?
3017 669 3158 723 Ecce
3191 669 3615 740 Chrysostomus

2038 757 2192 821 dicit,
2237 774 2334 812 nec
2376 768 2555 827 potest
2590 759 2638 812 ei
2661 759 3000 824 fcontradici.
3039 759 3142 814 Sed
3176 762 3615 830 sapientissimus

2041 849 2241 904 iterum
2275 851 2620 922 Nyssaeorum
2646 852 2955 920 episcopus,
2983 851 3148 905 veluti
3180 866 3302 907 cum
3327 852 3412 908 his
3434 855 3616 910 verbis

2041 941 2328 997 decertans
2387 943 2512 1000 ait:
2572 962 2590 994 ι
2631 942 2776 996 Nihil
2827 943 3138 1000 inconsulto
3193 930 3369 1014 neque
3408 946 3619 1017 absque

2042 1035 2414 1089 emolumento
2439 1051 2468 1089 a
2499 1033 2700 1089 Christi
2741 1037 3086 1106 praeconibus
3111 1046 3167 1093 et
3198 1038 3482 1108 discipulis
3509 1049 3621 1096 tra-

2041 1126 2215 1180 ditum
2245 1133 2350 1190 est,
2384 1127 2476 1182 sed
2503 1143 2588 1181 res
2608 1128 2766 1195 plena
2795 1128 3048 1184 utilitatis
3069 1137 3155 1184 est
3196 1129 3416 1200 Deoque
3456 1145 3616 1186 acce-

2040 1226 2154 1287 pta,
2182 1235 2200 1269 t
2232 1219 2688 1276 commemoratio
2735 1220 2988 1276 videlicet
3015 1236 3138 1292 quae
3185 1223 3418 1277 habetur
3448 1225 3502 1278 in
3532 1223 3620 1279 di-

2041 1311 2170 1365 vino
2205 1319 2258 1365 et
2279 1311 2590 1367 admirabili
2625 1313 2902 1369 sacriﬁcio
2941 1329 3041 1382 pro
3075 1315 3161 1369 his
3185 1315 3276 1384 qui
3302 1316 3355 1370 in
3385 1316 3488 1372 lide
3513 1316 3616 1372 ob-

2043 1400 2406 1459 dormierunt.
2449 1401 2622 1458 Audis
2658 1401 2873 1458 Patrem
2899 1405 3062 1468 hunc,
3081 1405 3226 1474 quod
3263 1405 3398 1460 nihil
3429 1407 3621 1461 incon-

2044 1493 2209 1558 sulto,
2237 1495 2331 1549 sed
2364 1496 2512 1549 omni
2554 1511 2676 1550 cum
2714 1496 3193 1553 animadversione
3239 1505 3296 1553 et
3330 1512 3397 1554 es
3443 1499 3618 1554 tradi-

2045 1588 2194 1641 tione
2218 1599 2536 1642 sanctorum
2562 1588 2932 1659 apostolorum
2953 1589 3064 1659 agit
3082 1589 3346 1656 Ecclesia,
3362 1589 3618 1660 quodque

357 1689 522 1755 φελές
571 1693 669 1743 καὶ
722 1689 1055 1760 θεάρεστον·
1090 1690 1151 1743 τὸ
1197 1690 1420 1761 μνήμην
1463 1691 1708 1762 δηλονότι
1765 1693 1940 1743 ποιεῖν

2047 1682 2099 1734 in
2136 1680 2342 1736 divinis
2372 1679 2570 1735 oli'tciis
2600 1683 2666 1736 de
2697 1681 2947 1738 ﬁdelibus
2976 1681 3619 1738 mortuiscommemora-

355 1783 453 1833 ἐπὶ
485 1782 586 1849 τῆς
631 1781 784 1844 θείας
815 1783 910 1835 καὶ
946 1783 1242 1853 παμφαούς
1292 1783 1709 1854 μυσταγωγίας.
1742 1783 1849 1838 τῶν
1881 1784 1940 1836 ἐν

2044 1773 2243 1826 tionem
2267 1771 2444 1828 facere
2469 1784 2550 1831 est
2587 1775 2716 1829 utile
2765 1774 3058 1829 admodum
3091 1788 3155 1830 ac
3212 1774 3322 1830 Deo
3349 1785 3563 1845 gratum
3592 1775 3620 1830 ἲ

541 1835 583 1849 .-
767 1835 782 1844 .
1030 1835 1168 1853 ..η
1223 1835 1356 1854 ,τί
1887 1835 1928 1836 κν

354 1875 495 1944 ὀρθῇ
547 1875 730 1928 πίστει
780 1877 1228 1946 κεκοιμημένων.
1285 1876 1534 1940 ’Δκούεις
1578 1878 1674 1931 καὶ
1723 1877 1938 1943 τούτου,

2045 1864 2169 1918 Vult
2199 1866 2344 1918 enim
2360 1867 2606 1920 omnium
2640 1868 2872 1922 salutem
2904 1869 3307 1935 animarum,et
3347 1867 3617 1922 bonorum

353 1968 438 2020 ὅτι
459 1966 612 2020 οὐδὲν
633 1968 830 2036 ποιεῖή
867 1965 1163 2036 Ἐκκλησία
1181 1967 1353 2038 χωρὶς
1370 1969 1528 2036 λόγου
1559 1987 1576 2038 ;
1600 1970 1734 2023 ἀλλὰ
1761 1971 1938 2024 πίντα

357 2059 504 2124 μετά
546 2056 732 2124 λόγου,
782 2059 879 2110 καὶ
924 2057 1033 2111 ἀπὸ
1065 2058 1422 2127 παραδόσεωῑ
1454 2059 1560 2111 τῶν
1597 2059 1761 2128 ἱερῶν
1809 2060 1943 2113 ἀπο-

354 2148 566 2202 στόλων
591 2163 606 2180 ⁸
635 2150 730 2203 καὶ
752 2149 815 2202 τὸ
839 2152 1015 2202 ποιεῖν
1049 2150 1244 2217 μνείαν
1270 2151 1327 2204 ὲν
1356 2154 1476 2214 ταῖς
1515 2151 1938 2221 ίεροτελεστίαις

355 2242 503 2312 ὑπὲρ
542 2241 653 2294 τῶν
676 2239 884 2304 πιστῶς
908 2243 1308 2313 κοιμηθέντων,
1334 2242 1454 2296 λίαν
1482 2244 1632 2297 ἐστὶν
1660 2245 1938 2314 ὲπωφελὲς

355 2335 451 2388 καὶ
477 2333 561 2403 τῷ
596 2333 716 2403 Θεῷ
745 2333 980 2402 ἀρεστόν
1001 2351 1015 2364 ο
1053 2333 1202 2386 θέλει
1228 2334 1338 2405 γὰρ
1370 2336 1588 2390 πάντων
1616 2337 1717 2406 τὴν
1759 2353 1938 2404 σωτη-

357 2427 486 2493 ρίαν
516 2426 546 2478 ὁ
582 2423 881 2496 φιλόψυχος
930 2424 1024 2478 καὶ
1059 2419 1361 2494 φιλάγαθος
1399 2428 1495 2480 καὶ
1530 2429 1940 2498 πανοικτίρμων

352 2517 510 2581 Θεός.
542 2516 617 2571 Τὸ
637 2516 748 2588 γάρ
777 2518 953 2570 εἰπεῖν
982 2517 1074 2570 τὸν
1119 2519 1430 2587 προφήτην,
1463 2519 1575 2583 ὃτι,
1614 2519 1686 2572 Σὺ
1729 2517 1940 2571 ἀποδώ-

357 2626 472 2673 σεις
504 2610 726 2681 ἑκάστῳ
757 2610 900 2663 κατά
926 2608 996 2661 τὰ
1025 2608 1162 2678 ἔργα
1193 2607 1361 2663 αὐτοῦ
1389 2625 1403 2639 ο
1435 2610 1550 2674 καὶ,
1578 2609 1799 2681 Θερίσει
1832 2611 1942 2674 πᾶς

355 2721 440 2766 τις
484 2702 515 2757 δ
559 2703 820 2776 ἔσπειρε·
856 2705 952 2757 καὶ
979 2701 1045 2757 τὰ
1090 2705 1297 2757 τούτων
1332 2703 1626 2767 ἀκόλουθα,
1682 2705 1942 2775 περὶτῆς

358 2797 665 2869 παρουσίας
681 2796 904 2861 πάντως
925 2794 1020 2850 τοῦ
1041 2796 1285 2861 κτίστου,
1314 2797 1409 2851 καὶ
1432 2796 1529 2866 τῆς
1551 2796 1676 2850 τότε
1701 2795 1941 2865 φρικτῆς

360 2886 694 2953 ἁποςάσεως
717 2887 961 2956 εἴρηται,
988 2889 1082 2940 καὶ
1111 2887 1212 2957 τῆς
1252 2887 1346 2940 τοῦ
1376 2888 1583 2958 κόσμου
1613 2883 1768 2940 τοῦδε
1802 2904 1942 2959 συμ-

361 2975 751 3050 περατώσεως.
781 2977 920 3033 Τότε
950 2978 1062 3049 γὰρ
1092 2980 1230 3041 ὅλως
1261 2979 1515 3050 βοηθείας
1536 2979 1637 3033 οὐκ
1664 2980 1781 3034 ἔστι
1818 2997 1944 3035 και.-

365 3070 461 3139 ρός
483 3085 498 3100 ο
534 3069 673 3123 ἀλλά
704 3070 857 3124 πᾶσα
907 3070 1256 3140 παράκλησις
1285 3071 1590 3141 ἄπρακτος.
1617 3069 1735 3140 τῆς
1762 3087 1942 3142 πανη-

364 3160 584 3233 γύρεως
642 3161 752 3232 γάρ
809 3161 1196 3232 διαλυθείσης,
1257 3163 1357 3216 οὐκ
1409 3161 1490 3215 ἑτι
1550 3163 2012 3247 πραγματείαςα

364 3253 714 3324 ἐμπύρευμα.
751 3253 863 3306 Ποῦ
887 3252 997 3322 γάρ
1026 3253 1077 3306 oi
1107 3255 1338 3322 πένητες
1369 3253 1490 3306 τότε
1515 3267 1530 3283 °
1560 3252 1663 3306 ποῦ
1696 3255 1942 3324 λειτουρ-

358 3346 517 3413 γίαι;
573 3343 677 3397 ποῦ
715 3343 1068 3415 ψαλμῳδίαις
1099 3345 1204 3398 ποῦ
1243 3346 1521 3409 εύποιῖαις
1571 3345 1653 3398 διδ
1702 3345 1806 3412 πρὸ
1845 3347 1944 3414 τῆς

2044 1967 2259 2012 amator
2294 1968 2348 2012 et
2375 1959 2607 2013 dilector
2640 1969 2695 2013 et
2733 1960 3049 2016 misericors
3082 1958 3247 2016 Deus.
3293 1959 3430 2015 Nam
3468 1959 3618 2030 quod

2043 2049 2175 2104 dicit
2202 2049 2493 2119 propheta,
2526 2051 2674 2118 quod
2740 2050 3040 2118 unicuique
3089 2051 3276 2107 reddet
3311 2052 3615 2106 secundum

2041 2155 2207 2208 opera
2237 2140 2379 2208 ejus,
2414 2148 2468 2194 et
2532 2147 2700 2194 metet
2747 2140 2979 2209 quisque
3022 2139 3167 2208 quod
3227 2139 3536 2202 seminavit,
3565 2149 3622 2190 et

2041 2247 2163 2301 quae
2184 2241 2509 2301 sequuntur.
2558 2232 2624 2288 de
2663 2232 2899 2287 adventu
2932 2234 3156 2288 omnino
3174 2230 3512 2294 Conditoris,
3560 2239 3620 2284 et

2041 2323 2112 2378 de
2142 2338 2208 2378 eo
2260 2326 2546 2379 tremendo
2579 2323 2789 2393 judicio
2852 2323 3059 2379 dictum
3119 2333 3222 2391 est,
3252 2333 3308 2379 et
3338 2323 3408 2378 de
3454 2321 3620 2392 hujus

2041 2415 2230 2470 mundi
2262 2415 2758 2481 consummatione,
2795 2417 2923 2486 quia
2982 2427 3116 2471 tunc
3155 2415 3346 2470 auxilii
3395 2425 3616 2484 tempus

2041 2507 2323 2578 praeteriit,
2357 2517 2413 2561 et
2449 2508 2629 2563 omnis
2648 2507 2935 2563 advocatio
2955 2507 3164 2563 inutilis
3188 2525 3203 2575 ;
3230 2522 3356 2562 nam
3385 2506 3619 2570 dimisso

2041 2609 2319 2656 conventu
2371 2599 2582 2654 tollitur
2635 2599 3027 2668 negotiationis
3066 2600 3478 2665 commercium.
3509 2610 3617 2666 Ubi

2043 2702 2176 2747 tunc
2206 2691 2513 2763 pauperes?
2540 2692 2638 2750 ubi
2661 2690 2978 2753 sacriﬁcia?
3012 2691 3104 2754 ubi
3135 2699 3493 2769 psalmodia?
3520 2702 3616 2757 ubi

2043 2783 2188 2842 bona
2211 2798 2378 2855 opera
2405 2781 2429 2840 ?
2459 2787 2673 2843 Idcirco
2703 2795 2828 2843 ante
2876 2787 3007 2844 illud
3053 2798 3270 2859 tempus
3300 2799 3493 2847 mutuo
3519 2808 3619 2849 no-

2041 2878 2128 2936 bis
2161 2879 2515 2948 opitulemur,
2553 2887 2609 2934 et
2638 2876 2857 2934 Christo
2888 2878 3019 2945 Deo,
3051 2878 3305 2944 fratrum,
3329 2880 3615 2936 hominum

2040 2980 2097 3028 et
2131 2973 2441 3028 animarum
2481 2973 2736 3038 amatori,
2784 2972 3042 3029 fraterna
3104 2975 3390 3030 charitatis
3439 2975 3617 3032 oﬂicia

2041 3077 2367 3138 praestemus
2403 3081 2420 3131 ;
2451 3081 2578 3120 nam
2613 3065 2847 3121 libenter
2917 3067 3207 3122 admodum
3252 3067 3479 3138 recipit,
3521 3084 3619 3125 cu-

2045 3159 2236 3227 pitque
2262 3166 2324 3213 ut
2370 3169 2647 3228 petamus,
2705 3168 2765 3212 ut
2793 3158 2967 3216 nostri
3010 3173 3204 3215 amans
3239 3158 3539 3227 Dominus;
3568 3162 3620 3219 is

2041 3265 2173 3305 Vero
2195 3249 2356 3303 veluti
2385 3248 2546 3305 dator
2574 3249 2871 3304 muniﬁcus
2886 3248 3169 3305 exhibebit
3204 3265 3327 3320 quae
3348 3265 3447 3321 pro
3479 3253 3620 3308 alte-

2043 3343 2158 3396 rius
2188 3341 2369 3396 salute
2399 3340 2746 3410 postulantur
2783 3356 2959 3412 eoque
2993 3349 3237 3410 tempore
3295 3344 3616 3413 plenissime

355 3435 508 3503 ὧρας
559 3436 813 3505 ἐκείνης,
859 3434 1115 3505 ἀλλήλοις
1167 3438 1666 3506 ὲπικουρήσωμεν·
1724 3438 1820 3488 καὶ
1862 3437 1940 3507 τῷ

2045 3433 2300 3497 ﬂectitur,
2327 3447 2434 3486 non
2448 3431 2621 3486 solum
2647 3432 2864 3499 quando
2893 3431 3016 3501 quis
3045 3432 3114 3505 de
3128 3447 3227 3489 sua
3251 3433 3430 3486 anima
3463 3431 3618 3488 solii-

355 3526 673 3597 φιλαδέλφῳ
717 3525 813 3580 καὶ
849 3525 1219 3597 φιλανθρώπῳ
1255 3529 1351 3580 καὶ
1396 3529 1680 3598 φιλοψύχῳ
1711 3529 1936 3597 Χριστῷ

2045 3527 2186 3579 citus
2217 3533 2320 3585 est,
2357 3537 2546 3576 verum
2579 3524 2740 3578 etiam
2759 3524 2978 3594 quando
3031 3524 3397 3596 pro‘proximi
3431 3524 3616 3580 anima

352 3618 432 3687 τῷ
464 3615 610 3688 Θεῷ,
638 3619 705 3671 τά
731 3617 832 3684 τῆς
874 3615 1232 3685 φιλαδελφίας
1263 3616 1647 3686 προσοίσωμεν
1671 3633 1684 3648 ο
1722 3617 1939 3686 δέχεται

2049 3614 2195 3668 omni
2232 3615 2418 3670 studio
2441 3615 2674 3669 laborat.

354 3716 469 3784 γὰρ
526 3709 586 3766 εὖ
622 3713 806 3783 μάλα⁹
871 3712 1017 3766 θέλει
1078 3712 1180 3780 μὲν
1252 3712 1422 3775 αὐτὸς
1491 3711 1568 3774 ὼς
1624 3710 2004 3780 φιλάνθρωπος
2039 3710 2187 3777 ἡμᾶς
2219 3709 2392 3761 αίτεῖν
2415 3723 2428 3738 ·
2462 3708 2625 3771 αὐτὸς
2648 3708 2703 3760 δὲ
2747 3704 2834 3761 οἷα
2870 3708 3032 3780 δοτὴρ
3064 3708 3320 3780 ἀφθονοςι
3351 3710 3617 3780 ἀπονέμει

353 3810 574 3881 ἑκάστῳ
602 3813 673 3865 τὰ
697 3809 834 3880 πρὸς
865 3808 1145 3879 σωτηρίαν
1169 3808 1466 3878 αίτούμενα
1489 3825 1502 3836 ³
1532 3808 1621 3860 καὶ
1676 3807 1795 3860 τότε
1844 3808 1974 3874 ἡμῖν
2015 3806 2212 3867 ὀλικῶς
2262 3804 2695 3872 ἑπικάμπτεται,
2743 3805 2840 3874 οὐχ
2885 3806 3014 3858 ὅταν
3043 3823 3127 3869 τις
3158 3805 3320 3875 μόνον
3345 3806 3485 3878 ὑπὲρ
3515 3805 3616 3875 τῆς

356 3906 500 3968 ἰδίας
539 3902 720 3974 ψυχῆς
753 3901 1108 3970 ἀγωνίζεται,
1166 3901 1283 3953 ἀλλ’
1319 3902 1448 3954 ὅταν
1493 3901 1586 3953 καὶ
1611 3897 1754 3967 ὑπὲρ
1803 3895 1900 3950 τοῦ
1937 3896 2108 3959 πέλας
2143 3896 2303 3950 τοῦτο
2333 3895 2627 3966 προθύμως
2660 3897 2975 3966 ἐργάζεται.

1102 4001 1173 4049 Δ⁰.
2799 3992 2887 4049 IV.

423 4085 579 4143 'rzst
631 4085 725 4142 καὶ
762 4088 796 4159 ἡ
840 4087 980 4157 μετά
1022 4086 1117 4141 τὸν
1170 4086 1460 4154 Μακάρων
1513 4083 1724 4153 ίστορία
1753 4081 1938 4153 δηλοῖ·

2119 4087 2258 4152 Quid
2288 4093 2469 4140 autem
2511 4097 2565 4140 et
2587 4086 2810 4140 historia
2840 4102 2961 4154 qua:
2995 4087 3059 4139 de
3093 4086 3328 4142 Macario
3357 4098 3613 4142 narratur

353 4184 492 4236 ἤταν
515 4178 576 4232 τὸ
608 4177 773 4250 ξηρὸν
805 4177 1028 4246 κρανίον
1055 4177 1338 4246 ἠρώτησεν
1365 4175 1504 4244 ὑπὲρ
1530 4174 1639 4226 τῶν
1672 4189 1939 4242 κεκοιμη-

2046 4179 2308 4244 ostcndil,
2343 4177 2562 4246 quando
2591 4178 2796 4231 aridam
2820 4180 3111 4232 calvariam
3145 4187 3492 4247 percontatus
3511 4193 3613 4236 est.

355 4273 561 4344 μένων,
598 4272 648 4324 εί
697 4269 1060 4323 αἰσθάνωνται
1105 4269 1234 4320 ὅταν
1258 4284 1342 4329 τις
1370 4266 1514 4334 υπὲρ
1546 4264 1727 4318 αὐτῶν
1759 4279 1936 4332 προσ·

2042 4285 2110 4323 an
2139 4271 2212 4324 sit
2235 4284 2430 4324 sensus
2466 4270 2696 4324 mortuis
2731 4285 2855 4322 cum
2890 4286 2987 4337 pro
3031 4271 3095 4322 iis
3136 4267 3398 4323 oramus?
3423 4268 3616 4324 Nonne

354 4369 626 4434 εύιητιι·
667 4363 769 4417 οὐκ
824 4361 1141 4432 ἀπελογήθη
1214 4361 1278 4414 τὸ
1338 4360 1504 4431 ξηρὸν
1559 4357 1798 4423 ὀστοῦν,
1852 4358 1937 4408 ὅτι

2040 4362 2324 4430 respondit
2352 4361 2563 4414 aridum
2600 4377 2684 4424 os,
2720 4376 2971 4432 maguum
3002 4363 3245 4416 levamen
3283 4371 3336 4414 et
3366 4362 3554 4430 requie
3577 4379 3607 4412 ιι

355 4457 609 4527 μεγάλην
653 4457 837 4511 ἄνεσιν
870 4456 965 4508 καλ⁵
1011 4453 1304 4523 ἀνακωχὴν
1345 4453 1587 4522 ἔχουσιν,
1620 4453 1750 4504 ὅταν
1791 4447 1936 4517 ὑπὲρ

2040 4456 2259 4520 sentire,
2280 4454 2502 4524 quando
2525 4471 2622 4524 pro
2647 4455 2714 4509 iis
2740 4455 2795 4508 ﬁt
2824 4456 3274 4510 commemoratio
3297 4455 3321 4507 τ
3349 4453 3614 4508 Pra-teret

351 4547 538 4603 ούτῶν
570 4548 732 4617 μνεία
761 4547 1018 4618 γίνηται;
1044 4547 1165 4599 Ἔτι
1184 4547 1241 4600 δὲ
1271 4546 1365 4598 καὶ
1400 4548 1458 4597 ὲν
1490 4546 1605 4616 τοῖς
1628 4544 1736 4597 τῶν
1762 4541 1934 4610 ἁγίων

2041 4546 2095 4599 itt
2130 4542 2268 4598 Vitis
2296 4543 2516 4598 Patrum
2541 4560 2648 4599 una
2684 4561 2807 4600 cum
2840 4547 2962 4600 aliis
2985 4547 3168 4600 multis
3203 4554 3258 4599 et
3287 4545 3614 4600 hocinveni.

350 4644 632 4716 γερόντων
671 4642 831 4712 βίοις,
870 4643 970 4694 σὺν
1003 4639 1223 4704 πολλοῖς
1264 4639 1465 4704 ἀλλοις,
1501 4638 1596 4691 καὶ
1629 4637 1789 4690 τοῦτο
1833 4633 1928 4687 εὖ-

354 4753 528 4806 ρομεν
549 4753 564 4767 ο
607 4753 626 4786 ε
660 4734 754 4797 Τίς
784 4733 891 4785 τῶν
917 4731 1200 4803 θεοφόρων
1228 4731 1454 4783 ἐκείνων
1482 4728 1716 4799 ἀνδρῶν,
1756 4726 1932 4797 μαθη-

352 4827 458 4897 τὴν
493 4826 634 4894 ἔχων
665 4826 724 4876 ὲν
753 4822 986 4893 ἀμελείᾳ⁵
1035 4820 1279 4890 βιοῦντα,
1323 4822 1418 4873 καὶ
1444 4819 1635 4872 τοῦτον
1687 4819 1826 4888 πρὸς
1869 4815 1932 4868 τὸ

353 4920 448 4972 τοῦ
483 4919 604 4990 βίου
631 4917 806 4993 πέρας
833 4915 1094 4986 ῥᾳθύμως
1124 4911 1433 4984 φθάσαντα,
1458 4914 1488 4965 ὁ
1517 4910 1930 4980 πανοικτίρμων

355 5008 455 5060 καὶ
486 5006 788 5076 φιλοψυχος
839 5004 1066 5074 Κύριος,
1097 5004 1236 5073 μετά
1275 5002 1526 5073 δακρύων
1557 5001 1928 5070 αἰτησαμένου

353 5095 452 5148 τοῦ
481 5097 759 5164 γέροντος,
782 5096 857 5156 ὡς
891 5095 983 5146 τὸν
1016 5095 1156 5147 κατὰ
1183 5092 1435 5162 Λάζαρον
1461 5093 1740 5153 πλούσιον,
1777 5093 1835 5142 ἐν
1861 5092 1927 5161 τῇ

356 5187 521 5255 φλογὶ
554 5185 930 5255 καυσούμενον
966 5185 1129 5253 μέχρι
1159 5182 1432 5253 τραχήλου
1467 5181 1787 5247 ύπέδειξεν;
1841 5179 1929 5242 Ὠς

360 5277 606 5330 tne-36s»:
651 5277 822 5330 πολλὰ
863 5274 958 5328 τοῦ
998 5276 1155 5342 ἁγίου
1182 5277 1536 5342 πονήσαντος,
1574 5273 1667 5324 καὶ
1715 5273 1811 5324 σὺν
1835 5271 1930 5325 δα·

362 5384 523 5436 κρυσι
555 5369 646 5420 τὸν
668 5367 802 5420 Θεὸν
825 5368 1252 5438 λιπαρήσαντος,
1291 5365 1448 5434 μέχρι
1475 5363 1576 5432 τῆς
1607 5365 1785 5432 ζώνης
1823 5366 1928 5417 πά-

353 5461 439 5514 λιν
483 5463 784 5528 ὑπέδειξεν.
839 5458 971 5515 Εἶτα
1009 5462 1108 5513 καὶ
1147 5459 1301 5521 αὖθις
1337 5458 1528 5521 κόποις
1559 5460 1686 5520 τοὺς
1722 5459 1927 5518 κόπους

352 5553 449 5606 τοῦ
497 5554 655 5619 ἀγίου
713 5553 1148 5622 προσθὴσαντος,
1205 5549 1633 5620 παντελεύοερον
1685 5549 1781 5601 καὶ⁵
1825 5547 1923 5602 τοῦ

355 5647 528 5714 πυρῖς
576 5646 984 5717 λελυτρωμένον
1015 5646 1074 5698 ἐν
1122 5643 1364 5711 ὀπτασίᾳ.
1401 5641 1480 5711 τῷ
1508 5643 1724 5711 γερόντι
1759 5641 1927 5693 δέδειυ

353 5753 470 5805 χεν.
510 5739 608 5792 Διὰ
635 5741 742 5807 γὰρ
769 5739 868 5806 τῆς
902 5736 1185 5806 ἀμελείας,
1224 5733 1323 5802 τὴν
1347 5733 1566 5785 κόλασιν
1591 5733 1881 5800 ύπέμεινες
1909 5747 1924 5762 ο

359 5831 447 5883 διὰ
477 5831 631 5884 τοῦτο
677 5831 766 5884 καὶ
817 5830 1062 5893 εύῖλατος
1099 5831 1130 5897 ὴ
1176 5825 1403 5896 τοιαύτη
1448 5827 1716 5898 ἁμαρτία.
1761 5844 1779 5876 t
1814 5826 1923 5879 Καὶ

2049 4635 2186 4689 Cum
2229 4636 2449 4705 quidam
2494 4652 2560 4690 ex
2592 4637 2678 4691 his
2704 4636 2904 4691 divinis
2937 4637 3250 4692 hominibus
3284 4635 3611 4706 discipulum

2049 4730 2276 4785 haberet
2305 4730 2666 4801 negligentius
2690 4731 2981 4793 viventem,
3023 4740 3076 4785 et
3106 4731 3160 4783 in
3218 4739 3460 4785 extremo
3492 4731 3615 4782 vitm

2055 4821 2108 4875 in
2138 4819 2327 4875 eadem
2359 4822 2554 4876 inertia
2589 4820 3012 4890 deprehenSum,
3072 4821 3379 4875 misericors
3416 4827 3471 4873 et
3496 4821 3615 4873 ani—

2052 4929 2264 4966 marum
2293 4924 2503 4966 amator
2539 4912 2699 4976 Deus,
2745 4915 2928 4966 multis
2955 4929 3079 4967 cum
3117 4915 3370 4981 lacrymis
3400 4923 3615 4981 petente

2049 5021 2198 5070 s~-ne,
2235 5016 2491 5074 tanquam
2524 5005 2748 5058 divitem
2783 5005 2956 5069 illum,
2987 5007 3053 5057 de
3080 5018 3189 5072 quo
3223 5003 3412 5057 Lazari
3448 5002 3616 5056 refert

2049 5097 2295 5159 historia,
2320 5113 2444 5150 eunt
2477 5098 2736 5161 ostendit,
2795 5097 2888 5164 qui
2929 5097 2982 5149 in
3018 5095 3140 5164 igne
3189 5097 3403 5151 cervice
3452 5105 3612 5150 tenus

2048 5190 2357 5244 tenebatur.
2401 5187 2506 5242 Sed
2539 5204 2662 5242 cum
2711 5190 2756 5243 is
2806 5189 3183 5243 vehementius
3240 5187 3490 5247 instaret.
3559 5196 3615 5239 ct

2045 5298 2170 5336 cum
2205 5282 2463 5351 lacrymis
2503 5280 2668 5334 Deum
2699 5284 3028 5341 obsecraret.
3054 5293 3226 5347 usque
3255 5278 3322 5331 ad
3373 5277 3610 5331 cinctum

2046 5391 2235 5427 rursus
2265 5372 2505 5426 ostendit
2531 5387 2546 5423 :
2571 5371 2764 5424 deinde
2788 5372 2984 5422 iterum
3033 5384 3219 5440 preces
3245 5369 3493 5437 precibus
3509 5367 3610 5422 ad-

2043 5466 2220 5519 dendo
2241 5475 2294 5518 et
2326 5465 2624 5532 impensius
2657 5463 2927 5531 augendo,
2958 5465 3174 5532 penitus
3203 5462 3434 5515 liberum
3461 5461 3612 5517 etab

2045 5555 2169 5623 igne
2218 5555 2455 5608 solutum
2515 5570 2611 5622 per
2645 5555 2912 5607 visionem
2969 5556 3082 5606 seni
3112 5552 3557 5606 cmntuonstravit
3587 5567 3607 5608 :

2047 5659 2171 5698 nam
2207 5653 2427 5713 propter
2453 5643 2794 5710 negligentia:
2825 5635 3107 5711 peccatum
3141 5643 3499 5709 plectehalur,
3523 5641 3606 5694 id.

2043 5736 2189 5789 circo
2211 5733 2261 5786 id
2297 5732 2454 5787 facile
2478 5733 2686 5800 expiari
2714 5743 2911 5800 potest.
2947 5735 3028 5785 A-t'
3050 5735 3172 5803 quis
3201 5734 3392 5788 ordine
3411 5736 3606 5801 poterit

2043 5827 2232 5879 harum
2265 5837 2446 5876 rerum
2479 5821 2786 5876 testimonia
2822 5834 3262 5890 l'CCCllb‘Cl‘t',qt|:c
3302 5823 3353 5873 in
3387 5827 3604 5874 saneto-
