4182 6350
461 334 600 402 1247
1654 343 1973 405 JOSEPHI
2015 343 2562 407 METHONENSIS
3592 348 3731 415 1248

459 459 687 520 tionem,
722 463 775 509 et
823 466 1016 526 praeter
1059 475 1208 531 spem
1245 458 1312 515 de
1357 459 1539 515 medio
1580 462 1805 524 sublati,
1842 462 2039 517 horum

2169 480 2273 528 ιτος
2302 463 2411 519 τῶν
2445 464 2777 533 ἀνθρώπιον,
2815 465 2841 517 ὁ
2880 467 3085 535 μικρὰν
3127 465 3339 535 ἀρετῶν
3383 464 3568 536 ζύμην
3595 484 3731 535 κιη·

460 564 573 603 non
605 547 963 606 obliviscetur
988 553 1173 623 justus
1200 552 1371 624 judex
1421 562 1477 609 et
1520 553 1826 610 Dominus:
1860 552 1955 609 sed
1989 555 2042 609 in

2169 556 2402 621 ξάμενος,
2459 558 2536 628 μὴ
2586 558 2884 626 πεφθακὼς
2954 558 3010 610 δὲ
3065 559 3270 626 ταύτην
3316 558 3725 628 ἁρτοποιῆσαι·

459 656 650 695 eorum
681 656 844 709 opem
876 644 1065 701 amnes
1090 656 1207 716 post
1230 654 1459 702 mortem
1493 647 1799 715 suscitabit,
1824 662 2045 702 eorum-

2169 647 2280 699 ιλλά
2316 647 2603 717 βουληθεὶς
2634 648 2755 719 μὲν,
2794 648 2869 717 μὴ
2912 649 3165 720 amco.-
3199 648 3257 702 δέ
3284 650 3464 710 τοῦτο.
3497 653 3530 720 ῆ
3570 653 3736 723 ρᾳθυ-

460 746 571 799 que
624 742 835 789 mentes
870 736 1086 806 diriget,
1135 747 1189 792 et
1241 738 1405 792 corda
1446 738 1645 799 trahet,
1696 748 1753 793 et
1795 739 2044 793 animum

2169 743 2280 804 ιίας
2331 739 2364 810 ἢ
2427 744 2751 814 ἀνανδρείας
2790 744 2980 806 ἓνεκα,
3037 745 3069 815 ἦ
3118 744 3218 811 τῆς
3282 745 3341 812 ἐξ
3388 744 3605 815 ἡμέρας
3651 746 3734 810 εἰς

459 822 721 891 inﬂectat,
777 836 837 881 ut
880 827 1185 885 subsidium
1222 840 1277 885 et
1322 830 1591 885 auxilium
1629 830 1758 884 huic
1793 829 2044 897 aiferant,

2169 853 2176 903 ι
2188 834 2362 904 μέραν
2392 834 2689 907 ἀναϐολῆς.
2722 833 3024 906 Ἀρπαγεὶς
3046 838 3105 890 δὲ
3137 840 3266 908 παρ’
3292 838 3509 904 ἐλπίδα,
3539 839 3733 893 τούτου

461 930 529 970 ac
562 915 896 975 festlnzabunt
924 919 1035 977 Deo
1064 922 1359 992 instigante
1389 934 1446 978 et
1474 933 1729 993 tangente
1755 924 1922 978 corda
1952 939 2049 977 eo-

2169 927 2254 980 ›ύκ
2286 925 2720 999 ἐπιλησθήσεται
2752 932 2781 983 ὁ
2810 930 3017 994 δίκαιος
3058 933 3251 1002 κριτὴς
3281 934 3377 986 καὶ
3427 932 3734 1002 δεσπότης·

462 1023 608 1075 rum,
640 1022 694 1065 et
723 1012 1095 1084 adimplebunt
1123 1030 1244 1085 qua
1285 1030 1316 1069 a
1362 1016 1623 1072 defuncto
1650 1018 1852 1072 omissa
1895 1026 2045 1082 sunt,

2169 1019 2271 1072 DA‘
2292 1022 2483 1091 ἐγερεῖ
2514 1021 2668 1090 αὑτῷ
2716 1022 2858 1090 μετά
2903 1022 3135 1077 θάνατον
3165 1024 3293 1088 τοὺς
3331 1025 3571 1088 οἰκείους
3592 1041 3606 1053 ο
3643 1027 3738 1078 καὶ

462 1110 525 1157 ut
558 1106 749 1160 multis
779 1122 881 1161 usu
918 1108 1083 1164 venit.

2169 1112 2362 1165 τούτων
2391 1114 2489 1175 τὰς
2528 1112 2758 1182 γνώμας
2791 1112 2963 1167 ἰθυνεί
2987 1129 3000 1142 ·
3032 1117 3126 1168 καὶ
3163 1115 3267 1179 τάς
3316 1115 3543 1186 καρδίας
3581 1116 3741 1169 ἐλκύο

464 1214 582 1251 σειο
616 1204 717 1255 καὶ
764 1204 862 1263 τὰς
900 1204 1082 1274 ψυχὰς
1134 1206 1441 1277 ἐπικάμψαι
1495 1208 1632 1279 πρὸς
1683 1210 1907 1277 ἀρωγὴν
1956 1208 2043 1261 καὶ
2071 1204 2329 1277 βοήθειαν
2355 1209 2589 1264 τούτου⁸
2648 1211 2743 1265 καὶ
2776 1210 3076 1263 σπεύσουσι
3138 1212 3455 1282 κινηθέντες
3526 1212 3737 1269 θεόθεν.

464 1294 562 1346 καὶ
617 1295 897 1365 ἁψαμένου
926 1297 1021 1351 τοῦ
1067 1299 1331 1357 δεσπότου
1375 1302 1491 1355 τῶν
1541 1301 1783 1372 καρδιῶν
1827 1300 2029 1367 αὐτῶν,
2052 1298 2515 1375 ἀναπληρώσωσι
2566 1302 2663 1358 τοῦ
2700 1304 2984 1374 οιχομένου
3013 1304 3080 1357 τά
3116 1303 3504 1375 ὑστερήματα·
3545 1303 3741 1373 ὥσπερ

461 1390 555 1445 ἐπὶ
585 1393 799 1446 πολλῶν
828 1396 1043 1466 γέγονε.

1229 1488 1295 1546 ν.
2914 1490 2988 1547 E'.

542 1579 782 1654 Huiusce
816 1584 892 1641 rei
930 1588 1085 1644 testis
1117 1588 1392 1659 Traianus
1430 1590 1727 1660 imperator
1770 1593 1824 1643 et
1853 1588 2053 1659 imagi-

2229 1585 2343 1638 Καὶ
2365 1582 2557 1637 τούτου
2592 1582 2808 1654 μάρτυς
2832 1582 3102 1652 Τραϊανὸς
3128 1586 3158 1638 ό
3186 1586 3465 1655 βασιλεὺς,
3493 1588 3590 1642 καὶ
3614 1590 3752 1643 Θεό-

465 1690 598 1765 ’1³³³
650 1688 996 1748 ⁰ΡΡ¹¹Κ¹⁶³ί⁰¹⁵
1027 1681 1364 1750 Τδθοίιίιὶιιιε
1392 1723 1407 1744 .
1440 1697 1676 1753 quorum
1722 1683 1860 1738 alter
1905 1679 2051 1737 beati

2169 1674 2318 1743 φιλος
2350 1678 2379 1729 ό
2426 1676 2840 1747 Είκονομάχος·
2882 1670 2957 1731 ὦν
2996 1677 3089 1732 τὸν
3142 1678 3244 1748 μέν
3302 1678 3512 1735 ἔσωσεν
3558 1682 3592 1752 ἠ
3646 1682 3747 1737 tot?

468 1762 718 1835 Gregorii
756 1769 960 1840 Dialogi
992 1786 1164 1843 papm,
1200 1775 1338 1829 alter
1369 1774 1682 1831 divinorum
1727 1785 1785 1830 et
1834 1782 2053 1828 sancto-

2169 1770 2437 1839 μακαρίου
2487 1771 2791 1843 Γρηγορίου
2819 1772 2913 1826 τοῦ
2945 1772 3207 1840 Διαλόγου
3265 1774 3466 1830 πάππα
3520 1775 3748 1846 Ῥώμης

471 1873 594 1914 rum
646 1860 889 1917 virorum
939 1875 997 1920 et
1044 1866 1301 1936 Augusta:
1330 1876 1586 1923 servatus
1636 1876 1722 1924 est
1771 1868 2051 1937 precibus.

2169 1864 2341 1934 Βέησις
2369 1879 2385 1897 ο
2422 1863 2518 1917 τὺν
2555 1863 2637 1928 δὲ,
2685 1866 2795 1919 τῶν
2828 1865 3105 1934 θεοφόρων
3156 1868 3252 1919 καὶ
3287 1867 3463 1933 ἁγίων
3508 1868 3743 1937 ἀνδρῶν,

470 1949 765 2019 Nunquam
801 1955 946 2010 enim
984 1955 1037 2010 hi
1076 1959 1309 2023 salutem
1346 1957 1582 2014 fuissent
1610 1958 1917 2025 consecuti,
1950 1960 2053 2016 nisi

2169 1957 2383 2028 καὶτῆς
2421 1956 2767 2029 βασιλίσσης.
2800 1959 2877 2012 Οὐ
2921 1959 3033 2029 γὰρ
3066 1958 3132 2014 ἄν
3172 1976 3305 2013 ποτε
3334 1960 3485 2015 οὗτοι
3534 1961 3750 2031 ἐσώθη-

466 2054 524 2099 et
554 2043 738 2116 aliqua
770 2046 906 2119 ipsis
936 2049 1115 2105 virtus
1142 2051 1370 2114 inesset,
1398 2064 1563 2120 quam
1594 2050 1688 2107 Dei
1710 2052 1925 2121 justitia
1958 2068 2057 2107 no-

2169 2066 2280 2114 ταν,
2320 2049 2393 2119 μὴ
2444 2051 2542 2104 καὶ
2574 2050 2731 2105 αὐτοί
2772 2069 2897 2105 τινα
2943 2049 3151 2122 ἀρετὴν
3198 2048 3440 2123 ἔχοντες,
3467 2054 3536 2126 ἢν
3585 2057 3621 2123 ἡ
3649 2055 3750 2108 τοῦ

468 2138 573 2193 luit
605 2138 972 2213 intercidere;
1006 2142 1090 2197 vel
1132 2143 1177 2197 si
1212 2156 1319 2197 non
1348 2143 1547 2208 virtus,
1595 2151 1653 2199 at
1696 2145 1887 2200 saltem
1918 2157 2058 2198 con-

470 2228 660 2287 fessio.
694 2232 883 2304 Neque
906 2236 1052 2291 enim
1090 2243 1185 2291 aut
1212 2245 1529 2291 sanctorum
1558 2238 1803 2292 virorum
1841 2250 2055 2307 preces,

471 2336 567 2381 aut
614 2328 873 2398 Augusta
917 2329 1165 2385 studium
1205 2344 1304 2399 pro
1356 2329 1666 2403 Theophilo
1718 2333 2055 2401 valuissent,

470 2420 577 2477 nisi
612 2422 766 2492 prius
794 2423 885 2477 ille
911 2437 1073 2479 suum
1123 2430 1408 2495 peccatu
1444 2440 1593 2483 esset
1633 2428 1919 2484 confessus
1954 2428 2059 2497 (li,

472 2524 804 2585 sanctasque
824 2517 1093 2588 imagines
1111 2517 1295 2573 colere
1319 2526 1374 2572 et
1405 2519 1666 2574 honorari
1696 2519 1906 2588 justum
1938 2534 2061 2575 esse

473 2609 837 2665 asseruisset:
874 2610 1135 2681 quoniam
1169 2611 1216 2668 is
1250 2612 1409 2667 valde
1454 2613 1655 2668 virtute
1687 2612 1918 2670 illustris
1964 2629 2061 2667 ex-

473 2702 638 2766 stitit,
670 2702 763 2758 sed
814 2716 938 2759 cum
987 2702 1042 2757 in
1094 2702 1346 2758 haeresim
1398 2702 1657 2771 delapsus
1688 2712 1834 2758 esset
1865 2719 2058 2759 eorum

471 2798 566 2865 qui
603 2796 868 2867 imagines
891 2796 1302 2867 oppugnabant,
1333 2806 1395 2852 ut
1422 2798 1491 2852 de
1511 2813 1577 2852 eo
1607 2799 1923 2869 conscripta
1953 2799 2058 2854 do-

473 2899 561 2942 cet
595 2887 849 2954 historia,
900 2900 967 2943 os
1009 2889 1132 2959 ejus
1168 2886 1466 2945 admodum
1523 2888 1807 2945 diductum
1836 2900 1943 2954 est,
1986 2891 2061 2948 ita

476 2989 537 3033 ut
566 2981 783 3036 viscera
814 2981 1271 3051 conspicerentur
1297 2997 1313 3050 ;
1346 2990 1472 3052 post
1502 2997 1627 3051 cum
1661 2983 1778 3053 ipsa
1808 2998 1867 3038 re
1900 2999 2066 3040 vene-

2157 2142 2295 2197 Θεοῦ
2322 2142 2643 2215 δικαιοσύνη
2672 2144 2774 2198 οὐκ
2822 2142 3097 2217 ἠθέλησεν
3138 2140 3534 2214 ἀπολέσθαι-ἢ
3576 2143 3626 2198 τί
3672 2144 3751 2214 μὴ

2159 2235 2387 2305 ἀρετὴν,
2440 2235 2558 2290 ἀλλ’
2593 2235 2989 2306 ἐξομολόγησιν
3017 2254 3102 2305 γε.
3140 2236 3216 2291 Οὗ
3268 2240 3384 2309 γὰρ
3424 2237 3491 2291 ἂν
3523 2237 3753 2309 ίσχυσεν

2157 2328 2192 2399 ἡ
2225 2327 2333 2382 τῶν
2360 2327 2537 2393 ἁγίων
2571 2325 2784 2396 ἀνδρῶν
2819 2329 3049 2384 ἐκείνων
3090 2328 3301 2401 δέησις.
3334 2329 3489 2400 καὶὴ
3520 2329 3620 2398 τῆς
3652 2330 3750 2399 βα-

2160 2421 2411 2492 σιλίσσης
2437 2421 2646 2493 σπουδὴ
2678 2422 2822 2489 ὺπέρ
2843 2421 3133 2491 Θεοφίλου,
3173 2424 3224 2476 εἰ
3256 2422 3335 2493 μὴ
3362 2422 3572 2484 ἐκεῖνος
3595 2424 3753 2493 πρῶ-

2160 2530 2254 2567 τον
2290 2513 2615 2585 ὡμολόγησε
2670 2516 2733 2569 τὸ
2778 2517 2980 2570 οίκείον
3034 2514 3327 2585 πταῖσμα,
3379 2515 3552 2571 καλὸν
3600 2512 3751 2570 εῖναι

2161 2608 2345 2678 φήσας
2376 2607 2475 2671 τὰς
2502 2607 2666 2677 ἁγίας
2695 2610 2909 2679 εἰκόνας
2935 2609 3201 2678 τιμᾶσθαι
3238 2610 3334 2663 καὶ
3362 2609 3621 2665 σέϐεσθαι
3641 2626 3656 2643 ο
3680 2606 3754 2680 ἦν

2162 2700 2272 2769 γὰρ
2303 2700 2579 2770 ἐνάρετος,
2611 2702 2641 2754 ό
2682 2699 2823 2769 ἀνὴρ
2861 2698 3088 2769 σφόδρα,
3120 2698 3210 2752 διά
3243 2696 3301 2751 δὲ
3337 2697 3402 2751 τὸ
3442 2699 3622 2752 νοσείν
3650 2700 3753 2767 τὴν

2163 2792 2273 2846 τῶν
2301 2791 2696 2865 Είκονομάχων
2720 2794 2957 2860 αἵρεσιν,
2998 2792 3074 2857 ὡς
3103 2793 3137 2862 ὴ
3190 2792 3315 2846 κατ’
3340 2791 3507 2846 αὐτὸν
3539 2792 3755 2862 ἱστορία

2162 2884 2333 2956 δηλοῖ,
2370 2888 2432 2940 τὺ
2465 2887 2640 2956 στόμα
2691 2886 2857 2941 αὑτοῦ
2887 2887 3168 2956 ’ὑπερλίαν
3212 2886 3479 2957 ἀνέῳκτο,
3506 2884 3651 2939 ὥστε
3680 2886 3753 2940 τὰ

2165 2981 2375 3048 ἔγκατα
2408 2979 2576 3034 αὐτοῦ
2607 2980 2919 3050 φαίνεσθαι.
2957 2974 3092 3035 Εἶτα
3122 2979 3218 3033 καὶ
3263 2980 3411 3052 ἔργῳ
3442 2980 3624 3046 δείξας
3648 2980 3756 3051 τὴν

473 3073 733 3130 rabilium
760 3075 1055 3146 imaginum
1086 3074 1465 3133 adorationem
1498 3085 1749 3132 sanctam
1766 3093 1889 3133 esse
1909 3091 2063 3133 com-

2169 3071 2277 3124 τῶν
2313 3070 2634 3141 σεϐασμίων
2672 3072 2901 3127 εἰκόνων
2954 3070 3334 3143 προσκύνησιν
3374 3070 3541 3140 ἀγίαν
3584 3064 3752 3134 εἶναι,

474 3166 786 3233 probasset,
826 3176 1104 3237 arreptam
1143 3182 1208 3222 ex
1244 3168 1370 3225 sinu
1422 3166 1711 3236 cujusdam
1739 3184 1934 3226 eorum
1969 3172 2064 3241 qui

2169 3164 2245 3227 ὡς
2268 3165 2573 3219 ἐπελάϐετο
2603 3164 2899 3233 ἐγκολπίου
2929 3164 3075 3227 τινος
3100 3164 3209 3218 τῶν
3239 3164 3638 3236 παρεστώτων,
3662 3165 3758 3217 εὐ-

476 3260 706 3316 aderant
739 3275 864 3315 eum
902 3274 1098 3332 torque
1148 3261 1439 3333 imaginem
1485 3272 1805 3319 reverenter
1838 3264 2065 3320 oscula-

2169 3258 2350 3323 λαϐὦς
2380 3257 2697 3327 κατεφίλεις
2730 3258 2827 3312 καὶ
2864 3259 2986 3328 μετ’
3006 3257 3190 3326 ὀλίγον
3210 3259 3502 3328 ἀρπαγεὶς.
3520 3257 3659 3323 πρὸς
3686 3257 3758 3325 τά

476 3354 660 3420 batur,
689 3354 962 3424 pauloque
998 3361 1126 3424 post
1164 3354 1231 3408 ad
1255 3354 1498 3411 tribunal
1542 3356 1670 3413 inde
1718 3364 1908 3428 raptus
1938 3366 2065 3413 est:

2169 3351 2381 3407 ίκείθεν
2408 3352 2771 3422 δικαιωτήρια
2820 3347 3157 3419 κατερῤίφη.
3203 3348 3378 3419 ’Υπὲρ
3420 3341 3483 3401 οὗ
3537 3346 3757 3418 δεήσεις

478 3464 581 3517 pro
618 3464 726 3519 quo
754 3463 883 3503 cum
922 3449 1142 3504 assidue
1174 3464 1366 3519 preces
1390 3466 1421 3504 a
1458 3450 1665 3507 sanctis
1697 3451 1763 3507 iis
1786 3452 1918 3506 viris
1953 3460 2008 3506 et
2035 3464 2066 3505 a

2170 3447 2414 3510 ἐκτενείς
2448 3446 2742 3517 γενόμεναι
2791 3443 2944 3513 παρὰ
2969 3444 3078 3496 τῶν
3111 3442 3392 3511 θεοφόρων
3432 3442 3527 3496 καὶ
3576 3442 3757 3509 ἁγίων

478 3541 665 3611 regina
693 3539 1129 3607 effunderentur,
1161 3541 1212 3596 ei
1249 3542 1406 3597 venia
1434 3543 1559 3598 data
1594 3552 1696 3597 est.
1722 3540 1860 3597 Nam
1890 3539 2066 3599 Theo-

2172 3539 2397 3593 ἐκείνων
2422 3536 2653 3608 ἀνδρῶν,
2685 3537 2783 3591 καὶ
2812 3536 2983 3606 αὐτῆς
3027 3537 3127 3606 τῆς
3160 3533 3504 3605 βασιλίσσης,
3536 3532 3755 3605 συγχώο

478 3629 693 3699 philum
745 3628 800 3683 in
854 3630 1066 3685 somnis
1103 3631 1303 3701 regina
1348 3632 1638 3702 conspexit
1669 3634 1910 3689 vinctum
1958 3644 2066 3689 tra-

2175 3650 2334 3704 ρησις
2368 3631 2517 3701 αὐτῷ
2560 3631 2795 3684 δέδοται.
2837 3630 2901 3683 Ἢ
2934 3628 3043 3698 γὰρ
3095 3628 3389 3697 βασίλισσα
3420 3627 3668 3682 κατεῖδεν
3695 3629 3760 3680 ἐν

480 3732 742 3793 ctumque
778 3722 848 3778 ab
882 3722 1269 3778 innumerabili
1321 3726 1743 3793 prs-cedentium
1776 3734 1831 3781 et
1878 3726 2066 3785 subse-

2169 3725 2368 3797 ὀνείρῳ
2400 3725 2493 3779 τὸν
2517 3721 2779 3794 Θεόφιλον
2804 3721 3115 3791 δεδεμένον,
3146 3718 3451 3789 συρόμενον
3478 3718 3586 3772 ὑπ’)
3614 3716 3758 3787 πλή-

483 3814 773 3883 quentium
826 3811 1215 3879 multitudine;
1258 3823 1388 3868 ante
1428 3813 1579 3869 illum
1629 3813 1946 3873 ferebantur
1983 3817 2066 3873 di-

2174 3818 2301 3883 00m,
2361 3816 2619 3887 ἀπείρου,
2677 3814 3095 3886 προηγουμένου
3150 3812 3246 3868 καὶ
3294 3812 3607 3882 ἑπομένουο
3662 3810 3760 3864 καὶ

481 3919 641 3963 Versa
671 3906 1168 3962 instrumentorum
1203 3920 1404 3976 genera
1448 3907 1515 3961 ad
1564 3908 1931 3978 torquendum
1978 3924 2066 3964 ae-

2174 3911 2489 3982 ἐμπροσθεν
2524 3909 2721 3974 αὐτοῦ,
2742 3908 2979 3978 διάφορα
3014 3904 3395 3973 κολαστηρίων
3424 3904 3635 3975 δργανα
3658 3920 3760 3973 φεο

483 3996 857 4062 commodata,
902 3996 1133 4067 ipsaque
1159 3996 1267 4053 sibi
1296 3998 1585 4054 videbatur
1616 4014 1716 4056 eos
1747 4003 1926 4073 sequi,
1973 4004 2066 4073 qui

2175 4006 2382 4076 ρόμενα
2416 4020 2431 4035 ο
2486 4004 2612 4075 ἥτις
2661 4002 2843 4066 ἔδοξεν
2892 3998 3213 4055 ἀκολουθεῖν
3260 4000 3373 4062 τοῖς
3422 3999 3757 4067 ἀπάγουσιν,

483 4094 550 4148 ad
585 4106 803 4164 pmnam
850 4092 1222 4163 adducebant,
1268 4111 1559 4168 quousque
1589 4097 1656 4154 ad
1704 4106 2066 4168 conspectum

2173 4098 2279 4160 ῑως
2309 4095 2373 4151 οὗ
2405 4096 2655 4157 ἐλθόντες
2679 4093 2817 4164 πρός
2849 4108 2971 4146 τινα
2999 4094 3198 4164 κριτὴν
3231 4090 3489 4162 φοϐερὸν,
3516 4090 3760 4160 ἔστησαν

485 4184 749 4241 terribilis
769 4183 971 4257 iudicis
1010 4194 1402 4254 pervenerunt,
1431 4186 1912 4260 Theophilumque
1946 4202 2066 4247 ante

2175 4187 2499 4260 ἐμπροσθην
2549 4186 2717 4241 αὐτοῦ
2756 4186 2850 4240 τὸν
2894 4185 3156 4253 Θεόφιλον
3182 4200 3197 4214 ·
3235 4183 3624 4254 προσπεσοῦσα
3664 4182 3761 4237 οὖν

484 4282 1025 4346 ipsum'statuerunt.
1055 4274 1349 4334 Provoluta
1396 4279 1566 4351 igitur
1591 4280 1658 4336 ad
1684 4281 1889 4351 judicia
1924 4282 2066 4340 illius

2174 4284 2255 4345 είς
2284 4281 2411 4344 τοὺς
2457 4279 2626 4342 πόδας
2656 4278 2752 4332 τοῦ
2784 4277 3023 4348 φοϐεροῦ
3056 4278 3272 4330 ἐκείνου
3319 4274 3507 4339 κριτοῦ
3537 4275 3571 4344 ἡ
3603 4274 3762 4344 βασί-

482 4370 757 4426 tremendi
786 4370 974 4441 pedes.
1003 4371 1165 4427 enixe
1189 4371 1375 4428 multis
1396 4388 1521 4428 cum
1550 4373 1810 4447 lacrymis
1826 4376 2066 4446 Augusta

2174 4375 2361 4438 λισοα,
2416 4371 2654 4436 ἐκτενῶς
2682 4372 2954 4443 ἠντιϐόλει
3010 4372 3110 4426 σὺν
3155 4371 3421 4440 δάκρυσιν
3459 4369 3601 4440 ὑπὲρ
3659 4368 3757 4421 τοῦ

484 4478 588 4530 pro
616 4460 733 4516 viro
762 4477 868 4518 suo
891 4463 1326 4532 deprecabatur;
1360 4463 1429 4520 ad
1463 4480 1631 4535 quam
1676 4467 1936 4522 terribilis
1981 4468 2066 4523 ille

2174 4468 2370 4540 ἀνδρὸς
2414 4465 2608 4537 αὐτῆς.
2662 4465 2806 4534 Πρὸς
2845 4465 2914 4537 ἢν
2942 4466 2970 4518 ό
3002 4462 3233 4535 φοϐερὸς
3282 4461 3389 4533 ἔφη
3439 4463 3654 4532 κριτὴς,
3689 4458 3762 4515 Ὦ

481 4555 650 4622 jndex
684 4555 865 4611 dixit:
916 4555 1128 4622 Mulier,
1161 4571 1358 4627 magna
1390 4568 1475 4615 est
1508 4557 1643 4616 fides
1673 4566 1764 4615 tua
1792 4577 1807 4617 :
1852 4567 2066 4631 propter

2172 4560 2359 4629 γύναι,
2408 4556 2624 4628 μεγάλη
2657 4574 2751 4611 σου
2800 4558 2834 4620 ἠ
2874 4555 3057 4618 πίστις
3081 4574 3095 4587 ·
3132 4553 3223 4607 διὰ
3271 4552 3355 4616 ob,
3400 4553 3497 4607 καὶ
3540 4552 3630 4606 διά
3658 4552 3761 4623 τὴν

485 4658 541 4701 te
580 4649 1041 4719 sacerdotumque
1085 4664 1332 4705 meorum
1370 4664 1561 4721 preces
1607 4653 1824 4725 conjngi
1877 4664 1971 4709 tuo
2004 4653 2066 4711 de

2172 4652 2364 4721 δέησιν
2386 4650 2497 4703 τῶν
2526 4651 2721 4721 ἱερέων
2752 4666 2881 4718 μου,
2910 4647 3244 4718 συγγνώμην
3276 4646 3471 4715 δίδωμι
3496 4644 3575 4715 τῷ
3602 4646 3761 4716 ἀνδρί

484 4742 699 4794 veniam
727 4756 743 4804 ;
778 4749 910 4795 tunc
942 4740 1208 4798 ministris
1235 4742 1353 4799 suis
1374 4743 1531 4807 dixit,
1556 4741 1765 4800 Solvite
1789 4762 1914 4801 eum
1940 4762 2066 4802 uxo-

2177 4764 2295 4800 σου.
2331 4742 2469 4798 Τότε
2524 4742 2622 4797 καὶ
2670 4744 2783 4804 τοῖς
2816 4741 3125 4811 ὑπηρέταις
3167 4738 3299 4811 ἔφη,
3330 4739 3545 4794 Λύσατε
3592 4738 3762 4792 αὐτὸν

484 4834 644 4901 rique
695 4831 814 4900 ejus
867 4833 1089 4890 tradite.
1135 4833 1402 4891 Similiter
1441 4846 1498 4892 et
1544 4852 1703 4892 sacer
1739 4839 2073 4908 patriarcha,

486 4924 735 4980 omnium
761 4924 1145 4980 hmreticorum
1171 4925 1575 4999 Theopbiquue
1599 4928 1772 4999 ipsius
1797 4931 2074 4987 adnotatis

486 5025 541 5069 et
569 5015 789 5084 scriptis
813 5016 1155 5083 nominibus,
1189 5018 1304 5073 haec
1333 5020 1526 5074 eadem
1569 5021 1674 5075 sub
1699 5036 1855 5077 sacra
1884 5036 2073 5077 mensa

487 5107 800 5175 collocavit,
847 5108 1150 5179 eademque
1196 5119 1358 5165 nocte
1414 5126 1520 5183 qua
1570 5112 1756 5182 regina
1805 5112 2072 5168 visionem

488 5201 721 5271 aspexit,
757 5202 893 5257 vidit
940 5213 994 5257 et
1047 5202 1166 5272 ipse
1213 5202 1458 5258 divinum
1514 5206 1768 5273 angelum
1815 5220 2073 5275 magnum

492 5296 755 5363 templum
788 5295 1205 5365 ingredientem,
1235 5297 1327 5366 qui
1358 5297 1541 5352 dixit:
1589 5296 1877 5367 Episcope,
1906 5314 2076 5353 exau-

488 5389 617 5441 dita:
652 5395 783 5441 sunt
827 5401 1018 5456 preces
1060 5397 1186 5452 tum,
1239 5398 1296 5443 et
1338 5390 1554 5443 veniam
1593 5388 1933 5460 Theophilus
1972 5389 2074 5443 im-

496 5476 751 5543 petravit.
784 5476 993 5530 Somno
1024 5492 1155 5545 ergo
1182 5488 1539 5549 experrectus
1568 5480 1633 5533 ad
1670 5495 1885 5535 sacram
1918 5495 2075 5535 men-

494 5579 612 5619 sem
645 5566 879 5633 devenit,
920 5568 1107 5637 ibique
1155 5585 1280 5624 cum
1332 5571 1537 5642 legeret
1574 5574 1737 5642 paulo
1771 5582 1897 5628 ante
1946 5589 2074 5629 eon-

493 5657 761 5727 scriptum
780 5657 1043 5728 libellum,
1069 5662 1277 5718 invenit
1302 5664 1355 5735 (ει
1385 5664 1476 5721 Dei
1494 5664 1699 5736 judicia
1725 5665 1763 5732 ε)
1787 5666 2076 5739 Theophili

572 5843 649 5915 (Ι)
680 5842 809 5901 Vide
836 5841 1127 5902 Zonaram.

2176 4838 2273 4890 xui.
2302 4836 2423 4888 δότε
2450 4837 2517 4905 τῇ
2550 4834 2773 4901 γυναικὶ
2803 4831 2994 4885 αὑτοῦ.
3041 4830 3278 4901 Ὁμοίως
3305 4831 3400 4883 Ital.
3423 4832 3452 4884 δ
3474 4830 3622 4898 ίερδς
3650 4846 3762 4882 πα-

2172 4927 2440 4998 τριάρχης
2484 4924 2707 4995 γράψας
2762 4924 2988 4977 πάντων
3022 4924 3134 4975 τῶν
3184 4920 3481 4991 αίρετικῶν
3517 4919 3585 4972 τὰ
3640 4919 3757 4972 δνό-

2174 5039 2344 5090 ματα,
2372 5021 2466 5072 καὶ
2492 5018 2661 5071 αὐτοῦ
2688 5016 2785 5070 τοῦ
2810 5016 3095 5085 Θεοφίλου,
3145 5014 3343 5084 ἔθηκεν
3370 5014 3627 5066 ὑποκάτω
3654 5010 3754 5080 τῆς

2174 5114 2339 5181 ἁγίας
2370 5112 2655 5184 τραπέζης
2678 5127 2693 5141 ·
2730 5110 2824 5164 καὶ
2859 5110 2919 5160 ἐν
2953 5109 3093 5179 αὐτῇ
3132 5108 3199 5176 τῇ
3247 5105 3406 5159 νυκτὶ
3436 5106 3496 5159 ἐν
3594 5106 3627 5173 ἡ
3668 5102 3764 5173 βα-

2176 5207 2315 5271 σιλὶς
2349 5208 2449 5276 τὴν
2496 5203 2768 5256 ὀπτασίαν
2822 5202 3089 5271 ἑώρακεν,
3143 5199 3246 5270 δρᾷ
3278 5199 3374 5252 καὶ
3421 5196 3585 5261 αὐτὸς
3612 5195 3762 5249 θεῖον

2181 5301 2437 5369 ἄγγελον,
2470 5298 2563 5349 τὸν
2596 5296 2773 5366 μέγαν
2813 5294 3054 5348 εἰσιόντα
3081 5294 3211 5347 ναόν
3237 5309 3253 5324 ο
3296 5292 3392 5345 καὶ⁵
3422 5288 3563 5360 πρὸς
3596 5288 3762 5342 αὐτὸν

2182 5394 2310 5462 ἐφη,
2337 5386 2412 5443 Ὦ
2456 5388 2751 5454 ἐπίσκοπε,
2810 5384 3148 5456 είσηκούσθη
3190 5384 3225 5455 ἡ
3264 5382 3445 5454 δέησίς
3486 5397 3581 5434 σου
3611 5397 3627 5412 ⁸
3664 5380 3764 5433 καὶ

2184 5481 2518 5553 συγγνώμης
2565 5480 2731 5551 ετυχε
2768 5478 3051 5548 Θεόφιλος.
3082 5476 3350 5542 Ἐξυπνος
3390 5470 3486 5530 οὖν
3534 5473 3761 5543 γενόμε-

2182 5594 2291 5642 νος,
2336 5575 2434 5646 τὴν
2463 5573 2617 5644 ίεράν
2643 5572 2927 5643 τράπ·ςαν
2969 5569 3381 5639 καταλαμϐάνει
3404 5583 3419 5598 ⁸
3448 5567 3544 5621 καὶ
3569 5563 3763 5619 ἀναλε-

2187 5669 2248 5735 ξὰ
2260 5684 2417 5740 μενος
2450 5665 2540 5720 τδν
2569 5664 2673 5734 πρὸ
2700 5662 2898 5734 μικροῦ
2924 5663 3201 5732 γραφέντα
3239 5663 3470 5732 χάρτην,
3502 5650 3685 5726 εὗρεν,
3715 5653 3762 5707 ὦ
