4182 6350
485 379 622 445 1269

1173 377 1322 438 PRO
1360 375 1573 438 CONC.
1609 374 1985 435 FLORENT.
2025 374 2190 434 CAP.
2231 372 2353 434 IlI.
2401 373 2500 432 DE
2538 371 3065 434 PURGATORIO.

3609 367 3751 431 1250

482 493 620 543 θεοῦ
643 509 775 561 κριει
786 493 958 547 item!
985 493 1043 544 τὸ
1065 492 1160 545 τοῦ
1178 490 1442 558 Θεοφίλου
1466 489 1638 560 ὅνομα
1659 490 2072 561 ἁπηλειμμένον

2181 503 2374 541 nomen
2425 488 2710 542 abolitum.
2756 486 2829 541 Ex
2887 488 2990 541 hoc
3030 485 3194 555 igitur
3229 485 3350 540 loco
3408 485 3744 555 propositum

484 585 695 638 θεόθεν.
733 584 867 636 Ἀπὸ
894 584 1086 638 τούτου
1118 583 1211 636 οὖν
1241 581 1338 636 τοῦ
1365 583 1548 651 λόγου,
1581 583 1644 637 τδ
1672 581 1936 656 προτεθὲν
1967 583 2062 636 τοῦ

485 678 859 747 καθαρτηρίου
893 678 1070 746 eam
1129 677 1433 748 διαρρήδην
1482 677 1812 746 ἐμφαίνεται
1839 693 1852 708 ⁶
1888 677 1972 730 ὅτι
2013 678 2062 730 εἰ

481 765 552 839 ἦν
584 769 761 835 ἆγιος,
800 770 902 822 οὐκ
934 770 998 822 iv
1030 768 1318 837 δεδεμένος
1355 770 1450 823 καὶ
1483 769 1560 831 ὡς
1592 768 1884 832 κατάδικος
1930 770 2063 823 ἔπο-

484 861 720 931 ρεύετος
753 861 802 914 εί
846 859 904 914 δὲ
943 860 1215 923 παντελῶς
1260 861 1714 929 ἀπεγνωσμένος,
1763 861 1858 914 καὶ
1900 877 2067 928 μετα-

485 955 634 1016 τοίας
663 953 912 1021 καρποὺς
943 953 1040 1007 οὐκ
1067 952 1382 1024 ἐκέρδησεν,
1417 954 1515 1005 οὐκ
1542 952 1608 1006 ἂν
1636 952 1794 1022 ἔτυχε
1821 952 2064 1021 συγγνώ-

487 1059 618 1117 μης.
690 1045 852 1109 Ὠςτε
927 1047 1027 1114 τῆς
1083 1045 1258 1116 μέσης
1313 1045 1532 1114 μερίδος
1593 1044 1798 1116 τυχὼν,
1863 1045 1957 1099 καὶ
2006 1046 2068 1097 ὲν

489 1138 750 1209 μετανοίᾳ
781 1139 1045 1209 εὕρεθεὶς,
1086 1138 1346 1209 ὠφελήθη
1375 1138 1463 1191 διὰ
1498 1140 1600 1206 τῆς
1645 1138 1756 1191 τῶν
1786 1137 2067 1209 θεοφόρων

486 1231 583 1283 καὶ
614 1230 787 1300 ἁγίων
834 1231 1045 1301 ἀνδρῶν
1078 1231 1340 1300 δεήσεως.
1378 1233 1517 1301 Περὶ
1560 1233 1617 1285 δὲ
1655 1230 1765 1284 τῶν
1813 1232 2068 1298 ἀπεγνω-

488 1324 723 1389 σμένων,
779 1326 828 1376 εί
873 1325 968 1376 τὸν
1020 1325 1227 1392 κόσμον
1272 1324 1396 1378 ὅλον
1432 1324 1628 1386 δώσεις
1673 1323 1750 1388 ὡς
1802 1324 2067 1387 πολλάκις

486 1419 726 1485 εἴρηται,
764 1417 826 1470 οὔ
863 1415 1159 1489 βοηθήσεις
1192 1416 1349 1487 αὐτῷ
1379 1416 1488 1470 οὐδ’
1519 1417 1678 1480 ὅλως.

558 1510 788 1578 Μάρτυς
818 1510 877 1561 ἐν
905 1510 1081 1579 τούτῳ
1102 1510 1132 1562 6
1159 1509 1670 1580 προμνημονευθεὶς
1701 1509 1847 1579 iapix
1886 1509 2072 1563 Ἰωάν-

489 1617 589 1668 νης
623 1603 651 1654 6
682 1603 1070 1670 Aapacxnv‘.c,
1107 1605 1166 1655 ὲν
1195 1601 1272 1672 τῷ
1309 1602 1850 1674 προμνημονευθέντι
1884 1603 2027 1675 λόγῳ
2052 1620 2066 1634 ο

489 1693 620 1750 ἔνθα
649 1694 819 1762 φησίν
837 1711 852 1726 ·
883 1713 904 1746 ι
951 1693 1012 1748 '0
1040 1693 1086 1747 δ’
1116 1691 1185 1748 αὖ
1208 1713 1272 1764 γε
1305 1695 1421 1766 βίον
1448 1697 1685 1766 πονηρὸν
1708 1698 2068 1766 κεκτημένος,

492 1786 961 1856 συμπεφυρμένον
988 1787 1112 1841 ὅλον
1143 1790 1202 1842 ἐν
1243 1790 1362 1852 ταῖς
1397 1787 1692 1852 ἀκάνθαις.
1727 1788 1822 1843 καὶ
1854 1791 2069 1861 πλήρης

491 1880 672 1933 πίλων
703 1880 846 1934 ὑλῶν
891 1881 1000 1934 τῶν
1036 1881 1390 1952 ἀκαθάρτων,
1421 1881 1483 1947 ὃς

492 1989 577 2026 σει.
623 1973 826 2042 διῆξεν,
869 1973 988 2028 ἀλλ’
1044 1977 1216 2039 ἀδεῶς
1249 1976 1386 2046 ὁμοῦ
1424 1977 1519 2029 καὶ
1577 1977 1907 2045 ἀδιαφόρως,
1951 1981 2072 2043 ταῖς

491 2067 602 2119 τῶν
634 2065 842 2138 ἡδονῶν
871 2067 1050 2122 ἔκειτο
1077 2068 1398 2136 δυσωδίαις,
1434 2071 1690 2140 πράττων
1724 2071 1950 2136 ἁπάσας
1974 2073 2076 2136 τὰς

487 2159 592 2227 τῆς
642 2159 860 2228 σαρκὸς·
899 2159 1133 2230 ὀρέξεις,
1190 2162 1288 2215 καὶ
1335 2163 1506 2229 μηδὲν
1543 2162 1683 2227 ὅλως
1731 2166 1864 2232 περὶ
1895 2163 2077 2234 ψυχῆς

490 2250 820 2320 φροντίζων,
865 2250 1008 2323 ἔχων
1052 2269 1113 2306 τε
1171 2254 1232 2306 τὸ
1291 2254 1550 2324 φρόνημα
1590 2259 1858 2322 σαρκικδν
1907 2257 2075 2325 ἁπαν,

491 2341 594 2398 εἷθ’
624 2345 804 2410 οὕτως
859 2346 1124 2414 φθασθεὶς
1181 2347 1493 2420 ἐκδημήσει
1543 2349 1639 2403 τοῦ
1701 2350 1842 2420 βίου,
1898 2353 2077 2421 τούτῳ

492 2439 776 2502 παντελῶς
804 2439 984 2503 οὐδεὶς
1020 2439 1202 2511 ὀρέξει
1245 2442 1408 2512 χεῖρα
1435 2460 1448 2474 ·
1481 2443 1601 2497 ἀλλ’
1627 2443 1770 2498 οὕτω
1794 2444 1974 2499 πάντα
2009 2445 2077 2500 τά

493 2532 617 2586 κατ’
641 2531 806 2585 αὑτὸν
839 2533 1339 2604 διαπραχθήσεται,
1371 2535 1450 2598 ὥς
1491 2537 1628 2606 μήτε
1661 2535 1767 2590 ὑπὸ
1798 2539 2077 2602 συνεύνου,

493 2624 526 2692 ἦ
557 2624 771 2685 τέκνου,
800 2623 834 2694 ἢ
869 2623 1135 2693 ἀδελφῶν,
1165 2625 1200 2695 ἢ
1232 2627 1538 2694 συγγενῶν,
1572 2627 1606 2698 ἢ
1649 2630 1823 2698 φίλων
1849 2632 2076 2684 ἐπικου-

497 2717 619 2785 ρίας
649 2719 866 2786 τυχεῖν·
903 2717 984 2770 ὅτι
1039 2717 1178 2788 μηδὲ
1208 2717 1321 2790 ἔχει
1349 2719 1484 2782 θεὸς
1533 2720 1593 2774 έν
1635 2722 1824 2792 μέτρῳ
1863 2722 2073 2779 τοῦτον.

507 2807 672 2878 Ὁρᾷς
704 2807 820 2871 πῶς
847 2825 1017 2880 φησιν
1042 2811 1071 2862 6
1105 2808 1260 2877 ἅγιος
1290 2803 1468 2876 οὗτος,
1495 2814 1578 2866 ὃτι
1607 2815 1738 2884 περὶ
1765 2815 1876 2867 τῶν
1902 2816 2079 2870 τοιού·

496 2918 604 2954 των
630 2901 926 2970 ματαιάζει
955 2903 983 2955 6
1008 2901 1301 2972 δεόμενοςο
1327 2904 1412 2959 ὅτι
1440 2904 1542 2958 οὐκ
1567 2905 1680 2974 ἔχει
1707 2908 1735 2960 6
1759 2908 1891 2972 Θεὸς
1913 2911 2080 2964 αὐτὸν

500 2995 559 3045 ιν
577 2991 780 3061 μέτρῳ.
812 2993 947 3063 Περὶ
967 2993 1176 3048 τούτων
1202 2995 1541 3066 γέγραπται,
1577 3000 1725 3053 τούκ
1743 3000 1890 3054 ἔστιν
1919 3004 1978 3056 ὲν
2002 3005 2079 3073 τῷ

499 3085 599 3157 ᾅδῃ
634 3088 896 3155 μετάνοια
921 3103 936 3118 °
976 3107 993 3140 ι
1029 3091 1126 3142 καὶ
1156 3089 1224 3144 τὰ
1254 3091 1447 3146 λοιπά.
1479 3091 1614 3163 Περὶ
1659 3093 1715 3147 δὲ
1750 3094 1859 3148 τῶν
1891 3095 2079 3163 μέσων

1528 1883 1786 1937 οὐδέποτε
1827 1887 2074 1956 συνειδή-
2103 1883 2120 1951 Ἶ

2170 582 2237 636 de
2268 581 2583 650 purgatorio
2636 581 2829 650 dagma
2867 588 3052 648 aperte
3100 579 3485 644 convincitur;
3540 595 3663 633 nam
3701 581 3747 636 si

2170 684 2398 730 sanctus
2450 673 2776 737 exstitisset,
2816 673 3030 726 vinctus
3084 672 3245 726 veluti
3301 672 3593 729 damnatus
3641 691 3750 727 non

2171 768 2532 822 incessisset:
2572 766 2618 821 si
2666 782 2793 820 vero
2844 766 3066 836 penitus
3112 768 3432 836 desperatus
3478 779 3531 822 et
3569 768 3754 836 ptru-

2174 863 2355 916 tentise
2388 860 2567 916 l'rttctu
2604 860 2852 925 cibatus,
2894 858 3109 914 veniam
3152 875 3259 913 non
3306 867 3452 916 esset
3496 875 3756 915 consectt-

2174 963 2281 1009 tus.
2315 955 2504 1024 Itaque
2533 955 2721 1007 media:
2750 952 2948 1008 classis
2979 968 3106 1007 cum
3142 961 3285 1008 esset
3325 963 3380 1007 et
3418 955 3753 1023 ptenitentis:

2173 1049 2443 1106 beneﬂcio
2492 1048 2593 1101 sibi
2642 1047 2956 1115 prasidium
2994 1057 3390 1114 comparasset,
3437 1047 3754 1102 divinorum

2173 1151 2227 1198 et
2244 1151 2558 1196 sanctorum
2581 1139 2822 1193 virorum
2854 1140 3109 1207 precibus
3127 1140 3392 1193 auxilium
3415 1139 3750 1207 impetravit.

2175 1234 2281 1289 Pro
2325 1233 2629 1302 desperatis
2675 1232 2823 1287 enim
2853 1233 2898 1286 si
2938 1241 3109 1285 totum
3145 1233 3406 1286 mundum
3444 1231 3754 1294 tradideris,

2177 1335 2236 1381 ut
2264 1339 2408 1397 saepe
2437 1327 2644 1381 dictum
2672 1334 2781 1389 est,
2814 1325 3090 1380 incassum
3115 1323 3411 1381 laborabis.

2247 1507 2423 1577 Hujus
2452 1508 2527 1562 rei
2561 1507 2715 1562 testis
2745 1506 3052 1562 antedictos
3099 1521 3253 1560 sacer
3277 1505 3517 1561 Joannes
3557 1504 3758 1558 Dama-

2173 1617 2373 1658 scenus
2400 1603 2456 1656 in
2485 1604 2731 1657 oratione
2766 1609 2928 1655 antea
2962 1611 3410 1662 commemorata.
3442 1599 3536 1655 ubi
3576 1598 3701 1652 dicit
3732 1617 3747 1652 :

2181 1716 2202 1750 ι
2231 1697 2334 1764 Qui
2375 1695 2540 1750 vitam
2568 1694 2839 1764 ﬂagitiose
2890 1693 3146 1759 traducit,
3180 1704 3235 1748 et
3263 1690 3510 1749 sentibus
3543 1707 3759 1764 semper

2178 1790 2500 1854 involutam,
2555 1796 2609 1842 et
2660 1787 2909 1843 sordium
2959 1787 3205 1842 foeditate
3245 1800 3590 1856 respersam,
3653 1802 3755 1840 nec

2177 1898 2336 1939 suam
2365 1897 2606 1952 unquam
2637 1880 3036 1938 conscientiam
3067 1879 3418 1949 introspexit,
3457 1879 3553 1934 sed
3585 1881 3757 1932 intre-

2177 1975 2301 2043 pide
2343 1975 2511 2030 simul
2542 1974 2694 2030 nullo
2728 1974 2916 2030 habito
2942 1973 3270 2032 discrimine
3316 1971 3660 2043 voluptatum
3695 1985 3758 2026 se

2177 2068 2526 2126 fmditatibus
2567 2065 3048 2130 contatninaverit,
3071 2065 3329 2120 omnibus
3362 2063 3761 2131 cupiditatibus

2178 2163 2364 2218 carnis
2384 2160 2799 2233 subseqttendo,
2816 2159 3044 2214 omnino
3073 2158 3273 2214 anima:
3302 2171 3435 2214 cura
3464 2156 3715 2226 despecta
3740 2195 3758 2220 ,

2181 2255 2427 2324 nihilque
2453 2255 2599 2308 aliud
2629 2269 2790 2322 quam
2827 2267 3046 2307 carnem
3081 2250 3348 2315 sentiens,
3381 2250 3437 2306 lu
3463 2249 3643 2318 iisque
3665 2263 3763 2304 co-

2180 2344 2540 2418 gitationibus
2568 2345 2947 2415 deprehensus
2993 2357 3025 2396 e
3075 2341 3186 2395 vita
3236 2340 3580 2401 discesserit,
3631 2336 3763 2392 huic

2183 2454 2347 2495 nemo
2378 2453 2599 2493 manum
2634 2435 2965 2507 porrexerit,
2995 2433 3092 2490 sed
3134 2434 3206 2488 ita
3235 2448 3421 2488 secum
3451 2441 3663 2502 agetur,
3702 2441 3763 2484 ιιι

2182 2548 2284 2588 nec
2313 2535 2381 2586 ab
2412 2545 2608 2594 uxore,
2657 2530 2742 2583 vel
2793 2513 3013 2590 liberis,
3051 2525 3336 2592 fratribus,
3366 2523 3643 2595 cognatis,
3673 2524 3762 2578 vt-l

2183 2624 2378 2680 amicis
2424 2624 2475 2678 ei
2520 2623 2748 2680 omnino
2799 2617 3080 2677 subveniri
3134 2620 3332 2688 possit,
3363 2619 3664 2688 quodcum
3703 2619 3758 2669 in

2181 2732 2440 2773 mensura
2470 2717 2748 2774 Deus.non
2774 2715 3025 2770 habeat.»
3057 2714 3219 2770 Vides
3241 2715 3515 2784 quomodo
3537 2721 3763 2768 sanctus

2184 2811 2274 2865 bic
2301 2811 2383 2866 vir
2409 2810 2570 2874 dixit,
2606 2808 2752 2880 quod
2781 2809 2876 2879 qui
2909 2823 3010 2878 pro
3040 2808 3124 2862 bis
3153 2806 3503 2877 deprecatur,
3536 2805 3760 2869 insanit,

2183 2904 2351 2960 veluti
2379 2915 2530 2959 extra
2564 2902 2660 2956 Dei
2691 2917 3001 2958 mensuram
3033 2899 3358 2955 collocatis?
3391 2899 3465 2956 De
3506 2901 3592 2955 bis
3619 2902 3762 2955 seri.

2182 3010 2334 3070 ptum
2362 3008 2468 3061 est,
2501 2996 2650 3052 tNon
2679 2999 2834 3053 estin
2866 2993 3081 3050 inferno
3110 2993 3428 3064 ptenitentia
3450 2995 3550 3060 ⁸⁸,ι
3582 3003 3638 3050 et
3674 3009 3765 3049 rc-

2185 3095 2354 3163 liqtta.
2399 3093 2474 3146 De
2509 3092 2686 3146 media
2726 3091 2924 3156 classe,
2961 3089 3014 3143 id
3043 3097 3146 3154 est,
3175 3090 3242 3146 de
3273 3089 3360 3145 bis
3389 3089 3482 3159 qui
3512 3089 3617 3144 sub
3640 3105 3760 3159 po:-

502 3182 755 3233 τουτέστι
790 3180 899 3233 τῶν
928 3180 986 3234 ὲν
1016 3183 1280 3252 μετανοίᾳ
1312 3183 1776 3254 τελευτησάντων,
1805 3187 1901 3240 καὶ
1933 3187 2077 3256 μάλα

2185 3185 2408 3240 nitentia
2441 3186 2748 3238 moriuntur
2782 3198 2906 3238 esse
2943 3181 3210 3238 sollicitos
3235 3220 3252 3247 ,
3289 3183 3515 3238 lucrosa
3560 3199 3648 3239 res
3678 3191 3762 3236 est

498 3272 783 3343 ἑπικερδὲς
814 3272 874 3326 τὸ
905 3275 1160 3344 πρᾶγμα.
1186 3278 1283 3330 καὶ
1306 3277 1476 3339 ὅντως
1505 3277 1807 3347 ὠφέλιμον.
1836 3281 1910 3334 Οὐ
1938 3280 2077 3333 δίδο-

500 3382 603 3433 μεν
651 3362 748 3419 οὖν
783 3366 1042 3437 ἀφορμὰς
1072 3369 1169 3421 καὶ
1205 3370 1532 3438 προφάσεις,
1581 3372 1678 3426 τοῦ
1732 3372 1914 3436 ζῶντά
1954 3391 2078 3428 τινα

499 3457 578 3528 μὴ
611 3460 787 3510 ποιεῖν
811 3458 1210 3529 ιλεημοσύνας,
1241 3461 1376 3516 ἀλλὰ
1403 3463 1697 3532 φυλάττειν
1728 3465 1904 3529 αὐτὰς
1940 3467 2079 3535 μετὰ.

498 3549 728 3605 θάνατον
751 3565 765 3579 ·
803 3549 1006 3604 ἄτοπον
1048 3553 1156 3620 γάρ
1193 3552 1354 3607 τοῦτο
1404 3556 1497 3608 καὶ
1549 3557 1800 3629 βέϐηλον,
1851 3559 1947 3613 καὶ
1975 3562 2076 3628 τῆς

498 3641 652 3704 θείας
704 3643 1033 3713 νομοθεσίας
1077 3645 1402 3714 ἀλλότριονο
1454 3648 1590 3701 ἀλλὰ
1645 3648 1934 3703 κάλλιστον
1981 3653 2076 3705 καὶ

499 3735 791 3806 θεάρεστον
845 3737 939 3789 καὶ
990 3738 1073 3794 εἰς
1119 3739 1266 3791 ἅπαν
1319 3739 1746 3809 εὐπρόσδεκτον,
1783 3741 1842 3794 τὸ
1895 3742 2076 3798 πάντα

500 3827 811 3899 ἄνθρωπον,
839 3828 1068 3898 θεοσεϐῆ
1111 3831 1206 3882 καὶ
1236 3829 1588 3901 φιλόχριστον
1635 3829 1778 3887 εἶναι
1803 3851 1818 3866 '
1858 3837 1952 3888 καὶ
1981 3853 2082 3890 κα-

502 3921 717 3988 θαίρειν
744 3920 936 3973 ἑαυτὸν
966 3919 1036 3974 δι’
1073 3922 1448 3992 άγαθοεργίας
1492 3925 1776 3990 παντοίας,
1806 3928 2083 3999 ἀπεχόμε-

499 4028 592 4065 νον
635 4011 814 4080 πὲσης
850 4011 1195 4083 ἀκαθαρσίας
1227 4031 1242 4045 ·
1276 4015 1536 4083 ἐχόμενον
1572 4016 1631 4069 δὲ
1664 4017 1774 4070 τῶν
1816 4018 1910 4071 τοῦ
1942 4019 2078 4073 Θεοῦ

499 4107 740 4173 φαεινῶν
777 4106 1240 4175 προσταγμάτων,
1284 4107 1358 4168 ὠς
1388 4106 1456 4161 ἂν
1494 4109 1632 4180 πρὸς
1660 4111 1722 4163 τὺ
1762 4111 1918 4174 τέλος
1954 4112 2081 4181 ἐλη-

500 4197 708 4264 λακὼς,
744 4197 886 4266 μετὰ
931 4199 1248 4271 παρρησίας
1293 4199 1422 4274 λέξῃ
1459 4202 1598 4272 πρὸς
1634 4203 1728 4256 τὸν
1775 4204 2080 4275 δεσπότην·

505 4309 528 4343 ε
572 4291 796 4360 Ἑτοίμη
828 4293 861 4360 ἡ
895 4293 1093 4361 καρδία
1117 4311 1240 4363 μου.
1272 4313 1292 4346 ι
1327 4295 1436 4348 Καὶ
1483 4294 1660 4359 οὕτως
1691 4298 1865 4367 ἡδέως
1915 4315 2084 4368 προσ-

501 4383 933 4451 υπαντήσεῃτοῖς
951 4384 1260 4448 σπουδαίοις
1292 4387 1580 4449 ἐπείκταις
1610 4389 1884 4456 ἀγγέλοις.
1922 4389 2082 4443 Ἀλλά

499 4472 662 4531 τοῦτο
696 4476 798 4544 μὲν
820 4475 991 4543 ὀλίγοι
1017 4477 1258 4541 ποιοῦσι,
1282 4479 1376 4532 καὶ
1400 4479 1667 4547 ὀλιγάκις,
1703 4483 1846 4533 κατὰ
1869 4482 1962 4534 τὸν
1986 4485 2081 4536 τοῦ

501 4566 778 4622 Δεσπότου
819 4567 978 4638 λόγον
1003 4583 1017 4598 ⁸
1047 4570 1132 4622 ὅτι
1172 4588 1190 4620 t
1237 4571 1464 4639 Ὀλίγοι,
1511 4573 1701 4644 φησὶν,
1739 4577 1791 4626 ol
1836 4575 2081 4646 σωζόμεο
2115 4551 2156 4605 ο

503 4676 604 4712 νοι.
644 4677 664 4711 ι
697 4657 868 4712 Τοῦτο
920 4659 1108 4713 λοιπὸν
1139 4663 1518 4732 ἐπιστάμενοι,
1562 4665 1646 4718 ὅτι
1688 4665 1924 4735 ἐργῶδες
1960 4668 2079 4719 λίαν

499 4749 625 4803 τινὰ
665 4749 958 4820 εὑρεθῆναι
1009 4753 1109 4821 τῆς
1145 4751 1372 4822 πρώτης
1423 4753 1666 4823 μερίδος,
1716 4753 1777 4818 ἐξ
1832 4754 2080 4825 ἀνάγκης

501 4842 780 4913 έπάγομεν
806 4847 908 4914 τὴν
941 4844 1225 4916 δευτέραν,
1255 4847 1640 4911 άποστολικοϊς
1666 4863 1727 4900 τε
1758 4849 1851 4902 καὶ
1881 4865 2080 4917 πατρι-

501 4937 618 4999 κοῖς
657 4935 914 5007 ἑπόμενοι
956 4940 1219 5010 ῥήμασιν.
1264 4941 1484 5001 Ἐπειδὴ
1528 4941 1703 5004 ὅντως
1745 4943 1795 4993 oi
1826 4943 2083 5013 κατοιχό-

505 5044 680 5097 μενοι,
729 5031 797 5099 τῇ
853 5029 949 5081 τοῦ
1005 5028 1142 5082 Θεοῦ
1196 5029 1426 5097 ἁγαθὸτι
1478 5031 1848 5100 ὠφελοῦνταια
1899 5034 1996 5086 καὶ
2045 5036 2080 5103 η

503 5120 828 5190 φιλαδελφία
886 5121 1294 5186 ἑπαυξάνεται·
1354 5124 1449 5175 καὶ
1493 5125 1528 5193 ἠ
1577 5125 1676 5194 τῆς
1722 5125 2082 5188 ἀναστάσεως

501 5212 659 5275 ἐλπὶς
711 5211 1030 5282 βεϐαιοῦται
1059 5228 1075 5244 ο
1111 5216 1207 5266 καὶ
1250 5213 1285 5285 ἠ
1341 5214 1478 5286 πρὸς
1526 5217 1655 5278 τοὺς
1701 5215 1882 5280 θείους
1917 5217 2082 5278 ναοὺς

505 5303 786 5375 συνδρομὴ
815 5303 1166 5376 θερμοτέρως
1198 5306 1554 5376 πληθύνεται.
1588 5310 1685 5362 καὶ
1719 5310 1752 5378 ἡ
1788 5309 1928 5380 πρὸς
1952 5309 2083 5372 τοὺς

502 5399 745 5469 πένητας
775 5398 994 5453 εὐποιῖα
1019 5399 1371 5456 πλατύνεται.
1400 5401 1507 5454 Ἴδε
1542 5401 1680 5455 κατὰ
1721 5404 1919 5466 πόσους
1951 5404 2082 5472 τρό-

503 5504 639 5553 πους
669 5489 732 5542 τδ
781 5491 1019 5560 πρᾶγμα
1058 5493 1345 5561 ὶπικερδὲς
1393 5495 1490 5547 καὶ
1533 5493 1814 5564 ὠφέλιμον
1841 5510 1857 5527 ·
1893 5498 1986 5549 καὶ
2021 5499 2081 5548 ὲν

505 5579 690 5642 πόσοις
710 5581 930 5648 τρόποις
951 5582 983 5649 ἡ
1007 5581 1117 5633 τῶν
1140 5585 1549 5652 κατοιχομένων
1571 5586 1830 5654 ὠφέλεια,
1854 5586 2079 5657 ἀφορμὴ

505 5669 716 5740 γίνεται
757 5672 856 5740 τῆς
881 5671 989 5726 τῶν
1022 5671 1279 5726 ἁπάντων
1310 5677 1684 5749 καταλλαγῆς.
1717 5679 1891 5734 Τοῦτο
1918 5683 1968 5736 οί
2001 5681 2078 5752 μὴ

615 5852 665 5885 ⁸³
693 5853 841 5914 Psal.
882 5873 956 5927 τι,
982 5855 1038 5913 6.
1152 5860 1194 5894 ⁸³
1235 5857 1378 5917 Psal.
1414 5876 1523 5928 ινι,
1555 5863 1613 5919 8.

2180 3275 2474 3330 admodum
2503 3282 2556 3328 ct
2587 3274 2747 3340 plane
2787 3271 3094 3328 fructuosa.
3135 3269 3385 3327 Nolimus
3426 3271 3594 3342 igitur
3621 3271 3760 3325 vivis

2180 3383 2368 3424 ansam
2397 3375 2453 3423 et
2484 3374 2806 3436 prattestum
2855 3365 3094 3435 praebere
3119 3365 3492 3436 eleemosynas
3521 3378 3631 3419 non
3658 3380 3760 3419 ex-

2182 3459 2433 3527 bibendi,
2479 3458 2577 3514 sed
2623 3466 2746 3527 post
2797 3457 3008 3513 obitum
3043 3471 3348 3522 reservare,
3398 3456 3601 3528 quippe
3631 3471 3757 3511 cum

2180 3552 2480 3608 absurdum
2509 3550 2562 3606 id
2587 3561 2641 3607 ct
2663 3549 2975 3624 profanum,
2995 3557 3052 3606 et
3077 3564 3107 3604 a
3134 3547 3319 3606 divina
3349 3548 3466 3620 lege
3492 3549 3757 3616 alienum;

2181 3647 2272 3703 sed
2306 3643 2759 3718 prazstantissima
2796 3656 2884 3698 res
2929 3639 3042 3698 Deo
3084 3650 3238 3712 grata
3265 3650 3322 3697 ct
3361 3643 3415 3697 iu
3452 3650 3627 3697 totum
3661 3657 3754 3696 ac-

2181 3739 2487 3811 ceptabilis,
2523 3752 2745 3794 omnem
2786 3736 3063 3792 hominem
3090 3734 3405 3806 religiosum
3441 3735 3757 3824 Christique

2182 3842 2457 3887 amantem
2481 3845 2629 3899 esse,
2652 3845 2821 3901 seque
2849 3829 3030 3899 ipsum
3072 3828 3467 3899 multiplicibus
3498 3844 3563 3884 ac
3597 3829 3758 3886 bonis

2181 3924 2439 3994 operibus
2467 3938 2723 3994 purgare,
2754 3933 2810 3978 et
2833 3923 2982 3979 omni
3010 3921 3082 3978 ab
3114 3923 3432 3992 impuritate
3458 3923 3758 3985 abstinere,

2186 4015 2277 4072 Dei
2308 4014 2575 4086 Speciosis
2607 4015 2896 4086 praeceptis
2936 4014 3392 4077 obsecundando,
3439 4024 3499 4068 ut
3532 4029 3657 4068 cum
3691 4015 3760 4068 ad

2182 4112 2387 4166 exitum
2425 4111 2547 4163 vitae
2571 4107 2889 4174 devenerit,
2917 4123 3042 4162 cum
3079 4110 3275 4162 liducia
3307 4105 3537 4162 Domino
3566 4106 3759 4170 dicat,

2188 4222 2209 4256 ‹
2247 4203 2505 4258 Paratum
2529 4211 2618 4258 est
2641 4215 2742 4256 cor
2769 4216 2949 4256 meum
2981 4200 3080 4264 ἰ.»
3115 4201 3302 4269 itaque
3329 4199 3571 4269 jucunde
3600 4198 3764 4256 bouis

2185 4297 2393 4368 angelis
2439 4293 2854 4366 instigatoribus
2914 4300 3168 4346 occurrat
3245 4291 3316 4347 At
3376 4291 3483 4346 hoc
3532 4289 3755 4360 quidem

2186 4389 2346 4460 pauci
2385 4387 2616 4454 faciunt,
2669 4397 2725 4442 et
2773 4387 2955 4442 minus
3002 4399 3148 4453 saepe
3189 4383 3490 4439 secundum
3521 4383 3753 4439 verbum

2189 4480 2425 4545 Domini,
2452 4479 2577 4549 quia
2609 4477 2790 4549 pauci,
2828 4477 3029 4546 inquit,
3059 4474 3364 4530 salvantur.
3393 4472 3449 4528 Id
3479 4487 3581 4546 pro
3604 4488 3761 4528 com-

2187 4582 2345 4644 perto
2376 4574 2666 4638 habentes,
2699 4570 2932 4627 arduum
2976 4587 3104 4626 esse
3135 4573 3341 4626 multos
3371 4586 3434 4624 ex
3472 4571 3648 4640 primo
3672 4583 3765 4624 or-

2187 4667 2316 4723 dine
2353 4665 2624 4737 reperiri;
2663 4666 3085 4733 necessarioque
3120 4665 3421 4719 secundum
3450 4662 3764 4716 inducimus

2188 4761 2458 4823 ordinem,
2497 4757 2870 4829 apostolorum
2900 4767 2954 4811 et
2985 4757 3206 4812 Patrum
3234 4757 3476 4827 vestigiis
3507 4755 3768 4812 insisten-

2191 4861 2293 4917 tes,
2325 4851 2584 4922 quoniam
2640 4849 2884 4906 defuncti
2940 4849 3031 4903 Dei
3077 4849 3320 4904 bonitate
3362 4853 3658 4920 juvantur,
3709 4859 3766 4904 et

2189 4945 2427 5000 charitas
2470 4942 2708 4997 fraterna
2756 4949 3009 5011 augetur,
3059 4952 3116 4996 et
3169 4943 3595 4997 resurrectionis
3637 4956 3765 5012 epes

2187 5037 2485 5102 stabilitur,
2512 5046 2570 5089 et
2593 5036 2661 5090 ad
2693 5049 2884 5089 sacras
2928 5035 3075 5089 aedes
3128 5047 3434 5087 concursus
3480 5033 3766 5088 ardentius

2187 5142 2438 5201 augetur,
2471 5139 2524 5183 et
2555 5143 2684 5198 erga
2733 5142 3004 5198 pauperes
3052 5127 3408 5182 beneﬁcentia
3460 5125 3638 5198 magis
3669 5143 3767 5181 ex-

2190 5220 2449 5276 tenditur.
2485 5219 2612 5274 Vide
2638 5218 3028 5289 quotupliciter
3061 5219 3178 5274 hac
3197 5233 3286 5274 res
3320 5218 3564 5288 prolicua
3595 5228 3681 5271 est
3711 5227 3768 5272 et

2189 5316 2359 5381 utilis,
2396 5323 2451 5369 et
2481 5322 2615 5382 quot
2640 5313 2816 5368 modis
2849 5313 3070 5367 occasio
3103 5309 3572 5369 reconciliationis
3618 5309 3767 5364 inter

2187 5421 2377 5461 omnes
2404 5406 2678 5459 oboritur.
2704 5401 2816 5460 Hoc
2843 5404 2938 5472 qui
2971 5403 3190 5467 nolunt,
3216 5416 3395 5471 neque
3422 5404 3762 5472 amplectun-

2191 5507 2298 5563 tur,
2329 5497 2768 5551 ecclesiasticum
2801 5496 3047 5550 ordinem
3082 5494 3298 5558 tollunt,
3327 5503 3383 5547 et
3414 5502 3760 5546 mortuorum

2189 5587 2460 5643 sacriﬁcia
2498 5587 2759 5642 abdicant
2798 5598 2853 5640 et
2886 5586 3216 5653 impediunt,
3277 5599 3399 5652 qua:
3441 5598 3549 5638 non
3582 5585 3767 5636 incas-

2188 5696 2308 5736 sum
2339 5696 2368 5737 a
2396 5680 2716 5737 doctoribus
2750 5678 3056 5748 excogitata
3083 5686 3233 5732 sunt.
3266 5677 3370 5731 Sed
3397 5677 3539 5732 absit
3565 5683 3623 5731 ut
3659 5675 3761 5730 hoc
