4138 6288
305 343 430 409 19.ὃῖ

989 335 1140 399 PRO
1179 337 1388 400 CONC.
1436 334 1814 397 FLORENT.
1853 335 2015 397 CAP.
2051 335 2171 396 III.
2218 335 2315 395 DE
2368 334 2884 398 PURGATORIO.

3412 330 3549 394 1258

300 462 356 513 ἑν
389 457 468 528 τῷ
491 454 744 512 λούεσθαι
788 453 1089 522 ὑπουργεῖν
1119 452 1355 514 εἰωθότι.
1394 452 1493 506 οὐκ
1524 452 1756 521 ὤφειλον
1788 469 1876 505 κε·

1989 451 2057 507 nit
2083 452 2147 507 ad
2178 452 2380 518 locum,
2408 451 2683 507 hominem
2713 450 2944 513 invenit,
2972 457 3133 518 atque
3158 463 3220 504 ex
3252 464 3401 505 more
3425 449 3546 518 ejus

303 553 390 614 νὸς
419 549 691 618 ὀφθῆναι·
738 546 875 602 ἀλλά
914 563 968 599 τι
1016 541 1110 600 οὖν
1141 545 1337 614 δῶρον,
1387 544 1655 616 βαστάσαι
1691 545 1874 615 χρεία.

303 643 410 697 Δύο
436 641 529 697 οὖν
559 640 872 713 προσφορὰς
901 639 1106 704 λαϐὼν,
1151 638 1448 709 ᾶπορεύθη.
1498 638 1589 690 Ἐν
1620 637 1697 706 τῷ
1725 638 1878 708 τόπῳ

303 733 397 792 οὖν
429 736 897 807 παραγενόμενος,
926 732 1082 796 αὖθις
1109 731 1199 786 τὸν
1229 730 1516 801 ἄνθρωπον
1544 729 1669 802 εὗρε
1695 747 1709 759 ·
1736 733 1878 786 κατὰ

302 830 360 885 δι
395 830 458 883 τὸ
491 828 702 893 εἰωθὸς,
754 829 812 880 ἐν
835 824 1010 880 ἅπασι
1049 829 1150 891 τὴν
1191 822 1538 892 λειτουργίαν
1569 821 1874 875 ἐπετέλεσε.

309 921 656 992 Λουσαμένου
685 918 742 971 δὲ
789 915 953 970 αὑτοῦ
982 915 1076 968 καλ⁵
1105 914 1456 984 φορέσαντος,
1500 914 1594 968 καὶ
1633 913 1733 983 ήδη
1769 913 1877 966 λοι-

305 1017 406 1070 πὸν
437 1014 728 1085 μέλλοντος
759 1010 1101 1081 ὲξέρχεσθαι,
1134 1009 1313 1079 ἇσπερ
1347 1008 1467 1078 μεθ’
1490 1007 1685 1062 ἑαυτοῦ
1713 1022 1882 1077 προσ-

305 1106 481 1176 φορὰς
531 1101 823 1168 ὲϐάσταζε,
880 1100 960 1170 τῷ
1013 1100 1424 1169 ὐπουργήσαντι
1490 1097 1638 1169 αύτῷ
1701 1097 1878 1167 ἀνδρὶ,

303 1197 557 1264 εὐλογίας
587 1195 750 1266 χάριν
777 1192 1096 1256 ἐπιδέδωκε,
1129 1191 1468 1263 παρακαλῶν
1511 1192 1732 1262 ἀγάπης
1762 1191 1876 1244 ἓνε-

304 1307 403 1344 κεν
439 1287 613 1343 ταῦτα
647 1285 809 1342 αὐτὸν
851 1284 1132 1351 δέξασθαι.
1172 1284 1411 1348 Ἐκεῖνος
1439 1283 1497 1336 δὲ
1544 1282 1756 1337 πενθῶν
1784 1283 1880 1337 καὶ

305 1381 647 1451 θλιῦέμενος,
700 1377 977 1446 ἀπεκρίθη
1029 1375 1244 1443 λέγων’
1290 1374 1445 1445 Ἐμοὶ
1493 1373 1669 1427 ταῦτα
1707 1371 1878 1425 διὰτί

307 1477 570 1546 παρέχεις
595 1490 612 1543 ;
653 1468 822 1536 Οὗτος
849 1472 876 1524 δ
903 1472 1089 1542 ἄρτος,
1119 1468 1276 1537 ἅγιός
1303 1469 1418 1520 ἐστι
1445 1484 1458 1498 ·
1496 1466 1650 1533 κάγὼ
1682 1467 1878 1534 φαγεῖν

307 1570 471 1625 αὐτὸν
512 1569 573 1623 οὐ
606 1568 871 1636 δύναμαι.
916 1562 1058 1632 Ἐγὼ
1097 1563 1206 1633 γὰρ
1238 1561 1296 1616 δν
1326 1561 1573 1631 θεωρεῖς,
1619 1561 1750 1613 ποτὲ
1783 1559 1879 1613 τοῦ

304 1664 474 1717 τόπου
510 1661 698 1733 κύριος
718 1659 976 1730 ¹ὑπῆρχον
1007 1672 1021 1688 ο
1048 1655 1187 1709 ἀλλὰ
1208 1654 1296 1707 διὰ
1322 1655 1389 1707 τὰ
1410 1652 1726 1722 πταίσματά
1751 1669 1876 1720 μου,

305 1757 492 1811 ἐνθάδε
526 1752 947 1822 κατεδικάσθην.
986 1751 1115 1804 Ἐὰν
1138 1749 1196 1803 δέ
1226 1747 1319 1817 μοί
1347 1766 1398 1800 τι
1425 1747 1731 1816 παρασχεῖν
1756 1744 1880 1798 εθι-

1980 544 2243 614 obsequio
2268 543 2320 596 in
2353 542 2613 598 omnibus
2649 560 2782 598 usus
2821 551 2920 598 est.
2949 541 3104 595 Lavit
3137 541 3322 611 itaque
3347 550 3543 595 etcum

1979 635 2090 708 jam
2122 637 2353 691 vestitus
2385 637 2645 692 voluisset
2677 635 2885 708 egredi,
2909 651 3046 706 quas
3095 650 3282 690 secum
3317 634 3548 690 oblatio-

1981 743 2077 783 nes
2118 727 2323 782 ferebat
2371 728 2693 800 obsequenti
2726 728 2828 784 sibi
2865 728 2982 784 viro
3015 743 3114 799 pro
3172 728 3550 783 benedictione

1980 819 2197 882 obtulit,
2229 832 2417 890 petens
2463 830 2522 876 ut
2571 819 2853 875 charitatis
2879 820 3050 890 gratia
3103 835 3166 874 ea
3221 819 3546 888 susciperet.

1979 913 2077 968 Cui
2126 912 2214 968 ille
2243 927 2481 968 mterens
2511 911 2857 983 amictusque
2906 911 3185 982 respondit
3217 927 3230 965 :
3265 911 3394 965 Mihi
3445 911 3550 965 ista

1983 1020 2152 1073 quare
2177 1005 2295 1071 das,
2332 1007 2532 1061 Pater?
2576 1006 2680 1060 lste
2711 1007 2868 1076 panis
2903 1015 3129 1061 sanctus
3161 1014 3265 1068 est,
3293 1017 3395 1075 ego
3424 1018 3547 1057 eum

1983 1097 2314 1153 manducare
2366 1115 2470 1152 nun
2515 1114 2755 1166 possum.
2805 1099 2913 1169 Ego
2947 1098 3147 1153 etenim
3191 1112 3352 1168 quem
3401 1096 3554 1152 vides

1984 1190 2144 1259 hujus
2177 1191 2279 1246 luci
2315 1190 2571 1247 dominus
2605 1193 2901 1261 aliquando
2940 1191 3016 1245 fui
3038 1231 3053 1257 ,
3085 1191 3176 1247 sed
3209 1189 3386 1261 culpis
3417 1189 3553 1245 meis

1983 1282 2074 1338 hic
2109 1293 2233 1352 post
2266 1296 2491 1338 mortem
2518 1285 2911 1341 condemnatus
2941 1298 3087 1339 sunt.
3116 1283 3173 1338 Si
3203 1295 3386 1339 autem
3415 1283 3548 1338 mihi

1984 1374 2112 1445 quid
2145 1387 2402 1444 przestare
2435 1377 2539 1442 vis,
2567 1378 2926 1445 omnipotenti
2961 1375 3072 1432 Deo
3123 1391 3221 1446 pro
3279 1391 3365 1431 me
3412 1375 3550 1431 offer

1987 1467 2132 1522 hunc
2163 1481 2355 1538 panem
2389 1479 2442 1523 et
2488 1484 2587 1538 pro
2633 1471 2872 1538 peccatis
2924 1471 3061 1524 meis
3113 1469 3434 1538 deprecare.
3486 1467 3554 1524 Et

1988 1575 2130 1614 nunc
2161 1562 2474 1616 eaauditum
2508 1571 2560 1617 te
2597 1576 2719 1618 esse
2753 1577 3023 1631 cognosce
3051 1576 3176 1618 cum
3229 1563 3338 1619 huc
3380 1564 3443 1618 ad
3473 1564 3553 1616 la-

1985 1652 2223 1707 vandum
2254 1655 2486 1718 veneris,
2520 1664 2572 1708 et
2603 1671 2686 1710 me
2718 1671 2825 1710 non
2857 1655 3151 1712 inveneris.
3179 1655 3248 1710 Et
3277 1656 3360 1714 his
3391 1657 3551 1712 dictis

1987 1746 2275 1816 disparuit,
2324 1757 2377 1802 et
2429 1748 2476 1801 is
2511 1748 2604 1811 qui
2643 1748 2808 1803 homo
2839 1763 2960 1804 esse
2997 1749 3302 1814 videbatur,
3349 1764 3550 1806 evane-

305 1851 428 1924 λης,
459 1848 550 1905 τὸν
592 1849 753 1919 ἄρτον
783 1846 973 1900 τοῦτον
999 1843 1141 1914 ὑπὲρ
1193 1841 1329 1909 ἐμοῦ
1373 1838 1454 1909 τῷ
1487 1838 1884 1908 παντοδυνάμῳ

1989 1840 2192 1895 scendo
2224 1839 2463 1905 innotuit
2487 1841 2614 1908 quia
2644 1841 2873 1910 spiritus
2915 1841 3038 1896 fuit.
3084 1841 3228 1896 Idem
3277 1857 3404 1898 vero
3431 1859 3560 1914 pre;

305 1943 425 2009 Θεῷ
456 1941 816 2010 προσένεγκε,
842 1938 936 1990 καὶ
966 1936 1106 2004 ὕπερ
1127 1934 1237 1986 τῶν
1268 1931 1556 2002 ἁμαρτιῶν
1586 1950 1687 2002 μου
1715 1935 1886 2004 πρόσ-

305 2034 480 2099 ευξαι.
519 2032 654 2086 Τότε
694 2032 750 2084 δὲ
805 2027 1218 2096 ὑπακουσθῆναι
1253 2028 1508 2096 γίνωσκε,
1554 2026 1653 2078 ἐὰν
1687 2025 1778 2076 ἐπὶ
1808 2024 1886 2093 τῷ

307 2127 607 2180 λούσασθαι
659 2120 854 2184 ἐλθὼν,
901 2121 1000 2189 ἐμὲ
1036 2119 1224 2172 ἐνθάδε
1265 2117 1339 2191 μὴ
1384 2117 1571 2188 εὕρῃς.
1610 2114 1795 2168 Ταῦτα
1826 2115 1884 2169 δὲ

307 2216 502 2282 εἰπὼν,
559 2214 775 2286 ἀφανὴς
804 2215 1014 2281 γέγονε.
1061 2211 1171 2265 Καὶ
1218 2211 1368 2273 ὅστις
1414 2209 1699 2279 ἄνθρωπος
1744 2202 1883 2261 εἶναι

1987 1933 2173 2002 shyter
2207 1930 2603 1986 hebdomadam
2645 1935 2961 1988 continuam
3002 1949 3063 1990 se
3104 1949 3205 2004 pro
3229 1951 3295 1989 eo
3323 1952 3446 1990 cum
3476 1938 3558 1988 la-

1985 2022 2184 2093 erymis
2237 2021 2473 2087 afﬂixit,
2531 2025 2824 2082 salutarem
2886 2027 3122 2082 hostiam
3163 2028 3410 2098 quotidie
3448 2027 3557 2083 Deo

1984 2114 2244 2172 offerens.
2285 2115 2348 2170 Et
2376 2133 2629 2173 reversus
2661 2131 2849 2187 postea
2878 2120 2944 2174 ad
2981 2119 3255 2187 balneum,
3305 2137 3432 2176 eum
3482 2122 3554 2176 ibi

1984 2207 2038 2262 in
2071 2216 2353 2278 posterum
2387 2225 2493 2265 non
2529 2211 2753 2267 invenit.

307 2311 612 2380 ἑθεωρεῖτο,
640 2309 853 2377 ἀφανὴς
880 2307 1194 2376 γενόμενος,
1261 2303 1619 2373 ὲδηλοποιήθη
1685 2303 1767 2356 ὅτι
1827 2300 2042 2373 πνεῦμα
2092 2304 2359 2374 ὑπῆρχεν.
2438 2305 2497 2359 '0
2536 2305 2589 2359 δι
2640 2306 2799 2370 αὐτὸς
2858 2309 3244 2379 πρεσϐύτερος,
3293 2309 3558 2378 ἑϐδομάδα

306 2408 531 2478 ἡμερῶν
574 2404 765 2458 ἑαυτὸν
814 2405 906 2456 ἐπι
913 2403 1088 2474 μόνως

1141 2403 1200 2455 ἐν
1267 2400 1532 2469 δάκρυσιν
1581 2399 1722 2470 ὑπὲρ
1785 2399 1951 2454 αὐτοῦ
1990 2401 2352 2470 συνέσφιγξε·
2417 2402 2738 2474 σωτηριώδη
2805 2403 2993 2459 Θυσίαν
3056 2407 3180 2462 καθ’
3222 2409 3435 2481 ἡμέραν
3478 2413 3555 2481 τῷ

306 2506 426 2576 Θεῷ
449 2501 857 2574 προσ-κομίζων,
887 2500 1025 2570 μετὰ
1066 2499 1120 2552 δὲ
1151 2496 1312 2552 τιῦτο
1348 2499 1427 2559 είς
1444 2497 1510 2551 τά
1532 2497 1710 2567 θερμὰ
1762 2496 2132 2568 ὑποστρέψας,
2167 2499 2416 2569 οὐδαμῶς
2459 2501 2626 2554 αὑτὸν
2677 2500 2773 2554 τοῦ
2819 2501 3010 2556 λοιποῦ
3044 2506 3223 2559 ἐκεῖσε
3271 2504 3442 2578 εὗρεν,

1062 2597 1139 2648 Z'.

393 2698 492 2751 Ἐκ
518 2696 709 2750 τούτου
741 2688 832 2748 οὖν
860 2695 1136 2747 δείκνυται
1170 2695 1339 2744 πόσον
1365 2695 1486 2754 ταῖς
1513 2691 1709 2761 ψυχαῖς
1747 2707 1882 2762 συμ-

312 2790 570 2845 ϐάλλεται
607 2788 758 2858 ἡτῆς
791 2788 946 2857 ἱερᾶς
979 2786 1170 2850 θυσίας
1197 2785 1502 2856 προσφορά,
1531 2785 1731 2838 ὁπόταν
1755 2782 1879 2836 ταύ-

314 2897 415 2948 την
451 2879 548 2933 καὶ
575 2878 715 2932 αὐτὰ
751 2876 859 2930 τῶν
907 2876 1220 2930 τεθνεώτων
1260 2876 1327 2930 τὰ
1378 2875 1668 2944 πνεύματα
1731 2875 1883 2943 παρὰ

313 2972 420 3026 τῶν
452 2972 670 3036 ζώντων
703 2971 963 3027 αῖτῶνται
984 2987 1000 3002 ο
1036 2969 1128 3022 καὶ
1154 2969 1244 3022 διὰ
1288 2969 1532 3040 σημείων
1560 2967 1880 3037 μηνύουσιν,

309 3069 392 3121 ὃτι
427 3066 496 3121 δι’
533 3065 706 3137 αὐτῆς
737 3066 847 3120 τῶν
895 3064 1263 3133 πταισμάτων
1315 3060 1656 3132 λυτροῦνται.
1692 3061 1798 3115 Ποῦ
1848 3063 1881 3128 ἡ

310 3160 420 3214 τῶν
453 3159 685 3229 ἀμαθῶν
736 3159 829 3212 καὶ
881 3155 1225 3225 ἀναισθήτων
1278 3156 1607 3224 κακογὴρων
1662 3153 1883 3222 νομοθε-

2719 2597 2828 2653 VII.

2062 2689 2138 2745 Ex
2171 2689 2256 2746 his
2299 2689 2462 2762 igitur
2488 2690 2667 2748 verbis
2698 2693 3004 2750 ostenditur
3037 2708 3301 2765 quantum
3341 2703 3558 2758 anima-

1991 2781 2094 2836 bus
2129 2783 2395 2839 conducat
2443 2800 2613 2841 saerte
2658 2787 2848 2843 hostiae
2901 2787 3123 2855 oblatio,
3167 2795 3387 2862 quando
3432 2814 3552 2854 eam

1990 2876 2211 2944 spiritus
2243 2875 2624 2934 defunctorum
2674 2896 2702 2934 a
2762 2882 3067 2940 viventibus
3101 2897 3314 2956 petunt,
3358 2893 3564 2960 signis-

1989 2983 2094 3036 que
2121 2969 2426 3040 significant
2471 2974 2616 3042 quod
2669 2988 2764 3042 per
2792 2989 2910 3030 eam
2943 2992 2973 3031 a
3007 2983 3241 3048 peccatis
3275 2983 3564 3040 redimun-

1991 3069 2096 3115 tur.
2158 3061 2385 3118 Ubinam
2416 3073 2499 3119 est
2546 3066 2762 3121 rudium
2810 3069 3208 3127 insensaturnm
3253 3081 3307 3130 et
3356 3078 3556 3135 misere

1991 3156 2390 3210 senescentium
2429 3157 2714 3229 legislatio,
2753 3163 2844 3229 qui
2869 3164 3060 3217 nolunt
3082 3180 3178 3232 pro
3209 3171 3438 3226 mortuis
3467 3172 3554 3227 of-

312 3251 431 3312 σία,
466 3223 531 3303 se
560 3249 638 3317 μὴ
674 3251 848 3303 ποιεῖν
879 3247 1074 3310 θυσίας
1100 3223 1245 3315 ήὺπὲρ
1273 3245 1380 3299 τῶν
1421 3223 1841 3314 κεκοιμημένων
1867 3261 1880 3308 ;

1990 3246 2130 3302 ferre
2160 3249 2451 3314 sacriﬁcia,
2479 3252 2573 3307 sed
2623 3253 2706 3308 bis
2735 3255 2827 3324 qui
2871 3255 2922 3310 in
2953 3256 3184 3314 vinculis
3225 3262 3557 3328 detinentur,

311 3344 451 3398 ἀλλὰ
472 3343 671 3397 διδόναι
704 3344 816 3407 τοῖς
850 3342 906 3395 ἐν
961 3341 1173 3409 φυλακῇ
1208 3340 1301 3393 καὶ
1332 3340 1391 3393 ού
1439 3341 1549 3402 τοῖς
1601 3336 1837 3408 ἱερεῦσιν
1869 3353 1884 3405 ;

310 3437 447 3491 ὅπου
475 3437 536 3490 τὸ
563 3437 780 3504 πνεῦμα
804 3435 899 3490 τοῦ
929 3435 1243 3496 τεθνεῶτος.
1279 3436 1340 3489 ού
1377 3433 1485 3486 τῶν
1521 3435 1578 3486 ὲν
1616 3434 1888 3500 φυλακαῖς

313 3529 612 3597 φροντίζει,
643 3529 787 3580 ὥστε
841 3525 1052 3589 τούτοις
1085 3526 1284 3580 διδόναι
1326 3523 1722 3593 ἐλεημοσύνην,
1752 3520 1888 3576 ἀλλὰ

313 3619 508 3674 θυσίαν
544 3621 934 3688 προσενεγκεῖν
962 3618 1040 3687 τῷ
1073 3616 1213 3686 Θεῷ,
1259 3616 1354 3670 τοῦ
1390 3617 1580 3684 ἱερέως
1615 3617 1750 3685 μετὰ
1783 3615 1880 3668 δα·
1912 3672 1916 3676 _

313 3710 502 3781 κρύων
532 3710 723 3764 ἐδεῖτο.
760 3708 942 3762 Καλὸν
991 3708 1093 3776 μὶν
1121 3708 1229 3776 γὰρ
1258 3708 1354 3761 καὶ
1399 3709 1695 3778 θεάρεστον
1722 3707 1886 3777 ἔργον

313 3803 430 3858 ἐστὶ
468 3803 561 3857 καῖ¹
585 3803 646 3856 τὸ
673 3801 872 3855 διδόναι
920 3801 1294 3870 ἐλεημοσύνην
1337 3801 1450 3860 τοῖς
1500 3801 1560 3853 ἐν
1590 3799 1884 3868 φυλακαῖς,

315 3897 411 3950 καὶ
441 3897 500 3948 ὲν
550 3895 729 3957 ἄλλοις
776 3892 1059 3945 εὐσεϐέσιν
1095 3891 1278 3961 ἔργοις
1307 3908 1321 3920 ο
1366 3890 1464 3944 καὶ
1516 3891 1694 3954 οὐδεὶς
1743 3888 1887 3942 οὕτω

316 3989 521 4058 μωρὸς,
552 3986 692 4040 ὥστε
756 3986 935 4054 λέγειν
961 3985 1022 4038 τὸ
1049 3984 1293 4038 ἐναντίον
1319 4000 1334 4015 ο
1365 3983 1628 4054 κρείττων
1656 3982 1711 4034 δὲ
1753 3981 1886 4035 πάν-

314 4097 445 4146 των,
481 4082 514 4150 ἡ
569 4080 691 4150 ίερὰ
721 4078 881 4132 θυσία
915 4078 1055 4146 ὑπὲρ
1096 4078 1205 4130 τῶν
1255 4078 1675 4148 κεκοιμημένων
1708 4092 1883 4145 προσ-

317 4171 594 4241 φερομένη
629 4169 707 4239 τῷ
736 4167 876 4239 Θεῷ.
920 4167 1108 4238 Τούτῳ
1139 4168 1235 4220 καὶ
1260 4166 1396 4221 ἄλλα
1425 4167 1589 4238 ὃμοια
1623 4168 1716 4219 καὶ
1745 4167 1884 4236 μνήσ-

319 4279 428 4332 μης
455 4262 582 4328 ἄξια
604 4264 662 4314 ἒν
687 4262 764 4332 τῷ
788 4259 937 4332 αὐτῷ
961 4259 1150 4331 βιϐλίῳ
1179 4263 1272 4312 καὶ
1300 4260 1357 4311 ὲν
1381 4262 1444 4328 τῇ
1473 4261 1611 4330 αὐτῇ
1637 4257 1888 4326 διηγήσει

313 4359 343 4410 δ
397 4354 664 4426 μακάριος
727 4348 882 4417 οὗτος
941 4355 1132 4424 Πατὴρ
1183 4353 1277 4404 καὶ
1324 4351 1648 4414 διδάσκαλος
1704 4366 1883 4420 παρα-

313 4447 581 4515 δείγματα
604 4447 810 4516 τίθησι,
852 4445 1209 4516 διηγούμενος
1235 4443 1334 4514 τὴν
1367 4441 1479 4496 τῶν
1524 4440 1713 4512 ψυχῶν
1746 4439 1885 4508 μετὰ

1993 3356 2098 3395 non
2132 3351 2310 3396 autem
2341 3345 2719 3403 sacerdotibus
2751 3350 3027 3412 exhibere.
3060 3354 3277 3422 quando
3313 3356 3557 3416 defuncti

1991 3433 2214 3502 spiritus
2245 3437 2387 3490 nulla
2437 3453 2535 3507 pro
2571 3438 2804 3494 detentis
2838 3442 2892 3495 in
2939 3457 3159 3501 carcere
3188 3447 3559 3508 sollicitudine

1990 3527 2366 3592 distinebatur,
2405 3542 2463 3583 ttt
2498 3533 2578 3586 eis
2606 3533 2965 3605 eleemusyna!
3011 3536 3224 3607 ﬁerent,
3256 3543 3348 3598 sed
3386 3555 3442 3599 ut
3472 3561 3560 3601 sa-

1990 3621 2253 3674 crificium
2285 3622 2502 3676 offerret
2553 3623 2682 3689 Deo,
2718 3641 2745 3679 a
2782 3633 3065 3694 sacerdote
3104 3630 3281 3688 flendo
3320 3637 3557 3704 petebat.

1993 3708 2290 3765 Honestum
2324 3713 2468 3766 enim
2498 3723 2602 3779 est,
2624 3725 2680 3768 et
2707 3713 2814 3770 Deo
2849 3728 3130 3789 acceptum
3164 3737 3298 3792 opus
3329 3726 3562 3780 eleemo-

1992 3816 2156 3871 synas
2186 3802 2349 3858 etiam
2382 3804 2436 3858 in
2487 3820 2581 3861 eos
2613 3823 2857 3878 erogare,
2910 3822 2964 3866 et
3003 3813 3125 3867 aliis
3159 3817 3262 3886 piis
3305 3819 3560 3885 operibus

1991 3895 2231 3949 studere.
2263 3895 2434 3950 Nemo
2465 3905 2549 3952 est
2582 3907 2686 3954 tam
2719 3902 2940 3968 stultus,
2977 3906 3066 3972 qui
3096 3907 3221 3960 huic
3255 3909 3331 3962 rei
3363 3911 3560 3966 adver-

1992 3998 2160 4043 setur.
2217 3987 2322 4045 Sed
2376 3991 2629 4047 omnibus
2683 3995 2955 4050 antecellit
3011 4000 3184 4052 missae
3229 4003 3554 4059 sacrificium

1992 4082 2132 4146 quod
2167 4095 2264 4149 pro
2313 4081 2587 4138 defunctis
2622 4084 2851 4140 offertur
2888 4087 3020 4143 Deo.
3077 4088 3201 4146 Haec
3248 4103 3301 4147 et
3333 4081 3443 4149 alia
3475 4095 3558 4150 his

1991 4170 2184 4224 similia
2219 4185 2630 4245 memoratuque
2661 4178 2818 4247 digna
2849 4182 3092 4249 exempla
3122 4183 3175 4237 in
3206 4186 3391 4239 eadem
3429 4203 3561 4243 nar-

1992 4265 2201 4318 ratione
2233 4265 2421 4322 beatus
2465 4268 2551 4322 hic
2576 4267 2736 4326 Pater
2763 4283 2818 4324 et
2847 4275 3103 4344 magister
3131 4277 3398 4348 adiungit,
3429 4282 3555 4334 dum

1991 4357 2212 4425 exponit
2244 4359 2554 4413 animarum
2589 4371 2712 4429 post
2747 4373 2977 4419 mortem
3013 4370 3409 4438 purgationem,
3438 4363 3560 4440 quat

1992 4458 2211 4518 promer
2232 4465 2417 4505 eorum
2449 4452 2807 4522 prolixitatem
2839 4457 2961 4511 huic
2995 4458 3112 4514 loco
3140 4475 3245 4515 non
3277 4475 3560 4531 apponun~

314 4539 547 4593 θάνατον
586 4539 854 4610 κάθαρσιν
882 4553 896 4568 ’
925 4539 961 4593 ἃ
998 4537 1088 4590 διὰ
1128 4538 1191 4591 τὸ
1221 4538 1397 4607 μῆκος
1431 4534 1665 4590 ἐνταῦθα
1694 4533 1795 4604 μὲν
1821 4534 1882 4588 ού

1997 4548 2106 4602 tur,
2140 4543 2233 4596 sed
2262 4556 2327 4597 eo
2359 4543 2613 4598 lectorem
2649 4548 2994 4604 remittimus.
3030 4551 3105 4605 Ac
3136 4552 3184 4607 si
3218 4553 3342 4622 quis
3367 4554 3560 4609 sedqu

314 4631 540 4701 τίθεμεν
565 4645 582 4663 ⁸
615 4632 793 4685 ἐκεῖσε
813 4629 871 4684 δὲ
896 4631 1023 4693 τοὺς
1050 4626 1405 4701 βουλομένους
1433 4627 1562 4682 ίδεῖν
1590 4628 1881 4698 παραπέμ-

315 4741 515 4794 πομεν.
561 4722 679 4778 Κάν
727 4737 810 4785 τις
863 4715 957 4776 οὖν
989 4719 1269 4784 επιπόνως
1318 4717 1502 4791 διέλθῃ
1550 4717 1652 4788 τὴν
1703 4716 1887 4789 βίϐλον

312 4816 552 4883 εκείνην,
605 4811 759 4883 οἶμαι
787 4815 968 4886 πάσης
994 4812 1326 4882 φιλονεικίας
1357 4815 1452 4867 καὶ
1494 4810 1670 4882 εριδος
1694 4810 1886 4864 ἑαυτὸν

311 4906 678 4973 ἀπαλλάξειεν
698 4920 715 4938 ο
747 4905 803 4959 αῖ
849 4904 956 4973 γάρ
988 4903 1157 4974 ψυχαὶ
1183 4903 1537 4973 ἐξερχόμενοι
1589 4902 1742 4956 τοῦδε
1788 4903 1883 4955 τοῦ

283 4996 432 5066 ’βίου
460 4995 672 5059 ἀτελεῖς
700 4996 759 5047 ἐν
809 4995 1202 5062 ίκανοτεοιήσει,
1251 4996 1310 5047 ἑν
1356 4993 1578 5047 κολάσει
1609 4995 1702 5047 καὶ
1751 4996 1886 5063 πυρὶ

317 5085 782 5150 καταδικάζονται,
842 5085 905 5138 ού
957 5083 1263 5153 καυπικῷ.
1322 5083 1459 5137 άλλά
1515 5084 1834 5155 καθαρτικῷ
1867 5101 1880 5113 ο

314 5181 410 5233 καὶ
441 5177 540 5231 οὐκ
585 5177 815 5246 αἰωνίῳ,
850 5175 989 5229 ἀλλὰ
1022 5174 1381 5245 προσκαίρῳ*
1416 5176 1565 5255 ὅπως
1606 5175 1666 5228 ὲν
1701 5179 1887 5249 εκείνη

314 5273 382 5340 τῇ
413 5271 612 5341 μερικῇ
649 5269 871 5324 κολάσει
913 5268 1007 5322 καὶ
1038 5267 1116 5338 τῷ
1162 5269 1294 5336 πυρὶ
1336 5269 1530 5337 ἐκείνῳ
1567 5269 1886 5340 καθαρθῶσι

315 5361 425 5414 τῶν
462 5361 749 5430 ἁμαρτιῶν
788 5359 991 5424 αὐτῶν,
1023 5351 1100 5413 ὧν
1134 5359 1235 5412 οὐκ
1285 5357 1528 5426 ἔφθασαν
1573 5362 1633 5413 έν
1674 5361 1753 5430 τῷ
1786 5378 1891 5413 παι

317 5453 468 5522 ρόντε
495 5450 710 5504 τελείαν
743 5449 1040 5503 ἀποδοῦναι
1086 5449 1187 5518 τὴν
1222 5449 1622 5518 ίκανοποίησιν.
1660 5452 1891 5504 Austra-

318 5542 470 5596 λοῦσι
497 5540 556 5596 δὲ
601 5542 813 5606 αὑταῖς,
846 5545 939 5594 καὶ
973 5540 1083 5594 τῶν
1121 5539 1372 5609 δακρύων
1419 5541 1515 5594 καὶ
1566 5542 1892 5612 στεναγμῶν

316 5638 426 5690 τῶν
456 5637 513 5690 ιν
533 5635 611 5705 τῷ
633 5635 740 5708 ᾅδῃ
763 5634 1112 5703 λυτροῦνται,
1142 5634 1236 5686 καὶ
1263 5634 1621 5704 συντέμνουσι
1651 5634 1742 5688 τδν
1769 5653 1894 5688 και-

321 5729 416 5797 ρδν
445 5727 563 5782 καθ’
614 5728 676 5780 δν
707 5729 827 5782 εκεῖ
858 5726 1086 5797 ῑμελλον
1136 5726 1343 5793 διάγειν
1382 5728 1525 5781 κατὰ
1573 5727 1635 5781 τὸ
1691 5728 1892 5800 μέτρον

320 5820 432 5874 τῶν
461 5819 746 5890 ἁμαρτιῶν
771 5820 974 5886 αὐτῶν,
999 5820 1055 5872 αῖ
1086 5819 1228 5888 ὑπὲρ
1253 5819 1433 5874 αὐτῶν
1467 5820 1750 5890 γινόμεναι
1782 5822 1891 5875 λεια

562 5916 836 5976 Ρηιιοι..
872 5915 990 5977 Gs.
1031 5911 1244 5980 CLIX.

1994 4629 2195 4684 librum
2235 4632 2668 4701 perlustravcrit,
2701 4639 2769 4692 ab
2805 4641 2952 4693 omni
2985 4644 3346 4700 contentionis
3379 4647 3562 4701 studio

1992 4719 2470 4775 seviudicaturum
2503 4723 2738 4779 confido.
2777 4723 2910 4779 Nam
2946 4728 3142 4783 animae
3190 4745 3309 4798 quze
3339 4745 3404 4783 ex
3461 4732 3562 4786 hoc

1994 4812 2197 4864 mundo
2227 4812 2407 4868 minus
2463 4813 2514 4866 in
2550 4814 2924 4871 satisfactione
2965 4818 3218 4887 perfecta:
3248 4820 3557 4883 discedunt,

1996 4901 2171 4970 pomis
2201 4910 2256 4957 et
2311 4901 2421 4972 igni
2461 4902 2825 4972 destinantur,
2876 4921 2982 4959 non
3035 4907 3413 4974 combustivo,
3465 4913 3560 4965 sed

1995 4993 2266 5063 purganti,
2325 5008 2425 5048 nec
2468 4995 2820 5064 sempiterno,
2853 4996 2947 5050 sed
3001 5001 3348 5067 temporario,
3400 5008 3458 5055 nt
3501 5002 3556 5056 in

1992 5098 2053 5139 ea
2089 5086 2415 5155 temporaria
2447 5100 2602 5156 pinna
2634 5097 2686 5141 et
2718 5087 2843 5158 igne
2886 5090 2977 5143 illo
3021 5104 3049 5142 a
3095 5090 3212 5144 suis
3237 5091 3559 5148 criminibus

1993 5183 2312 5246 purgentur,
2343 5189 2574 5242 quorum
2613 5179 2666 5230 in
2707 5178 2808 5231 hoc
2854 5178 3054 5234 sarculo
3103 5181 3367 5250 integram
3397 5183 3562 5239 satis~

1994 5263 2284 5319 factionem
2331 5265 2639 5333 persolvere
2699 5282 2804 5321 non
2844 5278 3156 5337 potuerunt.
3195 5269 3428 5326 Prosunt
3462 5287 3558 5326 au-

1997 5366 2104 5410 tem
2137 5356 2290 5426 ipsis,
2322 5366 2379 5410 ut
2409 5373 2441 5411 a
2476 5357 2733 5428 lacrymis
2767 5371 2820 5413 et
2852 5361 3056 5429 gemitu
3092 5362 3286 5418 inferni
3319 5364 3556 5419 liberen-

1995 5457 2100 5513 tnr,
2135 5459 2457 5519 tempusque
2488 5448 2806 5504 abbreviant
2836 5453 2977 5520 quod
3010 5453 3080 5506 ibi
3108 5469 3326 5509 manere
3356 5455 3559 5510 debue-

1997 5550 2118 5596 rant
2171 5541 2470 5596 secundum
2525 5557 2835 5596 mensuram
2891 5553 3260 5612 peccatorum,
3291 5546 3560 5601 sacrificia

1996 5644 2051 5688 et
2076 5634 2179 5688 alia
2205 5634 2581 5705 bona-piaque
2611 5649 2775 5704 Opera
2804 5652 2924 5706 quas
2955 5650 3052 5706 pro
3084 5639 3221 5707 ipsis
3250 5639 3564 5706 suscipiun-

1997 5739 2104 5791 tur,
2139 5728 2438 5782 secundum
2492 5725 2737 5781 divinum
2782 5740 2836 5781 et
2886 5744 3101 5784 sacrum
3137 5731 3436 5786 decretum.
3487 5736 3563 5784 ne

1999 5820 2167 5875 veluti
2198 5819 2247 5875 si
2277 5820 2400 5890 quis
2422 5831 2525 5888 per
2554 5829 2769 5873 mettses
2797 5835 2893 5876 sex
2925 5831 3015 5877 aut
3047 5837 3250 5875 annum
3283 5823 3345 5876 ad
3378 5835 3567 5878 carce-

3099 5912 3170 5972 40
