4182 6350
323 334 456 401 1⁸261

992 338 1144 401 PRO
1179 340 1385 401 CUNC.
1425 341 1797 405 FLORENT.
1837 342 1995 409 CAP.
2042 348 2134 407 III
2200 348 2298 408 DE
2332 350 2856 412 PUilGA'l‘ORIt).

3452 363 3586 427 1262

319 446 753 519 κολασθήσεται·
793 447 886 503 τοῦ
919 449 1081 523 ἔργου
1112 452 1188 517 ὡς
1216 455 1371 520 ἀξίου
1394 456 1709 528 ἀφανισμοῦ
1748 474 1892 511 καιο-

2003 472 2099 527 per
2133 461 2346 532 ignem;
2377 472 2435 517 ut
2464 481 2656 519 aurum
2685 465 2727 519 si
2763 466 2849 521 cui
2876 466 3040 523 fuerit
3080 470 3373 527 admistum
3407 488 3584 532 male-

320 551 483 611 μενον
511 541 606 593 καὶ
632 543 1035 614 ἀφανιζομένου
1062 562 1075 577 ·
1110 546 1274 611 αὐτὸς
1296 548 1354 600 δὲ
1387 550 1695 621 σωθήσεται
1718 565 1730 578 ’
1760 552 1904 605 οὕτω

315 634 396 701 δὲ,
429 632 507 697 ὡς
536 633 624 689 διὰ
670 637 860 709 πυρός.
908 638 968 691 El
1002 639 1060 693 δὲ
1106 639 1203 695 καὶ
1242 639 1417 706 οὕτως
1459 643 1646 715 εἴπῃς,
1694 646 1795 698 οὐκ
1834 645 1901 699 ἂν

317 727 570 800 ἁμάρτῃς
588 745 604 761 ·
637 730 721 783 ὅτι
744 721 952 794 οὗτινος
972 732 1034 785 τὸ
1062 732 1224 803 ἔργον
1252 737 1423 805 μενεῖ,
1446 737 1728 790 τουτέστιν
1752 737 1900 802 ὅστις

316 821 571 876 ἐντεῦθεν
606 821 971 880 ἀπελεύσεται
1002 827 1384 899 ἁμαρτήματα
1415 828 1559 899 ἔχων
1592 829 1898 901 θανάσιμα,

319 918 475 984 μενεί
508 917 569 971 τὸ
616 918 778 990 ἔργον
826 918 904 984 ὡς
934 918 1097 990 βαρὺ,
1153 921 1376 993 σιδήρου
1426 923 1676 997 δίκην,ἢ
1724 924 1898 991 λίθου,

313 1010 457 1079 ὅπερ
505 1011 567 1065 ού
601 1013 983 1083 καταφάγεται
1028 1014 1265 1078 εὐκόλως
1296 1017 1356 1071 τὸ
1401 1016 1515 1090 πῦρ
1541 1037 1555 1051 ’
1602 1019 1696 1074 καὶ
1743 1020 1901 1085 οὗτος

313 1102 547 1173 λήψεται
580 1106 773 1175 μισθὸν
807 1106 903 1161 τοῦ
934 1108 1097 1178 ἔργον
1138 1109 1326 1174 αὐτοῦ,
1360 1116 1459 1182 τὴν
1486 1114 1709 1166 αίὼνιον
1739 1113 1903 1168 ιιόλα⁹

314 1213 423 1251 σιν.
455 1191 535 1253 Οῦ
556 1197 617 1252 δὲ
646 1198 707 1253 τὸ
738 1199 901 1270 ἔργον
941 1203 1375 1272 κατακαήσεται.
1402 1206 1709 1275 σωθήσεται
1731 1205 1897 1271 αὐτὸς

310 1290 389 1352 ὼς
424 1289 513 1344 διὰ
560 1292 753 1361 πυρός.
791 1292 1004 1364 Ὠσπερ
1034 1295 1132 1348 καὶ
1178 1294 1238 1349 τὸ
1267 1296 1510 1368 χρυσίον,
1544 1296 1767 1353 ὲπειδάν
1796 1298 1896 1367 μὲν

312 1385 567 1453 συμμιγῇ
603 1383 705 1457 ὕλῃ
733 1384 843 1437 τινὶ
880 1384 1144 1458 ἀλλοτρίᾳ
1172 1389 1270 1456 τῆς
1297 1386 1467 1442 αὐτοῦ
1501 1388 1742 1458 φύσεως,
1776 1389 1899 1442 v.56-

308 1471 473 1544 δηλον
505 1475 738 1543 γίνεται,
772 1479 869 1531 καὶ
900 1477 1003 1548 τῆς
1041 1478 1269 1550 πρώτης
1312 1478 1698 1552 λαμπρότητος
1738 1482 1896 1536 ἐλατ-

307 1564 599 1634 τούμενον,
648 1567 1011 1637 ἀχρειοῦται⁶
1064 1569 1500 1641 δοκιμαζόμενον
1550 1572 1608 1627 δὲ
1656 1573 1748 1629 διὰ
1798 1574 1894 1629 τοῦ

305 1657 507 1727 πυρὸς,
532 1660 566 1729 ἡ
600 1662 768 1715 κακία
812 1661 996 1733 ἐκείνη
1042 1663 1259 1719 καίεται
1284 1679 1301 1696 ”
1330 1664 1426 1719 καὶ
1470 1666 1767 1738 ἀφανισμῷ
1794 1685 1895 1723 πα-

306 1749 586 1820 ραδίδοται
613 1769 628 1783 °
669 1754 732 1808 τὸ
764 1755 821 1810 δὲ
849 1756 1081 1827 χρυσίον
1116 1757 1280 1811 πάλιν
1312 1758 1412 1830 τὴν
1452 1759 1730 1831 προτέραν
1756 1762 1894 1815 ἀποο

305 1842 580 1913 λαμϐάνει
628 1846 1017 1921 λαμπρότητα.
1055 1850 1216 1905 Οὕτω
1263 1854 1357 1907 καὶ
1390 1855 1421 1924 ἡ
1462 1852 1632 1924 ψυχὴ,
1672 1852 1762 1908 διά
1798 1855 1892 1909 τοῦ

304 1939 483 2008 πυρὸς
513 1940 616 2011 τῆς
661 1941 1011 2013 καθάρσεως,
1047 1944 1403 2001 ἀποϐαλοῦσα
1441 1948 1537 2001 τὸν
1572 1948 1770 2018 ῥύπον,
1804 1947 1895 2018 ὑφ’

302 2030 366 2085 οὒ
399 2035 466 2087 ὲκ
514 2033 618 2106 τῆς
674 2036 935 2107 ἀμελείας
987 2038 1088 2092 καὶ
1130 2039 1406 2109 ῥᾳθυμίας
1453 2040 1893 2113 κὰτερρυποῦτο,

303 2127 474 2182 πάλιν
507 2129 588 2193 είς
623 2131 723 2201 τὴν
755 2131 1032 2201 προτέραν
1065 2134 1436 2204 λαμπρότητα
1465 2135 1559 2189 καὶ
1608 2135 1893 2205 εὐγένειαν

303 2221 694 2292 ἐπανέρχεται.
746 2223 858 2277 Καὶ
887 2226 1121 2288 τούτους
1160 2242 1264 2294 μου
1299 2226 1429 2290 τοὺς
1471 2225 1666 2296 λόγους
1708 2230 1895 2283 ἐπιϐε-

305 2313 542 2368 ϐαιώσει
571 2316 600 2369 ό
630 2316 1063 2388 ούραωφάντωρ
1092 2316 1189 2370 καὶ
1214 2316 1361 2389 ίερδς
1398 2318 1700 2387 Βασίλειος,
1744 2322 1806 2375 ὲν
1828 2325 1893 2393 τῇ

306 2405 570 2479 ἐξηγήσει
619 2407 719 2464 τοῦ
763 2409 1037 2481 μακαρίου
1085 2412 1371 2482 προφήτου
1433 2411 1681 2477 Ἦσαῖου,
1717 2414 1779 2468 ἐν
1817 2416 1895 2486 τῷ

305 2499 461 2570 ῥητῷ
494 2500 570 2571 τῷ
601 2501 775 2565 οὕτως
812 2500 993 2573 ἔχοντι
1017 2518 1030 2533 °
1063 2520 1082 2554 ι
1117 2502 1245 2558 Ὀτι
1277 2504 1539 2561 ἐκπλυνεί
1567 2506 1770 2579 Κύριος
1803 2508 1894 2564 τὸν

305 2593 484 2661 ῥύπον
513 2594 623 2649 τῶν
659 2596 792 2650 υἱῶν
838 2598 933 2651 καὶ
978 2596 1087 2650 τῶν
1126 2596 1451 2670 θυγατέρων
1480 2600 1625 2654 Σιών
1651 2617 1667 2634 ⁸
1702 2603 1797 2657 καὶ
1831 2604 1893 2655 τὸ

303 2678 447 2756 αἷμα
492 2674 854 2760 Ἰερουσαλὴμ
897 2690 1225 2762 ἐκκαθαριεῖ
1269 2693 1335 2746 ἐκ
1381 2692 1551 2763 μέσου
1597 2693 1801 2761 αὐτῶν,
1834 2696 1892 2749 ἂν

304 2782 583 2852 πνεύματι
609 2783 869 2854 κρίσεως.
894 2784 985 2837 καὶ
1013 2785 1078 2838 ἐν
1095 2783 1373 2854 πνεύματι
1395 2784 1667 2851 καύσεως.
1698 2805 1719 2840 ι
1749 2786 1893 2859 Τρα-

301 2877 408 2939 uti);
459 2877 529 2930 τὰ
572 2877 717 2931 αύτά
775 2878 857 2949 τῷ
908 2877 1137 2950 Ἰωάννῃ
1182 2880 1211 2932 ό
1261 2879 1423 2949 λόγος
1466 2884 1890 2952 προσαγορεύει,

301 2972 437 3040 περὶ
484 2969 582 3023 τοῦ
618 2969 827 3040 Κυρίου
861 2970 1101 3040 λέγοντι,
1128 2973 1211 3025 ὅτι
1247 2990 1268 3023 ι
1305 2972 1477 3035 Aine;
1521 2973 1668 3044 ὑμᾶς
1697 2974 1892 3045 βαπτί-

305 3078 385 3117 σει
420 3064 485 3116 ἐν
532 3061 815 3133 Πνεύματι
858 3063 999 3134 ἁγίῳ
1036 3063 1134 3117 καὶ
1173 3063 1327 3135 πυρί.
1364 3082 1389 3118 ι
1427 3066 1561 3132 Περὶ
1600 3065 1658 3118 δὲ
1703 3066 1890 3129 αὐτοῦ,

2008 553 2111 632 rite
2132 554 2199 610 ab
2223 555 2393 625 ipsius
2422 559 2613 612 aliena:
2644 568 2859 621 natura.
2891 562 3253 620 adulterinum
3285 568 3487 632 evadit,
3517 586 3582 623 ac

2005 643 2073 698 tle
2101 628 2201 701 suo
2253 650 2546 717 splendore
2588 649 2917 709 diminutum
2972 657 3160 711 inutile
3197 659 3444 715 redditur
3474 676 3490 716 :
3526 673 3580 716 at

2008 730 2375 811 si'probatum
2412 743 2536 815 igne
2575 744 2760 814 fuerit,
2797 748 2983 803 vitium
3020 749 3147 803 illud
3186 752 3494 819 absumitur
3525 765 3581 810 et

2003 830 2284 888 abolitioni
2322 835 2575 904 traditur,
2608 855 2801 896 aurum
2850 857 2981 898 vero
3011 844 3305 913 pristinum
3341 849 3576 903 nitorem

2004 926 2220 995 recipit.
2264 927 2356 984 Sic
2381 938 2435 984 ct
2463 933 2646 988 anima
2691 948 2785 1001 per
2817 935 2996 1005 ignem
3047 939 3387 1009 purgationis
3415 941 3581 995 elutis

2002 1018 2281 1084 sordibus,
2339 1032 2560 1093 propter
2611 1039 2749 1094 quas
2798 1040 2864 1081 ex
2922 1026 3246 1101 negligentia
3294 1036 3350 1085 et
3383 1030 3579 1086 inertia

2002 1110 2374 1175 sordescebat.
2406 1132 2598 1173 rursus
2628 1118 2695 1174 ad
2732 1120 2968 1190 priorem
2998 1123 3345 1194 splendorem
3397 1135 3452 1180 et
3484 1140 3587 1178 no.

2002 1199 2269 1258 bilitatcm
2300 1208 2611 1264 revertitur.
2645 1209 2801 1267 Hanc
2827 1228 3001 1267 meam
3026 1216 3351 1271 sententiam
3378 1216 3581 1271 contir-

2001 1296 2176 1352 mabit
2207 1299 2426 1357 caelitus
2455 1303 2729 1377 demissus
2749 1312 2805 1360 et
2834 1320 2990 1363 sacer
3021 1305 3254 1363 Basilius
3278 1308 3331 1363 in
3362 1310 3581 1379 exposi-

2003 1389 2150 1445 tione
2184 1392 2327 1447 beati
2366 1393 2520 1449 Isaia:
2544 1396 2825 1466 propheta:
2852 1413 3018 1469 super
3047 1414 3111 1455 ea
3140 1402 3300 1456 verba
3330 1418 3347 1457 :
3376 1421 3395 1455 ι
3425 1402 3581 1469 Quod

2000 1482 2045 1535 si
2083 1482 2319 1538 abluerit
2368 1482 2633 1543 Dominus
2662 1487 2855 1544 sordes
2882 1491 3115 1545 ﬁliarum
3162 1491 3319 1557 Sion,
3351 1501 3407 1549 ct
3452 1509 3581 1548 san-

2000 1575 2221 1645 guinem
2257 1576 2451 1633 laverit
2480 1578 2782 1637 Jerusalem
2817 1581 2888 1637 de
2929 1587 3112 1642 medio
3142 1587 3264 1658 ejus
3293 1589 3347 1643 in
3383 1588 3580 1659 spiritu

1998 1669 2191 1737 iudicii
2219 1682 2273 1726 et
2300 1674 2533 1730 ardoris.
2571 1694 2590 1727 ι
2632 1678 2756 1733 Haec
2779 1680 2942 1735 verba
2981 1693 3169 1751 aperte
3219 1683 3362 1739 idem
3389 1685 3581 1740 dicunt

2001 1776 2125 1817 cum
2174 1763 2388 1822 Joanne
2445 1770 2665 1838 quando
2702 1773 2832 1828 dicit
2876 1773 2945 1829 de
2988 1775 3257 1831 Domino:
3300 1795 3319 1830 ι
3354 1774 3450 1833 Ille
3486 1795 3581 1834 vos

2000 1855 2295 1927 baptizabit
2334 1861 2391 1916 in
2424 1861 2630 1934 Spiritu
2668 1877 2863 1923 sancto
2900 1878 2953 1923 et
2984 1869 3143 1940 igne;
3184 1889 3203 1923 ι
3240 1870 3309 1927 de
3336 1886 3396 1927 se
3425 1888 3576 1939 vero,

2005 1968 2026 2002 ι
2060 1951 2184 2019 Ego‘
2206 1967 2301 2011 vos
2336 1953 2553 2026 baptizo
2581 1960 2634 2012 in
2665 1974 2804 2029 aqua
2844 1962 2913 2015 ad
2944 1961 3346 2032 pmnitentism.
3387 1983 3407 2018 ι
3437 1965 3574 2021 Cum

1999 2042 2163 2113 igitur
2195 2054 2485 2117 utrumque
2510 2048 2773 2107 Dominus
2795 2052 3167 2123 coniunxerit,
3192 2055 3401 2112 scilicet
3430 2060 3576 2129 quod

1998 2149 2065 2191 ex
2095 2150 2237 2205 aqua
2266 2146 2351 2194 est
2383 2141 2450 2194 ad
2493 2142 2868 2209 paenitentiam
2899 2154 2955 2200 et
2999 2162 3063 2200 ex
3098 2146 3295 2217 spiritu
3321 2149 3389 2204 ad
3428 2163 3581 2223 rege-

1999 2227 2367 2293 nerationem,
2397 2244 2461 2285 ac
2516 2232 2682 2286 verba
2728 2240 3023 2306 utrumque
3054 2237 3322 2308 baptisma
3373 2241 3579 2312 signiti-

1997 2330 2147 2384 cent,
2197 2337 2540 2393 nequaquam
2586 2335 2718 2380 sunt
2764 2337 2873 2383 tres
2922 2329 3349 2400 signiﬁcationes
3398 2334 3577 2406 bapti-

1998 2412 2221 2479 smatis,
2256 2414 2504 2470 sordium
2543 2420 2813 2490 purgatio,
2849 2421 3081 2491 spiritus
3133 2424 3492 2493 regeneratio,
3521 2437 3576 2483 ct

1996 2519 2057 2558 ea
2096 2520 2217 2575 qua!
2250 2505 2310 2561 lit
2339 2508 2463 2579 igne
2490 2510 2889 2581 scgrcgationis
2916 2512 3183 2582 probatio.
3213 2515 3575 2588 Quapropter,

1998 2596 2200 2663 lavare,
2235 2614 2333 2667 pro
2357 2603 2565 2671 peccati
2592 2603 2960 2675 depositione,
2993 2623 3114 2679 quae
3150 2610 3205 2664 in
3240 2610 3345 2665 hoc
3372 2613 3577 2668 mundo

2001 2691 2077 2755 tit,
2123 2692 2396 2760 sumitur;
2450 2694 2584 2750 illud
2638 2712 2783 2764 vero,
2833 2700 3026 2769 spiritu
3057 2702 3249 2772 judit-ii
3280 2714 3335 2759 ct
3378 2707 3574 2775 spiritu

1996 2778 2229 2847 ardoris,
2265 2799 2366 2853 pro
2396 2800 2461 2838 ea
2487 2801 2608 2853 quae
2631 2787 2685 2843 in
2714 2788 2902 2845 futuro
2930 2794 3129 2849 steculo
3164 2794 3223 2849 iit
3253 2796 3576 2865 probatione

1997 2888 2095 2938 per
2138 2874 2314 2945 ignem
2368 2879 2656 2944 accipitur.
2713 2881 2890 2954 Egent
2927 2896 3107 2941 autem
3153 2890 3448 2947 commissa
3481 2910 3579 2963 per

1999 2958 2359 3027 ignorantiam
2394 2978 2638 3035 peccata,
2671 2974 2824 3040 quasi
2854 2977 3044 3031 sordes
3074 2979 3345 3048 quaedam,
3379 2985 3578 3040 anima:

1990 3054 2227 3109 nitorem
2263 3056 2681 3128 labefactantcs,
2736 3075 2790 3120 et
2834 3071 3140 3126 naturalem
3174 3073 3296 3144 ejus
3335 3077 3577 3145 pulchri-

298 3155 382 3208 ὅτι
412 3171 434 3207 ε
491 3152 638 3223 Ἐγὼ
687 3155 791 3225 μὲν
823 3154 974 3224 ὑμᾶς
1026 3154 1277 3225 βαπτίζω
1315 3157 1374 3209 ἐν
1421 3154 1574 3210 ὕδατι
1614 3158 1695 3221 είς
1729 3159 1892 3228 μετά-

2001 3148 2249 3203 tudinem
2280 3150 2664 3224 deturpantcs,
2697 3157 2923 3217 lotionis
2954 3164 3318 3234 purgatione;
3353 3181 3573 3239 peccata

300 3261 508 3301 νοιαν.)
577 3245 733 3301 Ἐπεὶ
763 3244 858 3301 οὖν
879 3247 1168 3319 ἀμφότερα
1196 3246 1713 3319 συνῆψενὸῐίύριος,
1745 3252 1806 3305 τό
1836 3267 1895 3304 τε

301 3342 359 3409 ἐξ
389 3341 593 3409 ὕδατος
640 3344 725 3407 εις
776 3345 1092 3417 μετάνοιαν,
1125 3350 1224 3402 καὶ
1252 3346 1314 3399 τὸ
1353 3347 1419 3401 ἐκ
1462 3347 1783 3417 Πνεύματος
1814 3350 1895 3413 είς

301 3437 696 3505 ἀναγιννησιν,
759 3439 855 3493 καὶ
895 3440 923 3490 ό
960 3436 1121 3506 λόγος
1164 3439 1473 3493 αἰνίσσεται
1511 3439 1800 3512 ἀμφότερα
1826 3442 1894 3495 τὰ

302 3526 689 3599 βαπτίσματα,
733 3529 810 3600 μή
848 3545 981 3583 ποτε
1013 3531 1165 3600 τρεῖς
1208 3534 1349 3584 εἰσιν
1389 3530 1629 3586 ἐπίνοιαι
1674 3531 1770 3586 τοῦ
1798 3531 1894 3603 βπ-

302 3620 615 3690 πτίσματος
642 3635 658 3651 ·
697 3622 725 3674 ὃ
750 3638 811 3674 τε
842 3621 935 3675 τοῦ
975 3623 1152 3692 ῥύπου
1189 3621 1560 3694 καθαρισμδς,
1602 3626 1696 3679 καὶ
1729 3626 1762 3695 ή
1805 3625 1892 3680 διὰ

299 3713 393 3769 τοῦ
445 3715 763 3787 Πνεύματος
793 3715 1181 3786 ἀναγέννησις.
1215 3718 1311 3771 καὶ
1347 3717 1379 3786 ἠ
1415 3718 1473 3769 ὲν
1504 3717 1583 3787 τῷ
1626 3718 1759 3790 πυρὶ
1792 3718 1893 3790 τῆς

300 3808 635 3878 διακρίσεως
666 3807 923 3879 βάσανος.
954 3811 1121 3865 Ὥστε
1151 3811 1214 3864 τδ
1242 3811 1344 3881 μὲν
1388 3811 1699 3875 ἑκπλύνειν,
1756 3812 1892 3890 πρός

302 3903 400 3971 τὴν
435 3896 541 3953 ὧδε
572 3900 832 3955 ἀπόθεσιν
862 3902 964 3973 τῆς
1000 3902 1282 3973 ἁμαρτίας
1315 3903 1688 3973 λαμϐάνεται·
1722 3908 1783 3958 τὸ
1810 3905 1889 3969 δὲ,

307 3992 587 4063 Πνεύματι
612 3994 876 4065 κρίσεως,
906 3994 999 4048 καὶ
1028 3996 1297 4065 πνεύματι
1322 3996 1591 4061 καύσεως,
1628 3997 1763 4068 πρὸς
1791 3999 1890 4068 τὴν

303 4089 361 4141 ὲν
392 4086 479 4155 τῷ
538 4086 789 4157 μέλλοντι
825 4086 1009 4151 αἰῶνι,
1054 4087 1143 4142 διὰ
1177 4088 1272 4142 τοῦ
1310 4088 1484 4153 πυρὸς
1539 4090 1887 4160 δοκιμασίαν.

306 4180 617 4234 Δέονταιὸὲ
651 4180 713 4233 αί
758 4179 861 4247 μὲν
903 4183 1046 4233 κατά
1092 4179 1317 4248 ἄγνοιαν
1365 4181 1663 4254 ἁμαρτίαι,
1721 4186 1890 4237 οἱονεὶ

308 4272 484 4341 ῥύπος
512 4287 597 4335 τις
639 4265 820 4337 οὖσαι,
859 4271 960 4340 τὴν
991 4272 1318 4341 ἐπιφάνειαν
1343 4274 1443 4343 τῆς
1481 4273 1662 4345 ψυχῆς
1692 4275 1888 4345 ἀφανί-

304 4363 523 4428 ζουσαι,
566 4363 661 4416 καὶ
694 4363 773 4432 τῷ
798 4364 1016 4434 φυσικῷ
1040 4365 1227 4420 κάλλει
1258 4366 1434 4435 αὐτῆς
1464 4368 1885 4437 λυμαινόμεναι,

299 4454 392 4509 τοῦ
417 4458 489 4508 ἐκ
515 4455 615 4526 τῆς
646 4455 894 4531 πλύσεως
924 4456 1275 4527 καθαρισμοῦ
1304 4473 1316 4486 ·
1350 4461 1404 4512 al
1447 4458 1506 4512 δὲ
1542 4459 1678 4531 πρὸς
1721 4461 1883 4516 θάνα-

298 4569 389 4606 τον
437 4530 709 4623 ἁμαρτίαι
739 4554 852 4607 τῶν
891 4554 1158 4619 ἑκουσίως
1208 4530 1691 4625 ἐξαμαρτανόντων
1745 4558 1886 4625 μετᾶ

298 4644 361 4699 τῦ
411 4644 601 4699 λαϐεῖν
647 4645 746 4717 τὴν
792 4645 1110 4715 ἐπίγνωσιν.
1167 4643 1308 4715 αἷμα
1362 4648 1887 4717 προσαγορεύονται,

299 4737 556 4810 δεόμεναι
588 4738 690 4807 τῆς
744 4741 801 4792 ὲν
835 4739 915 4810 τῷ
963 4738 1211 4809 καύματι
1241 4740 1501 4809 κρίσεως.
1573 4743 1729 4795 Ἐπεὶ
1764 4743 1822 4795 δὲ
1862 4744 1891 4797 ό

301 4830 812 4903 ἐξομολογούμενος.
860 4833 959 4886 καὶ
1000 4832 1275 4902 πλυθῆναι
1322 4832 1487 4899 ἀξιοῖ,
1537 4835 1628 4888 καὶ
1661 4835 1891 4905 καθαριο

304 4923 520 4995 σθῆναι,
575 4925 674 4976 καὶ
702 4925 806 4990 τὴν
845 4924 946 4994 μὲν
1004 4925 1258 4993 ἀνομίαν,
1308 4925 1557 4990 πλύσεως
1606 4944 1739 4996 φησι
1776 4927 1886 4981 δεῖ·

302 5014 462 5067 σθαι*
493 5017 595 5085 τὴν
636 5015 693 5067 δὲ
734 5015 1015 5086 ἁμαρτίαν
1047 5017 1427 5087 καθαρισμοῦ,
1465 5019 1662 5087 λέγων·
1726 5038 1745 5071 ι
1768 5018 1893 5073 Ἐπὶ

300 5108 487 5162 πλείον
516 5107 714 5163 πλῦνόν
750 5126 817 5178 με
848 5111 960 5163 ἀπὸ
992 5110 1090 5180 τῆς
1119 5111 1353 5180 ἀνομίας
1382 5129 1509 5183 μου,
1533 5114 1627 5166 καὶ
1654 5112 1763 5166 ἀπὸ
1790 5116 1890 5180 τῆς

302 5202 579 5273 ἁμαρτίας
609 5218 713 5273 μου
740 5201 1042 5273 καθάρισύν
1074 5219 1196 5273 με’»
1231 5204 1282 5257 oi
1317 5204 1420 5271 μὲν
1454 5206 1632 5275 πάντη
1666 5205 1892 5276 ἀνήκοοι

298 5295 410 5348 τῶν
445 5294 603 5348 θείων
630 5293 995 5364 μαθημάτων,
1028 5298 1160 5365 πρὶν
1184 5295 1378 5365 μαθεῖν
1407 5296 1499 5349 τὸν
1527 5295 1686 5365 λόγον
1711 5298 1891 5367 ἡμαρ-

300 5390 554 5457 τηκότες,
600 5390 767 5443 οἱονεὶ
817 5391 1223 5461 ῥερυπωμένοι,
1256 5390 1350 5445 τοῦ
1386 5393 1496 5447 ἀπὸ
1546 5393 1639 5445 τοῦ
1690 5390 1885 5457 ὕδατος

302 5481 510 5535 δέονται
542 5463 924 5554 καθαρισμοῦ·
953 5486 1003 5538 oi.
1032 5487 1087 5538 δὲ
1118 5486 1257 5552 μετά
1285 5485 1347 5539 τὸ
1386 5486 1574 5539 λαϐεῖν
1603 5484 1701 5555 τη)
1735 5484 1882 5557 ζωὴν

304 5574 743 5639 ἐπιϐουλεύοντες
771 5578 1010 5642 ἑαυτοῖς,
1039 5576 1233 5648 αἵματι
1273 5578 1426 5637 ὄντες
1462 5576 1661 5647 ἔνοχοι,
1692 5576 1786 5630 τοῦ
1814 5579 1879 5631 ὲκ

306 5665 395 5716 τοῦ
428 5668 592 5737 πυρὸς
624 5670 834 5724 δέονται
866 5672 1236 5743 καθαρισμοῦ.
1271 5674 1427 5728 Ἔστι
1464 5674 1519 5727 δὲ
1550 5673 1645 5725 καὶ
1676 5672 1883 5725 ἀπλού-

382 5849 448 5877 ay
476 5852 652 5908 ‘Pﬁill.
693 5870 744 5919 1.,
789 5853 844 5910 τί.

1997 3256 2128 3297 vero
2160 3245 2227 3300 ad
2259 3257 2517 3319 mortem,
2559 3267 2751 3309 eorum
2788 3258 2881 3327 qui
2917 3269 3117 3328 sponte
3144 3261 3490 3335 delinquunt,
3523 3279 3578 3325 et

1996 3334 2048 3388 id
2080 3350 2441 3407 cognoscunt,
2476 3347 2702 3416 sanguis
2731 3350 3097 3420 appellantur,
3136 3367 3405 3427 egentque
3429 3334 3577 3427 judi-

1995 3428 2081 3484 cio
2121 3434 2356 3490 ardoris.
2402 3435 2511 3493 Sed
2538 3440 2673 3509 quia
2707 3442 2798 3514 qui
2829 3447 3140 3514 conﬁtetur,
3180 3450 3349 3507 lavari
3384 3456 3496 3511 vult
3522 3468 3577 3511 ει

1995 3526 2239 3596 purgari,
2285 3537 2340 3583 et
2386 3529 2735 3603 iniquitatem
2785 3538 2988 3594 lotione
3044 3540 3176 3597 dicit
3223 3545 3488 3617 indigere,
3521 3562 3575 3603 rt

1996 3627 2281 3685 peccatum
2318 3627 2661 3696 purgatione,
2696 3630 2883 3689 dicens
2921 3650 2933 3691 :
2974 3652 2993 3685 ι
3034 3636 3283 3707 Amplius
3320 3640 3436 3695 lava
3488 3659 3575 3698 me

1996 3704 2062 3759 ab
2083 3706 2371 3779 iniquitate
2389 3730 2531 3783 mea,
2556 3726 2609 3772 et
2631 3734 2662 3774 a
2683 3735 2909 3790 peccato
2927 3741 3048 3781 meo
3074 3704 3270 3784 munda
3292 3748 3375 3786 me
3392 3734 3458 3768 "'
3484 3736 3500 3766 ¹
3520 3752 3570 3804 ;ι

1994 3801 2086 3869 qui
2116 3801 2421 3861 divinarum
2455 3809 2830 3868 doctrinarum
2866 3820 3086 3887 penitus
3133 3832 3263 3879 sunt
3295 3842 3571 3897 expertes.

1994 3902 2049 3946 et
2098 3905 2225 3950 ante
2278 3898 2430 3954 verbi
2487 3905 2857 3973 cognitionem
2904 3909 3274 3985 deliquerunt,
3312 3927 3572 3992 tanquam

1994 3987 2249 4044 sordibus
2284 3996 2689 4060 commaculati,
2722 4007 2883 4070 egent
2908 4016 2968 4056 ca
3004 4020 3125 4073 qua:
3161 4023 3257 4076 per
3285 3987 3480 4080 aquain
3518 4014 3575 4069 tit

1952 4118 1964 4128 .
1994 4082 2355 4149 purgatione;
2408 4086 2499 4156 qui
2556 4104 2685 4142 vero
2740 4104 2867 4161 post
2916 4107 3197 4167 acceptam
3248 4104 3434 4170 vitam,
3464 4108 3573 4167 sibi

1993 4173 2128 4257 ipsis
2162 4174 2389 4233 insidias
2439 4188 2684 4249 struunt,
2724 4187 3011 4257 sanguinis
3053 4192 3155 4257 rei,
3193 4210 3254 4249 ea
3304 4213 3426 4267 qute
3478 4216 3575 4272 per

1991 4269 2170 4337 ignem
2230 4269 2288 4324 lit
2329 4276 2653 4344 purgatione
2709 4278 2973 4349 indigent.
3038 4282 3342 4345 Possumus
3400 4269 3569 4350 etiam

1989 4362 2291 4433 simplicius
2322 4365 2701 4438 interpretari,
2748 4376 2894 4441 quod
2923 4392 2987 4430 ea
3017 4390 3239 4447 peccata
3268 4400 3388 4453 quae
3430 4388 3572 4443 velut

1992 4455 2052 4509 in
2094 4459 2383 4527 superﬁcie
2429 4470 2575 4529 sunt,
2620 4472 2674 4518 et
2722 4466 2869 4522 intus
2924 4485 3031 4524 non
3087 4469 3274 4541 latent,
3322 4479 3448 4534 sord
3476 4482 3576 4536 bus

1994 4551 2400 4618 quodammodo
2454 4565 2581 4609 sunt
2635 4556 2832 4611 similia
2872 4577 2890 4616 :
2924 4563 3193 4632 profunda
3224 4577 3280 4623 et
3312 4570 3571 4630 interiora

1993 4656 2057 4696 ex
2087 4658 2254 4713 pravo
2284 4644 2475 4700 habitu
2504 4647 2935 4719 delinquentium
2969 4662 3279 4726 commissa,
3319 4668 3569 4737 sanguini

1994 4749 2404 4804 comparantur.
2462 4738 2669 4797 Idcirco
2722 4758 2788 4799 ex
2849 4749 3030 4804 medio
3074 4764 3441 4820 peccatorum,
3477 4776 3572 4828 per

1992 4830 2221 4897 spiritus
2278 4835 2548 4890 ustionem
2599 4841 2839 4909 .purgari
2904 4842 3106 4898 dicitur
3160 4850 3379 4920 sanguis
3442 4853 3573 4909 Prn-

1994 4924 2219 4991 pltetie:
2266 4944 2284 4977 ι
2346 4925 2411 4981 Et
2449 4929 2797 4985 comburitur
2847 4933 2989 4990 sicut
3035 4936 3176 5007 ignis
3218 4940 3498 5010 iniquitas.
3548 4966 3566 4996 ι

1995 5015 2163 5072 Basil.
2208 5036 2225 5068 ι
2266 5020 2439 5075 liabet
2466 5024 2828 5079 commutatio
2853 5029 3141 5096 quamdam
3176 5031 3425 5087 beneficii
3447 5050 3572 5104 spc-

1990 5107 2154 5171 cicm,
2192 5108 2322 5179 quia
2358 5110 2713 5167 comburctur
2742 5114 2883 5171 sicut
2929 5114 3071 5185 ignis
3104 5118 3385 5189 iniquitas.
3435 5121 3568 5178 Nam

1992 5211 2234 5272 paratam
2266 5218 2331 5257 ex
2361 5215 2515 5273 parte
2554 5204 2860 5276 iniquitatis
2890 5211 3171 5265 materiam
3206 5214 3433 5280 aboleri,
3471 5233 3570 5286 pro

1991 5291 2273 5346 hominum
2311 5293 2601 5361 beneﬂcio,
2627 5310 2657 5349 a
2686 5296 2930 5354 bonitate
2963 5300 3177 5355 Domini
3214 5307 3566 5363 constitutum

1992 5394 2095 5438 est.
2136 5401 2155 5435 ι
2201 5384 2482 5453 l‘rophettc
2522 5402 2535 5442 :
2573 5403 2590 5436 ι
2638 5384 2699 5439 Ει
2725 5387 2868 5442 sicut
2899 5404 3121 5460 gramen
3154 5393 3366 5447 aridum
3400 5395 3569 5451 devo-

1995 5479 2203 5533 rabitnr
2256 5478 2327 5532 ab
2380 5479 2525 5549 igne,
2580 5489 2635 5534 ct
2685 5483 3040 5537 comburctur
3098 5485 3153 5539 in
3206 5483 3571 5545 densitatibus

1992 5574 2178 5643 sylrtc.
2218 5590 2235 5623 ι
2275 5570 2439 5625 Basil.
2476 5589 2495 5623 ι
2531 5568 2820 5637 Quomodo
2841 5572 3178 5645 demergitur
3228 5576 3282 5630 in
3336 5581 3569 5635 terrenis

1992 5666 2277 5722 allectibus
2334 5664 2557 5719 anima?
2610 5665 2781 5720 Sicuti
2839 5680 3063 5734 gramen
3106 5666 3334 5722 allectus
3370 5670 3565 5726 auium:
