4182 6350
491 332 627 394 1263

1674 319 1989 383 JOSEPIII
2024 313 2572 379 METIIONENSIS

3599 315 3748 380 1264

486 445 704 510 serpunt
756 459 822 497 ea
863 440 1045 495 carnis
1079 441 1320 510 appetitu
1375 438 1726 509 pullulantcs,
1776 447 1967 489 mutuo
1998 448 2055 487 se

2170 455 2352 507 στερον
2388 437 2661 501 ἐκλαϐεῖν,
2704 436 2784 488 ὅτι
2837 433 2901 487 τὰ
2943 433 3039 502 μὲν
3083 433 3378 487 ὲπιπὸλαια
3408 433 3515 487 τῶν
3551 436 3740 505 ἀμαρ-

484 545 809 600 generantes
838 541 892 586 et
927 532 1064 587 alios
1094 531 1161 586 de
1193 532 1314 586 aliis
1358 531 1744 599 producentes.
1777 527 1908 579 Nam
1973 543 2060 578 vt:-

478 626 578 680 luti
602 638 823 696 gramen
853 639 1016 692 supra
1052 625 1270 678 modum
1304 623 1443 676 inter
1473 621 1669 676 herbas
1696 619 2062 688 geniculalutn

485 727 590 781 est.
628 732 728 772 nec
770 733 1006 788 unquam
1042 715 1162 785 ejus
1215 717 1492 786 generatio
1522 715 1738 778 desinit,
1786 713 1881 768 sed
1922 727 2066 766 sem-
2103 717 2114 726 "

485 823 585 878 per
618 808 803 879 prima:
846 807 1214 879 generationis
1263 806 1386 861 linis
1431 805 1489 860 tit
1539 806 1818 874 sequentis
1851 803 2060 875 princi-

486 901 660 970 pium,
694 900 816 954 talis
851 912 936 954 est
964 909 1019 953 et
1045 908 1393 968 peccatorum
1427 909 1643 952 natura.
1681 898 1795 967 Ipsa
1831 897 2060 965 seipsam

486 991 736 1058 SllSt’lpll,
771 989 941 1060 gignit
973 989 1141 1044 libido
1195 988 1498 1050 libidinem,
1543 987 1882 1043 consuetudo
1909 1001 2062 1040 men-

487 1083 658 1136 tiemti
689 1081 744 1135 Iit
777 1081 1042 1136 mendacii
1077 1088 1252 1135 mater
1282 1123 1297 1147 ,
1321 1089 1380 1134 et
1403 1079 1496 1148 qui
1528 1080 1580 1133 in
1611 1079 1770 1134 furtis
1801 1079 2066 1133 meditan-

489 1174 574 1228 dis
601 1183 846 1228 versatur
876 1172 1035 1228 facile
1064 1173 1316 1239 injuriatn
1342 1171 1507 1226 audet
1535 1171 1734 1226 inferre
1759 1189 1774 1239 ;
1803 1170 2062 1240 peccandi

486 1268 632 1320 enim
665 1267 880 1321 occasio
910 1268 968 1321 Iit
1001 1265 1317 1336 praecedens
1341 1273 1642 1333 peccatum.
1680 1264 1735 1317 Si
1768 1264 1932 1332 igitur
1969 1278 2065 1333 per

485 1357 884 1413 confessionem
909 1366 1189 1427 peccatum
1218 1355 1619 1423 aperuerimus,
1640 1355 1846 1409 siccum
1870 1354 1922 1407 id
1940 1369 2068 1424 gra-

487 1467 610 1505 men
664 1451 1022 1512 reddidimus,
1073 1460 1129 1502 ut
1173 1465 1201 1503 a
1249 1448 1567 1518 purgatorio
1635 1447 1760 1517 igne
1808 1447 2062 1501 devorari

484 1545 778 1595 mercatur.
803 1538 858 1594 Id
882 1546 1062 1592 autem
1090 1538 1144 1591 in
1164 1539 1430 1593 densitate
1451 1537 1609 1609 sylva:
1656 1537 2012 1596 comburitur.
2042 1553 2061 1587 ι

486 1636 553 1691 Et
579 1636 739 1704 paulo
767 1641 887 1703 post
921 1648 936 1692 ;
973 1651 991 1683 ι
1024 1631 1082 1685 Si
1110 1648 1220 1686 non
1245 1633 1478 1686 evaserit
1504 1633 1554 1684 vi
1586 1645 1804 1700 gramen
1829 1629 2065 1696 aridunt,

488 1738 734 1782 nostrum
790 1733 1074 1794 peccatum
1128 1725 1195 1779 ab
1246 1725 1369 1795 igne
1419 1739 1527 1778 non
1579 1721 1930 1777 devorabitur
1966 1739 2067 1778 nec

487 1820 855 1874 comburetnr.
899 1835 918 1869 ι
964 1815 1030 1870 Et
1066 1816 1262 1871 iterum
1303 1835 1316 1872 :
1368 1835 1385 1867 ι
1444 1814 1671 1883 Propter
1703 1815 1941 1868 furorem
1974 1813 2065 1866 ira:

491 1911 727 1978 Domini,
761 1910 1049 1965 combusta
1085 1918 1171 1963 est
1198 1909 1378 1963 omnis
1411 1917 1578 1964 terra.
1621 1925 1639 1958 ι
1666 1905 1919 1960 Ostendit
1961 1918 2069 1960 tcr-

489 2021 620 2060 rena
644 2019 740 2073 pro
768 2001 960 2056 animte
992 1998 1257 2055 beneficio
1294 2000 1403 2069 igni
1449 1999 1587 2053 tradi
1626 1998 1953 2068 punitionis,
1997 1999 2070 2051 si-

489 2107 583 2153 cut
622 2097 884 2152 Dominus
927 2093 1297 2160 subostendit,
1333 2093 1524 2149 dicens
1576 2108 1589 2145 :
1649 2111 1666 2144 ι
1707 2091 1893 2162 Ignem
1946 2090 2067 2146 veni

489 2190 706 2243 mittere
760 2189 812 2240 in
869 2196 1068 2242 terram
1109 2184 1323 2253 etquid
1360 2184 1481 2238 volo
1534 2183 1640 2238 nisi
1684 2194 1744 2238 ut
1797 2183 2068 2238 accenda-

491 2294 581 2336 tur
605 2283 672 2335 “.
713 2299 731 2331 ι
769 2278 1053 2350 Propheta).
1084 2294 1098 2332 :
1129 2295 1146 2327 ι
1179 2276 1245 2330 Ει
1271 2277 1375 2330 erit
1409 2276 1642 2346 populus
1673 2276 1815 2330 sicut
1850 2274 1919 2330 ab
1946 2276 2070 2346 igne

489 2375 832 2430 combustus.
884 2392 902 2424 ι
938 2369 1102 2425 Basil.
1145 2389 1163 2421 ι
1199 2370 1314 2424 Non
1347 2369 1630 2424 interitum
1677 2368 1939 2433 minatur,
1972 2368 2067 2424 sed

493 2469 873 2541 purgationem
909 2463 1259 2520 subostcndit
1314 2462 1616 2517 secundum
1677 2461 1922 2530 Apostoli
1983 2461 2070 2515 di-

492 2574 640 2616 ctum
673 2559 818 2629 quod
867 2557 914 2612 si
946 2556 1106 2626 cujus
1139 2570 1276 2625 opus
1305 2553 1659 2609 comburctur
1685 2552 1946 2608 damnum
1980 2569 2070 2622 pa-

492 2656 675 2718 tietur,
705 2653 821 2722 ipse
854 2665 984 2706 vero
1007 2647 1328 2711 salvabitur,
1359 2647 1437 2701 sic
1473 2655 1655 2700 tamen
1686 2652 1940 2715 tanquam
1973 2661 2069 2716 per

492 2749 689 2816 ignem.
730 2764 750 2798 ι
797 2744 970 2798 Audis
1020 2757 1278 2813 magnum
1335 2748 1543 2810 patrem
1591 2739 1761 2804 hunc,
1791 2739 2067 2808 quomodo

490 2841 694 2896 eluitur
749 2850 802 2892 et
846 2837 1138 2908 deponitur
1195 2826 1283 2889 hic
1332 2831 1559 2897 malitia,
1615 2831 1671 2886 in
1720 2832 1904 2886 futuro
1940 2847 2069 2886 vero

494 2933 757 3003 probator
786 2939 839 2984 ct
875 2939 1138 3000 purgatur
1167 2926 1236 2982 ab
1265 2925 1429 2996 igne?
1473 2934 1526 2980 et
1552 2924 1696 2994 quod
1734 2940 1831 2993 pro
1860 2925 2057 2979 anima:

2163 532 2447 595 τημάτων,
2491 529 2646 598 ῥύπῳ
2693 529 2800 579 τινὶ
2831 527 3007 578 ἔοικε·
3064 526 3130 578 τά
3177 527 3231 578 δὲ
3278 527 3367 580 διὰ
3399 526 3621 596 βάθους,
3675 531 3744 580 ὲκ

2165 622 2462 683 διαθέσεως
2494 621 2590 690 τῆς
2641 621 2777 690 πρὸς
2806 621 2868 674 τὸ
2910 621 3082 675 κακὸν
3123 623 3231 674 τῶν
3272 619 3744 688 πλημμελούντων

2164 713 2623 784 ἀμαρτανόμενα,
2665 714 2860 784 αἵματι
2893 712 3310 784 παρεικάζεται.
3341 713 3432 766 Διὸ
3476 714 3540 765 ὲκ
3569 712 3741 781 μέσου

2165 809 2278 861 τῶν
2308 806 2731 878 ἡμαρτηκότων,
2759 806 2848 859 διὰ
2871 806 2972 875 τῆς
2995 805 3090 859 τοῦ
3122 804 3434 874 πνεύματος
3465 803 3742 866 καύσεως,

2166 897 2705 968 ἐκκαθαρίξεσθαιτὸ
2740 893 2879 966 αἷμα
2912 898 3153 964 λέγεται.
3181 897 3551 966 Προφητικόν,
3593 896 3738 948 ιΚαὶ

2168 990 2503 1059 καυθήσεται
2533 990 2607 1054 ὡς
2643 991 2750 1057 πῦρ
2775 993 2806 1058 ἡ
2847 991 3104 1058 ἀνομία.)
3145 990 3442 1052 Βασίλειος.
3472 988 3658 1057 «Ἔχει
3688 990 3745 1039 δέ

2169 1100 2292 1135 τινα
2321 1082 2354 1149 ἡ
2388 1081 2587 1150 ἀπειλὴ
2621 1080 2937 1148 εὐεργεσίας
2988 1079 3250 1149 ἔμφασιν,
3295 1082 3378 1133 ὅτι
3412 1080 3747 1147 καυθήσεται

2169 1176 2202 1242 ή
2237 1173 2437 1240 ἀνομία
2466 1174 2538 1236 ὡς
2567 1173 2732 1242 πῦρ.ι
2773 1173 2882 1240 Τὴν
2908 1173 3011 1243 γὰρ
3032 1172 3583 1243 παρασκευασθεῖσαν
3612 1170 3747 1240 ὓλην

2169 1268 2232 1319 ὲκ
2267 1268 2365 1334 τῆς
2402 1266 2656 1336 ἀνομίας,
2705 1267 2998 1335 ἀφανισμῷ
3036 1265 3409 1334 παραδοθῆναι
3456 1265 3544 1317 ἐπ’
3593 1264 3751 1332 εὐερ-

2170 1359 2333 1429 γεσίᾳ
2363 1358 2472 1412 τῶν
2527 1358 2834 1429 ἀνθρώπων
2884 1359 3035 1428 παρά
3085 1358 3181 1411 τοῦ
3233 1358 3440 1425 ἀγαθοῦ
3486 1358 3750 1410 δεσπότου

2171 1450 2540 1521 ᾠκονόμηται.
2577 1452 2941 1522 Προφητικόν.
2987 1467 3005 1500 ι
3039 1451 3146 1503 Καὶ
3171 1452 3244 1512 ὡς
3275 1450 3549 1519 ἀγρωστις
3583 1445 3750 1516 ξηρὰ,

2173 1542 2520 1613 βρωοήσεται
2560 1544 2663 1597 ὐπὸ
2701 1544 2894 1612 πυρδς.
2926 1545 3021 1596 καὶ
3065 1542 3400 1610 καυθήσεται
3433 1543 3488 1593 ὲν
3516 1542 3625 1593 τοῖ;
3658 1540 3754 1594 δά-

2172 1650 2289 1686 σεσι
2335 1634 2430 1686 τοῦ
2456 1633 2717 1703 δρυμοῦ.»
2753 1633 3056 1694 Βασίλειος.
3089 1652 3107 1686 ι
3129 1632 3248 1693 Πῶς
3268 1633 3606 1700 ἐγκέχωσται
3637 1632 3750 1691 τοῖς

2171 1727 2380 1794 γηῖνοις
2409 1726 2638 1780 πάθεσιν
2667 1728 2700 1796 ἡ
2728 1727 2899 1796 ψυχή,
2932 1725 3007 1788 ὡς
3034 1726 3312 1794 ἀγρωστις
3339 1741 3353 1757 ·
3386 1723 3451 1776 τά
3485 1723 3631 1791 πάθη
3658 1721 3754 1774 αὐ·

2174 1820 2268 1887 τῆς
2297 1822 2356 1870 ὲκ
2389 1817 2481 1870 τοῦ
2511 1820 2860 1887 φρονήματος
2894 1817 2994 1886 τῆς
3022 1818 3219 1888 σαρκὸς
3249 1818 3583 1887 ἔκφυόμενα,
3609 1815 3755 1885 διέρ-

2177 1929 2284 1974 πει,
2321 1912 2388 1965 δι’
2422 1911 2670 1979 ἀλλήλων
2712 1913 2810 1982 τήν
2841 1911 3056 1978 γένεσιν
3099 1913 3314 1982 ἔχοντα,
3361 1913 3455 1965 καὶ
3482 1912 3619 1966 ἀλλα
3664 1912 3755 1964 ἀπ’

2173 2002 2354 2064 ἀλλοις
2394 2004 2746 2073 γεννώμενα;
2790 2002 2880 2066 Ὣς
2903 2004 3013 2074 γάρ
3044 2005 3076 2070 ή
3125 2005 3399 2074 ἀγρωστις
3440 2003 3756 2069 πολυγονώ-

2171 2096 2332 2150 τατόν
2377 2099 2526 2151 ἐστιν
2585 2099 2644 2149 ὲν
2678 2096 2955 2166 βοτάναις,
3021 2097 3118 2150 καὶ
3165 2095 3404 2164 οὐδαμοῦ
3451 2096 3756 2164 καταλήγει

2171 2188 2342 2256 αὐτῆς
2381 2189 2413 2258 ή
2448 2187 2686 2256 γένεσις,
2716 2187 2832 2239 ἀλλ’
2864 2187 2952 2240 ἀεὶ
2981 2189 3039 2242 τὸ
3073 2188 3247 2259 πέρας
3273 2190 3373 2256 τῆς
3416 2186 3636 2258 πρώτης
3661 2203 3756 2254 γε-

2175 2281 2396 2343 νέσεως,
2422 2279 2566 2350 ἀρχή
2603 2278 2697 2332 τοῦ
2724 2278 2921 2348 ἑφεξῆς
2954 2280 3187 2347 γίνεται,
3213 2281 3436 2347 τοιαύτη
3465 2282 3556 2332 καὶ
3583 2282 3615 2346 ή
3644 2281 3757 2333 τῶν

2172 2371 2588 2443 ἁμαρτημάτων
2632 2371 2749 2424 ἐστὶ
2785 2371 2979 2438 φύσις·
3011 2370 3148 2441 αὐτή
3187 2370 3385 2440 ἑαυτὴν
3416 2369 3750 2440 διαδέχεται·

2171 2470 2266 2520 καὶ
2293 2466 2458 2535 γεννᾷ
2490 2464 2589 2531 μὲν
2615 2465 2647 2532 ἡ
2674 2466 2903 2536 πορνεία
2938 2466 3202 2535 πορνείαν
3231 2479 3244 2495 ⁸
3280 2466 3313 2532 ή
3344 2463 3399 2516 δὲ
3436 2466 3494 2517 ἑν
3517 2464 3594 2531 τῷ
3623 2463 3758 2530 ψεύ-

2170 2555 2252 2608 δει
2283 2553 2568 2624 συνήθεια,
2601 2553 2832 2624 ψεύδους
2862 2555 3074 2620 γίνεται
3110 2555 3294 2625 μήτηρ
3324 2568 3339 2584 ⁸
3365 2555 3458 2607 καὶ
3482 2556 3510 2606 ὁ
3543 2554 3600 2605 ἐν
3631 2553 3757 2606 κλο-

2174 2645 2304 2707 παῖς
2334 2645 2662 2714 μελετήσας,
2693 2645 3012 2715 κατατολμᾷ
3036 2645 3236 2714 ῥαδίως
3267 2642 3362 2696 τοῦ
3391 2644 3749 2714 ἀδικήματος·

2173 2739 2206 2806 ή
2244 2738 2353 2807 γὰρ
2383 2735 2737 2806 προλαϐοῦσα
2778 2735 3044 2806 ἁμαρτία,
3075 2736 3299 2807 ἀφορμὴ
3354 2737 3630 2808 ἁμαρτίας
3662 2736 3752 2804 γί-

2171 2847 2342 2883 νεται.
2395 2831 2520 2883 Ἐὰν
2549 2827 2643 2883 οὖν
2676 2827 3059 2900 γυμνὼσωμεν
3089 2827 3188 2898 τήν
3229 2828 3508 2898 ἁμαρτίαν
3535 2829 3621 2882 διὰ
3653 2828 3758 2898 τῆς

2173 2922 2644 2991 ἐξομολογήσεως,
2681 2921 3018 2991 ἐποιήσαμεν
3050 2920 3219 2990 αὐτὴν
3252 2919 3426 2990 ξηρὰν
3457 2922 3753 2988 ἄγρωστιν·

493 3024 781 3084 beneficio,
828 3038 855 3074 a
911 3021 1153 3076 bonitate
1189 3018 1428 3082 Domini,
1469 3016 1764 3084 punitionis
1806 3016 1944 3086 ignis
1979 3017 2067 3071 ille

2173 3016 2332 3082 ἀξίαν
2377 3014 2470 3068 τοῦ
2514 3014 2942 3084 καταῦρωθῆναι
2979 3013 3083 3068 ὐπδ
3122 3015 3215 3067 τοῦ
3266 3013 3603 3083 καθαρτικοῦ
3654 3031 3754 3066 πυ-

494 3129 574 3169 est
621 3111 986 3168 constitutus?
1036 3119 1090 3164 et
1142 3106 1288 3178 quod
1328 3106 1533 3177 peccati
1591 3113 1780 3173 parata
1839 3106 2066 3159 materia

2174 3109 2297 3179 ρός·
2336 3106 2474 3175 αῦτη
2507 3107 2563 3160 δὲ
2595 3107 2808 3160 καίεται
2864 3107 2923 3158 ὲν
2962 3108 3074 3171 τοῖς
3112 3108 3300 3161 δάσεσι
3331 3106 3426 3160 τοῦ
3464 3106 3696 3176 δρυμοῦ.
3730 3126 3750 3159 a

490 3207 743 3260 aboletur
773 3220 836 3258 ac
886 3204 1030 3255 velut
1079 3215 1300 3271 gramen
1351 3197 1565 3253 aridum
1614 3198 1984 3264 comburitur,
2026 3200 2067 3255 si

2178 3201 2286 3255 Καὶ
2322 3199 2438 3270 μετ’
2462 3200 2639 3268 ὀλίγον
2666 3216 2678 3228 ·
2715 3220 2732 3251 ι
2785 3200 2913 3252 Ἐὰν
2949 3197 3046 3254 οῦν
3075 3201 3151 3271 μή
3199 3203 3426 3270 γένηται
3465 3201 3539 3264 ὡς
3571 3200 3755 3268 ἀγρω-

497 3316 590 3367 per
621 3296 982 3352 cofessioncm
1015 3292 1360 3357 denudetur;
1389 3291 1432 3344 si
1471 3304 1598 3345 vero
1631 3304 1741 3345 non
1766 3291 2067 3345 dCDUtIBIUI

2180 3311 2297 3357 στις
2356 3293 2497 3362 ξηρὰ
2549 3294 2582 3362 ή
2621 3292 2866 3362 ἁμαρτία
2916 3293 3097 3362 ἡμῶν,
3137 3293 3197 3346 οὐ
3251 3292 3597 3365 βρωθήσεται
3648 3291 3757 3346 ὐπὸ

495 3409 523 3444 a
581 3388 894 3460 purgatorio
951 3387 1075 3456 igne
1127 3382 1460 3439 devoratur?
1493 3382 1560 3436 Et
1606 3382 1749 3451 quod
1799 3383 2067 3438 interitum

2175 3384 2269 3436 τοῦ
2317 3385 2516 3453 πυρὸς,
2563 3383 2686 3436 οὔτε
2738 3383 3092 3455 καυθήσεται.
3127 3403 3144 3436 ι
3190 3385 3294 3438 Καὶ
3344 3384 3538 3439 πάλιν·
3581 3403 3604 3439 ε
3655 3385 3757 3439 Διά

499 3498 602 3534 non
664 3481 923 3542 minatur,
979 3477 1072 3529 sed
1115 3472 1490 3544 purgationem
1547 3471 1915 3536 suboslendit,
1952 3473 2067 3526 dun:

2179 3473 2352 3543 θυμὸν
2402 3474 2570 3543 ὀργῆς
2607 3476 2833 3542 Κυρίου,
2890 3476 3263 3542 συγκέκαυται
3294 3474 3389 3545 ὅλη
3437 3476 3471 3546 ή
3505 3473 3578 3544 γῆ
3600 3489 3615 3504 ⁸
3647 3475 3759 3528 δεί-

499 3577 615 3629 Ιιιεο
640 3573 802 3635 dicit,
838 3571 1029 3624 beatus
1060 3568 1149 3621 hic
1184 3565 1488 3636 apostolica
1517 3562 1604 3617 illa
1639 3563 1802 3618 verba
1834 3565 2067 3629 adducit,

2187 3584 2399 3628 κνυσιν,
2431 3567 2514 3620 ὅτι
2545 3568 2612 3620 τά
2642 3568 2806 3638 γήϊνα
2851 3567 2928 3635 τῷ
2964 3568 3100 3636 πυρὶ
3129 3567 3206 3637 τῷ
3251 3568 3555 3638 κολαστικῷ
3581 3585 3760 3636 παρα⁴

506 3687 524 3719 ι
560 3665 675 3736 Ipse
703 3679 830 3718 vero
865 3660 1166 3717 salvabitur
1195 3660 1271 3714 sic
1289 3671 1469 3712 tamen
1501 3656 1657 3726 quasi
1695 3671 1791 3724 per
1827 3656 2026 3727 ignem.
2057 3675 2067 3706 ι

2187 3659 2400 3712 δέδοται
2428 3659 2516 3711 ἐπ’
2548 3661 2843 3732 εὐεργεσίᾳ
2877 3660 2975 3730 τῆς
3007 3660 3189 3729 ψυχῆς
3214 3677 3229 3695 ο
3265 3660 3407 3714 καθά
3451 3663 3544 3716 καὶ
3585 3663 3614 3715 ὁ
3652 3663 3762 3715 Κύ-

499 3758 635 3813 Nam
664 3756 977 3816 salvebimr.
1007 3753 1233 3808 salutem
1271 3749 1531 3813 ostendit,
1567 3758 1625 3802 ut
1655 3749 1878 3802 verbum
1907 3750 2063 3818 ipsun

2193 3770 2305 3820 ριος
2347 3752 2636 3820 ὑποφαίνει
2674 3752 2849 3818 λέγων
2873 3769 2886 3783 ο
2917 3772 2934 3805 ι
2975 3751 3092 3824 Πῦρ
3121 3748 3284 3823 ἦλθον
3321 3751 3502 3824 βαλεῖν
3537 3756 3630 3808 ἐπὶ.
3661 3755 3761 3824 τήν

502 3858 684 3913 sonat,
719 3864 827 3904 non
861 3846 1248 3918 perditionem,
1287 3853 1346 3895 ut
1377 3841 1592 3911 quidam
1627 3841 1829 3896 volunt.

2189 3846 2312 3912 γῆνο
2334 3845 2429 3896 καὶ
2445 3842 2497 3896 τί
2525 3845 2664 3896 θέλω
2692 3844 2859 3915 εῑήδη
2891 3844 3104 3916 ἀνήφθη
3139 3862 3185 3912 ;ι
3227 3848 3594 3916 Προῳητικόν,
3621 3852 3759 3903 ,Καὶ

505 3947 657 4001 ἔσται
684 3947 712 3999 ὁ
738 3945 889 4007 λαδς,
915 3943 989 4005 ὡς
1034 3941 1140 3994 ὐπδ
1169 3939 1339 4011 πυρὸς
1374 3938 1916 4008 κατακεκαυμένος.ι
1957 3939 2258 4004 Βασίλειος.
2303 3931 2449 3993 (Οὐκ
2494 3941 2802 4010 ἀφανισμὸν
2869 3940 3102 4004 ἀπειλεῖ,
3168 3941 3303 3994 ἀλλά
3351 3944 3451 4013 τήν
3494 3942 3760 4016 κάθαρσιν

507 4043 800 4112 ὑποφαίνει
825 4054 842 4072 ο
879 4037 1012 4092 κατά
1039 4037 1101 4090 τὸ
1131 4035 1425 4106 εἰρημένον
1454 4035 1607 4104 παρὰ
1634 4034 1709 4104 τῷ
1745 4033 1805 4088 ’Δ
1819 4037 2091 4108 ποστόλῳ,
2130 4039 2216 4092 ὅτι
2248 4037 2302 4090 εί
2322 4054 2465 4098 τινος
2494 4037 2554 4090 τὸ
2584 4036 2746 4107 ἔργον
2808 4037 3239 4107 κατακαήσεται,
3302 4036 3714 4108 ζημιωθήσεται
3741 4079 3756 4098 .

508 4141 668 4202 αὐτὸς
687 4138 745 4191 δὲ
766 4136 1068 4206 σωθήσεται
1095 4150 1108 4164 ·
1131 4130 1273 4184 οῦτω
1291 4131 1344 4183 δὲ
1362 4129 1540 4193 ὡςδιά
1558 4131 1746 4200 πυρός.
1778 4149 1796 4182 ι
1839 4129 2081 4206 Ἀκούεις
2119 4134 2216 4186 τοῦ
2246 4133 2485 4203 μεγάλου
2535 4134 2729 4186 τούτου
2805 4134 3039 4204 Πατρδς,
3089 4131 3208 4196 πῶς
3259 4131 3590 4188 ὲκπλύνεται
3665 4136 3761 4190 καὶ

506 4231 892 4302 ἀποτίθεταιή
946 4228 1148 4296 ἀνομία
1195 4225 1454 4290 ἐνταῦθα,
1502 4226 1560 4279 δν
1588 4225 1646 4279 δὲ
1693 4225 1772 4295 τῷ
1835 4228 2081 4296 μέλλοντι
2118 4229 2478 4300 δοκιμάζεται
2523 4229 2629 4283 ὐπδ
2680 4229 2777 4282 τοῦ
2814 4231 2987 4300 πυρδς
3049 4228 3144 4283 καὶ
3187 4227 3592 4299 καθαρίζεται;
3663 4237 3758 4289 καὶ

464 4325 468 4327 “
507 4335 590 4386 ὅτι
621 4329 710 4384 ἐπ’
738 4325 1026 4398 εὐεργεσίᾳ
1071 4323 1171 4392 τῆς
1204 4321 1386 4391 ψυχῆς
1417 4323 1570 4392 παρά
1612 4323 1708 4375 τοῦ
1757 4323 1964 4391 ἀγαθοῦ
2025 4325 2287 4380 δεσπότου
2336 4325 2682 4397 ᾠκονόμηται
2713 4328 2772 4380 τὸ
2818 4325 3142 4379 κολαστικὸν
3217 4327 3396 4378 ἐκεῖνο
3469 4327 3600 4395 πῦρ,
3667 4330 3758 4380 καὶ

503 4429 644 4495 ὃτιή
677 4419 1200 4496 παρασκευασθεϊσα
1228 4417 1329 4488 ῦλη
1376 4417 1477 4486 τῆς
1513 4419 1793 4487 ἁμαρτίας
1820 4420 2171 4487 ἀφανίζεται,
2243 4422 2340 4474 καὶ
2393 4421 2468 4485 ὼς
2532 4421 2808 4490 ἀγρωστις
2860 4419 2999 4490 ξηρά
3079 4422 3462 4483 κατακαίεται,
3505 4423 3600 4474 ἐὰν
3661 4439 3758 4490 γυ-

509 4521 696 4594 μνωθῇ
730 4519 817 4572 διά
848 4517 948 4585 τῆς
982 4514 1424 4585 ἐξομολογήσεως
1451 4530 1464 4543 ·
1508 4513 1573 4566 ἀν
1595 4514 1653 4567 δὲ
1685 4515 1761 4584 μὴ
1791 4516 2077 4586 γυμνωθῇ,
2118 4518 2179 4569 οὐ
2253 4516 2768 4586 καταϐιϐρώσκεται
2820 4517 2926 4569 ὐπδ
3009 4513 3104 4568 τοῦ
3157 4514 3495 4584 καθαρτικοῦ
3546 4518 3714 4584 πυρός
3741 4535 3757 4584 ;

509 4619 602 4669 καὶ
631 4617 713 4669 ὅτι
739 4615 838 4666 οὐκ
869 4609 1182 4682 ἀφανισμὸν
1207 4610 1444 4674 ἀπειλεῖ,
1503 4610 1618 4663 ἀλλ’
1645 4610 1936 4678 ὑποφαίνει
1981 4613 2080 4681 τήν
2114 4613 2408 4682 κάθαρσιν.
2459 4612 2647 4667 Ταῦτα
2700 4614 2874 4680 λέγων
2901 4614 2928 4666 ὸ
2963 4613 3232 4682 μακάριος
3312 4609 3488 4674 οὗτος,
3560 4613 3762 4682 ἐπάγει

510 4712 571 4762 τὸ
598 4706 958 4761 ἀποστολικδν
1005 4705 1183 4757 ἐκεῖνο
1215 4704 1401 4774 ῥητὸν,
1430 4703 1489 4754 τὸ
1529 4722 1548 4755 ι
1572 4704 1741 4767 Αὐτὸς
1787 4705 1843 4759 δὲ
1881 4705 2211 4775 σωθήσεται,
2248 4709 2392 4763 οὕτω
2441 4711 2497 4761 δὲ
2547 4709 2620 4771 ὡς
2654 4710 2741 4762 διά
2794 4709 2965 4780 πυρός
2989 4727 3002 4737 ·
3041 4727 3059 4759 ι
3088 4708 3147 4761 to
3222 4707 3332 4776 γάρ
3388 4707 3751 4778 σωθήσεται,

516 4803 786 4874 σωτηρίαν
816 4801 965 4871 δηλοί
995 4799 1137 4852 κατά
1185 4801 1282 4851 τὸν
1305 4798 1464 4869 ὀρθὸν
1488 4798 1670 4867 λόγον,
1697 4800 1791 4853 καὶ
1813 4803 1911 4855 οὐκ
1944 4802 2243 4868 ἀπώλειαν,
2279 4804 2354 4867 ὥς
2386 4822 2530 4869 τινες
2563 4803 2868 4873 βούλονται.

1237 4912 1368 4966 VIII.
2121 4906 2162 4959 ι)
2946 4919 3024 4972 H'.

591 5011 646 5064 Si
681 5009 842 5077 igitur
873 5022 994 5077 qua:
1028 5014 1192 5060 antea
1227 5005 1372 5059 dicta
1423 5017 1552 5061 sunt
1585 5005 1785 5071 omnia,
1821 5017 1874 5060 et
1908 5021 2065 5074 magn

2261 5009 2322 5062 Ei
2345 5005 2439 5063 οὖν
2469 5010 2536 5063 τὰ
2568 5009 2951 5081 προρρηθέντα
2984 5012 3182 5076 πάντα,
3216 5012 3309 5064 καὶ
3339 5013 3394 5063 at
3440 5014 3630 5083 ῥήσεις
3665 5015 3759 5067 τοῦ

515 5102 701 5160 Basilii
746 5101 908 5154 verba
941 5099 1076 5152 Ialsa
1108 5106 1258 5164 sunt,
1296 5101 1459 5153 etiam
1490 5099 1635 5166 quod
1687 5113 1716 5152 a
1759 5098 1963 5153 Latinis
1997 5115 2067 5153 vo

2190 5098 2430 5165 μεγάλου
2461 5099 2743 5152 Βασιλείου
2766 5099 2958 5170 ψευδῆ,
2997 5103 3090 5153 καὶ
3119 5101 3180 5154 τὸ
3212 5101 3362 5171 παρά
3390 5104 3641 5168 Λατίνοις
3669 5105 3760 5159 λε-

519 5206 671 5248 catur
709 5188 1081 5261 purgatorium
1134 5188 1330 5243 falsum
1372 5199 1476 5244 est.
1511 5189 1668 5253 Quod
1702 5189 1747 5244 si
1782 5204 1902 5242 vera
1938 5199 2066 5244 sunt

2188 5191 2418 5257 γόμενον
2451 5191 2886 5261 πουργατώριον,
2933 5192 3129 5262 ψεῦδός
3171 5199 3324 5246 ἐστιν
3345 5210 3358 5222 ·
3390 5197 3440 5247 εί
3469 5196 3518 5248 δ’
3556 5197 3756 5267 ἀληθῆ,

516 5283 676 5337 siculi
729 5290 877 5345 sunt,
915 5282 1054 5334 bene
1101 5294 1316 5332 sacrum
1365 5279 1646 5334 decretum
1693 5279 1826 5334 dicit
1855 5290 1907 5333 et
1941 5295 2065 5333 vere

2189 5280 2378 5350 ὥσπερ
2410 5285 2504 5334 καὶ
2542 5284 2670 5345 είσὶ,
2703 5282 2878 5346 καλῶς
2906 5286 2934 5335 ὀ
2967 5284 3109 5354 ἱερὸς
3140 5285 3265 5354 ὄρος
3301 5283 3450 5354 λέγει
3497 5289 3590 5340 καὶ
3629 5289 3761 5356 ἀλη-

517 5375 862 5429 laudabiliter
915 5371 1092 5426 Latini
1148 5374 1410 5436 sentiunt,
1475 5382 1528 5426 et
1578 5380 1726 5426 recte
1777 5373 2010 5442 jureque
2041 5389 2067 5427 e

2205 5373 2348 5438 θῶςο
2383 5376 2476 5427 καὶ
2530 5377 2826 5438 ὲπαινετὼς
2864 5379 2914 5428 οί
2962 5377 3181 5429 Λατῖνοι
3211 5376 3496 5442 δοξάζουσι
3543 5379 3637 5432 καὶ
3669 5379 3765 5448 dp-

520 5469 728 5536 absque
758 5467 920 5533 culpa
950 5475 1153 5519 sancta:
1205 5463 1298 5517 Dei
1345 5463 1602 5518 Ecclesia!
1646 5479 1748 5518 nos
1780 5465 2067 5535 aggregavi

2201 5464 2308 5527 θῶς
2335 5481 2349 5496 ⁸
2383 5470 2477 5520 καὶ
2507 5469 2668 5536 ἡμεῖς
2693 5467 2915 5529 δικαίως
2940 5470 3119 5538 ήνὼθη
3128 5487 3230 5536 μεν
3255 5471 3346 5522 καὶ
3360 5469 3763 5542 ἀναμαρτήτως

523 5575 666 5625 Inus,
703 5561 945 5628 bonique
982 5558 1103 5620 viri,
1141 5567 1197 5612 et
1254 5557 1489 5626 religiosi
1541 5571 1768 5610 munere
1818 5555 2058 5625 I'ungimu

2199 5560 2262 5627 τῇ
2305 5557 2395 5610 τοῦ
2427 5559 2562 5610 θεοῦ
2597 5559 2730 5630 ἁγίᾳ.
2763 5559 3065 5630 Ἐκκλησία
3092 5577 3104 5590 ·
3147 5561 3243 5612 καὶ
3284 5560 3464 5623 καλῶς
3500 5561 3764 5630 ποιοῦμεν

520 5652 776 5704 unionem
807 5659 863 5702 et
894 5648 1334 5714 coniunctionem
1371 5645 1522 5716 pacis
1550 5655 1606 5700 et
1636 5647 1943 5702 concordiae
1973 5661 2063 5700 ser

2199 5651 2290 5702 καὶ
2333 5651 2573 5714 εὐσεϐῶς
2623 5652 2917 5722 τηροῦντες
2965 5655 3061 5708 vi“:
3086 5654 3281 5706 ἕνωσιν
3315 5655 3407 5706 καὶ
3455 5654 3544 5706 τὸν
3579 5654 3763 5708 σύνδε-

594 5788 640 5817 "
675 5783 810 5838 Luc.
849 5799 947 5848 xu,
989 5784 1078 5839 49.
