4138 6288
381 352 514 420 1⁵265

1056 358 1204 424 PRO
1231 363 1436 426 CONC.
1481 367 1850 434 FLORENT.
1887 375 2040 438 CAP.
2089 375 2204 440 lll.
2249 378 2346 438 DE
2373 377 2886 442 PURGATORIO.

3471 383 3631 446 12661

378 486 512 536 σμον
544 468 642 538 τῆς
675 469 894 540 εἰρήνης
952 473 1048 526 καὶ
1094 476 1368 544 ὁμονοίας.
1427 481 1796 554 Ἐϐουλόμεθα
1845 486 1924 540 οῦκ

2050 491 2248 546 vando.
2279 489 2404 546 Fuit
2435 493 2487 545 in
2515 493 2698 546 animo
2723 493 2842 546 aliis
2872 490 3352 545 etiamteslimonia
3385 502 3439 547 et
3464 494 3604 549 dicta

378 560 472 612 xui.
503 562 666 626 ἄλλας
706 566 1014 634 μαρτυρίας
1046 569 1137 621 καὶ
1185 572 1376 641 ῥήσεις
1409 575 1582 642 ἁγίων
1615 578 1936 645 προσθεῖναι

378 653 550 728 ταύτῃ
579 657 643 726 τῇ
677 656 928 712 ὑποθέσει
949 677 964 692 ·
1003 661 1121 715 ἀλλ’
1165 665 1193 717 ὁ
1225 669 1299 733 μὴ
1331 668 1543 728 τούτοις
1591 672 1936 740 πειθόμενος,

377 748 488 801 οὐδ’
512 749 693 814 ἄλλοις
727 754 1108 824 πεισθήσεται,
1141 758 1256 813 ἀλλ’
1279 760 1388 814 οὐδ’
1407 760 1549 825 ὅσοις
1572 761 1638 815 ἂν
1663 764 1935 835 εἴποιμεν.

376 841 476 893 Διά
502 843 662 896 τοῦτο
685 846 877 914 άρκείν
912 849 1193 917 ἡγούμεθα
1229 854 1295 905 τά
1325 854 1591 923 εἰρημένα
1613 870 1624 883 ⁸
1654 855 1792 924 πρὸς
1819 856 1934 908 δια-

375 933 656 1001 κριτικοὺς
687 934 780 988 καὶ
820 936 1140 1007 φιλομαθεῖς
1172 941 1371 1013 ἄνδρας
1401 944 1490 996 τὸν
1533 945 1689 1013 λόγον
1719 948 1932 1001 ποιοῦν-

370 1042 487 1088 τες,
519 1027 614 1080 καὶ
651 1025 751 1096 τὴν
785 1027 923 1084 ίδίαν
954 1035 1230 1102 σωτηρίαν
1275 1035 1656 1106 ὀρεγομένους,
1693 1039 1786 1091 καὶ
1834 1041 1936 1109 τὴν

372 1118 634 1187 ἀλήθειαν
664 1121 740 1185 ὡς
774 1122 894 1177 ινδν
919 1124 978 1177 ιν
1004 1125 1207 1195 ὀλίγοις
1242 1129 1524 1194 συνιέντας
1569 1131 1663 1186 καὶ
1696 1132 1936 1198 ἀσπαζο-

372 1214 568 1281 μένους
597 1215 899 1286 προθύμως
917 1236 934 1251 ο
965 1222 1058 1273 καὶ
1090 1221 1165 1292 μὴ
1191 1222 1316 1276 κατ’
1338 1222 1457 1290 ἔριν
1483 1227 1574 1277 καὶ
1605 1226 1936 1295 φιλονεικίαν

373 1306 532 1372 μόνον
565 1306 594 1361 δ
638 1325 692 1362 τι
724 1310 790 1364 δν
819 1309 968 1382 τύχοι
1014 1313 1291 1382 λέγοντας,
1331 1315 1523 1386 ὥσπερ
1573 1319 1820 1373 ποιοῦσιν
1883 1321 1933 1372 οι

368 1401 464 1469 τὴν
496 1400 755 1470 ἀλήθειαν
784 1403 1017 1471 ἀφειδῶς
1060 1424 1176 1470 πως
1202 1409 1293 1463 καὶ
1323 1409 1562 1472 ἀναιδῶς
1610 1409 1699 1464 διὰ
1729 1412 1929 1483 μοχθη-

372 1499 494 1559 ρίαν
518 1495 614 1547 καὶ
647 1493 974 1565 ἀμϐλύτητα
1003 1499 1123 1564 νοδς
1166 1499 1622 1573 ἁπορῥίπτοντες.

439 1586 548 1640 Καὶ
578 1587 752 1641 ταῦτα
786 1591 886 1657 μὲν
913 1591 1106 1657 οὕτως.
1139 1593 1282 1663 Πρὸς
1315 1593 1372 1648 δὲ
1409 1597 1475 1648 τὰ
1505 1596 1932 1668 έπαπορούμενα

368 1679 497 1748 ύμῖν
544 1681 637 1734 τὸν
687 1682 844 1749 λόγον
874 1681 1186 1754 τρέφωμεν.
1231 1687 1367 1740 Φασὶ
1397 1687 1507 1758 γάρ
1552 1690 1602 1742 οί
1635 1690 1932 1760 ἀντιμαχό-

367 1793 520 1845 μενοι
549 1774 780 1842 τούτοις,
813 1777 1028 1844 πρῶτον
1057 1779 1140 1833 δτι
1173 1780 1331 1846 ἀρκεί
1355 1781 1431 1848 τῷ
1473 1781 1746 1853 ἀνθρώπῳ
1777 1785 1835 1837 ἐν
1865 1786 1928 1854 τῇ

2044 592 2358 636 sanctorum
2396 583 2523 638 huic
2565 593 2884 652 argumento
2915 582 3241 652 adiungere;
3297 586 3388 639 sed
3419 587 3508 654 qui
3541 586 3605 639 iis

2041 672 2200 728 fidem
2231 692 2336 729 non
2363 676 2697 740 adhibuerit,
2727 693 2901 746 neque
2930 677 3054 730 aliis
3076 676 3370 739 adhibebit.
3391 677 3603 731 etiamsi

2040 765 2214 818 multo
2240 767 2394 833 plura
2429 766 2550 836 quis
2582 767 2872 825 addiderit.
2909 766 3114 822 Idcirco
3147 769 3278 822 satis
3311 783 3456 829 esse,
3484 782 3608 837 quae

2039 872 2204 925 supra
2237 859 2478 926 exposita
2508 866 2638 912 sunt
2680 860 3010 913 arbitramur
3038 861 3102 913 ad
3134 860 3399 914 discretos
3427 868 3481 913 et
3518 859 3604 912 di-

2038 949 2223 1004 scendi
2273 949 2502 1019 cupidos
2539 950 2787 1006 homines
2833 961 3212 1006 eonvertentes
3269 966 3600 1016 sermonem,

2037 1041 2129 1111 qui
2161 1049 2216 1095 et
2264 1058 2418 1095 suam
2469 1051 2726 1111 expetunt
2760 1043 3013 1107 salutem,
3062 1058 3383 1112 verumque,
3424 1039 3604 1111 quoad

2036 1135 2294 1203 possibile
2328 1135 2419 1201 sit,
2454 1149 2506 1190 et
2540 1137 2845 1206 intelligunt
2879 1136 3116 1192 breviter
3163 1144 3217 1191 et
3266 1136 3606 1204 amplectun-

2039 1235 2127 1279 tur
2175 1225 2427 1290 lihenter,
2465 1242 2573 1281 non
2625 1228 2872 1296 litigandi
2924 1238 2979 1283 et
3009 1226 3373 1283 contendendi
3419 1226 3599 1283 studio

2034 1315 2300 1384 quidquid
2336 1317 2636 1372 occurrerit
2677 1317 3052 1381 adducentes,
3100 1319 3260 1373 sicuti
3311 1318 3346 1373 ii
3397 1317 3603 1374 farlunt

2035 1407 2126 1473 qui
2159 1407 2440 1462 veritatem
2477 1410 2816 1464 incessanter
2845 1419 2900 1464 et
2935 1409 3285 1479 impudenter
3316 1410 3388 1466 ob
3431 1411 3600 1466 animi

2036 1499 2358 1566 pravitatem
2391 1511 2447 1555 et
2477 1501 2675 1558 mentis
2709 1503 3086 1558 hehetudinem
3137 1505 3418 1572 abjiciunt.

2110 1591 2176 1646 Et
2208 1592 2322 1648 haec
2347 1593 2565 1663 quidem
2614 1593 2894 1650 hactenus.
2927 1594 3081 1651 Nunc
3123 1597 3187 1652 ad
3220 1613 3284 1651 ea
3319 1611 3439 1666 quae
3469 1610 3602 1650 con-

2034 1684 2317 1740 tandentes
2355 1685 2512 1739 nobis
2556 1684 2822 1754 ohjicitis,
2851 1688 3154 1741 orationem
3199 1698 3598 1744 convertemus.

2035 1777 2233 1834 Dicunt
2265 1777 2410 1831 enim
2459 1777 2552 1846 qui
2607 1777 2692 1830 bis
2744 1779 3124 1840 adversantur.
3173 1780 3407 1849 primum
3457 1779 3600 1849 quod

365 1868 651 1940 τελευταία
677 1869 776 1935 τῆς
801 1870 1112 1942 ἀποδημίας
1155 1871 1323 1928 αὑτοῦ
1360 1872 1566 1946 ἡμέρᾳ,
1595 1877 1629 1942 ἠ
1672 1877 1814 1945 μετὰ
1841 1876 1924 1931 δα-

2039 1866 2245 1924 bomini
2274 1867 2473 1923 sumcit
2505 1869 2558 1922 in
2606 1878 2852 1923 extremo
2881 1870 3333 1939 peregrinationis
3372 1887 3482 1926 sum
3513 1871 3601 1926 die

361 1959 546 2026 κρύων
605 1962 882 2030 μετάνοια,
941 1964 1294 2034 καὶὴθερμὴ
1353 1964 1759 2037 ἐξομολόγησις,
1790 1967 1932 2022 ὥστε

364 2056 604 2125 σωθῆναι
655 2057 838 2114 αὐτὸν.
867 2063 959 2110 καὶ
990 2058 1050 2111 ἐν
1103 2061 1170 2128 τῇ
1223 2057 1474 2128 βασιλεία
1527 2061 1637 2115 τῶν
1688 2061 1932 2134 οὐρανῶν

361 2149 746 2220 ἀπενεχθῆναι.
787 2151 898 2204 Καὶ
951 2150 1304 2221 παράδειγμα
1353 2153 1686 2222 προφέρουσι
1730 2153 1930 2225 λῃστοῦ

360 2257 504 2302 τινος
538 2243 677 2312 μετὰ
722 2242 976 2310 δακρύων
1029 2243 1130 2313 μιᾷ
1169 2244 1327 2297 νυκτὶ
1365 2245 1789 2312 κατανυγέντος,
1839 2247 1931 2300 καὶ

361 2331 524 2392 εὐθὺς
576 2331 988 2400 άποψύξαντοςο
1022 2334 1117 2387 καὶ
1162 2335 1240 2395 ὡς
1277 2336 1328 2389 οῑ
1379 2335 1602 2402 ἄγγελοι
1657 2337 1928 2401 ἐλθόντες,

364 2425 458 2477 καὶ
489 2423 657 2494 μηδὲν
687 2425 817 2480 ἄλλο
858 2425 1130 2495 εὑρόντες,
1168 2426 1203 2496 ἡ
1228 2427 1295 2480 τὰ
1324 2427 1432 2497 πρὸ
1463 2429 1664 2498 μικροῦ
1698 2430 1930 2496 λυθέντα

362 2518 597 2586 δάκρυα.
631 2516 738 2570 τῶν
770 2517 1041 2586 δαιμόνων
1075 2517 1473 2580 ἀντιϐοὼντων,
1504 2520 1578 2580 ὡς
1611 2521 1764 2574 οὐδὲν
1795 2523 1930 2589 άγα-

361 2608 454 2662 οὖν
480 2609 747 2678 κέκτηται
772 2625 788 2640 ο
814 2609 866 2663 oi
894 2609 1040 2678 ἅγιοι
1067 2610 1292 2678 ἄγγελοι
1326 2611 1384 2663 τὸ
1415 2610 1927 2682 καταδεδρεγμένον

359 2702 756 2772 χειρόμακτρον
803 2705 916 2767 τοῖς
964 2704 1249 2774 δάκρυσιν,
1285 2706 1343 2757 ὲν
1387 2707 1453 2776 τῇ
1487 2705 1793 2773 πλάστιγγυ
1831 2705 1925 2760 τοῦ

357 2793 526 2862 ζυγοῦ
563 2793 770 2858 θέντες,
810 2795 953 2848 οῦτω
998 2794 1346 2866 κατῄσχυναν
1379 2799 1505 2860 τοὺς
1543 2794 1806 2863 δαίμονας
1849 2797 1926 2866 τῷ

354 2884 450 2939 τοῦ
477 2884 614 2940 Θεοῦ
645 2888 806 2940 tua.
839 2889 948 2940 Καὶ
976 2888 1074 2958 τῆς
1110 2888 1318 2960 πόρνης
1344 2889 1406 2943 τὸ
1435 2890 1792 2961 παράδειγμα
1817 2907 1924 2942 πα-

358 2978 705 3048 ρεισάγουσι,
743 2980 834 3032 καὶ
869 2979 1004 3033 ἄλλα
1054 2983 1213 3050 ὃμοια
1241 2997 1256 3012 ο
1293 2982 1371 3053 μὴ
1430 2983 1709 3046 συνιέντες
1753 2983 1802 3034 οί
1834 2983 1926 3037 ἄν·

355 3071 589 3140 θρωποι,
616 3070 699 3125 δτι
731 3071 872 3140 ὑπὲρ
895 3063 1074 3142 ήμῶν’
1087 3073 1258 3127 ταῦτά
1289 3074 1395 3127 είσι
1422 3091 1437 3108 ο
1471 3074 1564 3127 καὶ
1592 3075 1751 3143 ἡμεῖς
1780 3073 1924 3128 οὕτω

2036 1958 2359 2030 poenitentia
2403 1976 2527 2014 cum
2563 1961 2817 2032 lacrymis
2857 1972 2912 2017 et
2956 1962 3486 2022 fervens-confessio
3532 1964 3598 2017 ad

2034 2052 2265 2107 salutem
2303 2060 2357 2105 et
2389 2053 2457 2107 ad
2503 2053 2726 2109 calcate
2759 2069 2985 2124 regnum
3017 2054 3400 2120 obtinendum,
3429 2055 3600 2110 latro-

2032 2143 2120 2198 nis
2145 2143 2426 2213 cujusdam
2444 2144 2748 2214 exemplum
2772 2146 2933 2199 nobis
2957 2147 3300 2215 objicieutes,
3322 2147 3415 2214 qui
3445 2155 3602 2201 ncete

2033 2252 2140 2292 una
2175 2247 2540 2306 compunctus
2565 2238 2865 2308 exspiravit
2898 2241 3077 2293 statim
3104 2256 3116 2304 ;
3148 2254 3383 2310 cmnque
3423 2237 3598 2307 angeli

2029 2330 2404 2393 advenissent,
2433 2328 2682 2398 nihilque
2714 2329 2859 2386 aliud
2890 2346 3051 2401 quam
3093 2331 3250 2401 paulo
3295 2339 3420 2388 ante
3460 2332 3598 2387 ell‘u-

2029 2438 2120 2478 sas
2167 2423 2436 2495 lacrymas
2471 2424 2830 2492 reperissent,
2881 2425 3221 2481 daemonibus
3254 2427 3598 2480 reclamanti-

2030 2521 2130 2572 bus
2159 2519 2212 2571 in
2241 2533 2308 2572 eo
2336 2517 2473 2571 nihil
2503 2516 2631 2571 boni
2659 2516 2914 2580 inveniri,
2937 2528 3161 2575 sanctos
3193 2518 3414 2589 angelos
3445 2534 3596 2574 man-

2031 2611 2123 2664 tile
2174 2611 2427 2682 lacrymis
2484 2609 2848 2664 madefactum
2908 2609 2965 2665 in
3031 2611 3295 2664 trutinam
3349 2610 3597 2681 posuisse

2028 2704 2202 2762 aiunt.
2234 2705 2418 2772 itaque
2444 2704 2718 2756 daemones
2739 2700 2829 2756 Dei
2861 2703 3234 2758 misericordia
3261 2703 3595 2759 confudisse.

2029 2794 2334 2850 Meretricis
2384 2794 2550 2849 etiam
2602 2795 2922 2863 exemplum
2960 2795 3243 2865 inducunt,
3294 2805 3455 2865 atque
3490 2795 3594 2849 alia

2027 2889 2113 2943 his
2163 2887 2390 2954 similia,
2445 2901 2550 2942 non
2594 2888 2954 2958 percipieutes
3009 2888 3261 2943 homines
3300 2889 3444 2958 quod
3478 2887 3594 2941 haec

2025 2997 2126 3052 pro
2156 2981 2315 3036 nobis
2347 2981 2580 3036 faciunt.
2627 2980 2848 3050 Nosque
2884 2981 2965 3036 sic
3013 2979 3426 3048 respondemus,
3461 2977 3597 3034 etfu-

2024 3088 2112 3128 sas
2148 3075 2415 3145 lacrymas
2451 3089 2575 3129 eum
2610 3075 2851 3130 salvasse
2900 3084 2956 3128 et
3000 3087 3031 3127 a
3060 3073 3389 3141 sempiterna
3419 3072 3594 3126 vindi-

356 3164 586 3233 λέγομεν
611 3179 627 3195 ⁶
657 3164 740 3217 δτι
768 3164 972 3218 ἔσωσεν
1006 3165 1237 3230 ἐκείνον,
1262 3165 1324 3218 rb
1357 3165 1516 3233 χυθὲν
1544 3165 1798 3235 δάκρυον,
1829 3165 1919 3219 καὶ

2027 3181 2184 3221 casse
2229 3167 2580 3222 damnatione
2633 3182 2795 3235 quam
2847 3166 3038 3236 procul
3089 3167 3261 3222 dubio
3310 3168 3592 3230 subiisset.

357 3257 454 3324 τῆς
483 3257 704 3311 αίωνίου
747 3256 1024 3320 κολάσεως
1053 3257 1460 3329 ἠλευθέρωσεν·
1504 3260 1571 3329 ἢν
1611 3259 1676 3313 ἃν
1700 3259 1922 3326 ἐκληρο-

355 3349 593 3420 νόμησεν
619 3351 1027 3421 ἀναμφιϐόλως,
1057 3354 1105 3405 εί
1141 3354 1216 3423 μὴ
1247 3353 1346 3420 τὴν
1387 3353 1680 3421 μετάνοιαν
1707 3351 1925 3420 ἐκείνην

359 3446 546 3499 καὶτὰ
579 3446 792 3518 δάκρυα
840 3446 1188 3513 ιπεδείξατοο
1223 3447 1338 3500 ἀλλ’
1385 3448 1484 3500 οὐκ
1517 3448 1596 3509 είς
1637 3447 1734 3512 τὴν
1766 3448 1922 3514 βασι-

353 3535 506 3589 λείαν
534 3536 643 3591 τῶν
667 3537 916 3608 οὐρανῶν
940 3537 1244 3608 ἀπηνέχθη.
1276 3539 1324 3591 εί
1361 3539 1436 3610 μὴ
1465 3539 1552 3592 διὰ
1589 3539 1682 3592 τοῦ
1715 3539 1927 3608 καθαρ..

352 3626 543 3697 τηρίου
575 3629 746 3698 πυρὸς
796 3629 1014 3695 ἐγένετο
1047 3629 1218 3693 ἄξιος.
1265 3623 1426 3684 Οὗτοί
1476 3634 1616 3684 εἰσιν
1648 3633 1696 3683 οἱ
1753 3633 1810 3682 ιν
1844 3632 1924 3699 τῷ

355 3713 711 3786 καθαρτηρίῳ
739 3715 1148 3785 καθαιρόμενοι.
1179 3719 1229 3769 οι
1255 3717 1466 3788 θερμὴν
1495 3719 1789 3788 μετάνοιαν
1815 3721 1924 3772 δεί-

354 3805 570 3870 ξαντες,
602 3807 698 3860 καὶ
730 3806 870 3875 μετὰ
902 3807 1369 3877 συντετριμμένης
1400 3810 1626 3877 καρδίας
1658 3810 1920 3865 ἀπελθόν-

353 3911 442 3957 τες
468 3911 482 3925 ο
515 3894 578 3948 οὐ
625 3897 734 3965 γὰρ
765 3897 1196 3966 προσωποληψία
1242 3901 1392 3968 παρὰ
1437 3899 1514 3968 τῷ
1561 3900 1699 3970 Θεῷ.
1735 3904 1923 3956 Ἔστιν

351 3982 446 4040 οὗν
509 3988 726 4057 ἀνάγκη
763 3988 850 4043 ῐνα
893 3989 922 4042 ὁ
973 3990 1062 4042 τὸν
1109 3989 1244 4041 θεὸν
1300 3992 1429 4043 ίδεῖν
1481 3994 1791 4060 ἐφιέμενος,
1824 3994 1922 4064 τὴν

350 4074 531 4146 ψυχὴν
555 4075 724 4129 αὑτοῦ
759 4078 840 4141 είς
873 4078 934 4130 τὸ
965 4078 1192 4146 ἀρχαῖον
1227 4079 1420 4137 κάλλος
1451 4080 1722 4152 ἐπανάγῃ,
1751 4079 1779 4132 ὃ
1809 4076 1921 4148 εἷλε

353 4170 460 4236 πρὸ
495 4169 592 4239 τῆς
642 4170 926 4239 παρακοῆς
959 4171 1053 4224 καὶ⁵
1085 4171 1181 4238 τῆς
1233 4173 1534 4238 καταδίκης
1582 4175 1609 4225 ί.
1655 4174 1828 4240 Ἀδάμ
1863 4176 1919 4225 ὲν

349 4261 430 4330 τῷ
459 4262 792 4332 παραδείσῳ.
842 4263 939 4316 Διά
992 4264 1147 4316 τοῦτο
1179 4265 1270 4315 καὶ
1321 4265 1558 4334 κατῴκει
1591 4265 1754 4318 αὐτὸν
1794 4267 1921 4321 ἀνα-

353 4354 623 4421 μάρτητο;
653 4353 750 4408 ὢν.
779 4354 1134 4424 Διολισθήσας
1175 4356 1232 4410 δὲ
1261 4356 1356 4408 καὶ
1391 4358 1750 4427 ἡμαρτηκὼς,
1789 4360 1921 4425 ego.

352 4446 453 4514 σθη
479 4444 667 4502 αὐτοῦ.
694 4448 758 4499 Οί
787 4446 916 4515 γοῦν
944 4448 1261 4516 βουλόμενοι
1289 4449 1381 4502 τὸν
1408 4451 1739 4520 παράδεισον
1765 4454 1918 4522 οίκῆ-

2028 3257 2133 3311 nisi
2167 3259 2537 3325 ptenitentiam
2593 3257 2742 3310 illam
2793 3267 2847 3310 et
2903 3257 3174 3328 lacrymas
3202 3259 3530 3314 ostendisset
3566 3275 3581 3323 ;

2027 3351 2119 3406 sed
2173 3350 2394 3404 caeleste
2448 3364 2672 3419 regnum
2733 3365 3014 3420 nunquam
3070 3349 3431 3420 impetrasset,
3487 3351 3593 3406 nisi

1998 3443 2370 3513 .pnrgatorius
2396 3442 2538 3511 ignis
2573 3457 2640 3496 eo
2669 3442 2894 3511 dignum
2928 3443 3220 3499 effecisset.
3251 3442 3314 3497 lli
3349 3453 3477 3497 sunt
3500 3443 3593 3513 qui

2026 3537 2079 3590 iu
2132 3537 2443 3606 purgatorio
2494 3548 2813 3605 purgantur,
2849 3539 2943 3608 qui
2977 3538 3274 3594 ferventem
3326 3537 3594 3607 pmniten-

2029 3629 2161 3683 tiam
2220 3637 2694 3694 commonstrant,
2750 3640 2804 3685 et
2863 3631 3100 3686 contrito
3155 3629 3319 3686 corde
3371 3645 3436 3684 ex
3491 3631 3596 3684 hoc

2026 3720 2231 3777 mundo
2267 3721 2578 3787 discedunt,
2611 3722 2737 3792 quia
2772 3739 2880 3778 non
2926 3732 3012 3779 est
3042 3723 3288 3794 acceptio
3331 3738 3592 3792 persona-

2028 3829 2146 3866 rum
2179 3814 2324 3883 apud
2373 3814 2559 3869 Deum.
2597 3814 2833 3870 Necesse
2869 3815 3032 3886 igitur
3067 3825 3151 3871 est
3193 3817 3243 3870 ei
3287 3816 3379 3885 qui
3423 3814 3593 3871 Deum

2026 3907 2210 3961 videre
2231 3908 2401 3977 cupit,
2431 3915 2490 3961 ut
2514 3907 2748 3961 animam
2775 3922 2930 3962 suam
2961 3907 3022 3962 in
3039 3910 3317 3978 antiquam
3347 3909 3595 3980 pulchri-

2027 3997 2269 4052 tudinem
2315 3997 2610 4063 restituat,
2677 4014 2839 4068 quam
2894 4010 3019 4056 ante
3072 4001 3496 4058 iuobedientiam
3537 4014 3594 4058 et

2022 4088 2426 4144 damnatiOuem
2476 4091 2530 4144 in
2580 4090 2834 4160 paradiso
2878 4091 3120 4146 Adamus
3151 4093 3479 4148 obtinebat:
3530 4104 3586 4150 et

2025 4191 2312 4250 propterea
2345 4181 2417 4234 ibi
2457 4197 2583 4237 eum
2623 4183 2930 4247 collocavit,
2981 4201 3102 4240 cum
3135 4195 3282 4241 esset
3314 4187 3430 4241 sine
3460 4203 3590 4257 pec-

2024 4282 2170 4337 cato,
2203 4271 2296 4326 sed
2325 4287 2450 4326 cum
2486 4272 2801 4328 offendisset
2825 4285 2878 4330 et
2905 4288 3209 4345 peccasset,
3247 4277 3368 4332 inde
3396 4279 3591 4348 expul-

2023 4379 2120 4421 sus
2145 4373 2249 4420 est.
2295 4352 2402 4432 Qui
2435 4366 2623 4420 volunt
2662 4366 2825 4436 igitur
2865 4369 3176 4436 paradisum
3226 4370 3484 4435 incolere,
3514 4371 3588 4426 ita

2024 4467 2341 4526 purgentur,
2372 4465 2430 4512 ut
2460 4458 2511 4510 in
2546 4459 2612 4513 iis
2636 4474 2734 4514 nec
2753 4460 2963 4514 macula
2993 4476 3090 4515 nec
3114 4462 3248 4516 livor
3265 4465 3590 4531 reperiatur.

352 4557 444 4592 σαι
496 4539 932 4612 καθαρθήτωσαν
970 4541 1164 4603 οῦτως,
1213 4542 1355 4595 ὥστε
1403 4542 1610 4627 μηδένα
1659 4545 1847 4597 σπῖλον
1881 4545 1912 4606 ἢ

2027 4547 2135 4603 Non
2157 4550 2300 4602 enim
2325 4550 2437 4604 sola
2464 4549 2660 4605 suillcit
2688 4552 3006 4619 pusuitentia
3031 4571 3047 4618 ;
3072 4569 3195 4608 nam
3222 4554 3265 4608 si
3295 4553 3589 4620 sufficeret,

355 4634 545 4702 μῶμον
578 4633 850 4702 ἁμαρτίας
906 4635 965 4687 ἐν
1014 4635 1228 4699 ἑαυτοῖς
1277 4636 1444 4707 ἔχειν.
1493 4641 1567 4692 Oti
1600 4639 1707 4708 γάρ
1759 4645 1920 4712 ἀρκεῖ

355 4728 490 4796 μόνη
521 4727 553 4795 ἡ
609 4727 887 4795 μετάνοια.
922 4727 983 4779 El
1012 4726 1119 4797 γὰρ
1163 4728 1343 4797 ἤρκει,
1375 4729 1474 4785 οὐκ
1524 4729 1591 4786 ἂν
1619 4734 1668 4786 oi
1719 4734 1919 4796 ζῶντες

351 4815 671 4884 είργάζοντο
712 4817 837 4880 τοῦς
890 4821 1027 4885 μετὰ
1075 4818 1174 4888 τὴν
1225 4819 1613 4888 ἐξομολόγησιν
1662 4823 1917 4888 δοθέντας

350 4912 460 4973 τοῖς
486 4908 867 4976 άποιχομένοις
905 4908 1137 4972 κανόνας
1155 4925 1170 4940 ·
1202 4910 1316 4962 ἀλλ’
1340 4910 1534 4978 ὥσπερ
1566 4914 1918 4983 ἔξομολογου·

354 5003 534 5069 μένοις
578 5001 688 5060 τοῖς
725 4999 890 5064 ζῶσιν
940 5001 1192 5070 ιπιτίμια
1233 5002 1433 5056 δίδοται
1466 5005 1572 5057 ὑπὸ
1619 5005 1731 5058 τῶν
1758 5022 1920 5058 πνευ-

353 5091 599 5161 ματικῶν
629 5092 907 5160 Πατέρων,
933 5091 1075 5146 ὥστε
1101 5095 1450 5164 άποκαθᾶραι
1475 5097 1573 5160 τὰς
1602 5099 1917 5168 ὲπιμιχθεί-

350 5202 447 5246 σας
479 5183 701 5253 κηλίδας
733 5188 855 5248 ταίς
892 5185 1088 5253 ψυχαις
1124 5187 1322 5252 αὐτῶν,
1351 5190 1443 5241 καὶ
1493 5190 1580 5243 ἵνα
1602 5193 1916 5260 κτήσωνται

352 5275 552 5344 ἀρετὴν
581 5275 717 5345 πρὸς
760 5275 822 5327 re
856 5277 1042 5346 τυχεῖν
1076 5276 1173 5344 τῆς
1217 5279 1544 5348 ἐπουρανίου
1577 5280 1745 5352 ζωῆς,
1775 5282 1918 5336 οὕτω

350 5367 442 5419 καὶ
475 5369 588 5430 τοῖς
622 5370 679 5420 έν
728 5366 806 5436 τῷ
835 5367 978 5421 τέλει
1021 5370 1121 5438 τῆς
1155 5368 1304 5440 ζωῆς
1341 5373 1687 5438 μετανοοῦσι.
1728 5375 1824 5428 καὶ
1859 5379 1918 5429 ὲν

350 5461 574 5530 θερμοίς
589 5459 852 5528 δάκρυσιν
883 5461 1421 5532 έξομολογουμένοις,
1447 5465 1542 5518 καὶ
1565 5465 1725 5530 εὐθὺς
1749 5468 1915 5520 απελ-

349 5550 560 5616 θοῦσιν,
608 5553 886 5620 ἐπιτίμιον
919 5551 1128 5607 δέδοται
1169 5554 1231 5606 τὸ
1279 5554 1578 5628 καθάρσιον
1615 5559 1749 5630 πῦρ,
1781 5560 1841 5613 ἐν
1871 5553 1918 5628 ᾧ

345 5643 599 5698 ὀδυνᾶται
651 5645 744 5698 καὶ
791 5644 1020 5714 τήκεται
1051 5645 1084 5713 ἡ
1130 5643 1301 5715 ψυχὴ.
1351 5649 1768 5718 μνημονεύουσα
1821 5650 1916 5706 τοῦ

349 5733 545 5804 καιροῦ
582 5734 644 5789 δν
698 5735 980 5790 ἀπώλεσεν
1017 5737 1077 5790 έν
1127 5739 1242 5800 τοῖς
1296 5737 1597 5808 αίσχίστοις
1657 5742 1913 5809 μένουσα.

351 5829 643 5897 Συντὲμνει
676 5828 732 5882 δὲ
760 5831 852 5884 τὸν
887 5829 1098 5902 καιρὸν,
1149 5828 1245 5884 καὶ
1280 5831 1378 5902 τῆς
1410 5830 1604 5903 ὀδύνης
1637 5833 1912 5891 ἀπαλλάτ-

2026 4656 2306 4710 nuuquam
2366 4644 2610 4695 viventes
2674 4641 2921 4697 formulis
2967 4653 3247 4698 uterentur
3297 4661 3420 4716 qua
3469 4657 3593 4716 post

2023 4741 2301 4800 peractam
2341 4730 2741 4788 confessionem
2775 4744 2907 4788 sunt
2943 4736 3225 4790 institutae.
3253 4736 3330 4791 Ac
3364 4735 3527 4792 veluti
3557 4751 3588 4791 a

2023 4824 2403 4893 spiritualibus
2438 4826 2687 4893 patribus
2724 4841 2897 4893 preme
2932 4829 3279 4898 assignantur
3310 4829 3376 4884 iis
3406 4832 3498 4900 qui
3532 4830 3588 4884 in

2025 4915 2136 4968 vita
2161 4913 2565 4970 confessionem
2590 4916 2871 4982 adhibent,
2904 4927 2963 4970 ut
2987 4919 3216 4972 maculis
3246 4919 3443 4988 quibus
3465 4919 3588 4973 ani-

2024 5021 2126 5062 mm
2156 5021 2345 5062 eorum
2381 5017 2508 5061 sunt
2563 5024 2857 5078 respersa},
2895 5013 3243 5078 mumlentur,
3288 5013 3368 5067 sic
3417 5023 3472 5066 ct
3519 5015 3588 5069 iis

2018 5093 2113 5163 qui
2141 5095 2198 5146 in
2225 5094 2345 5148 vita:
2391 5093 2497 5149 fine
2536 5099 2820 5152 constituti
2849 5100 3227 5167 pmnituerint,
3267 5111 3329 5155 ct.
3363 5102 3586 5159 fervidis

2016 5198 2144 5238 cum
2197 5186 2454 5256 lacrymis
2484 5187 2882 5242 confessionem
2934 5193 3263 5261 peregerint,
3296 5206 3350 5247 et
3397 5196 3582 5249 statim

2014 5273 2388 5340 decesserint,
2444 5291 2599 5345 paena
2662 5279 2974 5347 assignatur
3027 5284 3375 5350 purgatOrius
3424 5285 3588 5354 ignis,

2017 5368 2110 5421 ubi
2140 5366 2397 5436 afﬂigitur
2425 5380 2478 5422 et
2513 5379 2822 5424 maceratur
2871 5372 3074 5434 anima,
3105 5387 3228 5428 cum
3284 5374 3337 5426 in
3389 5390 3590 5430 memo-

2019 5459 2158 5514 riam
2187 5469 2408 5514 revocat
2436 5460 2691 5514 amissum
2725 5472 2936 5531 tempus
2957 5464 3085 5517 dum
3117 5465 3168 5517 in
3197 5466 3437 5532 peccatis
3461 5481 3587 5519 ver-

2022 5564 2255 5612 saretur.
2292 5554 2396 5610 Sed
2431 5565 2648 5625 tempus
2682 5555 3076 5612 abbreviantet
3109 5573 3138 5613 a
3173 5560 3416 5614 cruciatu
3455 5559 3586 5613 libe-

2023 5654 2144 5700 rant
2175 5660 2386 5716 preces,
2414 5646 2716 5702 oblationes
2737 5656 2789 5702 et
2811 5649 3108 5714 orationes,
3132 5660 3190 5704 ut
3215 5665 3352 5718 saepe
3376 5649 3584 5705 dictum

2022 5748 2124 5792 est.
2159 5736 2261 5802 Qui
2291 5753 2399 5791 non
2438 5739 2630 5801 credit,
2667 5755 2729 5794 ex
2762 5756 2848 5794 me
2883 5742 3067 5795 audiat
3108 5742 3260 5804 illud,
3309 5745 3584 5810 quomodo

2025 5843 2153 5886 voce
2184 5831 2381 5898 psallit,
2417 5847 2435 5882 ι
2468 5830 2514 5885 Α
2543 5831 2795 5901 lacrymis
2822 5840 2874 5887 et
2903 5832 3102 5904 gemitu
3137 5832 3332 5889 inferni
3362 5847 3577 5888 servum
