4138 6288
430 354 567 421 1???)

1177 491 1253 547 B'.

511 570 833 659 Ἐρωτῶμεν
886 573 980 632 οὖν
1020 580 1191 654 ὑμᾶς,
1213 584 1455 655 ἀδελφοὶ,
1491 591 1580 644 διὰ
1614 593 1774 647 ποίαν
1818 596 2000 651 αἰτίαν

424 665 486 759 ού
524 665 779 732 βούλεσθε
812 675 938 735 τοὺς
980 675 1172 745 ἁγίους
1205 681 1618 752 ἀπολαμϐάνειν
1660 687 1730 742 τὰ
1762 690 1856 742 νῦν
1884 708 1900 759 ;
1937 693 1999 745 Ei

558 760 640 813 ὅτι
665 762 699 832 ἠ
723 763 1019 830 ἀνάστασις
1043 770 1143 824 οὐκ
1171 767 1334 844 ἦλθεν
1364 778 1445 829 ἔτι
1471 796 1487 809 ·
1513 778 1671 834 τοῦτο
1697 782 1798 836 οὐκ
1831 758 2001 852 ἀναγ-

428 850 584 948 κάζει
617 855 692 948 μὴ
729 859 857 922 τοὺς
886 863 1075 928 ἁγίους
1099 866 1531 937 ἀπολαμϐάνειν.
1568 874 1806 929 Πάντοτε
1837 850 1998 948 γὰρ-ὀ

423 943 560 1010 Θεὸς
607 947 814 1016 δίκαιός
860 956 1012 1009 εστιο
1053 959 1146 1011 καὶ
1189 959 1305 1027 νῦν,
1335 963 1430 1016 καὶ
1472 964 1531 1016 ιν
1567 967 1635 1035 τῇ
1665 943 1856 1038 ἡμέραν
1898 943 1998 1038 τῆς

420 1038 796 1106 ἀναστάσεως.
846 1047 908 1100 Ei
946 1049 1040 1103 οὖν
1086 1052 1296 1116 δίκαιός
1339 1056 1480 1120 εστι,
1521 1056 1705 1121 καθὼς
1731 1062 1826 1114 καὶ
1857 1061 1994 1130 ἔστι,

423 1130 737 1202 γίγραπται
767 1137 904 1209 γὰρ,
939 1159 958 1193 ι
996 1141 1218 1207 Δίκαιος
1262 1145 1488 1218 Κύριος,
1527 1155 1621 1204 καὶ
1651 1150 1998 1221 δικαιοσύνας

422 1227 733 1297 ἠγάπησεν,
769 1250 787 1282 ι
825 1234 871 1286 οἱ
921 1233 977 1288 δὲ
1013 1235 1155 1302 ἀγιοι
1190 1238 1278 1292 διὰ
1315 1241 1406 1294 τὸν
1453 1241 1624 1306 ὄντως
1661 1245 1872 1300 δίκαιον
1897 1250 1997 1312 τὰς

419 1318 600 1390 ψυχὰς
632 1325 958 1391 παρέδωκαν
994 1330 1205 1385 ἑαυτῶν
1229 1349 1245 1364 ·
1291 1333 1440 1398 ὅπως
1489 1336 1633 1403 μετὰ
1659 1337 1753 1392 τοῦ
1782 1339 1996 1394 δικαίου

420 1413 557 1466 Θεοῦ
590 1415 1033 1487 ἀναπαύσωνται,
1061 1422 1155 1476 νῦν
1183 1426 1382 1482 ἕπεται
1431 1424 1599 1492 ὅντως
1625 1432 1760 1500 μετά
1799 1435 1892 1487 τοῦ
1921 1435 1997 1488 δι-

422 1505 580 1590 καίου
627 1506 763 1562 Θεοῦ
815 1508 956 1568 εἶναι
984 1531 998 1544 ο
1044 1516 1168 1570 ἐπεὶ
1210 1519 1350 1587 μετὰ
1387 1519 1618 1578 θάνατον
1663 1525 1711 1576 οί
1764 1526 1996 1581 τοιοῦτοι

422 1595 656 1664 βεϐαίως
697 1601 934 1658 δίκαιοι·
984 1608 1081 1661 καὶ
1131 1609 1197 1662 σὺ
1246 1609 1474 1679 ψάλλεις
1527 1618 1992 1688 προσευχόμενος,

427 1707 448 1740 ι
504 1690 847 1748 Ἀνάπαυσον
895 1697 1094 1762 αὐτοὺς
1129 1699 1305 1769 λέγων
1337 1703 1467 1760 ἔνθα
1512 1707 1561 1760 oi
1618 1708 1817 1764 δίκαιοι
1859 1711 1996 1766 ἀνα-

892 361 1044 427 PRO
1076 368 1291 440 CONC.
1337 379 1712 442 FLORENT.
1757 381 1918 444 CAP.
1966 379 2062 442 IV.
2094 379 2203 441 DE
2245 382 2670 450 FRUITIONE
2706 389 3189 455 SANCTORUM.

3535 390 3673 457 1⁵274

2839 509 2907 564 ll.

2175 603 2582 669 lnterrogamus
2615 616 2744 670 ergo
2781 619 2899 670 vos,
2955 619 2987 658 ο
3039 601 3257 670 fratres,
3315 606 3668 672 quamobrem
3739 622 3742 624 ‘

2101 695 2281 765 justos
2329 695 2382 748 in
2412 697 2702 764 praesentia
2751 693 3055 748 mercedem
3093 694 3335 764 recipere
3369 694 3589 750 nolitis?
3613 695 3670 752 Si

2106 793 2232 861 quia
2269 792 2511 845 nondum
2541 789 3107 846 advenitresurrectio
3148 789 3351 856 dicitis,
3409 789 3512 845 hoc
3561 806 3670 843 non

2104 885 2578 952 concluditjustos
2609 900 2716 938 non
2771 883 3038 951 recipere,
3087 898 3215 937 nam
3265 899 3479 952 semper
3527 884 3671 938 Deus

2099 983 2284 1052 justus
2310 992 2394 1036 est
2425 990 2480 1033 et
2509 993 2655 1032 nunc
2689 987 2743 1031 et
2771 976 2824 1030 in
2861 977 3282 1033 resurrectionis
3317 975 3429 1032 die.
3458 974 3594 1031 Nam
3623 976 3672 1032 si

2098 1076 2282 1143 justus
2316 1084 2422 1135 est,
2463 1065 2918 1141 quemadmodum
2961 1076 3043 1124 est
3074 1067 3359 1139 (scriptum
3391 1079 3474 1125 est
3499 1070 3670 1134 enim,

2105 1188 2123 1219 ε
2169 1170 2361 1224 Justus
2387 1175 2468 1221 est
2498 1165 2785 1220 Dominus.
2811 1173 2862 1216 et
2885 1160 3128 1231 justitias
3156 1161 3376 1216 dilexit.
3413 1160 3456 1231 ),
3495 1163 3671 1217 sancti

2100 1277 2227 1315 vero
2258 1268 2478 1329 propter
2504 1273 2651 1322 eum,
2686 1256 2778 1324 qui
2806 1266 2932 1309 rere
2955 1253 3137 1324 justus
3165 1264 3269 1315 est,
3307 1254 3520 1309 animas
3541 1269 3674 1308 suas

2101 1352 2442 1406 tradiderunt
2485 1357 2544 1404 ut
2597 1364 2721 1404 cum
2749 1348 2902 1413 justo
2928 1346 3038 1402 Deo
3073 1346 3498 1415 requiescerent,
3525 1359 3674 1401 nunc

2100 1458 2231 1498 sane
2283 1443 2534 1511 sequitur
2575 1447 2633 1493 ut
2674 1437 2814 1508 apud
2844 1436 3011 1490 Deum
3042 1436 3153 1492 sint
3181 1454 3195 1490 :
3225 1435 3481 1504 quoniam
3536 1436 3674 1492 tales

2098 1543 2226 1605 post
2260 1546 2491 1589 mortem
2519 1532 2744 1586 firmiter
2769 1529 2905 1599 justi
2962 1539 3110 1593 sunt,
3152 1533 3207 1581 et
3243 1537 3296 1581 ιιι
3329 1541 3494 1582 orans
3523 1526 3674 1595 psal-

2098 1629 2188 1694 lis,
2216 1628 2301 1683 fac
2334 1628 2678 1696 requiescere
2700 1626 2824 1681 illos
2839 1625 2929 1678 ubi
2950 1625 3098 1694 juste
3127 1622 3672 1692 requiescunt.Quod

2097 1724 2142 1777 si
2169 1738 2292 1775 cum
2319 1723 2469 1791 justo
2507 1720 2617 1774 Deo
2658 1734 2767 1774 non
2809 1721 3180 1785 requiescunt,
3244 1717 3294 1770 in
3322 1715 3549 1771 dubium
3577 1730 3673 1770 eo-

419 1789 709 1838 παύονται.
749 1805 768 1838 ι
806 1789 866 1842 El
899 1789 956 1842 δὲ
1011 1792 1112 1846 οὐκ
1158 1795 1533 1852 ἀναπαύονται
1585 1801 1723 1868 μετά
1772 1804 1868 1857 τοῦ
1917 1805 1990 1858 δι-

421 1876 512 1894 -.ννο
647 1878 671 1894 α
779 1880 836 1894 ⁸³·
1048 1885 1062 1894 ⁸
1115 1885 1140 1894 ⁸
1239 1889 1254 1894 ⁸
1318 1890 1332 1894 ⁸
1541 1891 1552 1894 ⁸

2101 1833 2220 1870 rum
2247 1789 2461 1886 iustitia
2501 1826 2812 1878 revocatur,
2842 1813 2988 1881 quod
3015 1805 3109 1866 tibi
3134 1810 3298 1865 etiam
3333 1826 3439 1864 non
3473 1813 3674 1878 placet.

420 1876 605 1941 καίου,
641 1878 957 1947 διστάζεται
1002 1885 1182 1940 αὐτῶν
1228 1889 1263 1958 ἠ
1311 1890 1624 1963 δικαιοσύνη
1652 1911 1668 1928 ·
1703 1897 1843 1967 ὅπερ
1875 1902 1926 1951 'x
1941 1903 1987 1955 ιὶ

423 1969 506 2020 σοὶ
544 1971 644 2024 οὐκ
679 1972 925 2042 ἀρέσκει.
966 1977 1256 2048 οὐδαμῶς,
1293 1984 1447 2051 φασὶ,
1493 1982 1562 2038 τὰ
1604 1983 1700 2039 νῦν
1742 1989 1990 2060 ἀπολαμ-

421 2061 678 2119 ϐάνουσιν
704 2067 754 2121 oi
791 2069 1075 2143 δίκαιοι,ἦ
1120 2076 1610 2155 τῆςλάπολαύσεως
1655 2082 1791 2146 ὅλως
1828 2085 1984 2152 μετέ-

422 2172 608 2222 χουσιν
629 2175 645 2190 ο
681 2159 797 2212 ἀλλ’
830 2161 1144 2228 ἐλπίζουσιν
1177 2169 1235 2220 ἐν
1285 2171 1463 2240 καιρῷ
1494 2173 1824 2230 ἀπολαύσειν
1848 2193 1863 2209 ⁸
1894 2180 1989 2234 καί

419 2246 594 2317 τούτῳ
623 2250 1009 2341 εὐφραίνονται
1050 2259 1144 2313 καὶ
1173 2261 1494 2329 ἀγαλλιῶσι.
1528 2267 1700 2320 Τοῦτο
1728 2269 1784 2322 δὲ
1818 2272 1991 2341 παρό-

422 2355 576 2433 μοιον
606 2340 760 2396 ἔσται
787 2346 898 2408 τοῖς
921 2346 1118 2417 διψῶσι
1148 2350 1242 2402 καὶ
1266 2354 1628 2422 κεκαυμένοις
1650 2359 1779 2412 ὅταν
1806 2340 1988 2433 παρα-

419 2432 653 2488 κέωνται
705 2439 858 2509 πηγῇ
920 2456 1048 2505 τινι,
1093 2444 1158 2511 τῇ
1213 2442 1341 2516 δίψῃ
1401 2445 1746 2517 φλεγόμενοι.
1783 2456 1876 2507 καὶ
1925 2458 1986 2511 τὸ

421 2521 566 2594 ὕδωρ
612 2529 847 2598 δρῶντες
900 2532 1070 2600 ἔγγὺς
1122 2536 1322 2599 αὐτῶν,
1370 2538 1466 2591 καὶ
1521 2539 1833 2610 γλιχόμενοι
1885 2549 1984 2616 μὲν

418 2617 800 2690 ἐμπλησθῆναι
829 2623 925 2677 τοῦ
971 2624 1184 2690 ὕδατος,
1214 2628 1309 2683 τοῦ
1345 2632 1653 2701 καταψύξαι
1687 2638 1784 2691 τὸν
1820 2640 1987 2708 φλογη

420 2711 524 2776 μόν
555 2728 614 2765 τε
652 2717 745 2767 καὶ
788 2713 1025 2770 καύσονα
1057 2718 1149 2772 τὸν
1193 2721 1258 2773 ιιι
1303 2721 1398 2776 τοῦ
1430 2722 1599 2778 κόπου
1632 2729 1727 2781 καὶ
1759 2733 1854 2792 τῆς
1892 2750 1988 2787 τα·

418 2802 748 2876 λαιπωρίας.
775 2810 1020 2879 ἀοράτως
1033 2811 1090 2864 δέ
1108 2830 1221 2876 πως
1248 2814 1629 2885 κρατούμενοι,
1650 2820 1709 2873 οὐ
1732 2823 1988 2880 δύνανται

417 2900 564 2952 πιεῖν
585 2913 601 2929 ⁸
631 2901 726 2954 καὶ
775 2901 918 2956 οὕτω
946 2904 1149 2971 μᾶλλον
1196 2909 1510 2964 ἐκκαίονται
1555 2916 1620 2982 τῇ
1653 2914 1858 2986 θεωρίᾳ
1891 2920 1986 2973 τοῦ

420 2987 612 3053 ὕδατος
633 2995 776 3048 ἰκαὶ
818 2995 852 3064 ἡ
885 2994 1015 3066 δίψα
1042 2997 1251 3063 τούτοις
1284 3001 1486 3067 μᾶλλον
1533 3003 1709 3070 αὔξει,
1741 3013 1834 3062 καὶ
1873 3011 1988 3066 δει-

421 3085 527 3148 νῶς
558 3087 635 3150 ὡς
672 3087 819 3152 sine;
851 3091 1206 3160 καταφλέγει.
1249 3094 1410 3149 Ἀλλά
1439 3094 1600 3152 τοῦτο
1635 3103 1728 3155 καὶ
1751 3098 1830 3158 τά
1851 3105 1990 3159 ὑπο-

2108 1910 2450 1975 Nullatenus,
2482 1908 2695 1971 dicunt,
2719 1906 2986 1972 recipiunt
3038 1902 3171 1972 justi
3200 1918 3367 1968 nunc,
3393 1904 3473 1956 vel
3500 1902 3674 1956 beati-

2107 2004 2311 2058 tudinis
2350 2002 2573 2055 omnino
2632 1999 2926 2070 participes
2986 1995 3141 2062 fiunt,
3176 1994 3270 2049 sed
3302 2009 3423 2049 cum
3457 2004 3672 2062 tempus

2108 2097 2213 2151 erit
2256 2110 2316 2149 se
2351 2094 2618 2147 fruituros
2649 2100 2892 2158 sperant,
2922 2097 2976 2142 et
3044 2086 3095 2140 in
3162 2087 3265 2140 hoc
3295 2084 3568 2139 exsultant
3617 2096 3674 2138 et

2106 2189 2380 2242 laetantur.
2416 2184 2529 2239 Hoc
2548 2195 2728 2237 autem
2757 2180 2936 2235 simile
2968 2177 3072 2232 erit
3109 2175 3421 2230 sitientibus
3450 2183 3501 2228 et
3540 2187 3676 2227 exu-

2103 2281 2227 2341 stis.
2273 2294 2396 2333 cum
2443 2280 2599 2346 juxta
2652 2275 2853 2330 fontem
2910 2270 3145 2339 aliquem
3180 2267 3422 2323 assident
3472 2265 3671 2332 sitique

2104 2381 2418 2439 enecantur,
2453 2385 2648 2440 aquam
2705 2381 2872 2438 prope
2923 2361 3333 2432 conspicienda,
3378 2369 3431 2414 et
3473 2358 3668 2428 repleri

2101 2468 2373 2536 cupiendo
2398 2465 2464 2520 ad
2506 2462 2818 2517 incendium
2877 2467 2931 2514 et
2979 2464 3168 2512 aestum
3204 2453 3664 2523 compescendum

2101 2578 2167 2617 ex
2201 2560 2390 2614 labore
2418 2565 2472 2612 et
2503 2552 2889 2619 defatigatione
2910 2557 3243 2617 susceptum,
3266 2546 3358 2600 sed
3392 2545 3462 2599 ab
3484 2543 3669 2612 aliqua

2100 2652 2362 2708 invisibili
2402 2666 2460 2705 re
2490 2647 2768 2717 praepediti
2821 2650 3011 2712 potare
3043 2655 3147 2694 non
3171 2647 3422 2708 possunt,
3462 2639 3667 2706 magis-

2102 2761 2208 2815 que
2227 2760 2379 2812 aquaa
2415 2741 2753 2810 inspectione
2808 2735 3237 2798 inﬂammantur,
3302 2732 3531 2800 sitisque
3569 2745 3670 2784 au-

2101 2846 2281 2905 getur,
2311 2842 2366 2888 et
2399 2835 2615 2898 misere,
2656 2845 2712 2884 ιιι
2745 2845 2842 2897 par
2874 2839 2976 2892 est,
3007 2831 3332 2880 aduruntur.
3368 2823 3431 2876 At
3463 2823 3564 2877 hoc
3585 2823 3666 2876 vel

2101 2928 2368 2982 lactentes
2397 2923 2631 2977 infantes
2660 2919 3003 2980 deridehunt,
3035 2919 3079 2971 si
3107 2915 3324 2984 potandi
3355 2928 3452 2983 spe
3476 2913 3668 2966 sitiens

2101 3021 2428 3079 oblectatur,
2461 3013 2712 3083 quamvis
2756 3026 2949 3080 aquam
3007 3023 3116 3062 non
3159 3006 3410 3074 attingat.
3452 3004 3580 3067 Sed,
3609 3014 3670 3058 ut

2100 3126 2202 3181 ego
2231 3107 2490 3168 arbitror.
2519 3121 2622 3158 non
2644 3102 2821 3157 solum
2861 3113 2968 3154 non
2999 3097 3258 3152 obiectari
3283 3097 3460 3167 jnstos
3487 3095 3667 3150 oratio

421 3183 593 3252 μάζια
647 3182 823 3255 βρέφη
859 3186 1219 3263 γελάσονταιέ
1248 3191 1297 3242 εί
1346 3193 1411 3259 τῇ
1461 3192 1640 3248 ἐλπίδι
1687 3197 1781 3249 τοῦ
1824 3198 1990 3252 ποτοῦ

2101 3211 2280 3258 vestra
2318 3198 2618 3259 concludit,
2652 3195 2761 3249 imo
2814 3195 3017 3248 tristari
3060 3190 3234 3261 magis
3270 3199 3322 3244 et
3351 3189 3473 3256 angi
3505 3189 3668 3241 vehe-

416 3274 773 3345 εὐφραίνεται
804 3279 833 3331 δ
863 3277 1054 3346 διψῶν,
1097 3279 1198 3334 κᾶν
1231 3283 1326 3336 καὶ
1367 3283 1461 3338 τοῦ
1498 3284 1690 3349 ὓδατος
1723 3289 1786 3341 οὐ
1824 3307 1990 3359 μετα-

415 3367 692 3441 λαμϐάνῃ.
724 3371 863 3424 Κατ’
895 3373 997 3441 ἐμὲ
1039 3373 1116 3437 δὲ,
1162 3374 1223 3428 οὐ
1261 3376 1423 3444 μόνον
1469 3378 1569 3432 οὐκ
1598 3380 1989 3450 εὐφραίνεσθαι

415 3460 544 3526 τοὺς
597 3463 788 3530 ἀγίους
838 3467 1204 3536 συμπεραίνει
1253 3470 1283 3521 ό
1315 3471 1582 3538 ὑμέτερος
1625 3472 1803 3540 λόγος,
1852 3473 1989 3530 ἀλλά

414 3555 514 3607 καὶ
544 3555 833 3611 λυπεῖσθαι
868 3559 964 3612 καὶ
996 3559 1169 3623 πάθος
1202 3561 1555 3629 ὑφίστασθαι.
1589 3565 1710 3618 Ὀτι
1740 3565 1796 3618 δὲ
1840 3566 1989 3622 τοῦτ’

413 3645 633 3715 ἀληθὲς,
670 3651 957 3704 σκεπτέον.
989 3651 1061 3703 τὸ
1111 3651 1280 3722 ἀκρον
1315 3654 1424 3706 τῶν
1472 3655 1715 3723 ἀγαθῶν,
1751 3657 1826 3718 ὡς
1875 3661 1988 3722 τοῖς

416 3737 592 3807 ἁγίοις
627 3741 722 3794 καὶ
753 3739 1027 3811 θεολόγοις
1052 3742 1217 3808 δοκεῖ,
1249 3744 1366 3798 ἔστι
1418 3745 1582 3814 μόνος
1611 3748 1640 3800 δ
1667 3746 1800 3812 Θεός
1823 3763 1840 3780 ο
1873 3749 1988 3804 ἔστι

411 3830 466 3884 δὲ
494 3832 641 3902 χαρά
675 3835 769 3886 καὶ
820 3834 1143 3901 ἀγαλλίασις
1177 3837 1273 3889 καὶ
1322 3838 1512 3907 ἔφεσις
1557 3842 1649 3894 καὶ
1694 3841 1986 3912 ἐπιθυμία.

414 3925 480 3976 0i
520 3927 618 3994 μὲν
649 3921 742 3980 οὖν
787 3930 1139 3999 στερούμενοι
1172 3928 1264 3982 τοῦ
1298 3932 1528 3998 ἀγαθοῦ,
1562 3934 1782 4006 καὶτῆς
1813 3938 1988 4005 χαρᾶς

414 4022 508 4073 καὶ
558 4021 938 4086 ἀγαλλιάσεως
997 4023 1382 4093 ἀναμφιϐόλως
1436 4025 1776 4096 στεροῦνται.
1811 4029 1876 4081 Oi
1933 4029 1992 4084 δὲ

413 4113 561 4181 ἀγιοι
594 4113 964 4184 στερούμενοι,
999 4118 1093 4168 καὶ
1119 4116 1441 4171 λυποῦνται.
1483 4118 1546 4170 Εί
1575 4119 1632 4171 δὲ
1667 4119 1986 4183 λυποῦνται,

416 4206 710 4274 πάσχουσι,
758 4208 856 4262 καὶ
892 4208 1071 4279 τούτῳ
1112 4207 1290 4273 οὐδεὶς
1337 4211 1575 4280 ἀντερεῖ.
1617 4213 1852 4267 Ἐπεται
1896 4209 1991 4268 οὖν

416 4302 538 4356 καθ’
574 4304 720 4371 ὑμᾶς
773 4306 1004 4374 πάσχειν
1051 4305 1176 4368 τοὺς
1207 4305 1418 4373 ἀγίους.
1465 4305 1629 4359 Ἀλλά
1678 4306 1841 4360 τοῦτο
1888 4308 1991 4373 μὲν

412 4395 613 4449 ἀτοπον
639 4412 654 4426 ·
688 4397 837 4458 ὅπως
889 4397 983 4450 καὶ
1013 4396 1109 4450 νῦν
1148 4400 1408 4468 πάσχοιεν
1434 4399 1489 4451 ὲν
1529 4398 1609 4469 τῷ
1649 4398 1865 4467 σώματι
1898 4404 1991 4453 καὶ

412 4493 478 4559 τῇ
511 4490 625 4561 ζωῇ
656 4492 725 4560 τῇ
775 4491 1100 4560 προσκαίρῳ
1138 4488 1330 4562 ταύτῃ,
1362 4489 1532 4543 πολλὰ
1579 4491 1868 4555 παθόντες,
1917 4491 1990 4545 ἶν’

2096 3306 2326 3350 menter.
2357 3290 2438 3344 An
2473 3305 2604 3344 vero
2635 3292 2707 3342 ita
2748 3301 2807 3342 se
2853 3301 2941 3341 res
2993 3285 3187 3337 habent
3234 3281 3665 3337 consideremus.

2095 3389 2384 3441 Summum
2434 3383 2660 3446 bonum,
2696 3392 2753 3433 ut
2809 3377 2987 3432 sancti
3021 3385 3076 3429 et
3111 3374 3346 3442 theologi
3394 3374 3663 3433 sentiunt,

2094 3480 2244 3533 solus
2272 3477 2417 3531 Deus
2443 3484 2547 3529 est.
2575 3474 2673 3528 Est
2712 3478 2891 3525 autem
2921 3467 3205 3539 gaudium,
3235 3464 3548 3526 exsultatio,
3573 3466 3667 3517 de-

2094 3573 2380 3631 siderium.
2413 3567 2746 3637 appetentis.
2796 3564 2899 3630 Qui
2956 3562 3119 3633 igitur
3169 3560 3317 3616 bono
3353 3559 3656 3627 privantur,

2095 3664 2295 3733 gaudio
2322 3672 2375 3717 et
2409 3659 2774 3715 exsultatione
2809 3657 3017 3724 absque
3049 3652 3216 3707 dubio
3255 3651 3560 3719 privantur.
3593 3648 3666 3703 At

2093 3753 2267 3811 sancti
2320 3754 2365 3808 si
2415 3753 2722 3821 privantur,
2760 3747 3085 3809 tristantur;
3138 3742 3184 3797 si
3227 3741 3666 3804 tristantur,ano

2094 3857 2318 3918 guntur,
2360 3844 2600 3912 huiequc
2632 3855 2790 3894 nemo
2821 3836 3182 3892 contradicet.
3215 3833 3475 3902 Sequitur
3531 3846 3664 3899 ergo

2094 3938 2397 3995 secundum
2449 3949 2544 3987 vos
2588 3930 2708 4000 angi
2762 3929 2940 3998 justos
2970 3942 2984 3979 :
3018 3933 3074 3980 at
3097 3924 3150 3979 id
3177 3923 3474 3978 absurdum
3503 3920 3663 3989 plane

2093 4040 2199 4090 est,
2256 4028 2300 4083 si
2333 4028 2386 4082 in
2422 4023 2713 4096 praesentia
2743 4028 3033 4087 angantur,
3094 4031 3218 4072 cum
3261 4015 3315 4068 in
3349 4027 3580 4083 corpore
3606 4020 3665 4066 et.

2096 4125 2197 4179 hac
2223 4121 2551 4192 temporaria
2577 4118 2664 4172 via
2698 4115 2932 4170 multum
2979 4112 3307 4177 laborarint,
3333 4118 3391 4163 ut
3438 4108 3508 4162 ibi
3542 4107 3664 4160 sine

2095 4215 2347 4271 molestia
2376 4213 2572 4283 degant
2599 4219 2651 4263 et
2685 4209 3098 4276 conquiescant.
3140 4203 3245 4258 Sed
3272 4202 3399 4271 quid
3435 4199 3669 4254 ulterius

2095 4312 2280 4366 hostes
2310 4307 2556 4362 veritatis
2587 4303 2794 4358 addunt
2822 4301 2847 4353 ?
2874 4299 3127 4354 Fatemur
3177 4300 3359 4364 justos
3402 4295 3455 4348 in
3477 4295 3664 4362 aliquo

2095 4405 2214 4459 loco
2251 4416 2373 4456 esse
2403 4409 2459 4454 et
2493 4398 2870 4467 requiescere.
2901 4393 2997 4447 sed
3031 4391 3322 4446 ineﬂ‘abilia
3351 4390 3516 4454 bona,
3545 4403 3666 4456 quae

2095 4497 2288 4552 oculus
2327 4508 2437 4548 non
2481 4492 2634 4548 vidit.
2662 4503 2760 4543 nec
2790 4486 2941 4542 auris
2963 4482 3191 4547 audivit,
3222 4499 3323 4538 nec
3351 4482 3404 4535 in
3435 4496 3530 4536 cor
3558 4479 3663 4533 ho-

414 4553 533 4638 ἐκεῖ
559 4553 793 4646 ἀπαθεῖς
819 4553 1193 4652 ,μείνωσινιιαὶ
1243 4553 1691 4663 ἀναπαύσωνται.
1734 4582 1799 4635 Τί
1827 4553 1874 4637 δ’
1903 4584 1987 4638 ἶτι

2099 4589 2261 4644 minis
2284 4584 2555 4646 ascendit,
2587 4581 2827 4636 nondum
2855 4578 3121 4646 recepisse
3149 4577 3219 4630 “.
3240 4574 3336 4630 Hic
3360 4575 3508 4629 subit
3528 4573 3659 4627 mihi

415 4681 582 4747 φασὶν
619 4677 670 4730 oi
695 4679 793 4746 τῆς
828 4675 1091 4747 ἀληθείας
1137 4675 1388 4746 πολέμιοι
1416 4691 1431 4742 ;
1471 4674 1877 4762 Ὅμολογοῦμεν
1901 4677 1987 4730 ὅτι

2099 4683 2445 4736 vehementer
2472 4676 2673 4740 ridere,
2713 4674 2760 4729 si
2793 4671 2961 4726 Deum
2994 4671 3047 4725 in
3077 4669 3214 4725 facie
3242 4668 3516 4738 iustorum
3545 4666 3662 4719 ani-

413 4777 463 4826 oi
500 4773 645 4842 ἀγιοί
673 4773 816 4826 εἰσιν
845 4771 904 4825 εν
924 4776 931 4785 “
951 4787 1059 4824 τινι
1088 4769 1236 4838 τόπῳ
1263 4769 1359 4823 καὶ
1407 4760 1784 4823 ἀναπαύονται
1807 4785 1822 4800 ’
1853 4768 1990 4822 ἀλλά

2099 4790 2193 4830 mae
2221 4773 2462 4833 videant,
2515 4780 2570 4823 et
2624 4767 2882 4820 Trinitatl
2933 4773 2989 4820 et
3023 4764 3116 4818 Dei
3172 4765 3370 4817 throno
3400 4761 3518 4815 sine
3549 4760 3662 4812 ullo

413 4866 482 4920 τά
510 4865 800 4936 ἀπόρρητα
829 4863 1034 4931 ἀγαθὰ,
1068 4880 1086 4913 ι
1126 4861 1161 4918 ἀ
1188 4861 1466 4931 ὀφθαλμὸς
1489 4861 1590 4915 οὐκ
1622 4855 1750 4924 είδε,
1778 4862 1867 4914 καὶ
1896 4857 1988 4923 οὖς

416 4956 519 5010 οὐκ
547 4957 774 5026 ἤκουσε,
801 4955 896 5008 καὶ
928 4956 1022 5007 επὶ
1048 4952 1277 5020 καρδίαν
1305 4951 1596 5022 ἀνθρεπου
1620 4950 1720 5004 οὐκ
1748 4949 1939 5019 ἀνέϐη,
1963 4967 1981 4999 ι

415 5047 571 5105 οΰπω
622 5050 919 5104 ἀπέλαϐον.
962 5047 1050 5100 Ἐν
1093 5045 1268 5117 τούτῳ
1311 5044 1492 5098 ιπεισί
1529 5059 1619 5114 μοι
1650 5044 1746 5096 καὶ
1781 5042 1988 5111 σφόδρα

417 5145 586 5216 γελάν
609 5158 626 5175 ⁸
660 5143 744 5196 ὅτι
767 5141 859 5194 τὸν
878 5140 1011 5193 Θεὸν
1035 5137 1347 5211 καθορῶσαι
1373 5136 1452 5198 είς
1475 5135 1766 5201 πρόσωπον
1796 5135 1851 5185 αί
1877 5133 1987 5186 τῶν

418 5236 592 5304 ἀγίων
623 5232 816 5305 ψυχαὶ,
847 5233 942 5286 καὶ
980 5230 1388 5300 παριστάμεναι
1420 5230 1484 5298 τῇ
1520 5225 1738 5296 Τριάδι,
1786 5226 1878 5279 καὶ
1909 5225 1986 5295 τῷ

415 5329 512 5384 τοῦ
544 5328 679 5383 Θεοῦ
727 5326 902 5398 θρόνῳ
943 5327 1187 5396 ἀμέσως,
1231 5323 1339 5375 τῶν
1383 5321 1716 5392 ἀπορρήτων
1764 5319 1987 5386 ἀγαθῶν

417 5426 517 5478 οὐκ
561 5421 1042 5491 ἀπολαμϐάνουσιν
1064 5418 1164 5471 ἔτι.
1195 5417 1259 5470 Ὠ
1289 5418 1387 5485 τῆς
1417 5414 1774 5484 ἀναισθησίας
1801 5414 1815 5467 ί
1854 5415 1987 5466 [Ιοῖα

417 5514 667 5583 νομίζετε
703 5513 994 5584 ἀπόρρητα
1036 5509 1241 5580 ἀγαθὰ,
1279 5509 1348 5562 τά
1383 5507 1556 5578 μείζω
1589 5506 1689 5576 τῆς
1729 5507 1823 5560 τοῦ
1851 5504 2007 5561 Θεοῦ.

417 5608 652 5679 θεωρίας
679 5624 695 5674 ;
737 5607 1058 5675 Ἔννοήσατε
1086 5606 1139 5658 τί
1170 5603 1380 5672 λέγετε,
1417 5603 1498 5656 ὅτι
1530 5599 1854 5670 βλασφημία
1891 5616 1988 5666 με-

420 5705 580 5770 τ’στη
606 5701 774 5752 ἐστίν.
806 5698 868 5752 Εί
897 5698 1005 5770 γάρ
1035 5697 1125 5752 τὸν
1166 5697 1300 5752 Θεὸν
1329 5695 1531 5768 ὁρῶσιν
1556 5695 1634 5758 είς
1671 5692 1984 5764 πρόσωπον.

495 5877 586 5933 ³⁸1
618 5879 743 5936 Cur.
772 5893 830 5943 ιι,
885 5878 937 5933 9.

2093 4868 2273 4923 medio
2305 4864 2594 4928 assistant,
2620 4876 2723 4916 nec
2753 4870 2933 4914 tamen
2964 4856 3332 4912 ineffabilibus
3380 4853 3538 4909 bonis
3561 4851 3660 4904 ad-

2092 4962 2196 5014 huc
2225 4959 2600 5028 perfruantur.
2633 4954 2677 5009 0
2717 4951 3214 5012 insensibilitatem,
3238 4961 3486 5017 quantam
3512 4943 3659 4999 inef-

2086 5051 2273 5107 fabilia
2296 5051 2434 5104 bona
2465 5062 2586 5103 esse
2614 5045 2939 5100 existimatis
2976 5043 3192 5098 visione
3256 5041 3348 5095 Dei
3411 5037 3660 5108 majora?

2090 5142 2389 5211 PerSpicite
2414 5140 2548 5210 quid
2581 5138 2798 5199 dicatis.
2827 5153 2950 5191 nam
2985 5135 3037 5189 id
3065 5132 3398 5202 blasphemia
3420 5132 3656 5185 maxima

2088 5244 2193 5290 est.
2231 5232 2288 5286 Si
2334 5232 2480 5287 enim
2509 5230 2676 5284 Deum
2713 5228 2766 5281 in
2799 5226 2937 5280 facie
2962 5225 3170 5286 vident,
3202 5222 3345 5292 quod
3369 5235 3531 5274 nemo
3564 5234 3660 5273 ne-

2091 5323 2304 5396 gaverit
2333 5335 2598 5389 unquam,
2629 5327 2757 5372 sunt
2787 5325 2966 5369 autem
2989 5323 3043 5367 et
3085 5313 3188 5365 alia
3217 5312 3356 5365 bona
3391 5323 3512 5377 qute
3548 5320 3656 5360 non

2091 5418 2297 5478 vident,
2337 5429 2468 5481 ergo
2500 5413 2704 5480 majora
2733 5426 2795 5463 ea
2842 5409 2934 5462 Dei
2980 5407 3189 5460 visione
3217 5411 3366 5458 sunt.
3418 5399 3656 5455 Siiltunc

2089 5509 2298 5568 vident,
2336 5507 2438 5560 alia
2467 5519 2571 5558 non
2605 5502 2810 5555 vident.
2856 5500 2925 5553 At
2953 5499 3004 5552 id
3035 5511 3212 5566 neque
3236 5494 3509 5548 dastnones
3548 5508 3655 5546 utt-

2089 5615 2252 5669 quam
2301 5598 2566 5650 dicerent.
2624 5589 2805 5659 Quid?
2849 5589 3040 5646 Nonne
3105 5599 3161 5642 et
3197 5587 3389 5640 beatus
3428 5584 3651 5649 Paulus,

2095 5708 2112 5742 t
2137 5691 2329 5757 Cupio,
2355 5687 2552 5755 inquit.
2583 5683 2803 5740 dissolvi
2841 5693 3035 5738 etesse
3078 5674 3498 5736 cumﬁhristo?
3533 5696 3551 5727 ι
3591 5674 3649 5728 Si
