4182 6350
506 324 644 390 12⁸70

1689 327 2010 388 JUSEPHI
2052 326 2601 388 METHONENSIS

3591 317 3731 383 I280

496 437 750 488 rmlesti-s
798 433 955 488 sedes
1006 442 1061 487 et
1125 435 1438 491 mansiones
1487 436 1827 493 deferuntur.
1888 440 1929 491 Α
1959 454 2068 508 quo

2180 442 2433 510 ὑπάρχει,
2483 440 2599 491 ἐκεῖ
2645 436 2986 496 ἁδιστάκτως
3043 433 3468 503 συναχθήσονται
3513 431 3571 484 αί
3621 432 3733 485 τῶν

499 526 667 593 igitur
691 528 944 594 egregius
985 526 1073 583 ille
1094 526 1361 599 Ephesius
1383 530 1574 585 didicit
1620 530 1759 599 quod
1793 546 1968 598 usque
1996 531 2063 585 ad

501 616 862 672 universalem
919 622 1373 675 resurrectionem
1424 624 1665 690 recipere
1702 638 1808 676 non
1866 623 2066 679 debent

496 711 772 780 iustorum
806 711 1357 782 animm?0portebat
1420 715 1565 767 enim
1611 728 1755 779 eum,
1809 731 1933 769 cum
1988 717 2068 769 vir

2169 533 2339 597 ἁγίων
2367 530 2558 599 ψυχαί.
2601 530 2707 582 Καὶ
2749 529 2777 579 6
2809 525 3020 589 Παῦλος
3053 524 3107 578 δὲ
3161 524 3421 593 ἐπεθύμει
3465 520 3733 576 ἀναλῦσαι

2168 627 2259 680 καὶ
2302 626 2395 677 σὺν
2428 622 2646 693 Χριστῷ
2676 615 3029 683 εἷναι.”οστις
3064 613 3158 671 οὖν
3192 615 3427 685 Χριστὸν
3467 616 3528 667 εν
3561 614 3730 683 οὐρα·

2167 721 2277 779 νοῖς
2312 716 2580 785 ὑπάρχειν
2625 715 2724 767 οὐκ
2778 713 3018 775 ἀπιστεῖ,
3057 709 3175 764 οὐδὲ
3228 708 3325 774 τὴν
3370 704 3465 757 τοῦ
3518 703 3731 757 Παύλου

500 802 754 857 eruditus
786 814 948 862 esset.
982 820 1089 858 non
1140 805 1213 859 ita
1265 815 1447 873 aperte
1478 806 1761 861 doctorum
1814 806 2069 862 Ecclesia:

2180 810 2365 883 tum,
2400 811 2460 860 ὲν
2510 807 2587 877 τῷ
2622 805 2835 875 οὐρανῷ
2870 804 3140 871 ὑπάρχειν
3189 800 3507 869 ἀρνήσεται.
3560 796 3732 857 Αὐτὸς

502 896 661 951 dictis
683 896 1006 960 adversari;
1043 897 1153 952 imo
1186 897 1289 951 sibi
1318 898 1420 965 ipsi
1479 900 1808 954 Contradicit
1837 917 1848 951 :
1882 900 1934 953 in
1960 900 2069 968 epi-

504 988 642 1041 stola
689 989 754 1038 ad
804 1003 996 1042 omnes
1035 997 1221 1057 gentes
1264 1002 1317 1043 et
1369 991 1577 1047 insulas
1626 992 1787 1046 missa
1855 992 2069 1062 penitus

506 1081 817 1136 fruitionem
876 1092 1187 1137 sanctorum
1232 1093 1410 1149 negat,
1466 1084 1553 1138 ubi
1604 1085 1837 1139 scribit:
1884 1105 1897 1134 ι
1937 1084 2070 1151 Nos,

504 1183 727 1228 sanctos
757 1190 931 1243 neque
966 1191 1211 1243 paratum
1254 1176 1357 1229 sibi
1388 1194 1609 1246 regnum
1646 1186 1742 1231 aut
1774 1178 2069 1233 ineffabilia

506 1266 645 1319 bona
672 1266 935 1334 recipere.
965 1282 1142 1329 neque
1160 1278 1472 1336 peccatores
1504 1270 1555 1322 in
1578 1269 1879 1337 gehennam
1922 1271 2073 1324 abire

506 1358 839 1413 aliirmamus
865 1359 993 1421 ;sed
1026 1367 1289 1429 utrosque
1317 1376 1469 1413 suam
1497 1372 1861 1429 sortem,qu:e
1892 1361 2070 1417 fultura

503 1459 610 1511 est.
648 1460 769 1516 post
822 1453 1273 1507 resurrectionem
1306 1464 1359 1507 et
1402 1453 1668 1521 judicium
1698 1465 2067 1522 exspectares

508 1542 618 1598 Hoc
650 1542 791 1606 loco,
826 1551 885 1597 ut
906 1542 1382 1607 vides,manifeste
1416 1554 1731 1599 sanctorum
1760 1544 2070 1600 fruitionem

509 1648 688 1706 negat.
718 1639 784 1691 Αι
823 1639 876 1693 in
908 1640 1159 1696 oratione
1218 1656 1377 1710 quam
1414 1640 1459 1695 is
1495 1640 1547 1693 in
1590 1640 1698 1694 divi
1737 1640 1866 1695 Elia:
1919 1657 2070 1696 com-

2168 904 2274 972 γὰρ
2303 901 2429 971 περὶ
2459 900 2557 969 τῆς
2592 896 2688 951 τοῦ
2726 897 2977 967 σώματος
3007 892 3300 954 διαλύσεως
3332 893 3421 944 καὶ
3450 887 3551 957 τῆς
3582 890 3639 941 ἐν
3668 888 3733 956 τῇ

2169 994 2479 1065 ἑπουρανίῳ
2530 991 2749 1063 πατρίδι
2796 989 3081 1051 κατοικίας
3130 988 3276 1055 λέγει
3303 1002 3316 1016 '
3349 984 3585 1053 Οἴδαμεν
3626 980 3738 1050 τὰρ

2170 1088 2252 1142 ὅτι
2285 1088 2379 1143 saw
2434 1088 2466 1154 ἠ
2509 1084 2747 1151 ἐπίγειος
2781 1084 2937 1152 ἡμῶν
2969 1081 3114 1133 οίκία
3162 1077 3258 1131 τοῦ
3306 1076 3539 1142 σκήνους
3567 1088 3741 1126 κατα-

2170 1181 2324 1251 λυθῇ,
2361 1179 2788 1251 ᾤκοδομημᾶνην
2814 1177 2878 1227 lx
2912 1170 3049 1225 Θεοῦ
3082 1171 3281 1241 ἔχομεν
3312 1166 3487 1220 οίκίαν
3523 1166 3742 1233 ἀχειρο-

2171 1271 2393 1340 ποίητον
2440 1269 2656 1323 αίὼνιον
2694 1270 2751 1319 tv
2799 1267 2915 1327 τοῖς
2968 1264 3238 1329 οὐρανιῖς.
3281 1279 3299 1311 ι
3350 1254 3514 1322 Οἶδας
3557 1258 3665 1326 ἀρα
3706 1254 3738 1323 ἢ

2171 1362 2493 1433 ἧκουσαςτί
2534 1377 2697 1431 φησιν
2736 1352 2889 1420 οὗτος
2935 1357 2962 1409 δ
2991 1356 3163 1423 ἀγιος,
3199 1355 3281 1407 ὅτι
3330 1353 3535 1413 εὐθέως
3581 1349 3742 1417 ἡνίκα

2172 1458 2237 1509 ἐκ
2270 1454 2497 1524 τοῦβίου
2526 1452 2719 1507 τούτου
2768 1449 3142 1519 ἀναχωροῦσιν
3163 1447 3213 1500 oi
3238 1442 3606 1512 ἁγιοι,ἦτοιαί
3626 1442 3740 1494 τῶν

2172 1546 2542 1617 τελειωμίνων
2570 1543 2794 1597 δικαίων
2822 1541 3013 1609 ψυχαὶ,
3048 1541 3104 1590 ἐν
3124 1540 3245 1601 ταῖς
3279 1535 3563 1605 οὖρανίαις
3600 1534 3742 1588 καθ-

2174 1640 2358 1710 έδραις
2382 1638 2479 1693 καὶ
2520 1639 2707 1709 μοναῐς
2734 1632 3047 1688 κατοικοῦσι
3057 1649 3072 1699 ;
3098 1631 3268 1685 Πόθεν
3289 1626 3380 1683 οῦν
3398 1624 3745 1698 εῦρενείπεῖν

509 1730 955 1786 memorationem
985 1732 1311 1800 conscripsit
1334 1772 1348 1793 ,
1380 1740 1567 1800 aperte
1620 1731 1910 1787 comitetur
1944 1747 2073 1787 san-

2180 1734 2204 1785 δ
2229 1732 2392 1794 καλὸς
2420 1731 2631 1793 ἐκεῖνος
2661 1728 2928 1796 Ἐφέσου.
2962 1728 3040 1780 ὅτι
3078 1724 3243 1795 μέχρι
3276 1726 3373 1791 τῆς
3405 1720 3589 1790 κοινῆς
3612 1720 3745 1775 ἀνα-

508 1834 624 1876 etos
657 1823 919 1891 recipere,
950 1823 1038 1878 ubi
1068 1795 1244 1879 dicit}
1280 1842 1297 1872 ε
1333 1795 1443 1891 Ego
1469 1839 1597 1879 vero
1624 1822 1766 1894 quod
1802 1825 1872 1887 ei.
1906 1825 2069 1879 veluti

2180 1826 2441 1893 στάσεως,
2480 1823 2581 1877 οὐκ
2618 1795 2930 1889 ὀφείλουσιν
2969 1818 3264 1872 ἀπολαϐεῖν
3291 1819 3347 1870 αι
3377 1816 3484 1868 τῶν
3517 1814 3745 1868 δικαίων

510 1925 823 1969 sanctorum
873 1915 1183 1980 animabus,
1213 1918 1441 1972 ubilibet
1479 1917 1544 1971 ad
1597 1928 1811 1985 tempus
1846 1918 2067 1983 morari,

508 2012 563 2053 rt
597 2002 651 2055 in
687 2018 782 2056 sua
831 2006 943 2058 aede
994 2006 1225 2067 versari,
1275 2015 1328 2058 ct
1368 2006 1432 2060 ad
1473 2008 1828 2075 deprecantes
1870 2009 2072 2076 passim

511 2110 841 2163 mnuueare,
899 2099 1267 2153 necessarium
1313 2109 1369 2153 et
1412 2114 1597 2154 verum
1631 2114 1755 2155 esse
1781 2100 2073 2165 existimo;

511 2199 560 2239 at
598 2202 706 2241 non
738 2189 856 2242 ideo
886 2204 1009 2243 eum
1036 2190 1174 2243 casio
1204 2205 1392 2244 carere
1421 2190 1673 2257 dixerim,
1702 2202 1791 2244 aut
1829 2208 1933 2246 non
1971 2208 2073 2248 una

512 2279 888 2344 splendoribtls
937 2280 1251 2351 angelorum
1296 2280 1506 2336 Domini
1562 2283 1759 2337 throno
1804 2284 2069 2339 assidere.

511 2370 643 2424 Nam
674 2372 793 2424 aliis
827 2370 1054 2426 inferior
1082 2385 1228 2429 esset
1251 2375 1342 2442 qui
1381 2374 1493 2429 fere
1526 2391 1690 2445 super
1725 2378 2077 2431 omnes-emi.

515 2463 697 2524 nebat,
731 2464 777 2518 si
832 2464 957 2534 quia
1012 2481 1178 2520 carne
1227 2467 1555 2521 induebatur
1593 2469 1854 2525 serietate
1887 2484 2075 2524 eorum

513 2554 858 2617 Spoliare-tur.
913 2564 968 2610 et
1030 2557 1120 2612 Dei
1155 2560 1219 2613 ad
1282 2558 1475 2614 faciem
1535 2560 1771 2624 visione,
1828 2578 1932 2632 qua
1986 2578 2080 2631 per

512 2663 675 2702 omne
701 2664 813 2704 sua:
843 2650 963 2701 vitm
996 2659 1207 2718 tempus
1232 2652 1281 2705 in
1317 2653 1507 2721 primis
1540 2654 1743 2722 potitus
1770 2666 1902 2709 est.»
1947 2654 2079 2710 Meis

513 2755 731 2809 quoque
779 2742 960 2795 verbis
999 2741 1346 2803 testiﬁcatur.
1385 2746 1529 2813 quod
1568 2746 1620 2798 in
1666 2763 1787 2801 eum
1836 2745 2077 2800 Ecclesia

517 2830 588 2881 ita
627 2831 775 2883 canit
824 2845 840 2883 :
882 2848 898 2881 ι
944 2830 1214 2899 Propheta
1261 2848 1437 2901 prmco
1476 2833 1678 2888 Christi
1716 2850 1745 2888 a
1789 2836 2079 2904 magnilieo

514 2923 710 2976 throno
758 2938 1033 2991 nunquam
1087 2922 1437 2993 disiungeris,
1490 2933 1545 2979 et
1596 2928 1904 2990 cuicunque
1955 2927 2076 2981 lan-

514 3014 699 3082 guenti
735 3014 789 3067 in
820 3013 1101 3070 altissimis
1134 3016 1493 3072 ministrando
1529 3034 1741 3086 semper
1772 3019 1921 3083 ades,
1956 3021 2074 3074 Ofili

2173 1919 2375 1991 ψυχαί;
2411 1918 2559 1972 Ἔδει
2590 1918 2697 1986 γὰρ
2726 1916 2890 1971 αὑτὸν
2937 1913 3221 1982 ἄνθρωπον
3252 1911 3380 1964 δντα
3427 1909 3629 1977 λόγιον,
3667 1907 3745 1976 μὴ

2175 2008 2552 2065 ἀναντιοῦοθαι
2605 2006 2899 2078 προφανῶς
2954 2005 3097 2059 οὕτω
3147 2004 3258 2064 τοῖς
3309 2000 3460 2069 παρὰ
3501 2000 3611 2054 τῶν
3644 1998 3747 2067 τῆς

2189 2102 2516 2173 Ἐκκλησίας
2553 2100 2889 2155 διδασκάλων
2929 2097 3287 2167 εἰρημένοις·
3322 2094 3520 2162 μᾶλλον
3549 2092 3604 2145 δι
3652 2091 3747 2145 καὶ

2176 2194 2338 2257 αὐτὸς
2380 2191 2557 2263 ἑαυτῷ
2596 2192 2909 2259 ἀντιλέγει*
2941 2191 3000 2244 ἰν
3049 2189 3149 2257 μὶν
3187 2189 3253 2257 τῇ
3288 2184 3546 2254 ἐπιστολῇ
3576 2182 3747 2239 αὐτοῦ

2176 2290 2241 2356 τῇ
2273 2285 2583 2355 πεμφθείσῃ
2616 2287 2725 2347 τοῖς
2777 2279 3093 2353 ἁπανταχοῦ
3123 2281 3226 2349 γῆς
3265 2280 3359 2331 καὶ
3402 2276 3513 2331 τῶν
3539 2278 3745 2343 νήσων,

2179 2380 2423 2449 ἀρνεῖται
2456 2376 2733 2439 παντελῶς
2774 2376 2870 2443 τὴν
2902 2373 3009 2429 τῶν
3042 2373 3218 2439 ἁγίων
3259 2370 3586 2428 ἀπόλαυσιν,
3613 2364 3746 2419 ῐνθα

2180 2472 2315 2541 φησί
2338 2489 2353 2503 ο
2390 2469 2527 2523 «Καὶ
2576 2471 2737 2539 ἡμεῖς
2763 2466 2885 2520 οὔτε
2912 2465 3036 2526 τοῦς
3090 2464 3279 2531 ἁγίους
3328 2459 3619 2514 ἀπολαϐεῖν
3650 2456 3750 2524 τὴν

2182 2562 2594 2634 ἡτοιμασμένην
2648 2559 2833 2621 αὐτοῖς
2882 2555 3159 2628 βασιλείαν
3210 2554 3304 2607 καὶ
3356 2553 3424 2605 τά
3458 2550 3749 2622 ἀπόρρητα

2180 2652 2382 2719 ἀγαθὰ,
2410 2649 2532 2703 οῦτε
2564 2650 2685 2710 τοὺς
2709 2645 3065 2716 ἁμαρτωλοὺς
3095 2647 3175 2707 είς
3197 2643 3296 2713 τὴν
3324 2641 3548 2711 γέενναν
3576 2642 3750 2707 ὲμπε-

2183 2746 2295 2797 σεῖν
2323 2744 2425 2814 ἠδη
2456 2742 2640 2810 φαμέν
2664 2753 2678 2767 '
2713 2737 2828 2791 ἀλλ’
2857 2735 3175 2805 ἐκδέχεσθαι
3204 2736 3295 2787 τὸν
3325 2735 3455 2787 [διον
3484 2732 3747 2801 ἑκατέρου

2182 2837 2381 2906 κλῆρον
2406 2850 2422 2865 ·
2450 2836 2543 2885 καὶ
2568 2828 2708 2886 εῖναι
2739 2827 2896 2884 τοῦτο
2926 2828 3120 2897 καιροῦ
3163 2827 3257 2880 τοῦ
3294 2824 3577 2895 μέλλοντος
3611 2823 3751 2894 μετὰ

2180 2923 2279 2993 τὴν
2311 2922 2601 2975 ἀνάστασιν
2630 2920 2721 2971 καὶ
2752 2919 2849 2989 τὴν
2893 2918 3095 2987 κρίσιν.
3124 2934 3141 2967 ι
3193 2916 3281 2969 Ἐν
3302 2914 3476 2984 τούτῳ
3524 2913 3646 2981 μὲν.
3676 2913 3753 2975 ὡς

2180 3017 2333 3085 δρᾷς,
2369 3014 2616 3081 φανερῶς
2648 3015 2891 3082 ἀρνεῖται
2922 3012 3021 3068 τὴν
3071 3008 3370 3064 ἀπόλαυσιν
3400 3004 3510 3061 τῶν
3558 3006 3751 3073 ἁγίων,

516 3116 782 3159 terrarum
823 3105 1104 3161 benedicis
1153 3108 1394 3175 undique
1443 3110 1797 3179 glorificatus.
1858 3130 1877 3164 ι
1919 3111 2079 3167 Vides

2184 3110 2240 3161 ὲν
2279 3108 2335 3161 δὲ
2358 3107 2435 3175 τῷ
2463 3106 2602 3175 λόγῳ
2631 3103 2708 3167 τῷ
2733 3102 2863 3173 παρ’
2888 3103 3054 3155 αὑτοῦ
3085 3100 3359 3164 ποιηθέντι
3386 3101 3466 3162 είς
3492 3098 3589 3168 τὴν
3619 3098 3756 3169 μνή-

515 3204 576 3247 ut
623 3194 709 3247 hic
736 3195 881 3248 clare
909 3205 965 3248 et
1014 3205 1198 3265 api-rte
1239 3210 1459 3251 sanctos
1494 3198 1582 3252 Dei
1627 3201 1836 3256 visione
1871 3202 2077 3271 perfrui

2184 3219 2292 3269 μην
2321 3198 2412 3252 τοῦ
2453 3198 2609 3265 ἁγίου
2664 3196 2866 3258 Ἠλιοῦ,
2903 3195 3157 3265 ὁμολογεῖ
3203 3193 3505 3263 διαρρήδην
3559 3193 3757 3255 αὐτοὺς

515 3286 582 3339 ad
618 3285 809 3340 faciem
841 3289 1153 3343 asseverat?
1191 3290 1486 3360 divumque
1517 3291 1688 3345 Eliam
1735 3293 1838 3348 hac
1876 3292 2083 3349 νίεἱοιιο

515 3382 677 3433 etiam
723 3381 774 3433 in
810 3396 1039 3450 corpore
1079 3382 1298 3451 dignum
1340 3399 1461 3437 esse
1496 3385 1864 3438 existimatum
1900 3385 2075 3449 dicit,

515 3472 658 3540 quo-l
688 3472 907 3538 quidem
944 3473 1064 3541 plus
1098 3482 1180 3527 est
1215 3490 1377 3543 quam
1416 3475 1529 3542 ipsa
1562 3477 1699 3528 ratio
1732 3476 1987 3543 postulat.
2026 3474 2081 3529 Si

516 3564 662 3618 aliud
698 3551 863 3635 igitur
896 3577 1139 3632 paratum
1180 3582 1402 3633 regnum
1435 3576 1519 3619 est
1540 3577 1593 3621 et
1622 3567 1910 3622 ineﬂ‘abilia
1937 3568 2077 3623 bona

520 3666 717 3726 prater
745 3656 835 3709 Dei
877 3656 943 3710 ad
985 3655 1177 3711 faciem
1208 3657 1491 3719 visionem.
1530 3657 1581 3711 id
1622 3660 1871 3715 ostendat
1903 3660 2083 3730 nobis;

521 3749 629 3802 erit
663 3748 808 3802 enim
846 3749 937 3803 Dei
983 3748 1193 3803 visione
1225 3750 1595 3818 prastantius,
1627 3756 1771 3824 quod
1821 3771 1981 3810 nemo
2019 3772 2086 3811 ex

520 3840 777 3895 Ecclesia:
807 3841 1127 3897 doctoribus
1153 3858 1390 3911 unquam
1427 3846 1564 3899 dixit
1596 3863 1614 3900 :
1644 3847 1904 3917 majorem
1936 3864 2086 3921 repe-

522 3934 617 3987 riri
663 3933 1082 3988 oblectationem
1111 3950 1272 4003 quam
1325 3938 1415 3991 Dei
1467 3938 1603 3991 visio
1633 3940 1723 3992 sit.
1761 3940 1913 4005 Quod
1956 3959 2087 3996 vero

520 4021 657 4075 dicit
720 4036 950 4089 magnus
1010 4021 1326 4090 Gregorius,
1388 4024 1660 4093 iustorum
1721 4029 2084 4095 quorumdam

522 4112 736 4187 animas
767 4128 889 4166 esse
920 4128 1039 4180 quae
1072 4128 1099 4165 a
1146 4114 1356 4167 etelesti
1387 4129 1552 4182 regno
1584 4117 1957 4171 mansionibus
1988 4118 2088 4171 dif-

524 4206 727 4265 ferunt,
750 4212 804 4257 et
828 4205 964 4257 alias
997 4220 1118 4259 esse
1148 4206 1508 4273 perfeCIorum
1540 4208 1810 4273 justorum
1843 4208 2081 4272 animas,

523 4294 759 4349 ostendit
787 4310 909 4349 esse
949 4295 1114 4348 etiam
1163 4297 1299 4350 alias
1325 4297 1603 4366 iustorum
1658 4311 1766 4349 non
1827 4297 2092 4365 perfecto-

522 4404 643 4441 rqu
674 4387 902 4441 animas.
938 4386 1090 4454 Quod
1122 4387 1166 4441 si
1199 4388 1323 4456 quis
1350 4388 1576 4456 ambigit
1600 4388 1819 4441 ubinam
1846 4389 1927 4442 hac
1958 4389 2087 4454 sint,

2180 3291 2589 3359 ἀπολαμϐάνειν
2621 3291 2745 3352 τοὺς
2776 3290 2983 3358 ἁγίους,
3008 3288 3132 3341 ἔνθα
3153 3288 3301 3355 λέγει
3330 3302 3345 3316 ⁶
3379 3303 3397 3337 ι
3431 3284 3573 3353 Ἐγὼ
3603 3284 3648 3338 δ’
3672 3286 3756 3338 ὅτι

2185 3384 2282 3452 μὲν
2333 3382 2545 3447 ἔξεστιν
2593 3381 2766 3449 αὐτῷ,
2821 3379 3073 3449 καθάπερ
3126 3382 3218 3433 καὶ
3252 3381 3372 3441 ταῖς
3421 3379 3530 3431 τῶν
3584 3376 3757 3446 ἁγίων

2181 3474 2399 3544 ψυκαῖς.
2433 3476 2556 3527 ὅποι
2591 3473 2725 3532 ποτὶ
2767 3472 3016 3548 βούλεται
3064 3471 3205 3532 κᾶτά
3232 3473 3426 3547 κατρδν
3458 3469 3759 3539 επιχωριὰ-

2185 3568 2300 3630 ιῖειν
2332 3570 2479 3634 ναοῖς
2510 3585 2568 3625 τε
2608 3572 2831 3635 οίκείοις
2878 3572 3298 3642 ἐμφιλοχωρεῖν,
3348 3571 3584 3632 καὶτοῖς
3626 3562 3757 3621 ἐκά-

2186 3681 2335 3717 στοτε
2379 3664 2654 3733 δεομένοις
2725 3666 3031 3735 ἐπιφοιτᾷν,
3080 3664 3373 3731 ἀναγκαῖόν
3401 3680 3459 3715 τε
3513 3659 3757 3731 ἠγοῦμαι

2187 3754 2279 3807 καὶ
2313 3753 2509 3820 ἀληθὲς
2552 3752 2713 3820 εἶναι,
2746 3757 2807 3809 οὐ
2854 3756 2962 3823 μὴν
3005 3755 3095 3808 διὰ
3122 3754 3296 3808 ταῦτα
3329 3753 3499 3822 φαίην
3525 3750 3592 3805 ἂν
3656 3750 3760 3803 αὒ-

2189 3845 2303 3909 raw,
2332 3845 2439 3899 τῶν
2466 3846 2710 3915 οὐρανῶν
2738 3846 3151 3909 ἀπολείπεσθαι,
3183 3846 3273 3899 καὶ
3297 3846 3395 3913 τῆς
3417 3844 3596 3896 ἐκεῖσε
3620 3842 3761 3909 λαμ-

2195 3938 2501 4007 προφορίας
2531 3939 2670 4007 μετὰ
2697 3937 2807 3990 τῶν
2837 3937 3085 4005 ἀγγέλων
3114 3938 3439 4005 δεσποτικῆς
3473 3935 3761 4003 παραστά-

2194 4047 2333 4092 σεως
2358 4048 2371 4061 ο
2394 4027 2428 4099 ἦ
2458 4031 2565 4098 γὰρ
2586 4030 2653 4082 ἀν
2677 4029 2898 4083 ἔλαττον
2924 4025 3069 4098 εἶχεν
3096 4032 3123 4081 ὁ
3152 4029 3287 4098 ὑπὲρ
3316 4030 3523 4088 πάντας
3548 4025 3758 4095 σχεδδν,

2190 4124 2303 4187 εῐγε
2355 4122 2441 4173 διὰ
2472 4122 2533 4173 τὸ
2580 4121 2678 4191 τὴν
2720 4122 2898 4191 σάρκα
2931 4123 3116 4191 φορεῖν
3162 4120 3464 4189 ἀφεστήκει
3513 4119 3612 4185 τῆς
3643 4119 3763 4187 μετ’

2196 4212 2376 4265 αὐτῶν
2410 4212 2723 4275 κοινωνίας,
2752 4214 2846 4265 καὶ
2872 4213 2972 4281 τῆς
3004 4211 3096 4265 τοῦ
3127 4209 3263 4264 Θεοῦ
3308 4210 3444 4282 πρὸς
3474 4211 3767 4279 πρόσωπον

2194 4304 2448 4374 θεωρίας,
2504 4299 2571 4372 ἦς
2620 4306 2712 4355 καὶ
2748 4304 2899 4374 παρά
2948 4304 3125 4360 πάντα
3173 4306 3265 4359 τὶν
3316 4305 3430 4376 βίον
3473 4302 3768 4372 ἐξαιρέτοις

2195 4398 2562 4466 άπῄλαυσεν.»
2604 4397 2890 4465 Μαρτυρεῖ
2924 4413 3013 4464 μοι
3044 4396 3122 4468 τῷ
3159 4397 3322 4468 λόγῳ,
3355 4398 3449 4450 καὶ
3478 4396 3537 4449 τὸ
3566 4398 3647 4457 είς
3670 4396 3769 4449 αὐ-

526 4480 581 4531 in
640 4478 800 4530 tertio
848 4477 1053 4531 decreti
1100 4478 1275 4546 capite
1325 4480 1456 4533 satis
1489 4494 1519 4532 a
1565 4478 1725 4533 nobis
1762 4493 2081 4545 responsum

2196 4484 2287 4536 τὸν
2323 4485 2471 4549 παρά
2525 4483 2622 4549 τῆς
2666 4483 2996 4553 Ἐκκλησίας
3048 4483 3333 4557 ᾀδόμενον,
3377 4484 3550 4547 οὕτως
3606 4485 3765 4554 ἔχον·

525 4577 629 4634 est;
655 4583 753 4623 nec
774 4568 939 4623 semel
971 4568 1114 4621 dicta
1140 4569 1429 4638 repetenda
1461 4578 1609 4635 sunt,
1635 4572 1726 4625 sed
1751 4580 2094 4627 revertamur

521 4676 589 4717 eo
613 4660 757 4716 unde
787 4659 1016 4730 digressi
1050 4676 1262 4715 sumus.

2213 4593 2232 4625 ε
2277 4573 2536 4642 Προφῆτα
2588 4573 2764 4643 κῆρυξ
2798 4573 3057 4642 Χριστοῦ,
3093 4574 3188 4627 τοῦ
3230 4574 3419 4645 θρόνου
3465 4576 3563 4646 τῆς
3605 4593 3774 4645 μεγα-

2206 4664 2452 4734 λωσύνης
2480 4665 2741 4718 οὐδέποτε
2788 4665 2997 4737 χωρίζῃ
3022 4682 3036 4696 ·
3074 4665 3165 4719 καὶ
3201 4668 3415 4735 ἑκάστῳ
3459 4667 3773 4722 ἀσθενοῦντι

522 4758 611 4810 ἀεὶ
658 4755 992 4827 παρίστασαι
1044 4759 1103 4811 ἐν
1150 4761 1261 4817 τοῖς
1298 4756 1541 4824 ὑψίστοις
1588 4756 1947 4824 λειτουργῶν,
2002 4756 2101 4823 τὴν
2134 4758 2466 4827 οἰκουμένην
2492 4757 2758 4825 εὐλογεῖς,
2798 4759 3075 4828 πανταχοῦ
3132 4757 3513 4828 δοξαζόμενος.
3546 4778 3564 4808 ι
3641 4759 3773 4813 Ἰδοὺ

522 4853 578 4903 ἐν
610 4850 783 4916 τούτῳ
818 4850 1089 4919 λαμπρῶς
1122 4851 1219 4904 καὶ
1242 4852 1556 4920 περιφανῶς
1590 4850 1690 4919 τῆς
1752 4848 1888 4919 πρὸς
1922 4849 2222 4918 πρόσωπον
2274 4850 2507 4921 θεωρίας
2553 4850 2648 4904 τοῦ
2715 4851 2873 4915 Θεοῦ,
2942 4852 3066 4914 τοὺς
3136 4851 3323 4919 ἁγίους
3372 4850 3775 4918 ἀπολαμϐάνειν

520 4945 951 5014 διισχυρίζεταιο
998 4947 1095 4999 καὶ
1124 4946 1214 4998 τὸν
1245 4946 1400 5013 ἆγιον
1446 4946 1636 4998 Ἠλίαν
1676 4948 1770 4999 καὶ
1820 4947 1956 5015 μετά
1986 4946 2239 5016 σώματος
2272 4947 2367 5016 τῆς
2400 4948 2659 5017 τοιαύτης
2715 4945 3001 5015 ἀξιοῦσθαι
3068 4948 3300 5018 θεωρίας
3362 4949 3581 5017 φάσκει,
3638 4950 3775 5019 ὅπερ

523 5045 617 5095 καὶ
656 5044 818 5095 πλέον
857 5043 949 5095 τοῦ
982 5042 1193 5095 δικαίου
1244 5043 1410 5096 ἐστίν.
1446 5044 1505 5094 Εἰ
1552 5042 1644 5095 οὖν
1682 5042 1810 5095 ἀλλο
1845 5041 1897 5093 τί
1939 5043 2090 5094 ἐστιν
2128 5043 2163 5112 ἡ
2213 5043 2595 5111 ἡτοιμασμένη
2629 5042 2902 5113 βασιλεία,
2944 5046 3034 5097 καὶ
3106 5044 3172 5097 τά
3219 5045 3507 5114 ἀπόρρητα
3568 5044 3776 5129 ἀγαθὰ⁹

524 5138 675 5206 παρὰ
722 5136 818 5207 τὴν
856 5136 948 5188 τοῦ
1001 5136 1135 5188 Θεοῦ
1170 5138 1303 5200 πρδς
1350 5134 1640 5204 πρόσωπον
1694 5135 1951 5203 θεωρίαν,
1988 5133 2228 5199 δειξάτω
2258 5136 2421 5203 ἡμῖν*
2468 5136 2624 5189 ἔσται
2696 5136 2803 5205 γάρ
2854 5134 3039 5204 ἐκείνη
3108 5134 3311 5205 μείζων
3366 5136 3464 5203 τῆς
3531 5137 3766 5206 θεωρίας

524 5226 689 5278 αὑτοῦ
737 5227 829 5278 τοῦ
862 5226 1018 5282 Θεοῦ.
1066 5226 1208 5279 Ἀλλ’
1252 5227 1425 5288 οὐδεὶς
1464 5225 1574 5278 τῶν
1617 5226 1951 5278 διδασκάλων
2001 5227 2099 5294 τῆς
2147 5225 2473 5295 Ἐκκλησίας
2527 5228 2692 5297 μέχρι
2748 5230 2839 5281 καὶ
2891 5227 3131 5296 σήμερον
3190 5226 3334 5280 τοῦτ’
3403 5229 3643 5297 εἴρηκεν,
3696 5226 3779 5279 ὅτι

525 5319 639 5369 ἐστί
670 5336 722 5371 τι
760 5319 945 5387 μεῖζον
995 5322 1073 5382 είς
1125 5320 1447 5377 ἀπόλαυσιν,
1482 5318 1581 5385 τῆς
1626 5317 1720 5369 τοῦ
1753 5318 1890 5370 Θεοῦ
1951 5316 2211 5388 θεωρίας.
2242 5321 2307 5371 '0
2336 5319 2393 5372 δέ
2422 5336 2587 5389 φησιν
2660 5322 2688 5373 δ
2757 5321 2929 5389 μέγας
2981 5320 3301 5391 Γρηγόριος,
3373 5322 3455 5374 ὅτι
3506 5321 3613 5373 εἰσὶ
3679 5318 3779 5387 μὲν

525 5414 752 5466 δικαίων
780 5414 938 5466 τινῶν
973 5413 1165 5482 ψυχαὶ,
1197 5412 1401 5473 αἵτινες
1427 5414 1486 5465 ἐκ
1510 5414 1607 5481 τῆς
1641 5412 1966 5480 ἐπουρανίου
2030 5412 2315 5481 βασιλείας
2364 5414 2475 5465 τισὶ
2545 5414 2733 5480 μοναῖς
2780 5412 3106 5476 διῖστανται,
3173 5414 3267 5466 καὶ
3331 5414 3414 5465 ὅτι
3470 5413 3579 5466 τῶν
3618 5427 3773 5472 τετε,

527 5506 841 5575 λειωμένων
866 5505 1088 5559 δικαίων
1130 5507 1183 5558 αἱ
1212 5504 1400 5574 ψυχαὶ,
1442 5504 1715 5556 δείκνυσιν
1740 5503 1824 5557 ὅτι
1864 5503 1971 5555 εἰσὶ
2001 5508 2093 5556 καὶ
2134 5565 2140 5571 _
2175 5504 2339 5555 τινῶν
2400 5505 2499 5572 μὲν
2549 5503 2774 5555 δικαίων
2834 5502 3041 5555 ἀτελῶν
3090 5502 3276 5570 ψυχαί.
3331 5500 3441 5555 Ποῦ
3519 5501 3576 5553 δὲ
3626 5501 3784 5554 αῦταί

531 5600 693 5661 είπιν,
731 5598 858 5661 ῐσως
888 5600 1223 5667 ἀμφιϐάλλει
1270 5618 1375 5663 τις,
1409 5602 1467 5652 ὲν
1501 5599 1578 5669 τῷ
1623 5598 2105 5670 τρίτῳ.κεφαλαίῳ
2140 5600 2234 5653 τοῦ
2260 5600 2410 5668 ὅρου,
2442 5599 2642 5660 ίκανῶς
2708 5598 2835 5666 περὶ
2860 5596 3049 5649 τούτου
3094 5597 3580 5668 ἁπελογησάμεθα,
3650 5597 3778 5652 ἔνθα

537 5693 789 5758 περὶτῆς
818 5693 926 5745 τῶν
965 5692 1154 5763 ψυχῶν
1186 5694 1511 5763 καθάρσεως
1545 5694 1775 5762 ἔφημεν,
1810 5695 1903 5747 καὶ
1935 5695 1995 5747 οὐ
2065 5697 2147 5747 δεῖ
2222 5694 2454 5748 ἐνταῦοα
2510 5694 2641 5761 περ)⁸
2691 5691 2796 5745 τῶν
2850 5692 2997 5757 ἅπαξ
3052 5693 3355 5763 εἰρημένων
3409 5692 3779 5761 παλιλλογεῖν.

552 5787 689 5838 Ἀλλ’
718 5785 841 5838 ὃθεν
875 5784 1171 5858 ἐξήλθομεν
1212 5787 1372 5841 πάλιν
1413 5787 1855 5858 ἐπιστρέψωμεν.
