4182 6350
426 349 563 415 1281

1172 465 1246 519 Δ’.

492 557 772 626 Θαυμάζω
798 556 978 609 τοίνυν
1009 555 1101 607 καὶ
1131 553 1344 626 ἀπορῶ,
1374 555 1492 618 πῶς
1513 555 1619 606 εἰσί
1643 571 1785 616 τινες
1813 555 1986 617 οὕτως

424 649 752 720 ἀμελοῦντες
783 651 879 719 τῆς
907 647 1160 718 ἀληθείας
1189 650 1289 717 τῆς
1319 648 1576 710 πίστεως,
1603 647 1678 709 ὡς
1719 648 1794 717 μὴ
1826 649 1988 716 μόνον

423 743 486 797 οὑ
524 739 808 808 βούλεσθαι
844 742 1055 807 μαθεῖν,
1085 742 1232 801 ὅπως
1265 740 1690 807 ἐπιστραφέντες
1716 739 1985 804 σωθῶσιν,

428 835 564 889 ἀλλά
597 834 689 887 καὶ
718 833 826 886 τῶν
862 832 1129 898 κειμένων
1160 831 1217 883 tv
1251 832 1360 892 τοῖς
1391 831 1554 900 ἰεροῖς
1597 828 1704 882 τῶν
1734 830 1987 882 διδασκά-

424 931 532 980 λιυν
567 926 792 995 βιὸλίοις
824 924 1116 996 προφανῶς
1151 923 1367 993 φθορεῖς
1403 922 1650 990 ἐγένοντο
1674 939 1687 952 ·
1736 925 1830 976 καὶ
1863 921 1987 975 οὕτε

426 1019 605 1080 καλῶς
636 1017 869 1081 νοοῦσιν,
919 1014 1035 1069 οὔτ’
1066 1015 1285 1069 ἀκούειν
1337 1015 1614 1086 βούλονται
1665 1013 1731 1084 ἢν
1771 1014 1989 1086 ἔχουσιν

423 1111 472 1162 οἰ
506 1109 816 1163 διδάσκαλοι
865 1108 1021 1173 δόξαν
1075 1107 1205 1178 περὶ
1256 1106 1358 1175 τῆς
1393 1107 1580 1177 κοινῆς
1627 1107 1831 1175 ταύτης
1879 1107 1989 1159 τῶν

426 1202 768 1269 Χριστιανῶν
815 1201 1147 1271 ὁμολογίας·
1198 1200 1334 1253 ἀλλά
1395 1202 1553 1267 μόνον
1610 1200 1814 1270 μικράν
1869 1219 1990 1253 τινα

427 1295 621 1363 ρανίδα
673 1291 928 1355 λαὸόντες
964 1293 1189 1358 ἄγουσιν
1239 1292 1470 1361 ἀπορίας
1507 1292 1622 1346 ἀνω
1656 1293 1750 1345 καὶ
1796 1293 1947 1346 κάτω
1970 1311 1984 1325 ο

426 1385 520 1436 καὶ
549 1381 766 1437 δοκοῦσί
794 1400 916 1436 τινα
957 1384 1177 1450 γενναῖα
1209 1382 1400 1450 φέρειν
1443 1385 1507 1435 ἐκ
1540 1382 1637 1450 τῆς
1671 1384 1852 1436 αὑτῶν
1878 1401 1990 1437 κοι-

425 1475 544 1534 λίας
576 1474 712 1543 πρὸς
752 1473 1065 1544 ἀνατροπὴν
1093 1473 1190 1541 τῆς
1223 1471 1513 1540 ἀληθείας;
1549 1471 1585 1527 ἃ.
1628 1472 1734 1540 πρὸ
1762 1473 1989 1536 τούτων,

423 1565 476 1618 οἰ
507 1563 816 1616 διδάσκαλοι
860 1563 1186 1632 προσθέντες
1212 1564 1464 1617 διέλυσαν
1510 1565 1689 1632 λόγοις
1731 1567 1822 1618 καὶ
1855 1581 1989 1631 συγο

424 1654 666 1721 γραφαῖς
687 1669 700 1682 ·
733 1653 794 1718 ἑξ
823 1647 898 1708 ῶν
925 1654 1134 1723 ταχέως
1166 1652 1480 1722 ἐλέγχονται
1509 1654 1560 1707 οἰ
1595 1654 1705 1708 νέοι
1731 1654 1990 1722 δογματι⁴

424 1748 573 1802 σταί.
614 1746 763 1800 Ἔδει
823 1747 931 1817 γὰρ
983 1745 1177 1807 αὐτοὺς
1237 1744 1461 1815 θεωρεῖν
1508 1746 1605 1799 καὶ
1658 1745 1988 1799 σκέπτεσθαι

422 1843 569 1912 ἅπερ
591 1842 640 1894 οἰ
666 1841 812 1908 ἅγιοι
852 1836 1069 1905 λέγουσι
1101 1838 1195 1891 καὶ
1242 1837 1552 1909 ὑποχωρεῖν
1587 1838 1793 1903 αὐτοῖς,
1825 1838 1882 1890 ὲν
1907 1833 1988 1899 οἷς

422 1933 664 2000 λέγουσι.
713 1933 805 1998 Μὴ
834 1929 1054 2001 εὑροῦσι
1105 1929 1163 1983 δὲ
1222 1928 1522 1998 θεραπείαν
1576 1930 1637 1982 ἐν
1670 1932 1781 1992 τοῖς
1834 1931 1990 1998 παρὰ

421 2023 530 2075 τῶν
567 2022 737 2088 ἁγίων
785 2022 1098 2091 εἰρημένοις
1146 2021 1203 2073 tv
1254 2015 1337 2083 οἷς
1387 2019 1811 2088 ἀμφιϐάλλουσι,
1867 2021 1985 2072 τότε

421 2112 553 2181 ἐξῆν
589 2113 768 2176 αὐτοῖς
822 2115 1070 2182 ἀπορεῖν,
1107 2111 1265 2180 εἰπερ
1299 2111 1393 2164 καὶ
1443 2111 1734 2165 δύνανται·
1769 2111 1829 2164 οὑ
1881 2115 1989 2181 μὴν

418 2204 478 2259 δὲ
507 2207 735 2272 ἀπορεῖν
760 2207 887 2272 περὶ
922 2205 1031 2258 τῶν
1059 2204 1158 2275 ήδη
1197 2205 1504 2274 εἰρημένων
1538 2221 1593 2257 τε
1625 2203 1716 2257 καὶ
1749 2221 1989 2273 σεσαφη-

419 2296 710 2366 νισμένων.
754 2296 849 2357 Τίς
877 2295 933 2349 δέ
967 2297 1114 2348 ἐστιν
1160 2297 1194 2366 ἡ
1235 2295 1524 2366 θαυμαστὴ
1560 2297 1740 2349 αὐτῶν
1785 2297 1988 2368 ἀπορία

419 2389 486 2457 ἡν
522 2388 653 2455 ἡμῖν
703 2386 1058 2457 προφέρουσι,
1105 2388 1200 2439 καὶ
1246 2389 1451 2457 σφόδρα
1509 2390 1985 2460 μεγαλαυχοῦσιν;

420 2475 491 2531 Ὠ
530 2477 829 2544 καθολικοὶ,
868 2480 983 2545 ὲάν,
1009 2482 1083 2543 ῶς
1131 2479 1340 2547 λέγετε,
1388 2480 1482 2533 νῦν
1530 2481 1990 2550 ἀπολαμϐάνωσιν

420 2570 478 2624 αἰ
506 2567 678 2641 dnqu
709 2571 818 2624 τῶν
871 2570 1117 2636 δικαίων,
1155 2572 1321 2642 μήπω
1371 2574 1670 2642 γενομένης
1711 2573 1806 2643 τῆς
1857 2576 1989 2628 ἀνα-

423 2664 688 2728 στάσεως,
740 2665 999 2733 περισσόν
1046 2665 1162 2717 ἐστι
1215 2665 1466 2733 γενέσθαι
1518 2665 1618 2737 τήν
1669 2668 1984 2733 ἀνάστασιν,

423 2756 519 2808 καὶ
546 2758 636 2808 τδν
670 2757 861 2828 κριτὴν
890 2757 982 2809 ἐπὶ
1014 2756 1207 2826 θρόνου
1233 2758 1477 2822 καθίσαι,
1507 2760 1601 2813 καὶ
1630 2761 1813 2831 κρίσιν
1835 2764 1992 2832 ποιῆ-

423 2865 558 2901 σαι·
607 2849 746 2902 τίδὲ
799 2851 893 2903 καὶ
946 2849 1206 2920 λήψονται
1258 2852 1400 2916 τότε,
1447 2854 1496 2906 εἰ
1529 2852 1625 2906 νῦν
1672 2843 1986 2924 ἀπέλαϐον;

421 2939 536 2992 Καὶ
566 2940 726 3009 ἡμεῖς
760 2941 896 3006 πρὸς
931 2939 1130 3001 αὐτούς
1152 2955 1168 2971 ο
1200 2941 1495 2995 Καθολικοί
1535 2945 1722 3013 ἐσμεν,
1765 2945 1859 2998 καὶ
1886 2963 1988 2999 κα-

417 3029 631 3084 Θολιχοι
693 3033 998 3102 βουλόμεθα.
1034 3031 1310 3101 λέγεσθαι,
1339 3035 1389 3088 εἰ
1425 3037 1519 3089 καὶ
1549 3037 1709 3106 ὑμεῖς
1735 3036 1794 3090 τὸ
1820 3038 1990 3107 ὄνομα

865 349 1022 410 PRO
1061 348 1277 413 CONC.
1309 346 1680 408 FLORENT.
1730 347 1890 410 CAP.
1922 348 2017 410 IV.
2057 350 2155 411 DE
2198 350 2628 412 FRUITIONE
2669 349 3159 417 SANCTORUM.

1212 462 1246 519 ,ο
2014 463 2063 524 Α

3523 355 3659 420 1282

2833 463 2920 520 IV.

2157 557 2414 612 Admiror
2465 559 2630 628 igitur
2660 567 2714 612 et
2754 559 2942 615 dubito
2982 575 3092 630 quo
3123 569 3281 630 pacto
3314 560 3658 629 reperiantur

2089 651 2307 718 quidam
2341 650 2476 706 adeo
2500 651 2744 706 veritatis
2771 651 2890 705 fidei
2925 654 3280 722 negligentes,
3308 663 3366 707 ut
3400 670 3505 708 non
3542 663 3659 709 tan-

2093 753 2205 796 tum
2240 760 2345 798 non
2385 744 2595 800 discere
2625 744 2811 808 velint,
2838 756 2898 799 ut
2934 746 3186 801 conversi
3217 746 3522 810 salventur,
3561 761 3657 801 ve-

2092 851 2210 888 rum
2240 837 2402 890 etiam
2434 851 2625 891 eorum
2673 851 2795 905 qua:
2828 851 2856 890 a
2885 838 3060 893 sacris
3089 839 3408 895 doctoribus
3451 840 3656 910 scripta

2091 939 2238 993 sunt,
2271 937 2453 997 aperte
2491 940 2842 998 corruptores
2905 932 3368 1002 exstiterint:qui
3423 948 3524 987 nec
3567 949 3660 986 re-

2091 1034 2183 1077 cte
2221 1022 2571 1091 intelligunt,
2632 1038 2806 1092 neque
2860 1025 3048 1079 audire
3104 1026 3434 1080 sententiam
3474 1026 3663 1080 volunt

2091 1129 2252 1181 quant
2290 1115 2544 1170 doctores
2591 1114 2792 1169 habent
2838 1130 3005 1183 super
3033 1115 3135 1171 hac
3181 1118 3458 1170 communi
3491 1116 3656 1171 Chii--

2091 1205 2389 1260 stianornm
2428 1204 2798 1260 confessione.
2837 1205 2943 1260 Sed
2995 1207 3246 1276 exiguam
3294 1216 3504 1261 tantum
3543 1207 3659 1263 stil-

2091 1296 2195 1349 lam
2222 1297 2289 1350 ab
2315 1295 2381 1350 iis
2409 1296 2748 1362 haurientes,
2777 1311 2996 1352 sursum
3025 1298 3281 1352 deorsum
3302 1297 3654 1353 dimcultates

2092 1389 2322 1443 miscent
2360 1404 2426 1443 ex
2459 1405 2558 1442 suo
2589 1405 2775 1452 sensu,
2827 1391 3212 1446 existimantes
3255 1391 3471 1460 egregie
3505 1406 3655 1460 qum-

2091 1485 2212 1535 dam
2247 1482 2314 1535 ad
2351 1483 2689 1538 eversionem
2726 1485 2972 1538 veritatis
3002 1484 3221 1547 aﬂerrc,
3246 1499 3384 1548 quas
3415 1493 3537 1539 ante
3557 1486 3659 1538 hos

2093 1574 2311 1641 set-iptis
2352 1581 2406 1627 et
2457 1575 2609 1630 libris
2644 1576 2805 1630 editis
2855 1576 3106 1632 doctores
3155 1577 3551 1642 dissolverunl,
3586 1591 3678 1629 ex~

2092 1668 2291 1734 quibus
2319 1667 2502 1720 statim
2549 1667 2603 1720 hi
2659 1669 2779 1722 novi
2814 1667 3152 1740 dogmatista:
3187 1669 3592 1737 redarguuntur
3641 1685 3655 1720 :

2094 1775 2218 1812 nam
2247 1775 2342 1814 eos
2362 1760 2548 1814 videre
2571 1767 2625 1815 ct
2651 1760 3000 1815 considerare
3025 1760 3306 1829 oportebat
3335 1776 3455 1828 qua:
3483 1760 3656 1816 sancti

2095 1851 2309 1915 dicunt,
2348 1859 2398 1905 et
2434 1867 2625 1908 eorum
2679 1853 2844 1908 dictis
2885 1851 3254 1921 acquiescere.
3304 1851 3459 1918 Quod
3509 1854 3554 1910 si
3603 1855 3658 1907 in

2095 1955 2411 1999 sanctorum
2441 1944 2624 2008 dictis,
2660 1945 2713 1998 in
2746 1945 2947 2014 quibus
2991 1947 3311 2001 sententiam
3344 1947 3616 2002 alternant
3644 1989 3660 2010 .

2094 2037 2428 2094 curationem
2456 2055 2563 2093 non
2613 2038 2952 2094 invenissent
2986 2079 2999 2102 ,
3036 2052 3166 2094 tunc
3195 2040 3415 2095 demum
3463 2042 3660 2098 licebat

2093 2129 2176 2183 eis
2210 2129 2578 2184 dubitationes
2608 2129 2804 2184 aﬂerre
2836 2130 2904 2198 (si
2937 2142 3114 2185 tamen
3151 2132 3201 2185 id
3238 2133 3524 2201 possent);
3559 2149 3661 2188 nec

2097 2236 2221 2275 vero
2250 2222 2526 2289 ambigere
2549 2223 2615 2274 de
2643 2220 2724 2276 his
2760 2222 3008 2286 decebat,
3043 2239 3164 2291 quae
3195 2232 3354 2278 antea
3382 2224 3659 2294 disputata

2094 2322 2148 2366 et
2187 2311 2457 2365 declarata
2495 2322 2644 2368 sunt.
2682 2312 2750 2366 At
2785 2314 3088 2382 qualisnam
3124 2324 3429 2387 esteorum
3479 2318 3655 2370 admi-

2096 2403 2285 2458 rabilis
2317 2403 2544 2470 qntestio
2574 2418 2734 2472 quam
2767 2404 2921 2459 nobis
2945 2405 3208 2472 objiciunt
3232 2407 3427 2460 mirum
3461 2407 3515 2460 in
3548 2424 3657 2461 mo.

2095 2495 2222 2548 dum
2242 2494 2595 2561 jactabuudi?
2617 2493 2659 2546 0
2684 2495 2961 2558 catholici,
2992 2498 3059 2560 si,
3081 2506 3137 2550 ut
3164 2512 3259 2551 vos
3287 2497 3491 2564 dicitis,
3515 2515 3659 2554 nunc

2090 2587 2364 2655 justorum
2417 2588 2610 2639 animae
2659 2596 2784 2641 ante
2839 2589 3296 2643 resurrectionem
3346 2591 3658 2660 recipiunt,

2097 2693 2498 2747 supervacanea
2539 2689 2622 2733 est
2649 2679 2980 2735 resurrectio
3010 2687 3066 2734 et
3101 2681 3385 2750 judicium,
3412 2691 3464 2736 et
3495 2697 3662 2752 super

2097 2771 2288 2825 throno
2319 2785 2569 2826 assessus
2591 2813 2604 2836 ,
2640 2779 2693 2825 et
2742 2771 2939 2840 judicii
2986 2773 3328 2830 constitutio.
3364 2773 3505 2840 Quid
3541 2784 3656 2829 tum

2095 2860 2373 2928 recipient,
2407 2860 2452 2917 si
2487 2876 2631 2916 nunc
2669 2865 3031 2932 receperunt?
3061 2862 3267 2930 Quibus
3299 2880 3398 2920 nos
3428 2881 3654 2936 respon-

2095 2953 2306 3020 demus,
2339 2953 2603 3010 Catbolici
2637 2970 2829 3010 sumus
2860 2964 2913 3011 et
2951 2957 3204 3011 catholici
3237 2958 3342 3012 dici
3379 2960 3654 3024 volumus;

2095 3053 2148 3098 et
2175 3046 2220 3099 si
2253 3045 2303 3098 in
2334 3045 2720 3100 contumeliam
2758 3047 2861 3101 hoc
2896 3062 3089 3101 nomen
3126 3049 3282 3103 nobis
3313 3046 3575 3117 objicitis,
3603 3061 3658 3104 et

415 3121 582 3176 τοῦτο
630 3124 752 3177 κατ’
799 3125 1084 3192 εἰρωνείαν
1137 3126 1269 3196 ἡμῖν
1327 3128 1654 3198 προφέρετε,
1693 3132 1786 3184 καὶ
1831 3128 1989 3200 ὓϐριν

2095 3135 2350 3206 iniuriam
2381 3137 2535 3194 nobis
2567 3137 2771 3193 interre
2801 3138 3140 3194 arbitramini
3167 3155 3181 3190 :
3205 3139 3488 3195 credentes
3509 3141 3655 3194 enim

416 3215 703 3280 λογίζεσθε
727 3231 740 3245 ο
775 3217 1126 3281 πιστεύοντες
1156 3224 1264 3286 γὰρ
1293 3221 1372 3282 είς
1417 3221 1544 3290 μίαν
1587 3222 1746 3288 ἁγίαν
1777 3222 1990 3276 καθολι-

2099 3245 2259 3283 nnam
2294 3239 2537 3285 sanctam
2567 3239 2622 3285 et
2654 3232 3015 3300 apostolicam
3043 3231 3371 3296 Ecclesiam,
3396 3233 3650 3288 catholici

419 3309 528 3373 χὴν
561 3307 656 3359 καὶ
683 3306 1050 3376 ἀποστολικὴν
1097 3309 1444 3380 Ἐκκλησίαν.
1481 3311 1758 3366 καθολικοί
1798 3315 1988 3383 ἐσμεν,

419 3402 517 3449 καὶ
545 3397 820 3469 λεγόμεθα
845 3417 860 3430 ο
891 3401 986 3453 καὶ
1017 3400 1143 3464 τοὺς
1175 3401 1252 3472 μὴ
1289 3402 1616 3472 λεγομένους
1647 3404 1990 3470 καθολικοὺς,

421 3491 546 3561 ἡτοι
577 3492 700 3552 τοὺς
735 3493 808 3560 μὴ
839 3493 1140 3562 ἑπομένους
1170 3494 1333 3565 αὐτῇ,
1365 3495 1755 3566 σχισματικοὺς
1801 3497 1994 3551 καλοῦο

423 3601 549 3653 μεν,
600 3584 714 3646 καὶ.
749 3580 925 3654 οἶμαι,
977 3585 1220 3640 δικαίως.
1255 3588 1398 3658 Πρὸς
1422 3586 1516 3640 οὖν
1570 3587 1670 3658 τὴν
1722 3588 1994 3658 ἐρώτησιν

425 3679 580 3748 ὑμῶν
611 3694 815 3746 φαμεν,
842 3678 917 3739 ὡς
949 3680 997 3730 εί
1038 3680 1247 3750 ὑπῆρχε
1280 3679 1439 3750 καινὴ
1464 3681 1496 3750 ἡ
1520 3679 1785 3750 ἰρῶτησις
1811 3681 1988 3752 ὑμῶν,

424 3773 706 3845 ἐδώκαμεν
733 3772 798 3824 ἂν
828 3771 925 3841 τὴν
967 3772 1264 3839 ἀπολογίαν
1310 3773 1407 3841 ἀφ’
1439 3773 1615 3842 ἡμῶν,
1648 3773 1724 3835 ὡς
1759 3774 1792 3844 ἡ
1835 3773 1992 3827 δύναι-

427 3883 518 3929 μις
545 3880 558 3892 ·
597 3865 715 3914 ἐπεὶ
742 3865 800 3915 δὲ
828 3864 895 3934 ἡν
929 3864 1083 3932 ὑμεῖς
1116 3866 1338 3926 ποιεῖτε,
1371 3863 1466 3916 καὶ
1512 3864 1660 3918 ἄλλοι
1702 3864 1808 3933 πρὸ
1838 3863 1993 3933 ὑμῶν

425 3958 770 4024 πεποίηνται,
805 3957 865 4007 οὑ
897 3956 1056 4025 χρεία
1087 3957 1217 4020 περί¹
1245 3950 1319 4008 ῶν
1345 3955 1395 4008 οἰ
1420 3956 1729 4010 διδάσκαλοι
1760 3953 1990 4024 ἥψαντο,

428 4053 522 4104 καὶ⁸
556 4051 652 4117 τὴν
684 4049 980 4114 ἀπολογίαν
1013 4049 1298 4101 ἀπέδωκαν
1330 4048 1406 4111 ὡς
1435 4049 1572 4114 ἐνὸν,
1615 4049 1765 4119 ἡμᾶς
1792 4048 1990 4100 ἀπολο-

425 4143 638 4208 γεῖσθαι
687 4140 974 4210 τολμηρῶς
1030 4141 1173 4194 οὕτω
1222 4141 1315 4193 καὶ
1368 4141 1637 4204 ἀναιδῶς·
1693 4140 1808 4194 ἀλλ’
1855 4141 1991 4210 ὅπερ

424 4239 623 4290 ἐκεῖνοι
650 4236 938 4300 ἐξέδωκαν,
972 4234 1102 4286 αὐτὸ
1135 4233 1228 4286 καὶ
1254 4233 1412 4302 ἡμεῖς
1449 4232 1854 4302 προσθήσομεν,
1885 4231 1991 4283 Πέ-

424 4349 550 4399 τρος
578 4331 682 4398 γὰρ
713 4333 740 4383 ὁ
789 4327 1294 4400 προμνημονευθεὶς
1339 4326 1714 4396 ἀρχιδιάκονος
1760 4326 1858 4393 τῆς
1893 4343 1991 4395 με·

428 4425 598 4491 γάλης
641 4422 966 4490 Ἐκκλησίας
993 4421 1124 4490 πρὸς
1155 4420 1246 4470 τὸν
1289 4419 1464 4485 μέγαν
1491 4417 1752 4487 ἀρχιερέα
1789 4416 1993 4486 Γρηγό-

2095 3336 2288 3375 sumus
2320 3331 2376 3375 et
2401 3321 2771 3391 appellamur;
2808 3321 2900 3391 qui
2937 3322 3190 3376 catholici
3232 3338 3338 3378 non
3372 3334 3655 3388 vocantur,

2094 3412 2209 3467 sive
2231 3413 2322 3481 qui
2355 3428 2471 3466 eam
2499 3428 2605 3466 non
2631 3424 2959 3483 sequuntur,
2997 3414 3377 3470 schismaticos
3397 3411 3656 3479 dicimus,

2095 3521 2156 3558 ac
2192 3505 2338 3574 jure,
2375 3513 2430 3557 ut
2455 3502 2713 3558 arbitror.
2753 3503 2828 3557 Ad
2857 3504 3336 3574 interrogationem
3365 3505 3532 3575 igitur
3560 3522 3658 3560 ve-

2095 3609 2267 3651 stram
2299 3597 2553 3662 dicimus,
2594 3596 2738 3666 quod
2781 3596 2828 3650 si
2863 3610 3001 3650 nova
3034 3604 3179 3651 esset
3213 3607 3390 3651 vestra
3422 3597 3656 3650 interro-

2093 3684 2259 3755 gatio,
2290 3699 2387 3754 pro
2434 3682 2642 3737 viribus
2690 3682 2895 3738 nostris
2935 3685 3344 3754 responsionem
3377 3686 3654 3740 attulisse-

2095 3791 2215 3830 mns
2248 3792 2260 3828 :
2295 3775 2387 3829 sed
2413 3775 2669 3844 quoniam
2698 3776 2842 3843 quod
2876 3791 2972 3828 vos
3001 3775 3180 3830 facitis
3207 3785 3261 3829 et
3290 3776 3381 3830 alii
3407 3787 3532 3831 ante
3561 3792 3656 3831 vos

2091 3875 2340 3933 egerunt,
2372 3881 2475 3919 non
2511 3881 2649 3935 opus
2680 3876 2785 3931 est,
2812 3881 2934 3934 qua:
2962 3864 3217 3920 doctores
3243 3865 3566 3935 attigerunt,
3603 3875 3657 3919 et

2079 3959 2480 4027 responsiones
2509 3965 2568 4012 ut
2598 3958 2798 4013 decens
2834 3965 2955 4011 erat
2985 3956 3324 4012 tradiderunt
3349 3995 3365 4020 ,
3395 3971 3491 4010 nos
3521 3956 3656 4010 adeo

2091 4050 2357 4104 audacter
2386 4057 2438 4104 et
2472 4048 2729 4119 pertricta
2765 4049 2944 4104 fronte
2985 4051 3333 4119 respondere.
3373 4047 3478 4104 Sed
3509 4050 3651 4117 quod

2093 4141 2130 4196 ii
2157 4141 2465 4206 ediderunt,
2498 4141 2732 4211 idipsum
2763 4150 2814 4195 et
2841 4156 2943 4196 nos
2965 4141 3343 4207 adiungemus.
3387 4139 3516 4194 Nam
3556 4140 3656 4195 Pe.

2095 4242 2234 4296 trus,
2279 4231 2538 4288 Ecclesia:
2586 4248 2793 4302 magnae
2845 4232 3286 4294 archidiaconus,
3332 4241 3391 4285 ut
3423 4241 3580 4286 antea
3625 4247 3654 4286 a

2093 4322 2250 4377 nobis
2275 4322 2578 4389 expositum
2610 4331 2717 4384 est,
2748 4335 2943 4387 magno
2967 4318 3210 4389 pontiﬁci
3251 4315 3509 4386 Gregorio
3532 4316 3654 4371 Dia-

2093 4412 2235 4482 logo,
2271 4412 2414 4466 hanc
2445 4405 2607 4479 quam
2639 4409 2694 4462 in
2725 4409 3012 4479 praesentia
3044 4422 3140 4463 vos
3174 4407 3651 4476 interrogationem

428 4535 544 4586 ριον
568 4515 660 4567 τὸν
692 4516 972 4581 Διάλογον,
1005 4512 1208 4582 ταύτην
1234 4513 1301 4582 ήν
1332 4511 1491 4579 ὑμεῖς
1529 4510 1625 4564 νῦν
1658 4507 1988 4579 προϐάλλετε

2094 4503 2424 4572 proponitis,
2453 4503 2702 4556 eamdem
2745 4501 2790 4554 is
2821 4499 2919 4569 ipsi
2953 4498 3100 4556 fecit.
3119 4496 3252 4553 Nam
3279 4499 3349 4551 ita
3383 4498 3435 4552 in
3462 4501 3652 4555 eodem

422 4605 714 4676 ἐρώτησιν,
740 4605 911 4674 αὐτὴν
943 4605 1036 4656 καὶ
1081 4602 1242 4664 αὐτὸς
1291 4603 1427 4670 πρὸς
1455 4601 1619 4654 αὑτὸν
1650 4601 1943 4672 πεποίηται
1971 4616 1986 4630 ⁸

423 4697 570 4765 λέγει
594 4699 699 4767 γάρ
742 4695 838 4748 ὡδὶ
870 4697 926 4748 tv
974 4695 1051 4765 τῷ
1095 4693 1247 4763 αὑτῷ
1275 4693 1469 4764 βιϐλίῳ
1505 4693 1614 4747 τῶν
1663 4697 1988 4764 Διαλόγων.

426 4790 634 4857 Πέτρου
692 4787 982 4858 ἐρώτησις.
1019 4804 1039 4837 ι
1089 4786 1214 4839 Ἐὰν
1262 4787 1357 4837 νῦν
1390 4789 1447 4838 tv
1474 4787 1552 4855 τῷ
1597 4786 1811 4856 οὖρανῷ
1849 4790 1989 4839 εἰσιν

423 4881 479 4931 αἱ
529 4877 693 4947 ψυχαὶ
732 4877 839 4929 τῶν
865 4876 1110 4943 δικαίων,
1163 4877 1215 4930 τί
1247 4878 1392 4928 ἐστιν
1432 4877 1571 4947 ὅπερ
1600 4878 1658 4928 tv
1687 4878 1755 4947 τῇ
1807 4878 1990 4946 ἡμέρᾳ

424 4973 521 5038 τῆς
556 4973 788 5038 κρίσεως
807 4970 1094 5038 μέλλουσιν
1124 4968 1419 5022 ἀπολαϐεῖν
1442 4984 1490 5036 ;ι
1529 4969 1830 5040 Γρηγορίου
1857 4969 1992 5020 ἀπό-

428 5079 628 5130 κρισις.
658 5060 858 5113 «Τοῦτο
885 5060 1145 5124 αὑτοίςέν
1173 5065 1239 5131 τῇ
1268 5063 1446 5132 κρίσει
1475 5061 1790 5130 θαυμασίως
1819 5061 1993 5129 ὑπάρ-

429 5151 506 5215 ξει
537 5168 550 5182 ·
588 5153 683 5203 νῦν
724 5153 833 5221 γὰρ
866 5151 974 5203 τῶν
1002 5151 1195 5222 ψυχῶν
1248 5153 1446 5220 μόνων,
1481 5153 1602 5205 τότε
1643 5153 1700 5206 δὲ
1751 5154 1845 5205 καὶ
1884 5153 1991 5204 τῶν

429 5243 699 5311 σωμάτων
727 5241 827 5308 τήν
874 5243 1252 5312 μακαριότητα
1290 5245 1683 5313 ἀπολήψονται.
1725 5244 1886 5297 Ὥστε
1934 5246 1992 5296 tv

425 5335 558 5401 αὐτῇ
593 5335 657 5401 τῇ
695 5331 858 5402 σαρκὶ
903 5333 1100 5394 αὐτοὺς
1137 5333 1596 5402 ἀγαλλιασθῆναι,
1629 5336 1688 5386 έν
1793 5334 1990 5394 πόνους

429 5424 568 5491 ὑπὲρ
599 5421 838 5492 Χριστοῦ
870 5425 964 5476 καὶ
1000 5424 1266 5493 βασάνους
1299 5426 1620 5494 ὑπέμειναν.
1653 5428 1751 5477 Διά
1783 5425 1989 5492 ταύτην

431 5515 536 5581 γὰρ
562 5513 657 5582 τὴν
686 5513 879 5582 διπλῆν
903 5515 1084 5567 αὐτῶν
1127 5515 1304 5582 δόξαν,
1339 5518 1395 5569 tv
1423 5519 1489 5588 τῇ
1531 5519 1599 5586 γῇ
1633 5517 1775 5584 ὑπὲρ
1808 5514 1990 5581 αὐτῶν

429 5605 771 5670 γέγραπταιο
826 5605 1152 5658 Διπλασίονα
1209 5608 1625 5678 νεμηθήσονται.
1678 5609 1783 5660 Καὶ
1832 5606 1990 5660 τοῦτο

542 5776 586 5809 ⁸⁷
614 5777 715 5833 lsa.
751 5794 862 5846 ut,
893 5782 944 5835 7.

2094 4595 2234 4649 libro
2260 4593 2608 4664 Dialogorum
2649 4591 2840 4648 scribit
2872 4591 2970 4646 lib.
3002 4606 3076 4657 Iv,
3104 4605 3226 4658 cap.
3256 4589 3328 4645 25
3354 4607 3366 4643 :
3407 4589 3548 4646 Petri
3577 4593 3658 4646 in-

2095 4684 2386 4754 terrogatio
2418 4700 2432 4737 :
2463 4703 2482 4735 ι
2519 4681 2577 4737 Si
2609 4683 2771 4752 igitur
2803 4696 2947 4737 nunc
2997 4691 3127 4738 sunt
3178 4682 3234 4736 in
3283 4683 3424 4736 cmlo
3458 4682 3656 4738 animus

2089 4775 2384 4844 iustorum,
2415 4775 2543 4844 quid
2581 4785 2662 4829 est
2695 4773 2841 4844 quod
2882 4774 2934 4827 in
2970 4771 3058 4826 die
3085 4771 3277 4842 judicii
3313 4787 3409 4842 pro
3433 4773 3659 4840 iustitiae

2091 4883 2204 4924 sua:
2254 4869 2613 4921 retributione
2645 4866 2945 4935 recipient?
2984 4884 3003 4917 ι
3038 4865 3287 4935 Gregorii
3317 4866 3602 4935 responsio
3636 4882 3655 4922 '.

2097 4978 2116 5011 ι
2152 4958 2267 5015 Hoc
2291 4959 2372 5015 eis
2404 4959 2660 5013 nimirum
2711 4959 2910 5012 crescit
2956 4958 3011 5011 in
3050 4958 3282 5026 judicio,
3318 4958 3461 5027 quod
3511 4973 3658 5011 nunc

2088 5051 2394 5105 animarum
2456 5048 2869 5111 tantummodo,
2922 5048 3267 5116 postmodum
3316 5062 3443 5102 vero
3491 5049 3655 5103 etiam

2090 5156 2378 5211 corporum
2411 5141 2746 5195 beatitudine
2770 5139 3138 5208 perfruentur,
3165 5148 3231 5220 ,ιιι
3277 5140 3331 5194 in
3381 5140 3495 5209 ipsa
3519 5156 3656 5209 quo‘

2089 5251 2198 5304 que
2245 5247 2411 5288 carne
2455 5232 2731 5300 gaudeant
2777 5233 2830 5286 in
2876 5247 2983 5302 qua
3035 5232 3254 5287 dolores
3285 5245 3384 5300 pro
3420 5231 3654 5285 Domino

2087 5324 2475 5392 cruciatusque
2507 5322 2861 5392 pertulerunt.
2915 5341 2935 5374 ι
2980 5322 3085 5378 Pro
3121 5322 3224 5377 hac
3248 5323 3450 5393 quippe
3490 5324 3659 5392 gemi-

2087 5429 2213 5471 nata
2243 5430 2428 5470 eorum
2456 5413 2627 5484 gloria
2662 5413 2926 5483 scriptum
2960 5423 3042 5467 est
3074 5433 3088 5468 :
3120 5429 3139 5464 ι
3170 5411 3230 5466 In
3257 5421 3401 5467 terra
3432 5427 3531 5466 sua
3555 5414 3658 5467 du-

2090 5509 2250 5578 plicia
2283 5507 2645 5578 possidebunt
2675 5504 2742 5560 ".
2791 5523 2811 5558 ι
2853 5504 2990 5560 llinc
3032 5506 3196 5560 etiam
3241 5513 3368 5560 ante
3408 5519 3655 5559 resurre-

2090 5604 2292 5660 ctionis
2327 5603 2473 5658 diem
2503 5601 2572 5659 de
2603 5609 2919 5657 sanctorum
2949 5601 3234 5656 animabus
3250 5605 3507 5667 scriptum
3531 5605 3648 5651 est:
