4182 6350
444 330 582 399 1287

1632 323 1947 385 JOSEPIII
1989 324 2042 383 Μ
2060 322 2538 383 ETHONENSIS

3551 320 3689 384 1288

442 451 687 506 omnium
721 444 995 516 principii,
1032 443 1170 497 lacie
1222 442 1287 496 ad
1328 442 1542 506 lat-lem,
1577 441 2007 509 sapientissime,

2122 440 2375 507 οὐρανοὺς
2407 439 2465 489 tv
2493 436 2634 506 χειρὶ
2666 434 2821 490 Θεοῦ.
2859 454 2879 488 ι
2911 435 3020 491 Kal
3044 435 3226 499 πάλιν,
3258 436 3351 490 «οί
3378 438 3541 505 ίερείς
3564 452 3689 499 σου,

443 541 538 612 qui
565 550 621 595 et
650 538 952 610 splendoris
1010 546 1065 590 et
1093 536 1320 589 visionis
1343 534 1539 587 divina-
1566 534 1763 602 (lignus
1787 532 2009 586 eﬂ‘ectus

444 651 527 689 es.
567 652 586 686 ι
629 632 690 685 Et
737 643 976 685 rursus:
1017 647 1034 678 ι
1070 627 1204 682 Cum
1256 626 1463 694 angelis
1510 625 1799 692 tripudias.
1859 624 2011 676 beate

442 722 742 784 Onesime.
798 720 1045 791 martyrii
1097 734 1298 772 corona
1347 727 1665 779 exornatus,
1727 714 2009 782 refulgenti

444 816 644 870 throno
687 813 984 867 Salvatoris
1023 812 1257 865 assistis.
1292 828 1309 860 ι
1341 810 1405 863 Et
1429 809 1554 862 alibi
1588 826 1600 863 :
1632 828 1650 860 ι
1686 809 2007 861 Sanctorum

442 910 668 965 ordines
703 924 825 961 eum
870 906 961 975 qui
1008 906 1149 958 inter
1196 904 1421 972 angelos
1473 902 1764 970 requiescit
1815 914 2006 967 magna

442 1018 578 1057 voce
626 1002 928 1063 laudantes,
962 997 1162 1049 divinis
1205 1010 1346 1047 nunc
1375 993 1631 1047 fruuntur
1683 990 1918 1051 deliciis.
1957 1000 2010 1044 ct

444 1094 696 1147 laatantes
742 1088 1058 1157 tripudiant.
1110 1106 1128 1138 ι
1181 1084 1244 1138 Et
1283 1085 1336 1138 in
1370 1084 1476 1138 alio
1510 1101 1523 1136 :
1560 1100 1579 1134 ι
1621 1081 2011 1149 Superintetle-

440 1182 612 1237 ctuali
645 1181 933 1250 splendore
984 1178 1285 1233 exsaturati
1313 1177 1506 1241 sancti,
1536 1185 1589 1228 ‹·ι
1620 1173 1798 1227 divina
1825 1173 2007 1226 Iaalitia

443 1272 725 1341 splendide
754 1269 964 1337 repleti,
995 1268 1069 1321 dii
1105 1266 1395 1331 vommini,
1432 1275 1490 1319 ut
1514 1266 1563 1318 ei
1592 1264 1821 1333 proximi
1868 1264 2009 1317 inter

444 1368 660 1420 divinos
704 1364 1020 1432 splendores
1065 1370 1366 1419 versantes.
1402 1369 1457 1411 et
1497 1358 1678 1427 gloriae
1711 1355 2007 1409 ineﬂabilis

444 1459 607 1511 radiis
644 1454 918 1509 illustrati.
986 1471 1004 1504 ι
1064 1452 1131 1506 Et
1163 1464 1405 1506 rursus:
1446 1468 1465 1500 ι
1512 1449 1700 1503 Sacris
1760 1448 2007 1502 melodiis

443 1549 807 1609 celebrentur,
838 1544 995 1614 quasi
1035 1543 1278 1598 caelestis
1312 1542 1554 1597 lmredes
1603 1543 1789 1610 regni.
1846 1539 2003 1609 quasi

444 1640 634 1695 incolae
665 1640 955 1708 paradisi.»
995 1636 1059 1689 Et
1090 1637 1216 1690 alibi
1252 1654 1267 1701 ;
1304 1635 1596 1690 «Concives
1630 1634 2001 1701 angelorum.)

2116 529 2341 596 Χριστὲ,
2396 527 2745 595 δικαιοσύνην
2796 527 3159 595 ἐνδεδυμένοι,
3204 528 3370 588 ὁσίοις
3435 530 3545 589 τοῖς
3595 526 3691 580 ἀπ’

2110 624 2309 683 αἰῶνος
2348 624 2691 691 ἀγάλλονται,
2730 623 2827 676 σοῦ
2860 625 2917 676 τὸ
2958 623 3152 684 κάλλος
3183 624 3420 692 ὁρῶντες
3443 626 3504 677 το
3545 623 3691 676 θεῖον

2109 718 2467 788 τρανώτερον.
2508 736 2524 768 ι
2562 717 2669 770 Καὶ
2723 720 2782 769 ὲν
2811 717 3011 781 ἄλλοις,
3058 736 3077 768 ι
3116 717 3230 770 Νῦν
3276 718 3377 771 ούκ
3408 719 3465 770 tv
3514 718 3692 782 αῖνίγο

2115 826 2269 877 ματι,
2311 811 2513 879 Πάτερ,
2542 811 2643 863 οὐκ
2676 813 2731 861 tv
2777 810 3029 881 ἐσόπτρῳ
3061 804 3417 873 κατοπτεύεις
3466 812 3557 863 τὸν
3590 811 3689 879 τῆς

2111 902 2369 971 θεαρχίας
2426 902 2707 971 φωτισμόν
2737 918 2751 932 ·
2792 900 2929 969 πρὸς
2980 903 3269 971 πρόσωπον
3305 903 3384 967 δὲ,
3422 903 3689 971 πάνσοφε,

2112 995 2405 1062 πρόσωπον
2435 1010 2448 1024 ο
2509 994 2604 1059 τῆς
2642 994 2783 1061 ὑπὲρ
2834 993 2958 1046 νοῦν
2994 995 3379 1064 λαμπρότητος
3419 996 3513 1048 καὶ
3572 995 3692 1048 θεο-

2110 1087 2273 1147 πτίας
2328 1086 2661 1153 ἀξιούμενος.
2725 1108 2744 1136 ο
2798 1087 2903 1139 Kal
2959 1087 3144 1149 πάλιν,
3203 1104 3222 1138 ι
3279 1088 3385 1141 Σὺν
3433 1089 3691 1154 ἀγγέλοις

2110 1180 2379 1248 χορεύεις,
2420 1181 2607 1250 μάκαρ
2651 1182 2931 1252 Ὀνήσιμε,
2968 1181 3269 1249 μαρτυρίου
3320 1182 3568 1251 στεφάνῳ
3599 1200 3692 1235 κα-

2110 1273 2576 1342 τακοσμούμενος,
2603 1273 2779 1342 θρόνῳ
2808 1273 2885 1341 τῷ
2932 1274 3145 1341 φαιδρῷ
3174 1272 3267 1326 τοῦ
3304 1273 3560 1343 Σωτῆρος
3588 1290 3695 1327 πα-

2115 1364 2381 1429 ρίστασαι.
2417 1383 2435 1415 ι
2476 1364 2585 1417 Καὶ
2616 1362 2873 1432 ἀλλαχοῦ.
2916 1384 2934 1415 ι
2986 1363 3181 1431 Ἀγίων
3224 1364 3480 1434 τάγματα
3514 1364 3606 1419 τὸν
3638 1369 3696 1418 tv

2112 1454 2289 1519 ἁγίοις
2340 1455 2756 1525 ἀναπαυόμενον
2814 1457 3095 1525 ἀσιγὴτως
3140 1456 3442 1523 ὑμνοῦντα,
3482 1459 3695 1526 τρυφῆς

2111 1542 2293 1599 ὲνθέου
2328 1543 2423 1598 νῦν
2453 1545 2815 1606 ἀπολαύουσι,
2850 1548 2944 1600 καὶ
2987 1547 3285 1614 γεγηθότες
3317 1547 3622 1617 χορεύουσι.
3669 1566 3688 1599 ι

2074 1638 2221 1690 .Kal
2256 1641 2313 1692 tv
2355 1638 2524 1706 ἀλλῳ,
2557 1656 2576 1689 ι
2614 1638 2725 1706 Τῆς
2760 1639 2896 1707 ὑπὲρ
2921 1639 3044 1692 νοῦν
3071 1639 3483 1709 λαμπρότητος,
3521 1640 3695 1708 ἐμφοο

446 1731 512 1785 Et
562 1747 812 1785 rursus:
859 1749 878 1779 ι
930 1729 1224 1799 Sanguinis
1276 1728 1352 1781 tui
1408 1726 1629 1797 pretiosi
1685 1726 2007 1780 intinctione

2122 1728 2372 1798 ρούμενοι
2399 1729 2567 1795 ἀγιοι,
2599 1729 2745 1793 θείας
2776 1731 3118 1800 εὐφροσύνης
3147 1748 3207 1783 τε
3249 1732 3522 1803 λαμπρῶς
3550 1731 3688 1799 πλη-

445 1835 672 1894 inartyr,
704 1839 997 1905 purpuram
1040 1795 1133 1875 tibi
1180 1795 1470 1890 pretiosam
1504 1820 1861 1888 comparasti,
1895 1834 2002 1885 qua

2122 1795 2400 1890 ρούμενοι,
2430 1823 2542 1875 θεοὶ
2564 1795 2936 1893 χρηματίζετε
2960 1827 3024 1894 τῇ
3057 1795 3191 1894 πρὸς
3214 1795 3379 1878 αύτδν
3407 1795 3690 1896 έγγύτητι,

443 1916 669 1971 indutus
703 1916 982 1970 cmlestem
1032 1913 1232 1984 regiam
1283 1928 1409 1966 vere
1465 1912 1739 1965 inbabitas
1780 1909 1888 1963 Deo
1919 1925 2012 1963 su-

444 2025 633 2080 premo
691 2009 804 2078 regi
850 2008 1142 2061 assistens.
1203 2024 1222 2057 ι
1278 2005 1545 2059 Assistere
1590 2019 1717 2057 vero
1760 2017 2015 2071 supremo

445 2104 580 2172 regi,
607 2102 735 2170 quid
762 2102 906 2154 aliud
932 2115 1026 2167 per
1056 2098 1224 2153 Deum
1257 2097 1557 2168 signiﬁcat.
1586 2097 1689 2150 nisi
1722 2096 1868 2165 quod
1899 2110 2018 2148 san-

443 2197 516 2251 cti
566 2206 835 2265 quatenus
868 2194 1065 2248 animae
1116 2191 1451 2245 beatitudine
1505 2189 1903 2259 perfruuntur?
1955 2188 2012 2242 ln

446 2288 571 2342 aliis
610 2302 742 2341 vero
778 2304 791 2339 :
851 2302 872 2337 ι
918 2286 1175 2337 Patribus
1218 2282 1482 2352 hymnum
1531 2280 1827 2336 oﬂeremus
1855 2324 1868 2345 ,
1924 2280 2014 2349 qui

446 2392 572 2433 ante
599 2378 772 2447 legem
813 2386 867 2431 ct
896 2376 950 2430 in
987 2376 1104 2443 lege
1137 2374 1490 2437 refulserunt,
1514 2382 1567 2427 ct
1590 2375 1681 2443 qui
1709 2390 1770 2427 ex
1801 2372 2019 2437 Virgine

446 2473 626 2540 genito
648 2471 877 2526 Domino
907 2476 963 2524 et
994 2472 1125 2523 hero
1161 2476 1304 2521 recta
1337 2476 1518 2520 mente
1550 2466 1935 2529 inservierunt,
1963 2476 2017 2519 ct

446 2563 877 2619 inacccssibilem
916 2561 1091 2615 lucem
1127 2561 1268 2614 lianc
1298 2560 1476 2627 adepti
1504 2568 1683 2612 sunt.»
1712 2558 1774 2610 Et
1806 2561 1858 2611 in
1885 2558 2012 2613 alio:

451 2675 472 2710 ι
504 2656 683 2719 Nunc,
736 2671 768 2709 ο
822 2655 998 2716 beate,
1049 2652 1321 2707 intercede
1374 2652 1514 2718 apud
1560 2650 1727 2705 Deum
1779 2668 1879 2721 pro
1929 2662 2018 2705 tuo

448 2763 628 2819 grege.
664 2766 683 2799 ι
719 2745 785 2801 Et
814 2760 1006 2799 rursus
1037 2762 1050 2797 :
1088 2762 1107 2795 ι
1148 2743 1385 2798 ϐωιρεῑο
1424 2758 1645 2812 regnum
1681 2742 2016 2812 concupisti,

447 2858 557 2912 quo
599 2854 763 2906 nunc,
806 2839 1139 2901 beatissime,
1179 2852 1305 2891 vere
1358 2837 1576 2891 frueris.
1620 2855 1637 2887 ι
1675 2834 1741 2888 Ει
1774 2836 1827 2889 in
1864 2837 1969 2891 alio
2004 2854 2016 2891 :

452 2955 471 2985 ι
513 2931 694 3003 Super
742 2945 966 2986 omnem
1004 2931 1259 2983 virtutem
1299 2930 1508 2998 positus
1534 2969 1548 2989 .
1592 2939 1746 2997 pater
1777 2930 2019 2993 Antoni,

448 3043 568 3083 cum
605 3022 809 3091 angelis
841 3024 1075 3077 versaris
1104 3022 1157 3076 in
1203 3038 1371 3092 regno
1403 3024 1687 3077 caelorum.
1732 3040 1749 3072 ι
1799 3023 1858 3076 Et
1894 3036 2020 3076 rur-

449 3134 547 3173 sus
579 3134 592 3170 :
628 3136 647 3168 ι
680 3115 769 3169 Dei
801 3129 980 3183 praeco
1009 3116 1294 3177 Athanasi.
1330 3115 1425 3184 qui
1459 3116 1696 3185 pericula
1731 3124 1784 3169 et
1819 3129 2015 3183 perpe-

454 3222 577 3266 tuas
598 3207 934 3264 tentationes
965 3205 1299 3269 sustinuisti,
1332 3221 1477 3260 nunc
1506 3207 1827 3261 deliciarum
1861 3220 2020 3274 para-

449 3304 554 3360 disi
585 3300 780 3369 dignus
820 3315 880 3355 es
912 3302 1107 3363 factus.
1139 3301 1353 3355 divinas
1387 3299 1701 3353 mansiones
1751 3313 2019 3353 consecu-

451 3406 558 3458 tus.
599 3394 1025 3464 incorruptibilis
1068 3394 1189 3447 vita:
1221 3392 1366 3458 ligno
1422 3392 1781 3459 propinquus.
1840 3398 1897 3443 ιη
1927 3390 2017 3459 ju-

450 3490 613 3543 stitia:
660 3490 849 3553 victor,
904 3502 1104 3543 corona
1151 3495 1204 3538 et
1240 3485 1544 3541 diademate
1594 3484 1833 3538 calestis
1869 3483 2016 3551 regni

452 3588 765 3644 exornatus,
792 3581 989 3633 decore
1010 3578 1340 3647 conspicuus
1368 3585 1422 3629 et
1447 3574 1618 3628 forma
1647 3575 2015 3644 praecellens.»

458 3672 522 3726 Et
571 3686 760 3725 rursus
792 3687 806 3723 :
844 3689 862 3720 ι
906 3667 1358 3739 Splendidissimo
1392 3676 1445 3720 et
1502 3665 1903 3731 fulgentissimo
1939 3666 2024 3717 lu-

458 3765 601 3817 r..ine
636 3762 866 3817 lucidius
894 3776 1039 3815 nunc
1074 3760 1431 3814 illustratus.)
1470 3760 1536 3812 Et
1568 3773 1762 3811 rursus
1796 3775 1811 3810 :
1854 3776 1871 3809 ι
1902 3756 2020 3810 Non

455 3857 510 3911 in
549 3857 834 3925 :enigmate
876 3855 1128 3923 gIOi-iam.
1174 3867 1337 3921 quam
1366 3867 1395 3904 a
1453 3865 1621 3920 puero
1679 3849 2022 3918 concupisti.

455 3948 631 4013 vides,
659 3948 811 4002 beate
847 3946 1096 4016 Eutycbi,
1132 3946 1243 3997 imo
1276 3942 1409 3997 facie
1433 3942 1497 3995 ad
1526 3942 1716 3996 faciem
1753 3957 1899 3995 nunc
1931 3956 2023 3996 so-

458 4040 588 4095 lutis
633 4041 818 4094 carnis
868 4039 1122 4107 speculis,
1159 4047 1309 4107 pater
1360 4036 1585 4091 noster?
1633 4056 1650 4087 i
1692 4036 1757 4089 Et
1785 4048 2021 4089 rursus:

459 4151 482 4185 ι
520 4131 596 4187 Ex
624 4131 933 4186 difﬁcilibus
956 4131 1221 4198 angustiis
1252 4138 1307 4183 et
1336 4129 1687 4196 corrUptione
1712 4126 1762 4180 in
1787 4127 2023 4195 amplam

466 4223 838 4293 etjucundam
872 4223 1109 4291 paradisi
1161 4221 1500 4276 latitudinem
1553 4219 1867 4286 pervenisti,
1898 4234 2025 4271 san-

457 4326 672 4371 ctorum
722 4317 939 4369 visurus
993 4314 1331 4383 splendidam
1371 4314 1543 4365 lucem
1594 4320 1651 4365 et
1706 4312 2023 4381 angelorum

456 4411 685 4465 choreas
719 4408 830 4462 Deo
858 4408 1192 4467 assistentes.
1218 4417 1271 4459 et
1296 4406 1633 4459 incessanter
1665 4404 2019 4459 clamantes:

2118 1917 2237 1977 ταῖς
2265 1914 2614 1983 θεουργικαῖς
2668 1920 3063 1986 μαρμαρυγαῖς
3092 1918 3430 1987 ὁμιλοῦντες,
3482 1921 3575 1972 καὶ
3607 1920 3696 1973 δό-

2118 2003 2214 2071 ξης
2262 2006 2358 2070 τῆς
2403 2006 2684 2071 ἀφράστου
2741 2007 3104 2074 φωτισθέντες
3148 2010 3353 2066 ἀκτῖσι.
3392 2031 3411 2062 ι
3453 2012 3560 2064 Kal
3594 2012 3698 2065 πά.

2118 2096 2223 2161 λιν,
2264 2116 2281 2147 ι
2319 2098 2786 2167 Εὑφημείσθωσαν
2824 2100 2998 2167 ἱεραῖς
3026 2101 3335 2171 μελῳδίαις,
3354 2102 3430 2165 ὡς
3457 2102 3557 2172 τῆς
3582 2105 3697 2159 ἀνω

2121 2188 2398 2257 βασιλείας
2444 2190 2792 2260 κληρονόμοι,
2824 2192 2900 2254 ὡς
2946 2195 3278 2263 παραδείσου
3323 2196 3629 2267 οίκητορες.
3671 2217 3692 2250 a

2121 2280 2226 2332 Kal
2259 2280 2512 2349 ἀλλαχοῦ,
2550 2300 2567 2333 ι
2601 2284 2937 2351 Συμπολίται
2963 2284 3071 2337 τῶν
3102 2286 3371 2353 ἀγγέλων.
3413 2306 3432 2341 ι
3459 2290 3570 2343 Καὶ
3594 2291 3702 2343 πά-

2121 2370 2225 2434 λιν,
2268 2390 2285 2423 ι
2320 2374 2579 2440 Δίμάτων
2620 2376 2820 2442 τιμίων
2867 2393 2963 2429 σου
3009 2376 3227 2447 βαφαῖς,
3271 2379 3483 2446 μάρτυς
3534 2398 3699 2432 κατε-

2121 2463 2394 2526 σκεύασας
2425 2463 2607 2533 σαυτῷ
2639 2466 2926 2537 πορφύραν
2973 2467 3269 2535 πολύτιμον
3302 2486 3318 2502 ο
3354 2471 3419 2533 ἣν
3451 2472 3699 2523 στολισά-

2125 2572 2304 2623 μενος,
2358 2560 2635 2619 κατοικεῖς
2690 2558 2759 2611 τὰ
2803 2559 2915 2612 ἀνω
2968 2560 3190 2629 ἀληθῶς
3257 2560 3529 2631 βασίλεια,
3576 2562 3697 2632 Θεῷ

2123 2645 2457 2713 παμϐασιλεῖ
2494 2649 2920 2717 παριστάμενος.
2963 2668 2981 2702 ι
3016 2648 3087 2702 Τὸ
3128 2650 3185 2703 δὲ
3224 2650 3589 2721 παρίστασθαι
3619 2652 3699 2722 τῷ

2123 2736 2462 2804 παμϐασιλεῖ
2511 2738 2648 2807 Θεῷ,
2712 2740 2803 2793 καὶ
2853 2743 3131 2795 κατοικεῖν
3180 2741 3247 2795 τά
3293 2743 3407 2797 ἀνω
3450 2742 3699 2812 βασίλεια

2124 2827 2362 2901 ἀληθῶς,
2405 2832 2457 2883 τί
2497 2830 2625 2885 ἀλλο
2660 2833 2795 2900 πρὸς
2845 2832 2979 2887 Θεοῦ
3024 2837 3301 2906 σημαίνει,
3351 2838 3383 2908 ἢ
3441 2836 3521 2890 ὅτι
3562 2838 3698 2891 ἀπυ-

2121 2920 2456 2985 λαμϐἀνουσι
2492 2925 2625 2977 καθὸ
2655 2925 2822 2996 ψυχαὶ
2855 2926 2950 2978 νῦν
2980 2927 3029 2980 ot
3072 2926 3215 2991 ᾰγιοι
3244 2970 3260 2994 ,
3294 2929 3381 2981 Ἐν
3411 2912 3589 2992 ἀλλοις
3618 2930 3698 2995 δὲ,

2129 3033 2146 3065 ι
2191 3016 2466 3083 Πατράσιν
2512 3016 2679 3087 ὕμνον
2733 3020 3118 3089 προσοίσομεν,
3156 3023 3260 3089 πρὸ
3303 3023 3471 3089 νόμου
3518 3025 3612 3076 καὶ
3638 3027 3700 3077 tv

2122 3108 2273 3176 νόμῳ
2304 3108 2621 3178 ἑκλάμψασι
2650 3130 2662 3143 ·
2696 3113 2785 3163 καὶ
2814 3113 2906 3164 τὸν
2938 3114 3001 3167 ἐκ
3048 3114 3329 3184 Παρθένου
3364 3116 3570 3186 Κύριον
3603 3118 3702 3168 καὶ

2126 3204 2406 3272 Δεσπότην
2436 3202 2631 3277 γνώμῃ
2662 3204 2848 3277 εὐθείᾳ
2878 3206 3331 3276 τεθεραπευκόσι,
3372 3210 3463 3262 καὶ
3502 3209 3701 3263 ἀδύτου

2125 3294 2409 3362 φωτισμοῦ
2455 3295 2551 3349 νῦν
2603 3298 2960 3352 ἀπολαύουσι.
3005 3318 3021 3351 ι
3061 3299 3172 3353 Καὶ
3204 3304 3261 3352 tv
3314 3302 3481 3373 ἄλλῳ,
3524 3320 3545 3355 ι
3583 3302 3700 3357 Νῦν

2122 3385 2179 3439 δὲ
2213 3387 2570 3454 παρίστασαι,
2619 3390 2825 3459 μάκαρ,
2879 3392 3125 3460 πρέσϐυς
3168 3393 3245 3461 τῷ
3284 3393 3402 3461 Θεῷ
3436 3395 3577 3465 ὑπὲρ
3601 3395 3703 3463 τῆς

2126 3480 2362 3549 ποίμνης
2392 3498 2507 3535 σου.
2550 3501 2569 3535 ι
2609 3483 2718 3536 Kal
2756 3484 2934 3545 πάλιν,
2974 3504 2991 3535 ι
3042 3485 3425 3557 Ἐπεπόθησας
3461 3490 3559 3559 τῆς
3589 3492 3704 3545 ἀνω

2126 3570 2426 3640 βασιλείας,
2446 3568 2513 3645 ἦς
2543 3574 2637 3629 νῦν
2664 3576 2957 3639 ἀπολαύεις
2987 3577 3226 3648 άληθῶς,
3251 3582 3698 3651 μακαριώτατε.»

2126 3665 2237 3719 Kal
2285 3668 2343 3718 tv
2375 3667 2539 3735 ἄλλῳ,
2577 3685 2596 3718 ι
2645 3667 2931 3737 ’Υπεράνω
2975 3671 3157 3741 πάσης
3181 3674 3383 3741 ἀρετῆς
3434 3677 3715 3743 γεγονὼς,

2126 3760 2310 3829 Πάτερ
2354 3762 2625 3827 Ἀντώνιε,
2664 3762 2958 3835 συναυλίςῃ
2990 3766 3243 3832 ἀγγέλοις
3272 3770 3328 3819 tv
3356 3770 3420 3836 τῇ
3452 3767 3703 3839 βασιλείᾳ

2126 3850 2235 3903 τῶν
2268 3852 2533 3921 οὐρανῶν.
2574 3873 2591 3906 i
2626 3855 2736 3908 Kal
2783 3858 2966 3921 πάλιν,
3010 3877 3028 3909 ι
3063 3859 3345 3928 Θεοκήρυξ
3390 3860 3699 3926 Ἀθανάσιε,

2127 3942 2405 4005 κινδύνους
2442 3944 2743 4012 ὑπομείνας
2776 3946 2873 3998 καὶ
2908 3950 3151 4015 συνεχεῖς
3179 3952 3543 4019 πειρασμοῦς,
3573 3969 3703 4021 τρν-

2128 4037 2234 4103 φῆς
2266 4034 2359 4087 τοῦ
2410 4037 2738 4105 παραδείσου
2774 4038 2868 4089 νῦν
2918 4040 3174 4109 ὴξιὼθης,
3213 4042 3361 4094 ἔνδον
3411 4046 3704 4113 γενόμενος

2126 4126 2236 4177 τῶν
2287 4125 2446 4180 θείων
2496 4129 2709 4195 μονῶν·
2761 4128 2906 4200 ξύλῳ
2967 4132 3356 4199 προσπελάσας
3408 4136 3550 4204 ζωῆς
3605 4138 3707 4203 τῆς

2127 4215 2445 4283 ἀκηράτου·
2505 4217 2853 4287 δικαιοσύνης
2910 4219 2986 4281 ὡς
3045 4222 3313 4290 νικητής·
3374 4224 3559 4292 στέφει
3610 4241 3706 4278 κο-

2132 4308 2462 4375 σμούμενος,
2489 4310 2581 4362 καὶ
2603 4309 2897 4380 διαδήματι
2942 4310 3043 4379 τῆς
3065 4312 3177 4366 ἀνω
3201 4312 3481 4379 βασιλείας
3500 4331 3513 4345 ·
3538 4315 3707 4386 ὡραῖ-

2130 4403 2375 4470 ζόμενος,
2412 4404 2504 4456 καὶ
2533 4404 2723 4456 κάλλει
2753 4404 3133 4474 διαπρέπων.)
3168 4407 3277 4459 Kal
3301 4406 3485 4473 πάλιν,
3516 4428 3536 4461 ι
3563 4411 3709 4465 Φωτὶ

462 4500 527 4553 Et
566 4500 739 4553 alibi:
777 4516 795 4549 ι
842 4496 1009 4551 Terra
1061 4496 1281 4565 quidem
1329 4511 1475 4549 nunc
1522 4496 1738 4563 aperuit
1792 4507 2019 4563 corpora

2132 4494 2209 4563 τῷ
2262 4494 2526 4564 τρισηλίῳ
2581 4494 2675 4548 καὶ
2730 4498 3060 4565 τριφεγγεῖ·
3113 4498 3549 4570 τηλαυγέστερον
3607 4501 3707 4555 νῦν

457 4597 667 4654 vestra,
703 4590 901 4644 cmlum
944 4604 1090 4651 vero,
1112 4604 1144 4641 o
1175 4588 1372 4651 sancti,
1403 4586 1626 4653 spiritus
1649 4600 1867 4654 semper
1893 4584 2019 4649 fert,

461 4684 656 4737 tlirono
682 4682 863 4751 gloriae
906 4681 1208 4735 assidentes
1234 4689 1287 4731 et
1319 4693 1444 4733 cum
1493 4678 1701 4747 angelis
1748 4678 2027 4731 exsultan-

462 4779 564 4824 tes.
605 4788 622 4820 ι
655 4767 720 4823 Et
748 4768 876 4822 alibi
912 4784 926 4820 :
961 4787 980 4821 ι
1010 4768 1163 4822 Nunc
1186 4768 1353 4822 cmlos
1386 4768 1578 4821 incolis
1606 4780 1905 4837 martyrum
1940 4768 2027 4835 pie

462 4871 777 4915 sanctorum
833 4869 886 4914 et
931 4860 1227 4928 justorum.
1274 4878 1293 4910 ι
1327 4858 1393 4911 Et
1427 4860 1480 4911 in
1523 4860 1674 4913 alio:
1711 4877 1729 4909 ι
1772 4858 2028 4927 Princeps

458 4966 743 5005 sacrorum
779 4950 1008 5003 Eumeni
1037 4991 1051 5014 ,
1097 4952 1193 5020 qui
1238 4949 1542 5003 libertatem
1577 4949 1670 5004 tibi
1702 4950 1844 5019 apud
1878 4949 2037 5002 Cltri-

461 5054 609 5098 stum
644 5042 998 5110 comparasti,
1027 5042 1181 5109 juxta
1230 5041 1389 5112 cujus
1422 5041 1700 5105 thronum,
1731 5049 1940 5102 sancte,
1970 5039 2027 5093 in

461 5136 630 5206 gloria
668 5134 877 5188 assistis
906 5150 1051 5188 nunc
1085 5149 1207 5187 cum
1245 5134 1451 5203 angelis
1481 5136 1706 5188 sanctis.
1754 5153 1773 5186 ι
1816 5133 1879 5186 Ει
1913 5149 2034 5188 rur-

461 5242 557 5281 sus
591 5244 604 5278 :
639 5225 751 5279 «Ad
778 5222 1132 5293 tranquillum
1169 5236 1380 5293 portum
1407 5223 1661 5293 appulisti
1692 5237 1721 5277 a
1752 5225 2030 5278 laboribus

467 5318 840 5390 requiescens,
888 5326 941 5372 et
981 5328 1276 5370 coronatus
1326 5318 1589 5385 tripudias
1644 5316 1699 5369 in
1753 5317 2031 5385 paradiso,

468 5427 573 5467 una
602 5426 725 5465 cum
754 5409 957 5466 Christi
991 5410 1344 5480 martyribus.
1369 5409 1556 5465 Niceta
1593 5411 1795 5474 divine,
1831 5411 2029 5465 merito

468 5515 520 5558 te
543 5503 932 5573 gloriﬁcamus.
971 5522 989 5555 ι
1027 5505 1090 5557 Ει
1122 5520 1312 5560 rursus
1344 5506 1397 5559 in
1434 5505 1540 5558 alio
1568 5520 1583 5559 :
1614 5502 1747 5571 «Qui
1780 5521 1808 5557 a
1840 5504 2030 5559 dextra

469 5594 683 5650 assistis
710 5593 961 5649 Trinitati
992 5605 1042 5649 et
1075 5597 1386 5650 immediate
1414 5598 1700 5651 versaris.»
1752 5595 1815 5649 Et
1848 5596 1900 5649 in
1929 5597 2032 5649 ode

468 5686 503 5739 9
552 5688 778 5741 canonis
830 5685 887 5740 S.
943 5685 1169 5741 Joannis
1222 5685 1482 5758 Tbeologi
1520 5702 1536 5741 :
1577 5706 1595 5737 ι
1633 5686 1783 5741 Nunc
1824 5702 1933 5742 non
1977 5688 2029 5741 in

466 5778 878 5848 (enigmatased
910 5778 1046 5834 facie
1075 5780 1141 5835 ad
1174 5780 1365 5835 {.tcietn
1397 5781 1707 5836 deliciarum
1734 5790 2026 5836 torrentem

2134 4587 2567 4655 ἑλλαμπόμενος.
2607 4606 2624 4638 ι
2677 4589 2789 4641 Kal
2833 4588 2922 4653 αὖ,
2965 4608 2984 4641 ι
3022 4592 3137 4644 Οὐκ
3182 4592 3239 4644 tv
3272 4592 3557 4662 αἰνίγματι
3612 4596 3708 4646 νῦν

2135 4679 2374 4751 καθορᾷς
2403 4678 2559 4745 δόξαν
2578 4681 2647 4751 ἣν
2670 4682 2947 4753 ὲπόθησας
2970 4680 3105 4735 Θεοῦ
3133 4685 3197 4737 ἐκ
3223 4683 3482 4754 βρέφους,
3518 4684 3707 4754 μάκαρ

2136 4771 2369 4840 Εύτύχιε
2389 4788 2403 4801 ⁸
2436 4774 2730 4840 πρόσωπον
2757 4774 2816 4827 δὲ
2843 4773 3047 4845 μᾶλλον
3070 4774 3186 4827 νυνὶ
3217 4774 3355 4843 πρὸς
3391 4776 3704 4844 πρόσωπον,

2130 4863 2401 4917 λυθέντων
2428 4864 2535 4918 τῶν
2560 4865 2842 4935 ἐσόπτρων
2870 4867 2967 4931 τῆς
2992 4867 3215 4934 σαρκὸς,
3245 4866 3436 4937 Πατὴρ
3464 4865 3643 4937 ἡμῶν.
3682 4885 3702 4918 ι

2137 4956 2249 5009 Kal
2290 4956 2451 5009 πάλιν
2498 4958 2555 5008 tv
2584 4956 2785 5021 ἀλλοις,
2815 4975 2833 5009 ι
2856 4955 2953 5009 Ἐκ
2976 4956 3219 5026 χαλεπῆς
3251 4956 3583 5025 πενὼσεως,
3612 4956 3707 5011 καὶ

2138 5047 2368 5119 φθορᾶς,
2429 5048 2566 5116 πρὸς
2615 5048 2926 5118 εὐρύχωρον
2974 5049 3178 5112 πλάτος
3235 5050 3564 5119 παραδείσου
3612 5050 3707 5103 καὶ

2136 5143 2367 5211 τερπνὸν
2424 5141 2790 5211 κατήντησας,
2852 5142 3025 5209 ἁγίων
3076 5141 3341 5211 ὀψόμενος
3397 5140 3704 5208 φωτοειδιῖς

2135 5232 2547 5301 λαμπρότητας,
2604 5233 2825 5295 καὶτὰς
2880 5232 2988 5285 τῶν
3039 5233 3290 5301 ἀγγέλων
3350 5233 3705 5285 ἱποπτεύσων

2135 5324 2375 5393 χορείας,
2399 5321 2518 5390 Θεῷ
2549 5324 2957 5391 παρισταμένας
2990 5323 3082 5376 καὶ
3108 5322 3318 5392 βοώσας
3340 5323 3659 5385 ἀπαύστως.
3681 5341 3699 5373 ι

2138 5416 2248 5468 Kal
2300 5413 2559 5483 ἀλλαχοῦ,
2600 5433 2619 5464 ι
2665 5415 2732 5467 'H
2792 5415 2863 5484 γῆ
2904 5415 3001 5482 μὲν
3030 5415 3405 5485 κατεκάλυψεν
3454 5414 3609 5483 ὑμῶν
3634 5413 3708 5467 τὰ

2139 5505 2369 5571 σώματα
2402 5506 2540 5567 νυνὶ,
2594 5507 2619 5557 ό
2652 5506 2876 5574 οὐρανὸς
2908 5506 2989 5570 δὲ,
3042 5506 3211 5574 ἅγιοι,
3234 5506 3388 5575 φέρει
3419 5506 3487 5559 τά
3543 5504 3709 5558 πνεύ-

2142 5612 2291 5664 ματα
2340 5598 2447 5661 ἀεὶ,
2498 5595 2574 5667 τῷ
2605 5597 2779 5667 θρόνῳ
2831 5598 3155 5665 παρεστῶτα
3203 5600 3301 5668 τῆς
3350 5598 3531 5666 δόξης,
3587 5596 3705 5668 μετ’

2138 5690 2387 5755 ἀγγέλων
2402 5689 2766 5759 ἀγαλλόμενα.
2782 5709 2800 5743 ι
2829 5692 2935 5744 Kal
2956 5690 3214 5759 ἀλλαχοῦ,
3242 5709 3261 5740 ι
3286 5691 3397 5743 Kal
3424 5689 3518 5743 νῦν
3540 5689 3707 5750 οἰκεῖς

2137 5782 2265 5847 τοὺς
2309 5782 2597 5851 οὐρανοὺς,
2647 5784 2943 5857 μαρτύρων
2976 5784 3091 5835 ὃσιε
3138 5783 3308 5851 ἁγίων
3362 5783 3456 5835 καὶ
3488 5779 3597 5835 τῶν
3624 5780 3698 5837 διο
