4182 6350
501 301 634 369 129Ἰ

976 307 1129 368 PRO
1171 309 1381 370 CONC.
1429 311 1801 373 FLORENT.
1843 311 2001 374 CAP.
2046 309 2144 373 IV.
2177 312 2268 371 DE
2313 309 2730 371 FRUITIONE
2768 288 3262 371 SANCTORUM,

3609 303 3744 367 1998

494 422 590 473 καὶ
630 419 905 488 ἀληθινὸς,
935 424 998 476 οὐ
1028 425 1237 492 κρίνεις
1270 427 1365 478 καὶ
1389 423 1625 488 ἐκδικεῖς
1657 425 1717 478 τὺ
1746 421 1888 495 αἷμα
1918 424 2074 494 ἡμῶν

2192 430 2354 482 uitant
2393 427 2447 480 in
2503 428 2694 482 terra?
2734 425 2801 480 Et
2853 427 2992 482 d‘ntte
3043 437 3167 482 sunt
3199 425 3306 479 illis
3340 424 3566 493 singula:
3595 422 3748 477 stulte

493 511 557 568 ὲκ
583 512 690 564 τῖυν
724 515 1125 569 κατοικούντων
1152 515 1244 569 ἐπὶ
1264 516 1365 584 τῆς
1396 517 1496 586 γῆς
1520 532 1538 584 ;
1567 517 1676 570 Καὶ
1709 517 1862 588 ἐδόθη
1885 516 2068 580 αὐτοῖς

493 602 596 657 ἀνὰ
634 605 762 673 μιᾶς
813 606 1002 675 στολῆς
1062 606 1296 678 λευκῆςο
1351 609 1694 681 καὶ,ὲρῤἐοη
1752 611 1936 673 αὐτοῖς
1982 608 2070 663 ἵνα

493 698 919 754 ἀναπαύσωνται
971 699 1051 754 ἑτι
1086 702 1301 774 χρόνον,
1358 703 1467 765 ἕως
1509 701 1572 755 οῦ
1609 702 1944 772 πληρώσωσι
1974 701 2070 754 καὶ

496 791 544 841 ol
577 790 851 845 σύνδουλοι
903 793 1106 858 αὖτῶν,
1158 795 1252 848 καὶ
1279 796 1330 849 oi
1381 795 1602 862 ἀδελφοὶ
1648 794 1849 856 αὐτῶν,
1878 795 1972 848 καὶ
2018 794 2070 846 οι

502 881 784 948 μέλλοντες
819 883 1237 939 ἀποκτείνισθαι
1273 887 1347 952 ὡς
1381 887 1476 941 καὶ
1509 887 1683 942 αὐτοί.
1717 906 1738 937 ο
1774 886 1882 941 Καὶ
1933 886 2072 956 μετὰ

497 989 636 1034 τινα,
669 992 686 1024 ι
743 975 848 1026 Καὶ
879 975 1153 1046 ἀπεκρίθη
1181 972 1261 1043 εἷς
1298 980 1361 1032 ὲκ
1398 978 1508 1032 τῶν
1539 977 1936 1049 πρεσϐυτέρων
1981 977 2067 1031 λέ-

499 1081 613 1129 γων
644 1082 774 1133 μοι·
818 1063 979 1119 Οῐτοι
1016 1071 1065 1122 oi
1106 1070 1566 1140 περιϐεϐλημένοι
1607 1073 1705 1133 τὰς
1753 1072 1945 1134 στολάς
1973 1071 2073 1134 τάς

499 1158 721 1219 λευκὰς.
750 1161 890 1223 τί·-ες
907 1164 1038 1220 εἰσὶ.
1070 1162 1166 1217 καὶ
1185 1163 1347 1217 πόθεν
1370 1158 1532 1234 ἦλθον
1552 1181 1566 1232 ;
1592 1164 1699 1218 Καὶ
1720 1157 1875 1218 εἷπον
1898 1164 2071 1234 αὐτῷ,

501 1245 674 1312 Κύριέ
701 1266 823 1316 μου,
859 1252 923 1304 σὺ
969 1249 1138 1316 οἶδας.
1194 1254 1301 1308 Καὶ
1337 1252 1455 1308 εἶπέ
1494 1273 1608 1326 μοι·
1640 1256 1800 1312 Οῦτοί
1850 1261 1990 1311 είσιν
2022 1259 2073 1311 oi

503 1335 788 1406 ἔρι’τμε“ιοε
824 1341 886 1393 ἐκ
931 1343 1028 1412 τῆς
1061 1344 1293 1412 θλίψεως
1328 1349 1428 1416 τῆς
1457 1349 1704 1420 μεγάλης
1730 1366 1744 1380 ·
1776 1349 1868 1404 καὶ
1913 1349 2076 1403 ἔπλυ-

505 1445 603 1480 ναν
628 1431 727 1492 τὰς
767 1434 959 1500 στολὰς
994 1437 1193 1505 αὐτῶν,
1225 1440 1317 1492 καὶ
1346 1439 1644 1496 ἐλεύκαναν
1675 1444 1736 1497 ἐν
1767 1443 1845 1514 τῷ
1882 1443 2076 1513 aiunt

506 1521 601 1573 τοῦ
634 1523 820 1592 ἀρνίου
846 1543 860 1557 ·
895 1526 982 1580 διὰ
1017 1529 1172 1585 τοῦτό
1202 1534 1341 1588 εἰσιν
1371 1535 1602 1589 ἐνώπιον
1633 1535 1727 1590 τοῦ
1761 1535 1954 1606 θρόνου
1982 1535 2076 1590 τοῦ

509 1612 668 1681 Θεοῦ,
702 1616 798 1669 καὶ
842 1617 1200 1690 λατρεύουσιν
1232 1624 1380 1694 αὐτῷ
1425 1626 1638 1696 ἡμέρας
1672 1628 1771 1681 καὶ
1800 1628 1993 1689 νυκτὸς
2020 1629 2078 1682 ἐν

507 1707 584 1774 τῷ
623 1707 736 1777 ναῷ
778 1711 966 1766 αὐτοῦ.
1003 1731 1022 1766 t
1074 1715 1373 1772 Ἠκούσατε
1402 1717 1497 1771 τοῦ
1520 1717 1638 1773 υἱοῦ
1665 1720 1765 1788 τῆς
1800 1721 2029 1792 βροντῆς
2060 1737 2076 1788 ;

512 1800 609 1862 Τίς
642 1818 774 1870 φησι
805 1804 1038 1874 κρείττω
1078 1807 1173 1862 καὶ
1203 1809 1447 1879 βελτίονα
1493 1813 1586 1867 καὶ
1615 1813 1807 1884 ἀληθῆ,
1842 1813 2018 1879 οὗτος,
2046 1814 2077 1883 ἦ
2114 1793 2153 1848 Β

509 1893 538 1944 ὁ
580 1893 828 1960 Ἐφέσου,
864 1897 958 1951 καὶ
986 1900 1016 1967 ἡ
1052 1902 1173 1954 κατ’
1198 1903 1360 1956 αὑτὸν
1391 1906 1487 1973 τῆς
1515 1907 1899 1976 οἰκουμενικῆς
1930 1908 2082 1959 συνόο

518 1983 607 2036 δον
635 1987 1054 2062 ἀποσκὶρτησις,
1086 1996 1182 2049 καὶ
1209 1995 1365 2059 ἄλλος
1390 1997 1444 2049 εί
1464 2014 1546 2061 τις
1573 1999 1639 2052 ἂν
1675 1998 1933 2068 βούληται
1958 1999 2084 2051 τοῦο

519 2077 730 2184 ζανξέον
763 2083 973 2184 elisit;
1018 2087 1141 2184 ἐμοὶ
1172 2089 1368 2184 δοιιεῖν,
1420 2094 1672 2184 Ϊιωάννης
1723 2095 1856 2184 φησὶ
1888 2090 2080 2162 μείζω.

520 2171 550 2226 ῆ
586 2171 748 2220 οὗτοι.
791 2171 1031 2238 Ἐκεῖνος
1060 2175 1168 2246 γὰρ
1203 2177 1299 2250 τὴν
1326 2179 1604 2250 θεολογίαν
1630 2184 1695 2236 ἐκ
1729 2183 1824 2237 τοῦ
1855 2183 2086 2252 στήθους

518 2256 700 2310 M66”
731 2259 824 2314 τοῦ
856 2265 1084 2335 κυρίου,
1123 2272 1305 2326 πᾶσιν
1334 2273 1432 2344 τὴν
1475 2276 1654 2329 κτίσιν
1680 2278 1944 2347 ἐνέπλησε
1975 2278 2085 2331 τῶν

515 2350 847 2452 ςωηρρύτων
876 2361 1135 2428 ναμάτων
1160 2378 1174 2394 °
1227 2359 1373 2419 οὗτοι
1399 2367 1456 2419 δὲ
1480 2370 1544 2420 ἐκ
1569 2370 1667 2439 τῆς
1698 2370 1964 2435 ἰδιωτείας
1989 2372 2085 2425 καὶ

515 2442 871 2511 ἀναισθησίας
919 2451 1246 2522 κινούμενοι,
1284 2455 1538 2529 θορύϐου,
1569 2462 1660 2515 καὶ
1692 2464 1957 2533 ταραχῆς.
1991 2465 2086 2518 καὶ

512 2534 777 2624 αίρέσεως
803 2539 899 2608 τὴν
926 2546 1252 2616 οἰκουμένην
1297 2552 1643 2622 ἐπλήρωσαν.
1677 2557 1792 2608 Οὐκ
1831 2556 2084 2624 ἀκούετες

515 2623 600 2679 διὰ
635 2629 692 2682 τὸ
738 2631 1021 2705 πλυθῖψαι,
1052 2641 1325 2706 omini;
1369 2647 1561 2710 στολὰς
1591 2647 1791 2712 αὐτῶν,
1840 2623 2088 2705 τουτέστι

516 2719 602 2775 διὰ
630 2723 688 2773 τι,
731 2726 1030 2799 καθαρίσαι
1065 2733 1133 2784 τὰ
1163 2734 1389 2805 σώματα
1435 2738 1612 2791 αὐτῶν
1641 2740 1751 2794 ἀπὸ
1781 2741 2087 2810 ἁμαρτιῶν,

519 2818 611 2867 καὶ
640 2816 726 2870 6:3:
756 2820 817 2872 τὸ
849 2823 1107 2878 λευκᾶναι
1132 2829 1270 2882 αύτά
1299 2832 1358 2883 ὲν
1383 2831 1459 2902 τῷ
1487 2831 1679 2902 αἵματι
1708 2835 1802 2885 τοῦ
1831 2835 1961 2887 Υἱοῦ
1993 2833 2088 2888 τοῦ

516 2912 674 2980 Θεοῦ,
712 2915 801 2970 διὰ
833 2921 990 2973 τοῦτό
1016 2924 1153 2977 εἰσιν
1180 2927 1409 2980 ἐνώπιον
1453 2926 1542 2980 τοῦ
1574 2928 1767 2996 θρόνου
1803 2929 1895 2981 τοῦ
1930 2928 2086 2991 Θεοῦ.

521 3006 615 3059 καὶ
660 3009 1012 3080 λατρεύουσιν
1041 3016 1191 3085 αὑτῷ
1219 3019 1430 3088 ἡμέρας
1480 3024 1573 3074 καὶ
1609 3022 1822 3082 νυκτός.
1860 3021 1926 3073 Τί
1958 3022 2090 3086 πρὸς

2173 523 2330 587 nilne,
2367 530 2421 574 et
2468 520 2674 575 dictum
2727 527 2814 573 est
2867 519 2973 573 illis
3008 529 3068 573 ut
3125 518 3526 587 requiescerent
3569 509 3747 567 adhuc

2178 624 2393 683 tempus
2435 611 2731 676 modicum,
2759 611 2931 665 donec
2966 611 3342 678 compleantur
3372 606 3619 662 conservi
3652 620 3747 659 eo-

2175 722 2295 760 rmn
2327 714 2382 759 et
2433 705 2633 760 fratres
2663 718 2856 759 eorunt
2901 703 2994 772 qui
3031 701 3392 755 interficiendi
3453 709 3583 752 sunt
3606 697 3749 753 sicut

2174 808 2228 852 et
2268 798 2344 852 illi
2378 798 2502 852 "°.I
2531 797 2596 851 Et
2627 807 2749 866 post
2771 798 3017 866 qumdam
3045 811 3059 847 :
3095 814 3112 846 ι
3137 794 3202 847 Et
3229 792 3502 861 respondit
3525 805 3667 846 unus
3682 804 3751 844 ex

2175 892 2512 960 senioribus,
2541 901 2595 946 et
2617 890 2757 946 dixit
2791 889 2947 943 mihi:
2985 888 3049 942 lli
3084 889 3174 957 qui
3212 886 3394 939 amicti
3432 894 3560 938 sunt
3588 885 3749 939 stolis

2175 985 2333 1050 albis,
2359 984 2451 1054 qui
2474 992 2670 1040 suntet
2693 981 2835 1038 unde
2860 979 3247 1036 veneruntlEt
3267 978 3403 1033 dixit
3433 977 3531 1040 illi,
3566 974 3750 1030 Domi-

2179 1095 2248 1134 ne
2275 1081 2369 1140 mi.
2401 1088 2458 1130 ttt
2487 1078 2617 1134 scis.
2651 1077 2717 1131 Et
2748 1077 2885 1131 dixit
2911 1073 3042 1130 tnihi
3069 1091 3083 1127 :
3113 1071 3175 1126 lli
3198 1081 3326 1128 sunt
3349 1074 3441 1140 qui
3488 1075 3752 1124 venerunt

2178 1175 2243 1229 de
2274 1171 2632 1227 tribulatione
2679 1185 2895 1239 magna,
2925 1177 2981 1223 et
3011 1168 3263 1221 laverunt
3313 1165 3482 1218 stolas
3524 1175 3656 1217 suas
3695 1168 3752 1212 et

2178 1266 2575 1321 dealbaverunt
2615 1280 2708 1318 eas
2738 1264 2793 1315 in
2834 1261 3099 1332 sanguine
3119 1258 3280 1328 Agni.
3305 1256 3432 1311 Ideo
3456 1265 3587 1310 sunt
3625 1261 3753 1306 ante

2180 1360 2440 1414 thronum
2473 1358 2566 1413 Dei
2601 1366 2655 1410 et
2686 1357 2932 1411 serviunt
2961 1357 3008 1410 ei
3064 1355 3154 1409 die
3178 1363 3232 1408 et
3267 1359 3432 1406 nocte
3460 1348 3513 1404 in
3549 1344 3752 1414 templo

2180 1451 2299 1520 ejus
2329 1451 2455 1504 εν.»
2498 1450 2743 1504 Audistis
2808 1448 3035 1503 tonitrui
3091 1442 3464 1507 filium?Qnis
3513 1437 3750 1509 potiora,

2181 1544 2407 1598 meliora
2469 1552 2522 1596 et
2559 1557 2686 1596 vera
2741 1540 2922 1595 dicit?
2973 1540 3093 1603 ilic,
3123 1554 3190 1591 an
3222 1535 3513 1606 Ephesius,
3543 1540 3597 1586 et
3640 1539 3751 1583 tota

2181 1635 2377 1690 cohors
2402 1649 2590 1689 eorum
2622 1632 2713 1702 qui
2741 1633 2809 1686 ab
2828 1630 3162 1686 meumeniea
3193 1627 3402 1698 synodo
3420 1624 3752 1686 resiliertmt,

2181 1737 2277 1780 aut
2306 1726 2620 1794 quicunque
2657 1739 2723 1778 ex
2778 1724 2901 1776 aliis
2929 1722 3058 1776 velit
3092 1718 3498 1775 contradicere?
3547 1715 3613 1771 Ut
3653 1725 3754 1781 ego

2184 1821 2384 1884 sentio,
2417 1817 2658 1873 Joannes
2688 1817 2911 1870 meliora
2933 1815 3246 1882 dieitquum
3271 1810 3380 1864 hic.
3404 1808 3495 1863 Ille
3517 1819 3756 1874 namque

2185 1931 2251 1970 ex
2280 1913 2492 1968 Domini
2536 1921 2755 1980 pectore
2814 1907 3141 1974 theologiam
3181 1903 3476 1971 accipiens,
3537 1914 3753 1955 omnem

2185 2017 2498 2064 creaturam
2529 2005 2648 2073 ejus
2679 2002 3084 2057 vitilicatrtibus
3110 2000 3268 2068 aquis
3297 1997 3550 2058 refersit;
3583 1994 3631 2045 hi
3671 2009 3760 2046 vc'

2189 2117 2269 2162 ro,
2301 2116 2398 2156 sua
2454 2099 2664 2153 inscitia
2701 2107 2755 2150 ct
2817 2092 3133 2164 stupiditate
3188 2090 3442 2161 permoti,
3497 2086 3754 2143 tumultu,

2187 2193 2508 2249 confusione
2540 2199 2594 2245 et
2650 2187 2841 2244 haeresi
2900 2187 3086 2240 orbem
3139 2183 3508 2253 repleverunt.
3570 2177 3759 2232 Nonne

2187 2285 2392 2340 auditis
2429 2299 2496 2338 co
2524 2283 2663 2348 quod
2712 2280 2887 2334 stolas
2945 2279 3199 2333 laverunt
3249 2289 3400 2337 suas,
3430 2273 3628 2342 inquit,
3657 2271 3761 2323 hoc

2188 2387 2273 2433 est
2305 2393 2404 2432 sua
2432 2389 2662 2444 corpora
2726 2375 2978 2427 laverunt
3008 2386 3036 2424 a
3057 2368 3324 2440 peccatis,
3346 2381 3521 2435 eaque
3555 2366 3608 2418 itt
3639 2362 3761 2417 b‘ilii

2188 2472 2282 2526 Dei
2308 2468 2575 2538 sanguine
2627 2467 3043 2532 dealbaverunt,
3120 2464 3326 2516 idcirco
3361 2468 3489 2513 sunt
3521 2467 3645 2511 ante
3667 2455 3760 2509 Dei

2189 2567 2474 2627 thronum,
2498 2570 2552 2617 et
2579 2561 2663 2614 die
2683 2571 2735 2613 et
2772 2569 2930 2613 nocte
2960 2555 3264 2612 inserviunt
3288 2555 3371 2608 ei?
3399 2551 3537 2618 Quid
3562 2551 3645 2604 his
3674 2563 3761 2602 re-

2189 2656 2460 2725 spondere
2499 2652 2766 2722 potestis?
2797 2649 2942 2703 Nihil
2971 2647 3237 2719 profecto.
3267 2642 3486 2698 Credite
3517 2645 3761 2704 tandem,

2189 2746 2591 2807 convertimini,
2649 2743 2973 2812 resipiscite,
3018 2739 3303 2808 resurgite,
3330 2732 3545 2789 veritati
3569 2744 3763 2800 quent-

2188 2841 2480 2896 a.lmo.lunt
2540 2846 2593 2891 et
2643 2851 2745 2890 nos
2801 2832 3158 2902 subjiciotini,
3202 2845 3381 2898 neque
3439 2826 3515 2879 ita
3574 2830 3763 2892 aperte

2198 2929 2458 2984 Ecclesiae
2535 2927 2854 2983 doctoribus
2881 2923 3276 2986 contradicere,
3304 2934 3480 2990 tteque
3527 2917 3579 2970 in
3622 2915 3763 2969 veri-

2193 3031 2357 3075 tatem
2381 3019 2679 3088 impingere
2705 3017 2914 3079 velitis;
2955 3031 3054 3070 nos
3085 3013 3231 3068 enim
3264 3027 3391 3064 cum
3427 3017 3650 3062 sanctos
3678 3019 3770 3058 as-

519 3114 678 3152 τουτο
702 3100 855 3169 ἔχετε
880 3106 1057 3158 εἰπεῖν
1081 3123 1097 3174 ;
1133 3108 1336 3172 Ὄντως
1363 3111 1533 3164 οὐδὲν.
1567 3113 1771 3166 Λοιπὸν
1797 3112 2052 3182 πείσθητε
2073 3130 2088 3144 ·

2197 3113 2390 3168 sistere
2427 3111 2535 3164 Deo
2560 3110 2795 3164 dicimus
2825 3120 3063 3174 eumque
3081 3119 3215 3173 pure
3247 3103 3540 3170 inspicere,
3563 3093 3766 3166 perfrui

521 3193 893 3268 ἐπιστράφητε
913 3215 928 3230 ο
962 3200 1272 3272 ἐκνήψατεο
1306 3203 1576 3273 ἀνάστητε
1606 3221 1620 3236 ·
1675 3204 1987 3274 ὑποτάγητε
2018 3206 2085 3273 τῇ

525 3286 754 3359 ἀληθείᾳ
801 3291 877 3354 ὡς
911 3293 1006 3346 καὶ
1059 3295 1217 3365 ἡμεῖς
1246 3313 1259 3326 ο
1297 3297 1390 3351 καὶ
1437 3297 1514 3366 μὴ
1562 3297 1748 3352 θέλετε
1801 3298 2095 3367 προφανῶς

521 3378 665 3433 οὕτω
690 3382 994 3456 διαρρήδην
1016 3387 1317 3456 ἀντιλέγειν
1348 3393 1458 3454 τοῖς
1477 3391 1819 3454 διδασκάλοις
1844 3392 1943 3462 τῆς
1975 3392 2096 3446 Ἔκ-

523 3472 773 3541 κλησῖας,
806 3480 900 3530 καὶ
944 3481 1312 3547 προσκόπτειν
1343 3484 1408 3554 τῇ
1468 3482 1714 3554 ἀληθείᾳ.
1765 3483 1955 3554 Ἡμεῖς
1987 3487 2095 3555 γὰρ

525 3563 778 3630 λέγοντες
817 3569 944 3634 τοὺς
971 3570 1162 3639 ἀγίους
1194 3573 1561 3644 παρίστασθαι
1592 3575 1669 3643 τῷ
1700 3577 1839 3645 Θεῷ,
1877 3581 1968 3631 καὶ
2000 3595 2098 3630 x1-

527 3656 709 3726 θαρῶ;
735 3661 896 3713 αὐτὶν
925 3661 1173 3732 θεωρεῖν,
1197 3666 1605 3736 ἀπολαμϐάνειν
1631 3668 1882 3739 λέγομεν,
1915 3671 2006 3722 καὶ
2033 3671 2095 3723 οὐ

527 3752 759 3822 νοοῦμεν
790 3755 918 3809 ἄλλο
943 3752 1084 3809 εἶναι
1125 3758 1224 3826 τὴν
1255 3760 1391 3828 πρὸς
1439 3762 1731 3830 πρόσωπον
1765 3763 1930 3816 αὐτοῦ
1965 3763 2098 3816 θεωο

529 3845 670 3913 ρίαν,
705 3849 798 3900 καὶ
845 3847 975 3902 ἄλλο
1003 3850 1101 3919 τὴν
1144 3851 1468 3908 ἀπόλαυσιν.
1513 3855 1575 3907 Et
1608 3854 1662 3907 δὲ
1710 3853 1938 3908 δύνασθε
1972 3856 2097 3908 τού-

527 3939 736 3990 να-ιτίον
772 3941 985 4003 τούτοις
1028 3944 1164 4012 ἡμῖν
1193 3944 1456 4009 ἐπιδεῖξαι
1482 3961 1495 3975 ⁸
1544 3948 1624 3998 ὅτι
1662 3947 1713 3999 οι
1743 3946 1888 4013 ἅγιοι
1933 3964 2099 4014 παρι-

530 4029 788 4096 σιαμενοι
819 4034 884 4101 τῇ
922 4032 1138 4102 Τρτάδε,
1167 4037 1260 4088 καὶ
1295 4036 1393 4106 τῆς
1431 4037 1566 4105 πρὸς
1603 4038 1894 4107 πρόσωπον
1929 4039 2100 4108 αὐτῆς

529 4121 762 4186 θεωρίας
789 4123 1114 4189 ἀξιούμενοι,
1146 4127 1247 4179 οὐκ
1288 4128 1651 4183 ἀπολαύουσιν
1679 4131 1781 4194 ἔτι,
1809 4131 1924 4184 ἀλλ’
1954 4131 2100 4184 ἐκδέ-

530 4229 713 4280 χονται
749 4216 971 4282 μείζονα
1010 4218 1312 4271 ἀπόλαυσιν
1348 4223 1442 4291 τῆς
1473 4220 1639 4273 αὐτοῦ
1668 4222 1761 4275 τοῦ
1794 4221 1930 4275 Θεοῦ
1966 4227 2095 4277 θεω-

533 4306 677 4370 ρίας,
736 4308 1060 4373 ἀποδείξατε
1113 4311 1204 4364 καὶ
1237 4312 1412 4376 αὐτοὶ,
1462 4314 1554 4368 καὶ
1586 4315 1746 4384 ἡμεῖς
1779 4318 2096 4385 σιγήσομεν.

543 4392 683 4444 Ἀλλ’
707 4395 805 4448 οὐκ
835 4397 984 4464 ἔχετέ
1018 4417 1068 4450 τι
1107 4399 1270 4450 πλέον
1297 4401 1487 4465 δεῖξαι,
1531 4405 1580 4456 εί
1615 4403 1690 4472 μὴ
1734 4406 1833 4472 τὴν
1863 4406 2099 4476 θεωρίαν

529 4485 735 4556 ταύτην
764 4489 862 4556 τὴν
911 4492 1045 4558 πρὸς
1091 4494 1382 4560 πρόσωπον
1426 4493 1517 4547 τοῦ
1552 4495 1710 4551 Θεοῦ.
1748 4498 1818 4550 Ἦ
1852 4498 1952 4550 οὒκ
1980 4475 2101 4550 ἕπεο
2136 4475 2181 4530 D

533 4580 734 4630 στσσοε
779 4582 857 4632 ὅτι
915 4575 1276 4652 παροργίζετε
1318 4587 1442 4647 τοὺς
1483 4588 1695 4654 ἁγίους,
1731 4590 1819 4643 καὶ
1864 4590 2105 4661 βλασφηο

537 4671 683 4734 μείτε
721 4673 800 4732 ei;
852 4673 1070 4737 αὐτοὺς,
1114 4677 1174 4726 ἐν
1204 4677 1282 4746 τῷ
1312 4678 1491 4747 λέγειν
1539 4682 1682 4748 ὑμᾶς
1727 4682 1807 4734 ὃτι
1838 4684 1936 4734 οὐκ
1964 4683 2104 4735 εἰσὶν

531 4761 611 4812 ἔτι
651 4764 786 4829 μετὰ
814 4765 905 4817 τοῦ
938 4764 1198 4833 Χριστοῦ,
1230 4768 1339 4822 οὐδ’
1370 4772 1818 4839 ἀπολαμϐάνουσι
1848 4775 1945 4844 τῆς
1975 4776 2106 4828 tuo-

532 4855 627 4910 τοῦ
659 4855 932 4926 θεωρίαςς
967 4857 1195 4913 Ἐκείιοι
1247 4862 1352 4931 μὲν
1397 4865 1503 4932 γὰρ
1551 4866 1693 4932 μετά
1741 4866 1833 4920 τοῦ
1869 4869 2107 4937 Χριστοῦ

533 4947 708 5010 ὄντες,
738 4950 1128 5018 πρεσϐεύουσιν
1179 4954 1319 5026 ὑπὲρ
1349 4956 1508 5026 ἡμῶν
1540 4957 1762 5024 ἀμέσως
1794 4962 1860 5030 τῇ
1893 4960 2101 5030 Τριάδι,

535 5039 630 5095 καὶ
665 5040 1032 5108 ἐλλάμπονται
1059 5043 1137 5112 τῷ
1169 5047 1307 5113 φωτὶ
1346 5047 1544 5116 αὐτῆς·
1575 5050 1665 5103 καὶ
1701 5049 1989 5119 ὀρέγονται
2021 5053 2108 5104 ἀεὶ

539 5130 658 5197 μετ’
690 5131 860 5201 αὐτῆς
884 5128 1020 5184 εἶναι
1043 5148 1059 5163 ο
1091 5134 1248 5202 ὑμεῖς
1275 5134 1322 5188 δ’
1350 5136 1677 5205 ἀρνούμενοι
1704 5139 1790 5194 ὅτι
1828 5140 1931 5193 οὐκ
1965 5143 2107 5196 εἰσὶν

536 5222 618 5273 ἔτι
650 5223 786 5291 μετά
816 5222 908 5274 τοῦ
940 5222 1097 5290 Θεοῦ,
1124 5224 1241 5277 ἀλλ’
1261 5226 1377 5279 οὐδὲ
1417 5231 1580 5300 μέχρι
1626 5230 1726 5298 τῆς
1759 5232 2106 5303 παγκοσμίου

540 5314 890 5377 ἀναστάσεως
919 5316 968 5366 ot
1000 5315 1147 5382 ἅγιοι
1191 5317 1614 5387 ἀπολαύσουσιν,
1662 5321 1779 5377 ἴστε
1820 5324 1904 5375 ὅτι
1939 5326 2109 5393 μεγά-

541 5403 649 5465 λως
676 5405 943 5474 ἐνοχλεῖτε
972 5407 1176 5468 αὐτοῖς.
1205 5410 1334 5463 Είδὲ
1360 5412 1694 5482 παροξύνετε
1720 5416 1815 5466 καὶ
1842 5415 2109 5483 ἐνοχλεῖτε

543 5497 748 5560 αὐτοῖς,
779 5499 918 5567 ὅπερ
946 5502 1045 5552 οὐκ
1073 5503 1248 5565 άλλως
1283 5504 1454 5567 ἔσται,
1493 5507 1610 5568 πῶς
1645 5506 1800 5558 αὐτοὶ
1842 5507 2112 5575 3920636—

544 5605 747 5654 σουσιν,
779 5593 812 5658 ἡ
857 5590 971 5654 πῶς
1000 5595 1216 5660 μεσῖται
1251 5594 1391 5666 ὑπὲρ
1435 5596 1590 5664 ὑμῶν
1617 5595 1959 5666 γενήσονται,
2006 5597 2114 5650 τῶν

615 5760 684 5795 ⁸¹⁹
733 5761 902 5832 Apoc.
932 5782 1003 5833 vt,
1035 5769 1189 5823 9—H.
1293 5771 1356 5803 ⁵³⁸
1410 5767 1580 5838 Apoc.
1627 5785 1721 5838 vn,
1775 5769 1961 5825 1545-

2197 3204 2466 3268 dicimus;
2515 3217 2616 3258 nec
2638 3199 2784 3255 aliud
2811 3215 2935 3254 esse
2953 3194 3305 3266 intelligimus
3328 3191 3448 3262 ejus
3468 3188 3534 3243 ad
3573 3186 3765 3242 facient

2200 3298 2486 3360 visionem,
2517 3307 2570 3349 et
2596 3295 2742 3348 aliud
2773 3291 3114 3347 fruitionem.
3143 3286 3294 3354 Quod
3327 3284 3376 3340 si
3428 3280 3764 3337 contrarium

2199 3387 2355 3442 nobis
2389 3387 2614 3456 potestis
2646 3383 2958 3442 ostendere,
2992 3379 3204 3434 scilicet
3250 3384 3472 3430 sanctos
3513 3370 3556 3425 Τ
3563 3367 3765 3425 rinitati

2198 3484 2540 3543 assistentes,
2593 3476 2824 3546 ejusque
2845 3474 2910 3526 ad
2935 3471 3109 3524 facem
3168 3467 3379 3522 visione
3422 3463 3616 3531 dignos
3637 3458 3772 3513 effe-

2199 3585 2338 3641 ctos,
2368 3588 2476 3626 non
2530 3570 2735 3640 perfrui
2763 3567 2966 3627 adhuc,
3011 3562 3107 3618 sed
3150 3559 3413 3628 majorem
3454 3554 3765 3609 fruitionetn

2201 3652 2292 3721 Dei
2324 3665 2532 3718 visione
2561 3658 2897 3729 exspectari,
2949 3670 3042 3708 vos
3073 3653 3238 3707 etiam
3285 3649 3676 3707 demonstrate,
3714 3646 3771 3694 ct

2202 3778 2305 3816 nos
2331 3759 2635 3814 silebimus.
2675 3753 2780 3809 Sed
2812 3750 2946 3806 nihil
2970 3748 3205 3818 amplius
3234 3745 3519 3799 ostendere
3548 3735 3772 3808 potestis

2201 3863 2396 3924 praeter
2425 3852 2566 3905 hanc
2591 3848 2685 3902 Dei
2718 3845 2783 3900 ad
2813 3844 3006 3898 faciem
3063 3839 3350 3894 visionem.
3378 3834 3565 3889 Nonne
3592 3827 3771 3900 perci-

2202 3947 2331 4018 pitis
2366 3959 2464 4000 vos
2485 3952 2706 3997 sanctos
2748 3940 2967 3994 irritare
2988 3947 3041 3989 et
3066 3935 3330 3986 adversus
3353 3931 3501 3997 ipsos
3519 3923 3773 3993 blasphe-

2203 4051 2320 4091 mos
2375 4050 2516 4100 esse,
2549 4047 2673 4086 cum
2733 4045 2828 4085 eos
2854 4026 3040 4082 dicitis
3090 4040 3198 4077 non
3257 4036 3381 4074 esse
3408 4018 3587 4072 adhuc
3646 4029 3769 4068 eum

2200 4129 2445 4190 Christo,
2478 4139 2655 4193 neque
2683 4121 2896 4176 visione
2926 4118 3046 4186 ejus
3099 4131 3180 4185 pet
3198 4113 3348 4165 frui?
3397 4109 3528 4162 Nam
3580 4109 3614 4161 ii
3645 4123 3769 4160 cunt

2201 4216 2422 4272 Christo
2463 4228 2585 4267 cum
2616 4212 2749 4278 sint,
2782 4209 3096 4263 immediate
3130 4206 3269 4272 apud
3320 4201 3646 4256 Trinitatem
3677 4216 3774 4268 pro

2203 4309 2360 4362 vobis
2391 4303 2758 4366 intercedunt,
2791 4312 2846 4356 et
2895 4299 3102 4353 lumine
3139 4298 3261 4363 ejus
3320 4296 3684 4357 illustrantur,
3721 4303 3776 4347 et

2208 4411 2472 4472 perpetuo
2508 4410 2728 4451 euntes
2787 4407 2910 4448 esse
2971 4398 3230 4454 exstant;
3286 4398 3342 4440 at
3385 4401 3481 4442 vos
3508 4400 3607 4440 eos
3663 4399 3773 4439 nou

2209 4492 2389 4544 adhuc
2441 4503 2563 4542 esse
2611 4503 2737 4539 cum
2775 4484 2881 4537 Deo
2909 4483 3262 4550 ahneguntes,
3322 4495 3424 4533 nec
3480 4491 3657 4548 usque
3708 4478 3776 4528 ad

2211 4581 2573 4636 universalem
2602 4577 3054 4632 resurrectiooem
3081 4591 3175 4630 eos
3215 4576 3478 4629 frnituros
3502 4589 3646 4638 esse,
3671 4575 3777 4628 sci-

2212 4686 2322 4728 tote
2358 4674 2493 4742 ipsis
2521 4673 2670 4724 valde
2697 4669 2955 4723 molestos
2971 4682 3112 4722 esse.
3134 4665 3190 4720 Si
3211 4682 3337 4718 vero
3360 4665 3588 4718 irritatis
3607 4665 3781 4731 iisque

2214 4768 2431 4825 molesti
2455 4766 2610 4828 estis,
2644 4761 2915 4832 quomodo
2951 4775 3048 4829 pro
3083 4759 3238 4813 vobis
3292 4757 3647 4821 intrrcedent,
3686 4765 3782 4808 aut

2208 4860 2486 4933 quomodo
2511 4872 2608 4928 pro
2641 4855 2797 4910 vobis
2828 4853 3156 4908 mediatores
3206 4850 3459 4914 evadent,
3510 4846 3781 4914 abnegau-

2209 4955 2360 5010 tibus
2409 4967 2505 5006 eos
2559 4966 2681 5004 cunt
2728 4948 2838 5002 Deo
2895 4961 3038 5011 esse,
3100 4949 3195 5003 sed
3245 4947 3492 5014 proeula
3526 4945 3635 4998 Deo
3659 4956 3782 4997 esse

2206 5043 2644 5100 afﬁrmantibus?
2700 5042 2900 5104 Dicite,
2934 5042 3292 5109 respondete;
3339 5048 3393 5092 at
3424 5054 3531 5092 non
3567 5035 3778 5089 valetis.

2211 5137 2388 5192 Unum
2416 5145 2627 5188 tantum
2656 5141 2737 5186 est
2774 5129 2921 5199 quod
2979 5129 3181 5183 multos
3241 5128 3525 5196 ambiguos
3581 5125 3780 5186 reddit,

2212 5230 2447 5296 facitque
2475 5235 2532 5278 ut
2572 5224 2911 5277 arbitrentur
2930 5237 3050 5275 esse
3082 5220 3386 5285 discordes,
3420 5220 3547 5288 quia
3581 5218 3780 5290 partim

2209 5320 2428 5389 quidem
2455 5317 2710 5370 doctores
2743 5313 2955 5376 dicunt,
2982 5321 3202 5366 sanctos
3229 5310 3467 5379 perfeete
3497 5309 3625 5371 frui,
3659 5324 3782 5378 par-

2211 5412 2309 5466 tim
2364 5408 2724 5479 imperfecte:
2759 5421 2882 5459 nam
2931 5420 3054 5460 cum
3105 5405 3173 5459 de
3230 5404 3517 5457 animabus
3573 5411 3779 5455 tantum

2210 5505 2423 5565 dicunt,
2480 5499 2717 5570 perfecte
2773 5497 2882 5552 frui
2919 5499 3069 5551 aiunt
3098 5514 3111 5562 ;
3143 5496 3363 5564 quando
3400 5509 3526 5548 vero
3564 5495 3629 5545 de
3670 5500 3786 5544 toto

2215 5597 2460 5658 homine,
2495 5609 2603 5646 non
2657 5591 2914 5660 perfecte.
2946 5591 3065 5654 Quo
3100 5596 3259 5657 pacto
3289 5589 3433 5644 enim
3490 5599 3612 5638 cum
3645 5599 3784 5637 non-
