4138 6288
425 317 555 379 1301

910 315 1061 378 ΡΙὶο
1096 319 1305 384 CONC.
1348 325 1713 385 FLUllENT.
1755 328 1911 390 t’Lll’.
1954 332 2046 392 ιγ.
2091 328 2188 391 ί.)ἔί
2233 328 2664 394 FllUlTlDNE
2700 331 3179 395 SANCTORUM.

3548 327 3686 392 1302

423 437 449 485 ὁ
482 435 609 494 Θεὸς
639 436 755 496 τοῖς
795 435 1073 501 πατράσιν
1108 439 1165 492 ἐν
1193 441 1305 502 τοῖς
1342 443 1560 511 προσήιε
1604 459 1650 505 ις
1681 445 2004 513 ἀναστήσειν

2134 458 2349 498 aturum
2373 463 2534 515 51mm
2566 464 2627 502 ca
2649 447 2969 518 pollicitatio
3027 462 3122 503 seu
3149 446 3442 517 promissio
3460 443 3683 499 dicitur:

424 527 642 590 αὐτούς.
677 528 1011 597 Ἐπαγγελία
1055 531 1184 601 γάρ,
1240 533 1356 603 ἤτοι
1413 538 1703 603 οπίσχεσις
1752 536 2001 604 λέγεται·

430 621 695 692 ὑπέσχετο
724 624 831 693 γὰρ
862 625 891 678 6
926 626 1128 695 Κύριος
1157 630 1488 699 ἀναστήσειν
1520 631 1619 699 τὴν
1646 630 1754 683 τῶν
1796 632 2009 700 ἀνθρώ·

433 734 550 767 πων
580 714 765 783 φύσιν,
794 718 852 768 ἐν
879 716 956 785 τῷ
984 719 1232 771 ἀπιστεῖν
1256 720 1381 783 τοὺς
1426 719 1748 789 ἀνθρώπους
1778 718 1874 791 τὴν
1900 724 2008 774 τῶν

434 808 707 877 σωμάτων
762 809 1081 863 ἀνάστασιν.
1142 810 1313 864 Τοῦτο
1375 811 1483 881 γὰρ
1550 812 1600 865 εί
1651 813 1896 881 ἑγεγόν;ι
1949 815 2009 867 ἐν

437 903 551 961 τοῖς
618 902 917 970 πατράσιν,
971 901 1073 955 οὐκ
1120 901 1188 955 ἂν
1242 904 1403 973 ἡμεῖς
1432 904 1665 972 ἤλθομεν
1708 909 1787 969 είς
1842 907 1902 957 τὸ
1934 898 2010 957 εῖ-

436 1005 563 1043 ναι·
599 991 693 1045 καὶ
748 992 908 1045 τοῦτό
960 993 1108 1046 ἐστιν
1164 996 1300 1063 ὅπερ
1354 997 1384 1049 6
1420 997 1627 1058 Παῦλός
1676 1012 1873 1067 φησιν·
1907 999 2007 1049 οὐκ

439 1084 763 1149 ἐκομίσαντο
796 1085 842 1135 oi
876 1084 983 1154 πρὸ
1017 1084 1175 1154 ἡμῶν
1228 1088 1329 1157 τὴν
1392 1086 1497 1141 τῶν
1551 1090 1821 1159 σωμάτων
1873 1089 2009 1141 ἀνά⁹

441 1190 675 1238 eum,
733 1174 829 1227 τεῦ
875 1175 1011 1229 Θεοῦ
1064 1179 1187 1246 περὶ
1241 1180 1398 1249 ἡμῶν
1468 1183 1714 1249 κρεῖιτὸν
1763 1200 1815 1233 τι
1874 1198 2009 1253 προς

443 1263 788 1333 ϐλεψαμένου
859 1266 948 1319 ἵνα
1022 1268 1098 1338 μὴ
1164 1270 1333 1338 χωρὶς
1403 1272 1560 1341 ἡμῶν
1605 1270 2010 1324 τελειωθῶσυμ

439 1367 717 1413 τουτέστιν
774 1362 862 1414 ἵνα
909 1362 985 1433 μὴ
1019 1364 1189 1433 χωρὶς
1230 1363 1387 1432 ἡμῶν
1426 1365 1625 1416 ἐκεῖνοι
1680 1363 2010 1417 ἀναστῶσιν.

440 1455 499 1506 Εἰ
532 1455 639 1524 γὰρ
682 1455 897 1515 ἐγένετο
928 1458 984 1507 ὲν
1031 1455 1258 1518 ἐκείνοις
1292 1456 1324 1526 ἡ
1360 1455 1717 1521 ἐξανάστασις
1768 1456 1874 1508 τῶν
1910 1472 2015 1508 σω-

446 1546 656 1615 μάτων,
685 1545 777 1599 καὶ
808 1546 1079 1601 ἀπέλαϐον
1112 1548 1204 1602 καὶ
1233 1549 1302 1600 τά
1343 1546 1570 1617 σώματα
1607 1546 1745 1615 μετά
1776 1546 1883 1600 τῶν
1913 1546 2015 1614 ψυ-

438 1640 569 1710 χῶν,
604 1639 797 1711 οὕτεή
845 1642 1109 1709 ἔνσαρκος
1160 1634 1442 1711 οίκονομία
1490 1641 1553 1693 ἂν
1592 1641 1830 1708 ἐγένετο,
1888 1638 2013 1691 οὔτε

441 1730 671 1797 Πέτρος,
703 1728 825 1782 οὔτε
872 1730 1106 1798 Παῦλος,
1136 1729 1260 1784 οῦτε
1288 1733 1316 1785 6
1345 1730 1530 1794 λοιπὸς
1558 1731 1664 1783 τῶν
1698 1729 2015 1784 ἀποστόλων

2115 537 2236 591 ideo
2270 538 2522 607 promisit
2564 537 2827 594 Dominus
2853 553 2914 593 se
2944 536 3236 592 humanam
3286 544 3538 591 naturam
3568 547 3689 589 sus-

2113 631 2435 695 citutttrutn,
2481 631 2608 700 quia
2671 644 2963 700 corporum
3024 627 3421 686 resurrectioni
3484 624 3687 681 diuidi-

2114 740 2269 779 mus:
2306 738 2429 777 nam
2483 723 2529 778 si
2561 724 2611 778 id
2644 724 2887 793 patribus
2909 721 3201 785 evenisset,
3234 736 3336 778 nos
3364 722 3551 791 utique
3577 734 3685 774 non

2112 829 2395 880 essemus;
2428 815 2590 883 idque
2611 823 2694 869 est
2722 813 2870 885 quod
2910 813 3043 868 dicit
3062 811 3287 881 Paulus,
3320 825 3429 867 non
3457 826 3687 882 accepe-

2119 917 2269 973 runt,
2295 906 2390 975 qui
2421 906 2643 962 fuerunt
2670 914 2796 961 ante
2848 921 2971 972 nos,
2999 919 3292 976 corporum
3330 903 3691 959 resurrectio-

2115 1018 2261 1067 nem,
2292 1000 2402 1058 Dco
2451 1016 2553 1073 pro
2607 1000 2766 1056 nobis
2791 998 2985 1056 melius
3022 997 3224 1068 aliquid
3253 996 3593 1067 providente,
3631 1003 3691 1050 ut

2114 1109 2224 1148 non
2254 1093 2372 1147 sine
2430 1090 2589 1147 nobis
2618 1097 3155 1151 consummarcutur,
3202 1086 3257 1143 id
3279 1095 3386 1153 est,
3413 1101 3523 1143 non
3570 1084 3691 1143 sine

2117 1186 2275 1243 nobis
2310 1186 2383 1239 illi
2427 1192 2738 1255 resurgant.
2761 1184 2817 1239 Si
2835 1183 2979 1240 enim
3005 1182 3059 1236 iu
3089 1182 3155 1237 iis
3179 1195 3471 1250 corporum
3502 1193 3691 1235 resur-

2117 1278 2288 1334 rectio
2324 1276 2667 1345 contigisset,
2701 1288 2904 1344 suaque
2924 1287 3158 1344 corpora
3194 1285 3299 1328 uua
3333 1284 3457 1326 cum
3480 1270 3692 1325 anima-

2117 1372 2222 1426 bus
2272 1370 2950 1444 rccepissentJincarnata
3020 1362 3354 1435 dispensatio
3413 1377 3689 1431 nunquam

2119 1463 2336 1525 luisset,
2370 1477 2546 1533 neque
2558 1460 2777 1525 Petrus,
2798 1474 2976 1531 neque
2996 1458 3226 1523 Paulus,
3247 1470 3420 1523 neque
3446 1454 3692 1525 reliquus

2119 1554 2490 1628 apostolorum
2523 1553 2751 1620 chorus,
2775 1568 2947 1624 neque
2973 1561 3157 1623 patres
3188 1550 3364 1605 nostri
3398 1557 3452 1604 et
3502 1548 3693 1603 docto-

2121 1661 2230 1710 res,
2266 1659 2441 1716 neque
2488 1642 2786 1700 bierarcha’:
2814 1654 2870 1700 et
2889 1642 3059 1699 divini
3118 1640 3243 1708 viri,
3274 1640 3476 1713 quibus
3530 1638 3691 1693 hodie

2121 1737 2539 1808 locupletamur,
2584 1736 2760 1793 sancti
2793 1744 2850 1792 et
2899 1733 3091 1802 divini,
3141 1748 3238 1805 per
3278 1748 3418 1804 quos
3482 1729 3549 1785 ad
3599 1728 3691 1784 Dei

440 1821 617 1892 χορὸς,
636 1820 758 1875 οῦτε
776 1823 824 1875 oi
845 1824 1082 1894 Πατέρες
1098 1824 1257 1894 ἡμῶν
1277 1825 1372 1877 καί
1388 1824 1699 1877 διδάσκαλοι
1741 1822 1863 1877 οὔτε
1877 1824 1927 1875 oi
1944 1823 2013 1874 ίε-

2127 1831 2482 1903 cognitionem
2517 1828 2674 1902 quasi
2725 1843 2891 1885 manu
2946 1828 3209 1884 ducimur
3237 1836 3294 1882 et
3323 1828 3389 1881 ad
3448 1832 3712 1878 nostram.

442 1915 643 1985 ράρχαι
664 1916 760 1968 καὶ
783 1914 1054 1985 θεοφόροι,
1072 1914 1167 1980 οῦς
1191 1916 1431 1988 σήμερον
1455 1914 1795 1987 πλουτοῦμεν
1818 1914 2012 1985 ἁγίους

439 2012 533 2063 καὶ
569 2009 886 2078 θεοφόρους,
917 2011 1013 2064 καὶ
1040 2011 1535 2083 χειραγωγούμείια
1565 2009 1632 2064 δι’
1662 2008 1849 2065 αὐτῶν
1876 2007 2014 2079 πρὸς

439 2096 795 2163 οεογνωσίαν,
850 2099 944 2153 καὶ
990 2100 1127 2169 πρὸς
1181 2100 1355 2172 αὐτὴν
1399 2098 1498 2170 τὴν
1528 2099 1806 2177 σωτηρίαν
1835 2097 2013 2169 ἡμῶν.

452 2188 590 2239 Ἀλλ’
626 2189 750 2243 οὔτε
794 2192 953 2259 ἡμεῖς
983 2191 1049 2246 ἂν
1081 2193 1404 2262 ἐγενόμεθα,
1431 2192 1554 2246 οὔτε
1598 2192 1720 2263 μεθ’
1746 2192 1891 2263 ἡμᾶς
1919 2192 2014 2247 ἄλ-

439 2280 521 2335 λοι
546 2297 562 2313 ο
598 2282 695 2336 καὶ
727 2283 886 2337 τοῦτό
915 2285 1062 2337 ἐστιν
1086 2284 1115 2337 ὃ
1136 2288 1264 2355 περὶ
1284 2283 1440 2354 ήμῶν
1468 2286 1713 2355 κρεῖττον
1748 2284 1777 2336 6
1809 2282 2016 2344 Παῦλος

439 2374 652 2445 νομίζει
700 2371 840 2429 εἶναι
873 2391 888 2406 ⁸
943 2374 1030 2429 ίνα
1083 2375 1161 2448 μὴ
1214 2378 1387 2446 χωρὶς
1444 2375 1603 2446 ἡμῶν
1650 2374 2017 2428 τελειωθῶσιν

441 2469 640 2523 ἐκεῖνοι
665 2484 679 2499 ·
716 2469 831 2524 ἀλλ’
885 2470 972 2525 ἵνα
1020 2473 1359 2542 περιμένωσι
1398 2472 1495 2525 καὶ
1522 2471 1672 2542 ἡμᾶς
1723 2470 1900 2525 ἐλθεῖν
1935 2468 2019 2531 είς

440 2561 501 2613 τδ
531 2558 671 2615 εἶναι
693 2577 709 2593 ⁶
758 2564 852 2616 καὶ
892 2562 1016 2617 τότε
1045 2559 1165 2632 ἃμα
1197 2562 1295 2617 καὶ
1322 2563 1483 2634 ἡμεῖς
1531 2561 1653 2633 μετ’
1701 2561 1883 2615 αὐτῶν
1919 2560 2020 2632 τὴν

442 2654 563 2709 τῶν
579 2655 850 2725 σωμάτων
874 2655 1173 2710 ἀνάστασιν
1195 2653 1597 2726 ἑπενδυσόμεθα
1621 2670 1635 2684 ο
1662 2653 1760 2710 καὶ
1786 2653 1856 2709 τά
1880 2651 2021 2722 γέρα

446 2750 544 2804 σὺν
580 2751 767 2812 αὐτοῖς
800 2748 896 2801 καὶ
927 2749 1056 2811 τοὺς
1104 2749 1399 2817 στεφάνους
1444 2744 1839 2818 ἀποληψόμεὴ
1871 2744 2021 2814 παρά

445 2843 542 2897 τοῦ
577 2841 1047 2912 ἐπαγγειλαμένου
1078 2841 1175 2895 καὶ
1217 2838 1462 2912 ἀρχηγοῦ
1506 2839 1607 2909 τῆς
1646 2837 2021 2900 ἀναστάσεως,

447 2940 543 2993 καὶ
571 2935 864 2992 τελειωτοῦ
897 2935 1095 3005 Ἰησοῦ.
1130 2935 1438 3005 Γενομένης
1466 2934 1574 3006 γὰρ
1598 2932 1698 3004 τῆς
1728 2930 2024 3000 καθολικῆς

448 3030 803 3091 ἀναστάσεως
834 3029 944 3083 τῶν
987 3029 1279 3099 σωμάτων,
1312 3027 1435 3081 οὔτε
1463 3028 1677 3096 γένεσις
1717 3024 1798 3079 ἔτι
1847 3025 2022 3089 ἔσται,

448 3121 573 3177 οὔτε
606 3122 712 3194 μὴν
741 3122 919 3193 φθορά
940 3139 954 3151 ·
1005 3122 1142 3176 ἀλλά
1190 3121 1482 3191 ἀμφότερα
1522 3117 1777 3184 παύεται,
1809 3116 1906 3172 καὶ
1932 3116 2026 3170 οὗ-

2116 1926 2371 1991 salutem,
2399 1930 2457 1979 at
2487 1936 2666 1993 neque
2690 1919 2859 1992 geniti
2888 1919 3206 1983 luisseorus,
3238 1932 3426 1988 neque
3458 1915 3551 1971 alii
3574 1921 3694 1984 post

2114 2038 2248 2088 nos;
2279 2021 2445 2091 idque
2480 2028 2593 2088 est,
2621 2017 2768 2092 quod
2800 2034 2902 2089 pro
2933 2016 3094 2073 nobis
3120 2014 3314 2071 melius
3342 2012 3539 2068 Paulus
3569 2025 3692 2066 esse

2116 2114 2441 2179 arbitratur,
2473 2120 2533 2168 ut
2559 2127 2667 2167 non
2697 2111 2817 2167 sine
2851 2108 3008 2166 nobis
3040 2106 3116 2163 illi
3146 2112 3690 2169 consunnnarentur,

2118 2204 2214 2261 sed
2237 2218 2527 2276 quousque
2553 2218 2657 2259 nos
2701 2216 3025 2274 generemur
3048 2205 3450 2269 exspectarent,
3473 2203 3527 2247 et
3564 2202 3694 2247 tunc

2119 2311 2223 2353 nos
2253 2296 2420 2352 etiam
2471 2309 2581 2351 una
2636 2308 2761 2349 cum
2809 2292 2920 2349 illis
2948 2304 3238 2361 corporum
3292 2285 3696 2343 resurrectione

2119 2385 2434 2453 induamur,
2457 2383 2790 2456 praemiaque
2819 2390 2876 2437 et
2926 2394 3162 2438 coronas
3209 2377 3375 2434 simul
3411 2389 3538 2431 cum
3588 2375 3696 2429 illis

2120 2476 2488 2548 percipiemus
2514 2493 2546 2533 a
2578 2472 3002 2533 resurrectionis
3032 2471 3388 2544 promissore,
3417 2477 3475 2524 ct
3507 2476 3693 2533 aucto-

2118 2587 2199 2638 re,
2234 2582 2287 2626 et
2310 2569 2621 2642 perfectore
2636 2568 2787 2626 Jesu.
2811 2565 2946 2622 Nam
2969 2581 3095 2623 cum
3156 2579 3447 2636 corporum
3479 2562 3699 2618 univer—

2120 2666 2253 2722 salis
2275 2662 2605 2720 resurrectio
2630 2661 2795 2717 t‘uerit
2856 2660 3172 2725 subsecuta,
3218 2671 3395 2729 neque
3418 2655 3699 2728 generatio

2122 2756 2231 2813 erit
2259 2754 2517 2826 amplius,
2551 2767 2729 2823 neque
2767 2750 3068 2822 corruptio,
3099 2749 3194 2805 sed
3229 2759 3461 2818 utraque
3514 2759 3695 2801 cessa-

2124 2850 2286 2916 bunt,
2308 2861 2585 2917 nemoque
2616 2845 2852 2916 amplius
2869 2842 3216 2917 generabitur
3231 2856 3405 2910 neque
3434 2837 3696 2894 interibit.

2123 2943 2335 3001 Idcirco
2373 2950 2507 2996 tunc
2538 2953 2649 2995 non
2683 2937 2828 2992 facta
2866 2945 2951 2991 est
2974 2932 3329 2991 resurrectio.
3365 2931 3429 2987 Et
3479 2938 3701 3002 propter

2124 3048 2289 3106 quam
2325 3032 2489 3087 aliam
2514 3030 2586 3086 ob
2636 3025 3057 3094 causamiQuia
3082 3040 3188 3082 non
3218 3024 3402 3081 adhuc
3466 3022 3701 3094 repletus

2125 3136 2210 3182 est
2237 3125 2393 3181 locus
2454 3123 2605 3179 illius
2652 3119 2865 3177 ordinis
2888 3118 2984 3191 qui
3021 3117 3091 3174 de
3119 3116 3261 3173 coelo
3292 3115 3531 3183 cecidit;
3576 3130 3699 3168 nam

448 3219 561 3282 Gel;
612 3218 694 3271 ἔτι
730 3217 1011 3286 γεννᾶται,
1065 3214 1191 3270 οὔτε
1249 3215 1358 3286 μὴν
1402 3214 1758 3284 ἀποθνήσκει.
1804 3211 1905 3266 Διά
1939 3228 2024 3265 τοι

2127 3218 2320 3276 scribit
2349 3215 2668 3287 Gregorius,
2697 3220 3063 3283 cognomento
3085 3209 3416 3281 'l‘lieologus,
3456 3207 3705 3277 superio-

450 3312 634 3376 τοῦτο,
677 3313 712 3382 ὴ
762 3313 1062 3373 ἀνάστασις
1110 3311 1212 3364 οὐκ
1255 3311 1474 3378 ἐγένετο
1521 3309 1668 3363 τότε.
1721 3305 1831 3363 Καὶ
1856 3304 1945 3359 διὰ
1976 3305 2029 3358 τί

452 3407 617 3475 illo;
655 3412 799 3461 Διότι
837 3407 939 3460 οὐκ
964 3405 1256 3478 ἐπληρώθη
1286 3407 1313 3460 6
1335 3402 1719 3473 καταλειφθεὶς
1742 3401 1907 3462 τόπος
1933 3396 2029 3452 τοῦ

454 3501 719 3564 πεσόντος
755 3501 967 3555 ἐκείνου
996 3499 1298 3571 τάγματος.
1328 3498 1494 3567 Λέγει
1524 3495 1633 3567 γάρ
1665 3496 1694 3549 6
1721 3493 1860 3557 θεῖος
1893 3492 1933 3546 Γ
1937 3510 2035 3565 ρη-

452 3596 635 3664 γόριος
659 3596 688 3648 6
738 3594 839 3664 τῆς
890 3591 1173 3661 θεολογίας
1217 3590 1530 3662 ιπιὶινυμος,
1586 3605 1606 3641 t
1668 3585 2034 3656 Πληρωθῆναι

452 3686 531 3739 δεῖ
573 3689 667 3740 τὸν
701 3687 814 3739 ἄνω
848 3683 1074 3752 κόσμον.
1119 3681 1354 3753 Χριστὸς
1400 3675 1635 3746 κελεύει,
1688 3676 1763 3747 μὴ
1800 3675 2033 3730 ἀντιτεί-

450 3794 632 3849 νωμιν
660 3795 676 3809 ·
703 3777 799 3832 καὶ
822 3779 849 3829 ὁ
884 3775 1164 3845 ὑπηρέτης
1196 3774 1333 3844 προς
1374 3774 1466 3827 τὸν
1518 3771 1741 3839 Κύριον·
1780 3786 1800 3820 ι
1839 3766 2032 3836 Κύριε,

451 3872 675 3939 γέγονεν
704 3869 779 3935 ὡς
808 3868 1100 3935 ἐπέταξας,
1128 3868 1224 3921 καὶ
1260 3865 1341 3919 ἔτι
1375 3865 1535 3925 τόπος
1570 3862 1710 3917 ἔστί.
1744 3879 1763 3913 ι
1806 3860 1914 3914 Τοῦ
1947 3858 2038 3913 :6-

396 3951 398 3953 }
455 3980 559 4017 που
592 3960 685 4019 οῦν
739 3961 930 4017 τούτου
990 3963 1066 4034 μὴ
1117 3961 1270 4023 ὄντος
1323 3958 1449 4012 τότε
1500 3954 1957 4025 πεπληρωμένον,
1998 3951 2032 4023 ἠ

454 4057 815 4122 ἐξανάστασις
853 4056 964 4108 τῶν
1018 4054 1232 4125 νεκρῶν
1283 4054 1384 4105 οἰκ
1429 4052 1651 4118 ἐγένετο
1700 4064 1715 4078 ο
1748 4046 1844 4101 καὶ
1896 4044 2035 4115 αὕτη

455 4153 607 4203 ἐστὶν
656 4152 688 4217 ἠ
741 4147 1067 4216 ἐπαγγελία,
1123 4148 1190 4218 ἣν
1226 4150 1254 4201 6
1304 4145 1518 4209 Παῦλος
1566 4142 1704 4214 πρὸς
1747 4142 2035 4215 Ἐὕραίους

458 4243 646 4311 φησὶν,
693 4243 768 4304 ὡς
806 4242 905 4294 οὐκ
952 4242 1279 4309 ἐκομίσαντο
1318 4238 1367 4290 οἱ
1422 4236 1527 4307 πρὸ
1567 4235 1726 4307 ἡμῶν
1809 4233 1914 4298 ἔτι,
1967 4236 2036 4305 ἣν

457 4334 571 4400 ἐγὼ
601 4328 758 4401 οἶμαι
790 4334 853 4385 οὐ
894 4332 1186 4399 γινώσκειν
1214 4329 1357 4399 ὑμᾶς
1393 4327 1496 4382 ἔτι.
1530 4327 1726 4395 Ἡμεῖς
1758 4325 1813 4380 δὲ
1845 4326 2038 4380 ἀναλε-

461 4426 684 4496 ξάμενοι
726 4424 822 4478 καὶ
854 4420 1013 4486 αὖθις
1060 4424 1123 4476 τὸ
1154 4423 1467 4493 εἰρημένον,
1520 4420 1860 4489 ἐπιδείξομεν
1906 4418 2036 4488 ὑμῖν

459 4519 578 4580 πῶς
609 4517 955 4587 ἐπαγγελία.⁹
1003 4518 1100 4570 καὶ
1149 4517 1281 4571 πότε
1321 4515 1419 4584 τὴν
1468 4513 1804 4583 ἐπαγγελίαν
1831 4509 2035 4579 ταύτην

461 4613 727 4681 ὑπέσχετο
780 4609 982 4679 Κύριος
1014 4612 1043 4662 ὀ
1075 4609 1208 4673 Θεός
1233 4624 1249 4639 ⁸
1281 4611 1375 4662 καὶ
1405 4607 1550 4661 τίσιν
1591 4604 1783 4676 αὐτὴν,
1816 4605 1911 4657 καὶ
1941 4602 2032 4657 διά

457 4707 619 4760 ποίαν
650 4706 832 4758 αἰτίαν
882 4704 1173 4774 ὑπέσχετο,
1217 4703 1371 4757 ἔνθεν
1417 4702 1691 4773 ἑροῦμενυ
1723 4702 1779 4757 ὲν
1825 4697 1906 4769 τῷ
1938 4698 2032 4751 τὸν

472 4800 688 4872 Ἰσραὴλ
734 4799 1048 4868 ἀπογνῶναι
1079 4799 1181 4870 τῆς
1225 4796 1498 4868 σωτηρίας
1533 4793 1723 4861 αὑτοῦ,
1762 4794 1820 4846 ἐν
1848 4790 1927 4861 τῷ
1959 4788 2033 4861 μὴ

460 4895 707 4961 νομίζειν
733 4894 833 4964 τὴν
859 4893 972 4947 τῶν
994 4892 1204 4962 νεκρῶν
1230 4890 1609 4956 ἐξανάστασιν,
1638 4889 1694 4940 ὲν
1721 4885 1800 4955 τῷ
1826 4884 2031 4953 λέγειν,

466 5004 485 5038 ι
521 4986 1056 5055 Διαπειρωνήκαμεν,
1104 4982 1384 5036 ἀπόλωλεν
1418 4984 1450 5051 ἡ
1503 4982 1658 5044 ἐλπὶς
1688 4978 1882 5048 ἡμῶν
1926 4975 2032 5044 φά-

462 5098 683 5151 γωμεν,
742 5080 999 5150 πίωμεν·
1064 5076 1261 5147 αὔριον
1314 5073 1763 5141 ἀποθνήσκομεν.
1821 5089 1839 5120 υ
1897 5067 2033 5121 Τότε

464 5173 694 5245 ἐμπνέει
725 5172 931 5242 Κύριος
963 5174 1051 5225 τὸν
1082 5168 1373 5239 προφήτην
1406 5169 1583 5221 εἰπεῖν
1612 5166 1749 5235 πρὸς
1777 5163 1870 5216 τὸν
1910 5160 2036 5213 λαὸν

466 5267 544 5338 μὴ
568 5266 816 5320 ἀπιστεῖ-ι
843 5266 941 5334 τὴν
958 5263 1067 5317 τῶν
1093 5262 1362 5332 σωμάτων
1384 5260 1706 5319 ἀνάστασιν,
1739 5258 1835 5312 καὶ
1860 5259 2030 5321 ἐπαγ-

464 5355 752 5427 γείλασθαι
783 5356 966 5416 αὐτοῖς
1002 5355 1083 5406 ὅτι
1111 5354 1405 5424 ἀναστήσει
1436 5352 1640 5419 Κύριος
1666 5349 1733 5402 τὰ
1764 5348 1903 5400 ὀστᾶ
1941 5344 2035 5396 αῦ-

462 5450 575 5503 τῶν
600 5449 670 5501 τὰ
706 5446 868 5517 ξηρὰ,
915 5447 1009 5499 καὶ
1046 5446 1253 5499 ὲνδὺεει
1304 5443 1443 5498 αὐτὰ
1494 5443 1705 5512 σάρκας
1747 5442 1841 5493 καὶ
1871 5438 2040 5509 νεῦρα

468 5541 562 5594 καὶ
589 5538 804 5612 δέρμα·
842 5538 935 5592 καὶ
969 5535 1188 5607 πνεῦμα
1219 5537 1401 5591 δώσει.
1444 5535 1553 5590 Καὶ
1593 5536 2039 5601 ἀποκαταστήσει

471 5633 669 5697 αὐτοὺς
701 5636 782 5697 τίς
805 5633 903 5702 τὴν
935 5632 1317 5701 Ἰερουσαλήμ.
1358 5633 1429 5683 ’Ἦ
1458 5631 1649 5700 ὅρασις
1678 5629 1900 5698 εἰρήνης
1925 5627 2039 5678 ἐστί

470 5741 533 5779 τε
574 5726 670 5780 καὶ
694 5725 938 5795 λέγεται.
968 5727 1077 5778 Ιιοῦ
1100 5726 1273 5778 ταῦτα
1300 5726 1476 5777 κεῖται
1504 5742 1519 5790 ;
1555 5724 1644 5775 Ἐν
1673 5723 1752 5792 τῷ
1781 5720 2042 5787 Ἱεζεκιὴλ

473 5821 552 5892 τῷ
580 5819 835 5890 προφήτῃ
860 5834 873 5848 υ
924 5819 981 5873 έν
1001 5818 1279 5889 κεςαλαξῳ
1305 5818 1621 5888 τριακοστῷ
1647 5816 1877 5883 ὲύόόμῳ.
1903 5816 2043 5882 Φησὶ

2133 3325 2249 3367 rem
2276 3306 2540 3363 mundum
2602 3305 2802 3376 repleri
2831 3314 3108 3374 oportere.
3144 3300 3401 3359 Christus
3424 3299 3601 3372 jubet,
3634 3312 3703 3353 nc

2132 3402 2493 3459 ohsistamus.
2524 3396 2593 3452 Et
2627 3395 2880 3452 minister
2912 3394 2980 3450 ad
3003 3391 3320 3458 Dominum,
3345 3389 3592 3454 Domine,
3626 3388 3705 3442 la-

2132 3510 2279 3553 ctum
2310 3504 2392 3552 est
2427 3500 2487 3549 ut
2530 3491 2837 3562 imperasti,
2887 3497 2944 3544 et
2996 3487 3151 3543 locus
3181 3485 3369 3540 adhuc
3421 3490 3524 3539 est.
3566 3483 3703 3537 Cum

2134 3590 2299 3662 igitur
2325 3587 2480 3643 locus
2506 3584 2554 3641 is
2579 3592 2709 3641 tunc
2739 3581 2977 3653 repletus
3001 3594 3106 3634 non
3135 3576 3354 3640 luisset,
3374 3574 3709 3630 resurrectio

2134 3693 2480 3741 mortuorum
2512 3692 2618 3733 non
2662 3684 2749 3732 est
2786 3677 3108 3739 subsecuta,
3142 3672 3365 3740 haecque
3413 3666 3707 3738 promissio

2131 3787 2221 3834 est
2258 3789 2424 3846 quam
2472 3770 2675 3827 Paulus
2706 3769 2773 3824 ad
2819 3768 3076 3824 Hebraeos
3102 3764 3259 3832 dicit,
3286 3760 3434 3832 quod
3450 3761 3544 3832 qui
3583 3769 3708 3814 ante

2136 3886 2238 3926 nos
2265 3868 2489 3923 luerunt
2511 3863 2691 3919 adhuc
2727 3876 2834 3916 non
2864 3868 3216 3931 acceperunt,
3246 3872 3408 3927 quam
3445 3864 3580 3926 puto
3612 3869 3708 3909 vos

2135 3961 2315 4018 adhuc
2347 3973 2457 4015 non
2478 3956 2799 4024 intelligere.
2822 3952 2891 4007 At
2918 3966 3021 4007 nos
3044 3950 3096 4005 id
3120 3949 3323 4004 dictmn
3346 3956 3708 4006 resumcutcs,

2135 4050 2411 4126 quomodo
2463 4047 2758 4119 promissio
2814 4045 2883 4101 sit
2944 4042 3316 4106 ostendemus,
3377 4048 3431 4093 et
3489 4040 3711 4108 quando

2136 4144 2558 4219 promissionem
2593 4141 2737 4196 hanc
2786 4136 3063 4209 pollicitus
3098 4136 3167 4189 sit
3220 4132 3487 4187 Dominus
3544 4130 3705 4197 Deus,

2138 4239 2451 4309 quibusque
2478 4251 2596 4290 eam
2624 4240 2681 4288 et
2716 4230 2788 4286 ob
2816 4245 2981 4300 quam
3012 4241 3235 4284 causam
3284 4222 3563 4295 pollicitus
3602 4228 3708 4283 cst,

2139 4333 2399 4402 deinceps
2428 4329 2697 4383 dicemus.
2723 4324 2858 4379 Cum
2889 4319 3055 4377 Israel
3080 4320 3305 4375 salutem
3332 4332 3487 4372 suam
3513 4314 3710 4383 despe-

2139 4434 2337 4490 rasset,
2383 4435 2486 4477 nec
2531 4428 2871 4476 mortuorum
2929 4413 3178 4469 crederet
3228 4408 3708 4470 resurrectionem,

2139 4531 2264 4571 cum
2300 4514 2570 4577 dicerent,
2623 4506 2866 4565 Abscissi
2896 4520 3106 4571 sumus,
3147 4502 3309 4575 periit
3337 4517 3464 4571 spes
3498 4510 3708 4561 nostra.

2142 4607 2542 4665 manducemus
2564 4610 2621 4659 et
2646 4601 2921 4664 bibamus,
2944 4612 3065 4654 cras
3094 4594 3411 4657 moriemur,
3460 4600 3589 4647 tunc
3629 4591 3710 4644 in-

2138 4697 2368 4772 spiravit
2396 4695 2662 4751 Dominus
2699 4692 3038 4764 prophetam,
3066 4698 3120 4744 ut
3176 4686 3371 4758 populo
3404 4685 3608 4738 diceret
3646 4699 3713 4735 ne

2133 4805 2425 4861 corporum
2483 4785 2902 4851 resurrectioniJ
2929 4782 3214 4849 diuideret,
3248 4779 3710 4849 polliceretur-que

2132 4885 2201 4940 iis
2218 4899 2277 4939 se
2293 4897 2517 4953 corpora
2535 4895 2723 4936 eorum
2737 4877 2890 4933 arida
2908 4874 3392 4937 exsuscitaturum,
3407 4883 3576 4939 seque
3591 4881 3714 4922 car-

2131 4978 2317 5043 nibus,
2342 4975 2529 5033 nervis
2544 4988 2607 5027 ac
2634 4980 2760 5027 cute
2792 4970 3131 5031 induturum,
3173 4965 3540 5034 spiritumque
3557 4958 3716 5013 datu-

2136 5088 2258 5128 rum
2296 5081 2349 5127 et
2394 5070 2447 5125 in
2488 5067 2788 5124 Jerusalem
2835 5066 3215 5119 restituturum
3243 5072 3364 5127 quae
3409 5055 3544 5110 visio
3566 5052 3713 5123 pacis

2134 5175 2218 5223 cst
2237 5175 2292 5221 et
2329 5165 2549 5220 dicitur.
2574 5161 2807 5218 Ubinam
2835 5164 2965 5213 sunt
2990 5152 3141 5210 haec?
3184 5150 3340 5221 Apud
3377 5145 3709 5203 Ezechielem

2138 5259 2463 5331 prophetam
2495 5253 2675 5326 capite
2728 5250 3008 5306 tricesimo
3059 5245 3331 5316 septimo;
3372 5242 3508 5295 dicit
3564 5239 3710 5294 enim

2139 5349 2358 5405 divinus
2388 5348 2475 5401 hic
2507 5345 2805 5416 propheta:
2845 5358 2865 5391 ι
2890 5336 3057 5392 Facta
3086 5343 3172 5391 est
3213 5346 3375 5401 super
3404 5344 3491 5385 me
3516 5340 3715 5385 manus

2143 5440 2377 5504 Domini,
2403 5448 2457 5493 et
2479 5436 2668 5491 eduxit
2692 5448 2780 5487 me
2809 5430 2866 5485 in
2901 5428 3100 5500 spiritu
3156 5422 3392 5488 Domini,
3423 5430 3475 5477 et
3508 5419 3715 5475 dimisit

2143 5554 2228 5588 me
2251 5534 2303 5586 in
2331 5531 2510 5586 medio
2530 5527 2708 5595 campi
2728 5525 2820 5597 qui
2840 5534 2959 5579 erat
2982 5520 3175 5592 plenus
3194 5515 3435 5573 ossibus.
3463 5512 3714 5566 Circum-

2143 5626 2297 5678 duxit
2326 5640 2411 5679 me
2434 5638 2527 5691 per
2546 5636 2609 5675 ea
2651 5621 2704 5673 in
2731 5632 2886 5688 gyro.
2911 5614 3076 5668 Erant
3106 5618 3286 5663 autem
3350 5607 3521 5659 multa
3558 5604 3712 5655 valde

2145 5733 2307 5787 super
2368 5716 2560 5770 faciem
2582 5710 2785 5780 campi,
2845 5706 3099 5773 siccaque
3161 5699 3536 5751 vehementer.
3572 5712 3590 5744 ι
3648 5691 3714 5743 Et

2145 5809 2282 5865 dixit
2314 5809 2380 5864 ad
2428 5819 2555 5860 me:
2601 5802 2738 5857 «Fili
2786 5796 3046 5856 hominis.
3082 5800 3313 5862 putasne
3351 5789 3533 5842 virent
3593 5800 3712 5834 ossa
