4182 6350
552 326 693 392 1305

1039 327 1189 386 PRO
1215 329 1427 392 CONC.
1457 332 1827 393 FLORENT.
1870 331 2026 391 CAP.
2078 333 2167 391 W.
2222 332 2319 391 DE
2368 334 2792 393 FRUl'l‘lONE
2828 327 3310 391 SANCTORUM.

3650 321 3800 385 l306

544 443 604 495 ἐν
644 440 723 509 τῷ
756 442 962 507 άνοῖξαί
1002 463 1065 511 με
1115 447 1241 508 τοὺς
1274 448 1476 514 τάφους
1506 449 1659 515 ὑμῶν
1709 448 1834 509 λαός
1867 458 1993 516 μου,
2029 450 2109 499 xu."

2226 454 2501 515 pollicitus
2524 463 2600 504 est
2625 450 2767 503 Deus
2803 449 3047 515 patribus
3076 445 3268 498 vestris
3317 458 3411 511 per
3470 442 3791 509 prophetam

547 532 742 598 ἁνάξαι
772 535 916 602 ὑμᾶς
957 536 1020 588 ἐκ
1058 537 1165 589 τῶν
1218 540 1519 606 μνημάτων
1550 540 1707 606 ὑμῶν
1732 561 1744 571 ·
1779 541 1876 593 καὶ
1916 542 2117 605 εἰσάξω

545 628 625 688 εἰς
646 628 747 694 τὴν
782 628 885 694 γῆν
912 627 1009 681 τοῦ
1034 629 1270 699 Ἰσραήλ.
1308 650 1326 683 ι
1373 630 1518 698 Αὕτη
1558 633 1704 684 ἐστὶν
1749 635 1781 702 ἡ
1814 634 2118 701 ἐπαγγελία

544 719 615 786 ἢν
645 719 1012 788 ἐπηγγείλατο
1039 722 1066 774 ὁ
1094 722 1249 785 Θ;ὸς,
1276 725 1371 777 καὶ
1403 725 1667 794 ὑπέσχετο
1703 729 1814 779 τοῖς
1845 727 2118 793 πατράσιν

542 806 700 878 ὑμῶν
732 811 821 864 διὰ
844 809 939 864 τοῦ
973 814 1251 882 προφήτου
1283 814 1503 868 τούτου·
1538 819 1866 886 ἀναστήσειν
1895 819 2115 881 αὐτοὺς,

543 902 635 954 καὶ
678 902 861 957 δοῦναι
902 904 1106 967 αὐτοῖς,
1148 909 1259 967 τοῖς
1291 906 1466 972 ἀξίοις
1512 908 1776 978 δηλονότι,
1817 912 1914 965 καὶ
1945 928 2114 964 κεκα-

543 994 857 1062 θαρμένοις,
888 997 1007 1049 ἀντὶ
1037 997 1135 1065 τῆς
1175 998 1422 1065 ἐπιγείου
1467 1001 1845 1070 Ἰερουσαλὴμ.
1892 1004 1994 1067 τὴν
2020 1003 2114 1054 οὔ.

543 1091 727 1150 ράνιον
775 1090 868 1143 καὶ
896 1092 1275 1158 ἀτελεύτητον,
1310 1093 1379 1163 ἦν
1411 1094 1510 1147 οὐκ
1553 1095 1878 1163 ἐκομίσαντο
1907 1094 2006 1159 ἔτι,
2041 1094 2115 1153 ὥς

543 1199 710 1248 φησιν
758 1186 788 1237 ὁ
832 1187 1103 1255 μακάριος
1156 1187 1388 1253 Παῦλος,
1439 1188 1533 1241 τοῦ
1586 1188 1720 1241 Θεοῦ
1770 1190 1897 1260 περὶ
1957 1191 2113 1260 ημῶν

541 1275 791 1343 κρεῖττόν
820 1294 872 1330 τι
906 1279 1383 1350 προϐλεψαμένου,
1414 1281 1505 1335 ἵνα
1539 1281 1614 1351 μὴ
1652 1282 1822 1352 χωρὶς
1844 1282 2001 1351 ἡμῶν
2027 1300 2115 1334 τε-

542 1368 832 1435 λειωθῶσι,
889 1374 1195 1437 τουτέστιν,
1245 1376 1332 1428 ἴνα
1364 1374 1440 1445 μὴ
1483 1376 1655 1444 χωρὶς
1707 1375 1866 1445 ἡμῶν
1916 1376 2113 1427 ἐκεῖνοι

543 1462 816 1513 ἁναστῶσι
854 1464 989 1533 μηδὲ
1019 1466 1121 1534 τὴν
1155 1464 1347 1535 στολὴν
1377 1466 1471 1519 καὶ
1502 1465 1602 1535 τὴν
1632 1464 1995 1534 λαμπρότητα
2020 1466 2112 1519 τοῦ

544 1552 795 1617 σώματος
824 1553 1234 1624 ἀπολήψωνται,
1263 1556 1390 1627 πρὶν
1417 1558 1486 1612 ἂν
1516 1557 1612 1610 καὶ
1640 1558 1765 1619 τοὺς
1792 1556 2114 1619 συνδούλους

541 1645 634 1695 καὶ
665 1643 928 1712 άδελςυὺς
970 1649 1337 1717 περιμείνειεν
1369 1650 1692 1718 ἀναστῆναι.
1727 1651 2030 1719 Γενομένης
2057 1651 2112 1701 δὲ

2225 548 2387 598 hunc.
2425 560 2482 594 se
2522 546 2885 595 excitaturum
2916 555 3029 601 eos,
3066 548 3119 591 et
3156 539 3402 590 daturum
3466 534 3552 597 iis,
3584 533 3797 587 scilicet

2222 638 2398 705 dignis
2433 648 2486 689 et
2518 638 2789 689 mundatis
2824 650 2920 702 pro
2956 644 3165 687 terrena
3233 630 3533 685 Jerusalem
3598 627 3799 694 sempi-

2225 741 2432 783 ternam
2457 740 2510 781 et
2539 730 2658 781 sine
2682 728 2808 793 title,
2847 742 3009 794 qttam
3072 725 3311 780 nondum
3350 732 3698 789 acceperunt,
3738 727 3797 772 ιιι

2222 823 2411 875 beatus
2444 820 2622 886 inquit
2646 820 2867 881 Paulus.
2894 820 3002 873 Deo
3018 834 3115 885 pro
3135 815 3293 871 nobis
3312 815 3509 869 melius
3535 811 3791 881 quiddam

2222 913 2539 981 providente
2572 929 2590 965 :
2617 922 2677 965 ut
2699 928 2806 965 non
2863 910 2983 964 sine
3016 908 3174 962 nobis
3202 908 3235 962 ii
3268 916 3575 972 resurgant,
3619 919 3793 963 neque

2219 1006 2416 1060 stolam
2449 1016 2503 1058 et
2534 1003 2880 1073 splendorem
2922 1003 3171 1070 corporis
3209 1000 3470 1067 recipiant
3499 1006 3790 1063 antequam

2218 1116 2609 1156 conservorum
2636 1112 2690 1157 et
2723 1102 2951 1154 fratrum
2984 1097 3446 1153 resurrectionem
3474 1097 3795 1159 exspectent

2218 1196 2532 1261 etvideant.
2561 1197 2694 1248 Cum
2738 1210 2868 1248 vero
2892 1194 3061 1246 totius
3088 1190 3271 1243 mundi
3318 1188 3480 1241 fuerit
3551 1196 3796 1237 resurre-

2217 1290 2327 1342 ctin
2358 1296 2675 1348 consecuta,
2710 1296 2838 1339 tunc
2893 1283 3197 1337 Salvatoris
3225 1278 3320 1334 Dei
3347 1277 3518 1331 nostri
3561 1273 3796 1341 promis-

2218 1383 2303 1432 sio
2343 1379 2749 1443 adimplebitur,
2804 1376 3143 1430 etnniversa
3219 1371 3505 1425 hominum
3562 1377 3789 1433 corpora

2216 1478 2537 1536 res-urgent;
2563 1479 2618 1523 et
2649 1476 2879 1528 utraque
2916 1464 3099 1529 simul,
3133 1464 3313 1517 ani-na
3349 1470 3404 1514 et
3424 1450 3640 1525 eorpus’,
3670 1471 3796 1523 per-

2218 1561 2507 1617 fectionem
2539 1576 2645 1614 una
2676 1559 2966 1626 recipient,
3004 1557 3056 1611 id
3095 1566 3178 1610 est
3232 1553 3526 1621 perfectam
3563 1548 3795 1603 beatitu-

2216 1657 2421 1710 dinem.
2458 1653 2632 1723 Hujus
2663 1653 2740 1705 rei
2771 1653 2923 1705 testis
2947 1664 3160 1702 mecum
3193 1646 3296 1700 erit
3351 1645 3523 1698 [utras
3563 1655 3798 1710 evange-

540 1736 638 1831 τῆς
685 1737 1033 1831 παγκοσμίου
1062 1739 1436 1804 ἀναστάσεως,
1472 1741 1591 1795 τότε
1622 1742 2045 1811 πληρωθήσεται
2077 1744 2109 1808 ἡ

2217 1750 2366 1811 lista,
2396 1748 2448 1800 in
2476 1746 2617 1799 libro
2640 1744 2729 1798 ubi
2762 1741 3134 1809 apostolorum
3159 1749 3278 1793 acta
3340 1736 3616 1802 exposuit,
3667 1750 3793 1789 cum

546 1825 858 1894 ἐπαγγελία
908 1828 1003 1880 τοῦ
1033 1828 1288 1899 Σωτῆρος
1333 1830 1491 1898 ἡμῶν
1522 1830 1657 1883 Θεοῦ
1684 1848 1699 1863 ·
1753 1833 1843 1885 καὶ
1870 1833 2110 1900 ἀναστή-

542 1930 728 1971 σονται
776 1918 956 1974 πάντα
985 1921 1054 1973 τὲ
1104 1920 1217 1974 τῶν
1264 1922 1568 1990 ἀνθρώπων
1600 1924 1871 1995 σήματα·
1924 1929 2019 1981 καὶ
2056 1927 2113 1980 τδ

541 2012 972 2081 συναμφότερον,
1029 2012 1146 2082 ἅμα
1172 2014 1319 2084 ψυχὴ
1371 2016 1467 2069 καὶ
1511 2016 1696 2082 σῶμα,
1743 2019 2113 2087 ἀπολήψονται

536 2103 600 2156 τὸ
616 2103 822 2157 τέλειον
842 2119 854 2131 ·
870 2106 1118 2157 τουτέστι
1136 2105 1359 2170 τελείως
1382 2109 1480 2176 τὴν
1509 2112 1906 2178 μακαριότητα.
1927 2100 2112 2179 Τόύτῳ

538 2196 615 2262 τῷ
641 2196 786 2265 λόγῳ
817 2198 1276 2266 συμμαρτυρήσει
1306 2216 1396 2267 μοι
1425 2201 1520 2252 καὶ
1550 2202 1764 2264 Λουκᾶς
1791 2205 1818 2255 ὁ
1838 2203 2113 2267 θειότατος

540 2291 939 2360 εὐαγγελιστής
965 2306 977 2319 ·
1004 2291 1063 2342 ἐν
1085 2285 1165 2353 οἷς
1190 2294 1247 2344 ἐν
1271 2296 1391 2353 ταῖς
1413 2293 1521 2345 τῶν
1553 2294 1866 2348 ἀποστόλων
1895 2296 2113 2362 ἐξέθετο

540 2382 801 2452 Πράξεσι,
838 2383 1013 2451 λέγων
1070 2384 1209 2451 πρὸς
1255 2383 1544 2448 Ἰουδαίους
1571 2404 1583 2417 '
1623 2404 1645 2439 ε
1683 2388 1910 2457 Ἄνδρες
1960 2388 2113 2442 ἀδελ-

539 2476 653 2537 φοὶ,
689 2473 818 2541 ὑμῖν
849 2474 878 2525 ὀ
909 2474 1070 2541 λόγος
1122 2476 1220 2543 τῆς
1276 2478 1553 2547 σωτηρίας
1604 2481 1883 2552 ἀπεστάλη
1910 2500 1926 2515 ο
1967 2482 2017 2534 οἳ
2067 2481 2113 2536 δ’

538 2561 801 2631 ἄρχοντες
833 2564 1011 2633 ὑμῶν,
1055 2567 1245 2619 τοῦτον
1290 2568 1681 2639 ἀγνοήσαντες,
1713 2573 1989 2642 ᾐτήσαντο
2019 2578 2116 2630 ηι-

538 2652 720 2716 tam»,
774 2653 1130 2724 ἀναιρεθῆναι
1165 2655 1257 2707 τὸν
1295 2656 1501 2709 δίκαιον
1546 2656 1757 2728 Ἰησοῦν
1779 2674 1794 2689 °
1828 2661 1924 2715 καὶ
1961 2661 2113 2715 τελέ-

540 2762 733 2809 σαντες
773 2745 951 2799 πάντα
984 2748 1054 2799 τά
1100 2748 1233 2816 περὶ
1280 2750 1445 2803 αὐτοῦ
1510 2751 1895 2819 γεγραμμένα,
1951 2753 2116 2806 καθε-

543 2838 729 2900 λόντες
778 2838 886 2891 ἀπὸ
916 2837 1011 2891 τοῦ
1063 2839 1244 2905 ξύλου,
1293 2840 1499 2908 ἔθηκαν
1562 2844 1619 2896 ἐν
1675 2844 1967 2914 μνημείῳ*
2001 2848 2115 2900 6δέ

539 2930 675 2992 Geo;
697 2929 865 2983 αὐτὸν
884 2931 1110 3002 ἧγειρεν
1135 2933 1198 2985 ἐκ
1226 2934 1437 3001 νεκρῶν
1462 2951 1474 2963 ·
1503 2933 1563 2997 ὃς
1590 2932 1746 3006 ὤφθη
1776 2938 1867 2989 ἐπὶ
1899 2937 2115 3007 ἡμέρας

538 3024 759 3088 πλείους
788 3027 902 3089 τοῖς
955 3026 1326 3080 συναναϐᾶσιν
1356 3028 1506 3098 αὐτῷ
1542 3030 1650 3082 ἀπὸ
1683 3031 1784 3099 τῆς
1827 3030 2112 3095 Γαλιλαίας

2215 1841 2349 1895 dicit
2376 1840 2441 1893 ad
2482 1838 2739 1893 Jndazos:
2804 1856 2820 1886 ι
2844 1835 2955 1889 Viri
2983 1834 3204 1898 fratres,
3245 1831 3402 1885 voltis
3432 1829 3656 1883 verhum
3700 1826 3793 1879 sa-

2214 1933 2343 1988 Iutis
2394 1932 2558 1999 huius
2611 1929 2839 1983 missum
2899 1936 3005 1981 est.
3071 1923 3356 1991 Principes
3407 1921 3575 1976 vestri
3643 1918 3793 1972 hunc

2215 2026 2529 2091 ignorantes
2556 2023 2829 2091 petierunt
2859 2036 2885 2073 τι
2916 2018 3112 2079 Pilato,
3147 2025 3206 2070 ut
3241 2013 3616 2070 interﬁcerent
3643 2028 3790 2066 eum.

2211 2116 2461 2184 Cumque
2491 2118 2959 2169 consummassent
2986 2108 3169 2162 omnia
3198 2122 3318 2175 qua:
3362 2120 3393 2159 a
3443 2105 3553 2157 Deo
3591 2104 3793 2170 scripta

2214 2217 2394 2270 erant,
2428 2207 2762 2274 depunentes
2791 2218 2915 2257 cum
2951 2201 3018 2255 de
3041 2201 3189 2270 ligno
3213 2212 3504 2270 posuerunt
3529 2200 3580 2251 in
3602 2212 3793 2250 monu-

2214 2314 2423 2357 mento.
2458 2302 2600 2354 Dens
2639 2312 2770 2352 vero
2828 2295 3114 2350 suscitavit
3162 2308 3286 2346 eum
3321 2307 3348 2345 a
3382 2292 3635 2345 mortuis.
3684 2288 3789 2355 Qui

2214 2398 2366 2451 visus
2390 2404 2474 2448 est
2496 2408 2594 2462 per
2620 2392 2737 2445 dies
2760 2388 2958 2442 multos
2989 2386 3073 2441 his
3106 2385 3203 2454 qui
3242 2383 3407 2439 simul
3430 2382 3793 2437 ascenderant

2215 2503 2244 2541 a
2278 2487 2497 2541 Galilzea
2530 2485 2581 2537 iu
2618 2480 2946 2540 Jerusalem,
2980 2477 3071 2546 qui
3122 2492 3267 2529 nunc
3298 2482 3423 2529 sunt
3458 2484 3622 2527 testes
3672 2472 3793 2540 ejus

2216 2582 2281 2633 ad
2312 2581 2540 2647 plebem.
2570 2587 2625 2632 et
2672 2590 2770 2629 nos
2804 2573 2953 2627 vobis
2987 2569 3372 2625 aununtiamns
3404 2581 3523 2620 eam
3562 2579 3687 2633 qua:
3723 2564 3788 2615 ad

2216 2683 2432 2725 nostros
2458 2669 2811 2738 repromissio
2844 2667 2982 2720 facta
3014 2672 3120 2725 cst,
3151 2660 3416 2730 quoniam
3446 2658 3590 2712 hanc
3646 2656 3791 2710 Deus

2217 2764 2532 2831 adimplcvit
2559 2762 2684 2816 ﬁliis
2713 2760 2916 2815 nostris
2942 2754 3280 2813 resuscitans
3303 2750 3486 2806 Jesum
3526 2749 3594 2806 ⁶¹.
3628 2768 3646 2799 ι
3678 2750 3793 2801 Λιι-

2216 2852 2786 2907 dis?Promissionem
2820 2848 2975 2910 dicit,
3038 2860 3161 2914 qum
3190 2843 3256 2897 ad
3289 2850 3470 2911 patres
3520 2837 3658 2894 facta
3685 2847 3789 2892 est.

2216 2946 2390 3010 Quam
2424 2941 2890 3012 promissionem?
2924 2938 3259 2994 Mortuornm
3294 2935 3504 2992 scilicet
3545 2946 3792 2987 resurre-

2216 3036 2478 3099 ctionem,
2517 3048 2681 3102 quam
2726 3029 3070 3086 conﬁrmavit
3118 3036 3170 3081 et
3201 3024 3497 3083 declaravit
3546 3021 3705 3076 nobis
3729 3019 3796 3075 η-

537 3118 620 3181 είς
653 3116 1018 3190 Ἰερουσαλήμ
1044 3134 1058 3149 ·
1082 3119 1301 3183 οἵτινές
1331 3120 1437 3175 είσι
1465 3124 1744 3193 μάρτυρες
1777 3124 1942 3177 αὐτοῦ
1972 3125 2108 3194 πρὸς

2217 3128 2307 3181 liis
2336 3138 2548 3197 patrum
2582 3125 2824 3188 illorum,
2853 3138 2950 3191 per
2972 3121 3431 3178 resurrectionem
3470 3116 3603 3173 Jesu
3628 3113 3789 3169 Chri-

537 3209 630 3262 τὸν
656 3208 784 3265 λαόν
811 3225 826 3238 ·
866 3211 957 3264 καὶ
987 3212 1151 3281 ἡμεῖς
1181 3211 1654 3285 εὐαγγελιζόμεθα
1700 3216 1802 3285 τὴν
1828 3216 1964 3287 πρὸς
1988 3219 2111 3279 τοὺς

537 3302 785 3371 πατέρας
815 3303 1148 3387 ἐπαγγελίαν
1177 3305 1486 3375 γενομινην
1510 3324 1525 3338 ο
1573 3306 1656 3360 ὅτι
1688 3307 1895 3379 ταύτην
1926 3312 1954 3362 ὁ
1983 3308 2114 3372 Θεδς

537 3392 942 3463 ἐκπεπλήρωκε
979 3396 1090 3457 τοῖς
1144 3395 1359 3460 τέκνοις
1400 3397 1577 3452 αὐτῶν
1614 3399 1767 3468 ἡμῖν,
1799 3400 2112 3471 ἀναστήσας

549 3484 780 3553 Ἰησοῦν.
835 3504 856 3538 ι
891 3485 1179 3557 Ἀκούεις;
1212 3488 1310 3561 τὴν
1360 3490 1694 3559 ἐπαγγελίαν
1736 3493 1872 3562 φησὶ
1895 3495 1995 3563 την
2024 3512 2115 3561 γε-

535 3577 772 3647 νομένην
802 3576 941 3646 πρὸς
959 3578 1085 3641 τοὺς
1119 3580 1387 3650 πατέρας·
1416 3583 1580 3661 ποίαν
1609 3584 1983 3653 ἐπαγγελίαν;
2013 3586 2113 3655 τὴν

533 3667 643 3718 τῶν
684 3668 895 3738 νεκρῶν
930 3668 1295 3734 ἐξανάστασιν
1340 3672 1539 3743 δηλαδή
1562 3691 1577 3707 ο
1615 3693 1633 3724 ε
1671 3672 1771 3727 Ἢν
1812 3676 2111 3731 ἐϐεϐαίωσε

533 3762 629 3812 καὶ
653 3759 921 3830 ἐδήλωσεν
950 3762 979 3813 ὁ
1005 3762 1141 3826 Θεὸς
1168 3764 1304 3834 ἡμῖν
1328 3767 1441 3826 τοῖς
1464 3767 1681 3831 τέκνοις
1708 3767 1820 3820 τῶν
1852 3770 2110 3840 πατέρων

533 3850 779 3913 ἐκείνων,
806 3850 882 3903 δι’
912 3851 1264 3915 ἀναστάσεως
1282 3853 1458 3925 Ἰησοῦ
1493 3856 1732 3923 Χριστοῦ
1764 3860 1827 3909 ἐκ
1856 3860 2069 3929 νεκρῶν
2091 3876 2106 3891 ο

532 3934 597 3994 οῦ
650 3943 812 4011 ἡμεῖς
856 3943 1027 4012 ἐσμεν
1076 3942 1331 4012 ἀψευδεῖς
1379 3945 1480 4015 τῆς
1530 3948 1885 4013 ἀναστάσεως
1942 3950 2108 4004 αὐτοῦ

536 4033 818 4104 μάρτυρες
842 4049 860 4066 ·
894 4034 1075 4098 αὐτοῖς
1109 4035 1217 4106 γὰρ
1262 4035 1565 4105 ὀφθαλμοῖς
1616 4040 1944 4110 ἑωράκαμεν
1967 4059 1982 4073 ο
2015 4044 2108 4097 καὶ

532 4128 588 4179 at
616 4129 797 4196 χεῖρες
841 4126 1005 4196 ἡμῶν
1033 4128 1413 4199 ἐψηλάφησαν.
1447 4132 1557 4185 Καὶ
1600 4133 1709 4187 ίδοὺ
1761 4116 2107 4202 εὐαγγελιζό-

535 4219 679 4286 μεθα
720 4221 848 4289 ὑμῖν
889 4219 1098 4291 Ἰησοῦν
1144 4222 1382 4292 Χριστὸν
1426 4224 1769 4292 πρωτότοκον
1803 4228 1865 4278 ἐκ
1893 4228 2107 4297 νεκρῶν

528 4315 864 4377 ἀναστάντα,
894 4315 973 4377 εἰς
1001 4314 1294 4385 βεϐαίωσιν
1317 4318 1413 4385 τῆς
1441 4318 1708 4387 ἀψευδοῦς
1740 4321 1905 4373 αὑτοῦ
1934 4322 2105 4389 ἐπαγ-

2217 3221 2287 3274 sti
2316 3238 2345 3273 a
2381 3220 2649 3285 mortuis;
2699 3216 2857 3286 cuius
2886 3214 3309 3270 resurrectionis
3331 3225 3435 3266 nos
3471 3209 3587 3266 veri
3623 3214 3790 3262 testes

2216 3329 2447 3369 sumus:
2479 3313 2680 3366 nostris
2700 3311 2843 3365 enim
2876 3309 3054 3365 oculis
3095 3305 3458 3377 inSpeximus,
3507 3311 3562 3357 et
3590 3315 3787 3355 manus

2214 3414 2415 3460 nostrae
2444 3405 2750 3475 palparunt.
2778 3402 2841 3457 Et
2864 3416 2993 3457 ecce
3018 3400 3171 3455 vobis
3190 3396 3581 3454 annuntiamns
3597 3391 3783 3449 Jesnm

2212 3496 2492 3552 Christum
2525 3493 2974 3566 primogenitum,
3030 3493 3122 3562 qui
3155 3506 3184 3543 a
3214 3487 3447 3544 mortuis
3488 3483 3791 3542 resurrexit

2214 3590 2282 3644 ad
2322 3604 2464 3643 verre
2500 3602 2615 3644 suae
2649 3586 3032 3656 promissionis
3090 3580 3560 3638 conﬁrmationem
3587 3594 3604 3645 ;
3661 3591 3787 3632 nam

2214 3698 2314 3751 per
2340 3681 2799 3736 resurrectionem
2848 3692 3003 3732 suam
3048 3685 3281 3730 mortem
3336 3685 3632 3731 evacuans,
3662 3668 3789 3721 nni-

2212 3775 2474 3828 versalem
2504 3774 2649 3828 illam
2669 3780 2723 3826 et
2744 3771 3076 3825 tremendam
3110 3766 3571 3822 resurrectionem
3599 3767 3789 3816 osten-

2210 3865 2313 3928 dit,
2348 3878 2510 3932 quam
2545 3863 2818 3932 pollicitus
2848 3869 2933 3915 est
2987 3857 3233 3929 patribus
3280 3853 3506 3916 nostris,
3556 3859 3617 3905 ut
3661 3859 3792 3907 ante

2209 3956 2413 4009 dictum
2443 3965 2546 4008 est.
2580 3972 2599 4003 σ
2623 3952 2691 4006 Et
2712 3954 2827 4021 ipse
2850 3962 2935 4006 est
2955 3950 3049 4018 qui
3107 3947 3380 4018 promisit,
3408 3953 3464 4002 et
3495 3946 3547 3998 in
3603 3943 3789 4010 seipso

2211 4050 2445 4119 primum
2468 4047 2656 4101 volens
2675 4043 2913 4099 ostendit
2928 4058 3047 4097 eam
3062 4084 3077 4108 ,
3109 4057 3235 4095 cum
3254 4041 3319 4093 ad
3342 4048 3590 4092 mortuos
3606 4036 3789 4090 venis-

2210 4149 2291 4193 set
2324 4149 2377 4192 et
2401 4140 2469 4193 ah
2500 4139 2580 4191 eis
2607 4137 3002 4206 primogenitus
3064 4130 3483 4189 resurrexisset.
3525 4140 3685 4195 quam
3726 4125 3781 4183 in

2209 4235 2315 4289 line
2364 4234 2686 4287 seculorum
2726 4228 2978 4284 Omnibus
3033 4227 3084 4280 in
3135 4237 3424 4279 commune
3470 4218 3780 4289 praebebit.»

2207 4328 2416 4381 Idcirco
2451 4338 2500 4380 et
2538 4323 2933 4393 primogenitns
2967 4318 3296 4374 universalis
3363 4315 3510 4369 illius
3536 4326 3787 4365 resurre-

529 4407 741 4476 γελίας.
770 4408 1040 4479 Ἐδήλωσε
1060 4410 1167 4481 γὰρ
1192 4410 1279 4465 διὰ
1302 4412 1398 4481 τῆς
1422 4411 1587 4465 αὑτοῦ
1604 4413 1952 4477 ἀναστάσεως
1979 4432 2103 4468 κατ-

2213 4420 2405 4473 ctionis
2425 4418 2677 4471 Christus
2695 4415 2915 4478 dicitur,
2930 4424 2992 4466 ut
3012 4411 3212 4464 Paulus
3227 4411 3418 4463 beatus
3432 4406 3698 4460 exclamat
3715 4403 3786 4470 ",

530 4502 793 4570 αργήσας
829 4502 920 4553 τὸν
954 4500 1207 4567 θάνατον,
1227 4502 1326 4571 τὴν
1352 4504 1695 4574 παγκόσμιον
1747 4507 1966 4575 ἐκείνην
2011 4512 2104 4561 γαί

527 4591 767 4662 φοϐεράν
817 4593 1199 4660 ἐξανάστασιν,
1245 4594 1311 4663 ῆν
1352 4594 1620 4663 ὑπέσχετο
1670 4599 1781 4659 τοῖς
1821 4600 2101 4669 πατράσιν

527 4684 703 4751 ἡμῶν,
739 4682 815 4747 ὦς
862 4685 1210 4756 προείρηται.
1247 4686 1359 4739 Καὶ
1393 4688 1559 4748 αὐτὸς
1589 4689 1736 4741 ἐστιν
1764 4692 1792 4742 ὀ
1840 4692 2104 4759 ἐπαγγει-

525 4774 796 4845 λάμενος·
832 4776 927 4829 καὶ
978 4779 1037 4828 ἐν
1083 4776 1242 4848 αὐτῷ’
1264 4777 1500 4851 πρώτως
1540 4780 1774 4849 θελήσας
1825 4784 2102 4847 ὑπέδειξεν

525 4868 721 4935 αὐτὴν,
758 4870 1051 4940 γενόμενος
1083 4872 1141 4923 ἐν
1172 4874 1407 4941 νεκροῖς,
1436 4872 1531 4925 καὶ
1560 4874 1799 4937 ἀναστάς
1833 4875 1891 4940 ἐξ
1926 4877 2103 4931 αὐτῶν

526 4959 911 5029 πρωτότοκος*
950 4960 1020 5031 ἢν
1077 4962 1171 5014 καὶ
1221 4962 1314 5014 ἐπὶ
1377 4964 1662 5035 συντελείᾳ
1702 4965 1813 5018 τῶν
1865 4967 2099 5029 αἰώνων,

525 5050 726 5117 κοινῶς
762 5052 896 5104 πᾶσι
928 5052 1244 5121 παρέξεται.
1286 5054 1386 5106 Διὰ
1419 5054 1576 5108 τοῦτο
1615 5058 1708 5109 καὶ
1760 5058 2101 5127 πρωτότοκος

522 5142 623 5209 τῆς
654 5142 1043 5213 οίκουμενικῆς
1077 5144 1291 5215 ἐκείνης
1324 5146 1674 5210 ἀναστάσεως
1695 5152 1722 5201 ὁ
1750 5149 1984 5219 Χριστὸς
2010 5153 2101 5204 λέ-

523 5248 708 5297 γεται,
756 5234 939 5297 καθὼς
990 5234 1199 5298 Παῦλος
1245 5237 1346 5309 βοᾷ
1393 5238 1422 5290 ὁ
1457 5239 1752 5310 μακάριος,
1811 5242 1897 5294 ἵνα
1950 5243 2099 5315 δείξῃ

523 5324 658 5393 ἡμῖν
686 5325 769 5378 ὅτι
799 5326 964 5390 αὑτός
991 5328 1143 5382 ἐστιν
1178 5330 1485 5400 όηάρχηγός
1517 5335 1611 5385 καὶ
1659 5334 1863 5403 Κύριος
1894 5335 1986 5386 καὶ
2011 5353 2098 5386 τε-

522 5414 755 5487 λειωτὴς
789 5418 1019 5490 ταῦτης.
1052 5420 1192 5488 Φησὶ
1233 5423 1377 5491 γάρ’
1415 5442 1434 5475 ε
1478 5425 1715 5493 Χριστὸς
1764 5427 2011 5494 ἐγερθεὶς
2038 5431 2100 5479 ἐκ

526 5508 757 5577 νεκρῶν,
815 5511 1043 5583 ἀπαρχὴ
1092 5512 1200 5566 τῶν
1232 5514 1655 5586 κεκοιμημένων
1708 5517 1963 5585 ἐγένετοο
2012 5519 2097 5568 ἵνα

524 5593 559 5671 ᾖ
586 5599 747 5664 αὐτὸς
776 5602 847 5655 τά
888 5603 1064 5657 πάντα
1107 5606 1167 5659 ἐν
1198 5609 1335 5663 πᾶσι
1366 5609 1685 5678 πρωτεύων,
1718 5612 1811 5663 καὶ
1855 5611 1940 5663 ἵνα
1972 5613 2099 5662 ὑπ’»-

597 5710 791 5790 “_A_ct.
813 5732 930 5783 ιιιι,
955 5716 1023 5773 ἰϐ
1050 5734 1202 5790 seqq.

1283 5722 1328 5755 “
1345 5722 1581 5791 Coloss.,
1610 5738 1650 5789 ι,
1679 5723 1767 5781 l5.

525 5794 600 5847 ιν,
649 5781 733 5838 16.

1845 5724 1891 5755 ⁸³
1920 5715 1936 5776 ί
1965 5725 2085 5778 (Zur.
2117 5738 2204 5782 xv.
2231 5722 2322 5775 ‘28.

2214 4522 2276 4565 ut
2299 4512 2461 4564 nobis
2492 4507 2745 4563 "Stendut
2771 4520 2897 4559 eum
2936 4516 3216 4558 auctorem
3246 4517 3366 4555 esse
3394 4500 3708 4561 Dominum,
3733 4508 3789 4549 et

2206 4599 2560 4670 perleclorem
2586 4599 2727 4667 ejus.
2763 4596 2948 4664 luquit
3004 4596 3150 4647 enim
3183 4609 3195 4647 ε
3242 4611 3260 4644 ι
3285 4591 3538 4647 Christus
3601 4605 3784 4642 resur-

2205 4707 2395 4761 gensa
2437 4693 2672 4745 mortuis
2739 4688 2995 4756 primitize
3046 4685 3431 4741 dormientium
3482 4682 3656 4735 factus
3678 4688 3783 4743 est,

2206 4797 2265 4841 ut
2295 4786 2410 4853 ipse
2438 4783 2797 4851 undequaqne
2820 4782 2873 4833 in
2897 4783 3149 4834 onmihns
3170 4779 3378 4847 primus
3399 4786 3565 4837 esset,
3598 4784 3651 4826 et
3682 4773 3782 4839 ipsi

2205 4879 2389 4930 omnia
2445 4874 2842 4940 subjicerentur
2866 4873 2912 4904 ⁸³
2950 4889 3000 4925 ,ι
3042 4871 3109 4925 Et
3150 4871 3347 4924 iterum
3409 4885 3422 4922 :
3486 4884 3503 4915 ι
3528 4866 3784 4922 Christus

2205 4976 2456 5022 mortuus
2490 4977 2592 5031 est,
2626 4975 2679 5018 et
2731 4965 3057 5026 resurrexit,
3092 4971 3147 5016 ct
3180 4961 3427 5029 vixitwut
3451 4968 3507 5011 et
3543 4966 3788 5009 mortuo-

2202 5075 2323 5113 rum
2348 5070 2402 5112 et
2432 5060 2675 5111 vivorum
2696 5057 3005 5111 dominetur
3032 5054 3133 5107 “.r
3164 5053 3411 5119 Amplius
3436 5068 3450 5106 :
3487 5070 3505 5102 ι
3533 5050 3637 5116 Qui
3668 5065 3788 5101 sus-

2202 5153 2387 5206 citavit
2412 5151 2624 5217 Iesum,
2658 5160 2714 5203 et
2742 5166 2841 5203 nos
2874 5165 2997 5202 cum
3018 5148 3147 5203 Jesn
3171 5146 3479 5203 suscitabit.
3509 5153 3561 5197 et
3582 5143 3793 5196 consti-

2200 5256 2314 5300 tuet
2348 5246 2631 5298 nobiseum
2670 5244 2732 5297 θ’.
2765 5262 2784 5293 ι
2831 5243 3095 5297 Praeterea
3132 5255 3146 5291 :
3185 5258 3202 5290 ι
3230 5238 3293 5291 Et
3333 5253 3434 5293 nos
3503 5237 3784 5304 rapientur

2209 5352 2334 5391 cum
2376 5336 2482 5390 illis
2514 5336 2566 5389 in
2591 5334 2829 5389 nubibus
2845 5334 3060 5387 obviam
3093 5330 3315 5385 Christo
3348 5332 3399 5380 in
3433 5343 3554 5381 aera
3586 5344 3600 5379 :
3629 5335 3682 5378 et
3705 5326 3785 5379 sic

2209 5442 2424 5496 semper
2461 5443 2583 5483 cum
2638 5427 2869 5481 Domino
2906 5427 3110 5480 erimus
3136 5423 3201 5477 ⁸⁸.
3226 5442 3243 5474 ι
3304 5423 3449 5477 Idem
3500 5420 3702 5475 Paulus
3728 5422 3783 5473 in

2203 5519 2589 5588 Apostolorum
2646 5518 2815 5581 Actis,
2856 5526 2911 5570 ut
2941 5516 3116 5571 Lucas
3174 5516 3386 5580 scribit,
3436 5514 3629 5581 inquit.
3655 5526 3779 5564 cum

2210 5610 2445 5677 Agrippa
2491 5624 2617 5677 rege
2637 5622 2946 5663 sermonem
2980 5607 3185 5660 habens
3238 5620 3252 5655 :
3298 5623 3314 5654 ι
3344 5603 3517 5657 Vitam
3556 5601 3780 5671 quidem

2403 5721 2448 5753 δ”
2484 5722 2640 5775 lium.
2670 5737 2780 5785 τιν,
2820 5722 2872 5774 9.
2952 5720 2992 5749 ⁸⁷⁵
3026 5721 3163 5773 lllor
3209 5733 3280 5781 vr,
3318 5718 3396 5769 ιι.
3476 5713 3777 5781 “illness.
