4182 6350
418 385 557 454 i313

1069 390 1223 452 PRO
1278 388 1492 452 CONC.
1536 387 1913 451 FLORENT.
1962 383 2125 444 CAP.
2162 382 2230 443 V.
2268 378 2365 439 DE
2404 379 2758 441 PRIMATU
2796 377 3025 438 PAPJE.

3546 371 3682 438 1311

412 522 520 577 τρᾳ
556 503 894 574 οἰκοδομίσω
922 522 1025 576 μου
1053 504 1152 575 τὴν
1178 506 1535 575 Ἐκκλησίαν,
1573 525 1589 559 ι
1623 508 1715 559 καὶ
1740 508 1807 559 τὰ
1834 506 1957 574 ἑξῆς
1978 515 1992 529 ⁸

2108 512 2165 551 ac
2194 496 2554 566 perturbatio.
2585 495 2641 549 Si
2666 508 2795 563 ergo
2821 508 2883 547 ea
2915 508 3038 547 vera
3092 502 3242 557 sunt,
3278 493 3425 563 quod
3465 493 3692 547 mttutluv

414 595 501 651 (va
551 595 629 666 μὴ
679 595 906 665 γένηται
941 598 1000 650 ἐν
1059 590 1242 661 αὐτοῖς
1284 600 1492 669 σχίσμα
1539 599 1613 659 ὼς
1652 600 1863 667 ἔφημεν
1902 601 1996 649 καὶ

409 691 647 760 ταραχή.
684 686 748 741 Εἰ
771 683 867 741 οὖν
896 689 1051 744 ταῦτ’
1073 689 1275 761 ἀληθῆ,
1306 692 1380 753 ὡς
1417 693 1471 743 αἱ
1512 691 1779 760 κοσμικαὶ
1801 689 1992 759 ἀρχαὶ,

411 780 541 835 ὅταν
574 781 649 851 μὴ
680 775 1138 851 ᾑνωςιιέναιιῶσιν,
1167 783 1391 853 ὄλεθρον
1419 786 1513 838 καὶ
1536 785 1843 853 ἀφανισμὸν
1872 783 1997 852 ὑφί-

414 890 662 936 στανται,
695 875 810 937 πῶς
845 877 872 928 ὁ
909 876 1146 946 Χριστὸς
1174 874 1404 944 ὤφειλεν
1435 878 1599 930 ἐᾶσαι
1627 877 1723 945 τὴν
1766 878 1995 946 Ἐκκληο

413 964 537 1017 σὲαν
561 964 727 1018 αὑτοῦ
775 969 947 1035 χωρὶς
990 968 1277 1038 κεφαλῆςς
1315 968 1401 1021 ῐνα
1444 968 1703 1037 σύγχυσιν
1749 968 1869 1039 ἓξῃ,
1901 967 1998 1021 καὶ

411 1054 477 1107 ἐκ
512 1055 607 1124 τῆς
662 1057 980 1127 συγχύσεως
1013 1058 1308 1129 διαφθαρῇ.
1346 1058 1488 1113 Ἀλλ’
1526 1060 1602 1121 ὡς
1652 1059 1873 1128 ἀπάσης
1902 1059 2000 1110 τά-

414 1144 548 1209 ξῖως
585 1147 1035 1218 ὑπεριδρυμένος,
1069 1151 1165 1202 καὶ
1198 1151 1276 1212 ὡς
1309 1148 1406 1220 τὴν
1457 1150 1611 1215 τάξιν
1657 1150 1825 1215 αὐτὸς
1865 1149 1941 1203 ὢν
1970 1152 1998 1204 ὀ

412 1239 845 1308 συστησάμενος,
878 1241 936 1292 ἐν
964 1240 1119 1307 τάξει
1155 1240 1334 1295 καὶτὸ
1376 1242 1575 1296 ἑαυτοῦ
1617 1246 1899 1311 σῦστημα,
1927 1246 1989 1296 τὸ

411 1330 865 1402 ἐκκλησιαστικὸν
888 1332 1089 1404 δηλαδὴ
1111 1334 1418 1405 κατέστησε
1444 1337 1650 1404 μένειν.
1673 1338 1780 1390 Καὶ
1801 1336 1995 1408 ὥσπερ

411 1425 574 1489 αὐτὸς
604 1427 697 1480 ἰπὶ
726 1427 829 1497 γῆς
848 1423 917 1500 ἦν
948 1428 1164 1499 κορυφὴ
1188 1428 1282 1482 καὶ
1309 1427 1514 1499 Κύριος
1541 1432 1638 1485 καὶ
1672 1430 2025 1497 διδάσκαλος-

414 1515 525 1569 τῶν
559 1516 844 1588 μαθητῶν,
893 1519 993 1573 καὶ
1026 1525 1214 1594 πατὴρ
1244 1521 1341 1577 καὶ
1369 1522 1598 1594 ποιμὴν,
1634 1522 1779 1577 οὕτω
1815 1524 2003 1595 βουλόο

420 1625 581 1678 μενος
631 1610 772 1680 πρὸς
824 1610 918 1665 τὸν
956 1614 1227 1684 πατρικὸν
1259 1615 1471 1669 ἀνιέναι
1521 1617 1732 1687 θρόνον,
1767 1619 1859 1672 τὸν
1892 1619 1999 1673 Πέ-

412 1719 543 1772 τρον
590 1703 779 1767 αὐτοῖς
826 1704 1130 1776 ἐπιστάτην
1174 1708 1486 1779 κατέστησε
1520 1710 1617 1763 καὶ
1660 1713 1875 1783 πατέρα
1903 1713 1999 1767 καὶ

413 1795 741 1852 διδάσκαλον
763 1811 777 1826 ⁶
811 1798 909 1851 καὶ
936 1798 1125 1864 ἁπλῶς
1152 1799 1321 1854 αὐτοῦ
1348 1802 1730 1874 τοποτηρητὴν
1753 1807 1851 1857 καὶ
1879 1803 1996 1859 διά-

414 1887 593 1961 δοχον.
628 1888 883 1946 Δείκνυσι
913 1891 970 1946 δδ
996 1892 1092 1947 xal.
1119 1893 1357 1963 ἀλλαχοῦ
1383 1895 1494 1966 πρὸ
1518 1896 1615 1950 τοῦ
1645 1897 1871 1963 πάθους,
1901 1898 2002 1966 τὴν

416 1984 595 2055 ἀρχὴν
641 1985 735 2039 καὶ
770 1984 833 2040 τδ
865 1987 1135 2059 πρωτεῖον
1162 1986 1383 2057 δοθῆναι
1434 1988 1512 2060 τῷ
1584 1989 1798 2062 Πέτρῳο
1871 1990 2005 2047 ἔνθα

418 2079 555 2147 φησί
584 2093 599 2107 ³
632 2098 649 2131 ι
684 2078 885 2151 Πέτρε,
933 2080 1198 2146 πολλάκις
1230 2080 1500 2155 ἠθέλησεν
1542 2083 1571 2137 δ
1604 2083 1854 2148 Σατανᾶς
1881 2087 2005 2139 ἑπι-

419 2172 663 2227 σινιάσαι
710 2174 857 2243 ὑμᾶς
903 2174 980 2237 ὼς
1007 2172 1102 2229 τδν
1134 2175 1305 2241 σῖτον,
1336 2176 1449 2244 ἐγὼ
1484 2176 1542 2231 δὲ
1591 2177 1819 2248 ἐδεήθην
1861 2178 2004 2250 ὑπὲρ

420 2263 540 2331 σοῦ,
577 2263 664 2318 ῖνα
703 2263 781 2337 μὴ
834 2264 1066 2337 ὶκλείπῃ
1098 2266 1132 2335 ὴ
1180 2265 1366 2331 πίστις
1423 2285 1519 2321 σου
1550 2283 1565 2298 '
1619 2269 1715 2323 καὶ
1755 2270 1819 2323 σύ
1872 2286 2003 2325 ποτε

417 2356 803 2429 ἱπιστραφεὶς,
825 2358 923 2430 στή
935 2356 1083 2429 ριξον
1108 2360 1233 2423 τοὺς
1257 2357 1524 2430 ἀδελφούς
1547 2378 1666 2416 σου.
1696 2381 1715 2414 ι
1749 2360 2002 2427 Ἀκούεις

417 2449 501 2515 τὸ,
530 2448 676 2518 Ἐγὼ
713 2450 943 2523 ἐδεήθην
977 2451 1123 2523 ὕπὶρ
1172 2451 1265 2506 σοῦ
1294 2467 1311 2485 ο
1349 2454 1444 2508 καὶ
1486 2454 1568 2519 τὸ,
1605 2454 1676 2507 Σύ
1712 2471 1843 2508 ποτε
1877 2455 2001 2509 ἐπι-

420 2542 687 2614 στραφεὶς
722 2544 981 2616 στήριξον
1010 2546 1138 2609 τοὺς
1171 2545 1441 2615 ἀδελφούς
1480 2563 1616 2614 σου;
1645 2546 1713 2603 Τί
1743 2564 1825 2601 σοι
1857 2549 2005 2602 δοκεῖ

417 2637 497 2702 τὸ,
521 2636 1043 2707 ἐπιστηρίζεινζτοὺς
1068 2637 1356 2706 ἀδελφοὺς.
1389 2637 1504 2708 ἦτὺ
1523 2635 1661 2691 εἶναι
1692 2639 1872 2693 αὐτῶν
1909 2643 2007 2709 ἀρ-

416 2732 537 2800 χὴν,
573 2731 665 2784 καὶ
713 2730 990 2801 στηρίζειν
1037 2732 1239 2795 αὐτούς
1264 2747 1281 2799 ;
1324 2732 1435 2786 Καὶ
1482 2731 1719 2801 ἀλλαχοῦ
1766 2732 1829 2785 τὺ
1864 2734 2000 2787 αὐτὸ

415 2823 723 2887 δείκνυται,
778 2825 840 2877 ἐν
894 2822 974 2893 τῷ
1021 2825 1218 2892 εἰπεῖν,
1274 2842 1292 2876 t
1330 2824 1538 2895 Σίμων,
1580 2825 1873 2894 πορευθεὶς
1921 2827 2002 2888 εἰς

417 2914 519 2982 τὴν
547 2914 852 2979 Θάλασσαν,
887 2913 1048 2985 βάλλε
1098 2915 1420 2986 ἄγκιστρον,
1453 2915 1549 2970 καὶ
1591 2918 1685 2969 τὸν
1719 2916 2003 2972 ἀναϐάντα

420 3022 504 3059 σοι
535 3007 754 3077 πρῶτον
794 3007 948 3079 ἰχθὺν
986 3010 1147 3080 ἄρας,
1198 3010 1418 3074 ἀνοίξας
1466 3010 1527 3062 τὸ
1579 3010 1753 3080 στόμα
1811 3010 2003 3079 αὑτοῦ,

419 3099 678 3170 εὑρήσεις
730 3100 978 3171 στατῆρα
999 3116 1016 3133 ο
1049 3100 1239 3154 τοῦτον
1268 3099 1358 3163 δὸς
1409 3101 1532 3155 ἀντὶ
1582 3100 1719 3170 ἐμοῦ
1752 3104 1847 3154 καὶ
1882 3103 2002 3160 σοῦ.

2102 606 2182 645 me
2208 598 2524 658 potestates,
2553 589 2775 657 quando
2808 589 3098 655 disiunctae
3136 597 3289 652 sunt,
3323 588 3601 641 intereunt
3632 594 3688 640 et

2099 682 2437 745 dilabuntur,
2491 682 2766 751 quomodo
2822 680 3078 736 Christus
3134 681 3320 733 debuit
3392 678 3694 737 Ecelesiam

2100 792 2254 831 suam
2280 776 2529 829 omittere
2561 775 2681 829 sine
2712 775 2909 843 capite,
2951 784 3008 828 ut
3039 773 3294 849 conlusio
3342 782 3692 837 sequeretur,

2103 878 2155 921 et
2190 883 2255 922 ex
2288 866 2611 922 confusione
2654 864 3072 922 destrueretur?
3100 865 3205 920 Sed
3258 867 3335 919 uti
3372 880 3535 934 supra
3572 878 3693 917 ont—

2101 976 2224 1015 nem
2257 960 2504 1013 ordinem
2555 962 2759 1029 potius,
2793 967 2849 1013 et
2875 960 2951 1013 uti
2993 957 3267 1013 exsistens
3297 960 3340 1010 is
3374 958 3464 1026 q-ti
3533 958 3689 1009 ordi-
3734 978 3737 979 ν

2104 1070 2224 1108 nem
2262 1054 2571 1117 constituit,
2598 1054 2771 1107 voluit
2800 1061 2853 1106 et
2887 1054 3080 1108 ordine
3137 1068 3289 1105 suam
3349 1052 3693 1110 socii-tatem.

2104 1146 2355 1202 videlicet
2386 1146 2840 1213 ecclesiasticam,
2899 1146 3193 1200 contineri.
3226 1143 3293 1198 Et
3336 1154 3394 1197 ut
3455 1144 3572 1211 ipse
3624 1142 3692 1194 'in

2103 1242 2265 1295 terris
2303 1248 2634 1307 eratcaput,
2670 1238 2935 1292 Dominus
2995 1247 3045 1291 et
3101 1236 3361 1307 magister
3398 1234 3696 1303 discipulo-

2101 1351 2245 1398 rum,
2274 1344 2329 1388 et
2366 1333 2529 1389 Pa'er
2556 1344 2610 1389 et
2628 1333 2841 1397 Pastor,
2866 1333 2944 1387 sic
2970 1349 3092 1388 eum
3119 1333 3443 1386 decrevisset
3493 1330 3560 1383 ad
3603 1342 3697 1397 pa.

2104 1434 2324 1480 ternum
2384 1428 2644 1482 thronum
2707 1426 3028 1491 ascendere,
3091 1424 3309 1479 Petrum
3374 1421 3693 1491 prmfet-tum

2101 1518 2235 1589 ipsis
2262 1518 2556 1575 constituit
2607 1518 2824 1573 Patrem
2857 1527 2911 1571 ct
2974 1516 3336 1588 magistrum;
3370 1523 3427 1568 et
3484 1523 3541 1568 ut
3585 1528 3697 1567 uno

2102 1611 2271 1667 verbo
2326 1612 2539 1674 dicam,
2603 1626 2762 1665 suun
2841 1610 3105 1663 vicarium
3174 1622 3240 1662 ac
3294 1619 3694 1662 successorem.

2100 1702 2355 1759 Ostendit
2386 1712 2569 1759 autem
2601 1711 2654 1758 et
2688 1702 2817 1756 alihi
2885 1712 3012 1755 ante
3060 1713 3219 1755 suam
3274 1698 3608 1770 passionem,
3638 1712 3696 1752 se

2104 1797 2475 1869 principatum
2536 1805 2594 1851 et
2660 1797 2955 1865 primatum
3016 1792 3180 1847 Petro
3239 1790 3554 1856 tradidisse,
3604 1789 3695 1843 uhi

2106 1889 2285 1946 dicit:
2323 1906 2342 1940 ι
2383 1889 2560 1950 Petro,
2617 1887 2818 1956 smpius
2870 1886 3136 1955 expetivit
3197 1882 3433 1939 Satanas
3491 1897 3586 1937 ros
3638 1889 3697 1935 ut

2106 1982 2375 2037 et-ihraret
2411 1980 2840 2036 sicuttriticum.
2865 1979 2976 2049 Ego
3005 1986 3187 2031 autem
3246 1975 3432 2046 εοεανί
3496 1990 3595 2046 pro
3643 1986 3699 2029 te

2107 2084 2164 2130 ιιι
2190 2092 2294 2128 ιιοιι
2337 2074 2556 2128 deliriat
2587 2074 2719 2128 fides
2744 2081 2872 2139 tua;
2903 2083 2958 2126 et
2984 2080 3038 2124 tu
3067 2069 3363 2139 aliquando
3392 2084 3698 2124 conversus

2107 2166 2372 2221 conﬁrma
2417 2166 2614 2220 fratres
2662 2175 2805 2221 tuos.
2838 2184 2856 2215 ι
2892 2163 3063 2218 Audis
3124 2161 3252 2227 hoc,
3297 2179 3316 2214 ι
3374 2160 3486 2231 Ego
3513 2159 3699 2230 rogavi

2106 2273 2208 2328 pro
2237 2266 2311 2320 te,
2353 2275 2371 2308 ι
2400 2264 2454 2311 et
2478 2256 2631 2319 illud,
2671 2274 2690 2307 ι
2727 2256 2806 2310 Tu
2835 2255 3127 2324 aliquando
3160 2267 3459 2308 conversus
3504 2251 3701 2305 conﬁr-

2109 2366 2195 2403 ma
2254 2350 2453 2404 fratres
2519 2358 2643 2404 tuos
2677 2348 2747 2401 ‘?
2782 2366 2800 2400 ι
2838 2348 2979 2413 Quid
3043 2346 3141 2402 tibi
3202 2345 3419 2401 videtur
3466 2346 3696 2412 scilicet,

2106 2444 2439 2497 contlrmare
2475 2441 2696 2507 fratres,
2729 2442 2830 2497 nisi
2876 2456 3001 2496 eum
3054 2454 3175 2496 esse
3216 2440 3437 2495 illorum
3488 2436 3697 2509 princi-

2108 2545 2334 2605 pcm,et
2384 2550 2478 2591 eos
2529 2534 2900 2591 conﬁrmare?
2960 2534 3024 2589 Et
3084 2534 3214 2590 alibi
3272 2533 3413 2587 idem
3462 2530 3697 2587 ostendit

2106 2629 2313 2697 dicens,
2347 2647 2365 2680 ι
2403 2627 2618 2693 Simon,
2649 2630 2784 2683 vade
2810 2630 2875 2681 ad
2927 2642 3097 2691 mare,
3125 2633 3180 2682 et
3237 2626 3392 2680 mitte
3447 2626 3694 2687 hamum,

2106 2730 2308 2775 etcum
2345 2721 2551 2790 piscem
2581 2722 2672 2790 qui
2700 2721 2912 2790 primus
2947 2718 3255 2774 ascenderit
3282 2717 3432 2782 tolle,
3466 2726 3520 2771 et
3564 2730 3697 2785 αρε·

2109 2813 2257 2868 rieus
2288 2829 2350 2870 os
2381 2814 2519 2881 ejus,
2546 2814 2790 2869 invenies
2833 2821 3121 2876 stateram,
3168 2811 3320 2865 illum
3363 2825 3587 2865 sumens
3624 2808 3695 2863 da

2108 2920 2209 2974 pro
2266 2920 2351 2959 me
2415 2917 2469 2961 ct
2536 2916 2588 2959 te
2623 2907 2664 2960 ".
2706 2924 2725 2955 ι
2760 2905 2837 2960 Ex
2903 2919 2969 2959 eo
3020 2912 3391 2973 cognoverunt
3438 2900 3695 2970 discipuli

2107 2996 2331 3053 Petrum
2364 2997 2498 3068 ipsis
2528 2998 2829 3067 principem
2879 2997 3213 3067 prazl'eeisse.
3266 2996 3392 3052 "(re
3434 2994 3696 3050 Christus

2111 3092 2224 3161 ipse
2252 3100 2543 3162 antequam
2580 3100 2861 3161 pateretur
2889 3091 3218 3160 enuntiavit,
3256 3101 3317 3146 ut
3345 3090 3551 3145 dictum
3587 3099 3695 3145 est.

432 3191 731 3263 Ἐν,,τοὺτῳ
764 3191 1013 3260 ἔγνωσαν
1039 3194 1088 3245 οἰ
1118 3193 1385 3263 μαθηταὶ,
1417 3192 1502 3248 ὅτι
1535 3193 1625 3247 τὸν
1663 3194 1871 3265 Πέτρον
1911 3198 2004 3250 αὐ-

2113 3183 2245 3239 Post
2270 3184 2727 3239 resurrectionem
2759 3192 2939 3239 autem
2973 3184 3057 3255 (ut
3089 3183 3293 3238 Joanui
3326 3183 3552 3237 tonitrni
3582 3182 3695 3236 filio

419 3287 533 3364 τοῖς
570 3285 785 3355 πρῶτον
814 3286 1139 3356 κατέστησε.
1181 3303 1200 3337 ι
1240 3283 1430 3340 Ταῦτα
1482 3288 1584 3357 μὲν
1620 3287 1783 3353 αὐτὸς
1811 3292 1840 3342 ὁ
1870 3290 2007 3359 Χρι-

425 3383 551 3446 στὸς
586 3384 691 3454 πρὸ
716 3383 813 3436 τοῦ
847 3383 1056 3446 πάθους
1085 3383 1161 3447 ὼς
1192 3383 1408 3454 εῖρηται
1452 3381 1597 3441 εἰπε.
1630 3388 1783 3451 Μετὰ
1814 3387 1871 3440 δὲ
1907 3387 2008 3459 τὴν

418 3475 737 3539 ἀνάστασιν,
787 3476 863 3539 ὡς
906 3476 1135 3549 Ἰωάννῃ
1166 3476 1244 3547 τῷ
1289 3478 1389 3546 τῆς
1434 3476 1666 3549 βροντῆς
1700 3478 1805 3548 υἰῷ
1836 3480 2004 3543 δοκεῖ,

420 3571 728 3641 γεγραφδτι
760 3572 819 3624 τὸ
865 3570 1010 3639 is.va
1072 3572 1429 3639 Εὐαγγὲλιον,
1462 3574 1490 3625 ὁ
1522 3573 1726 3642 Πέτρος
1777 3573 1902 3627 ἰδὼν
1945 3574 2008 3628 τὸ

423 3661 765 3728 γλυκύτατον
813 3659 906 3711 τοῦ
930 3662 1199 3715 Δεσπότου
1231 3662 1544 3731 πρόσωπον,
1575 3665 1731 3731 φησί’
1760 3683 1779 3715 ι
1812 3663 2005 3734 Κύριε,

420 3754 476 3805 τί
507 3771 592 3807 σοι
642 3752 875 3821 ἀρεστόν
903 3755 1057 3806 ἐστιν
1104 3754 1207 3821 ἐμὲ
1237 3755 1461 3822 ποιῆσαι
1488 3773 1502 3819 ;
1534 3756 1563 3808 6
1595 3755 1804 3823 Ἰησοῦς
1837 3756 2004 3828 ἤρετο

417 3845 633 3914 τοῦτον,
653 3830 796 3915 τρίς,
830 3846 1028 3915 Πέτρε,
1060 3847 1231 3914 φιλεῖς
1261 3863 1329 3915 με
1359 3863 1374 3911 ;
1412 3849 1520 3899 Καὶ
1545 3849 1602 3900 ὲν
1635 3849 1840 3919 ἑκάστῃ
1874 3854 2007 3919 sptu-

418 3938 599 4007 τήσει,
644 3938 879 4007 ποιμένα
916 3938 1349 4007 προύχειρίσατο
1391 3937 1574 4001 αὐτὸν,
1613 3940 1671 3990 ἐν
1699 3938 1775 4008 τῷ
1804 3939 2005 4008 λέγειν,

425 4030 686 4099 Ποίμαινε
717 4031 787 4083 τὰ
822 4028 1075 4099 πρόϐατά
1106 4047 1211 4099 μου
1237 4044 1252 4060 ⁶
1290 4029 1545 4099 ποίμαινε
1575 4031 1642 4083 τὰ
1671 4030 1831 4102 ἀρνία
1862 4049 1968 4100 μου
1988 4049 2004 4065 ο

420 4119 503 4185 ὃς,
537 4120 826 4191 ἀχθεσθεὶς
856 4122 923 4192 τῇ
966 4123 1157 4191 τριττῇ
1195 4122 1464 4191 ἐρωτήσει
1518 4122 1652 4191 φησί
1703 4124 1843 4193 μετὰ
1880 4121 2008 4193 θερ-

427 4211 545 4281 μῶν
571 4211 682 4264 τῶν
722 4210 1001 4282 δακρύων,
1040 4228 1059 4263 ι
1095 4212 1286 4285 Κύριε,
1340 4213 1403 4265 σὺ
1439 4214 1618 4267 πάντα
1697 4210 1878 4279 οἶδας·
1940 4217 2005 4270 σὺ

424 4302 715 4368 γινώσκεις
746 4303 829 4357 ὅτι
889 4303 1032 4377 φιλῶ
1082 4320 1165 4358 σε.
1208 4322 1228 4355 ι
1266 4296 1341 4356 0‘6
1385 4304 1413 4355 ὁ
1465 4304 1670 4375 Κύριος
1699 4309 1764 4375 τῇ
1812 4309 2004 4378 τριττῇ

426 4395 717 4465 ἐρωτήσει,
758 4394 820 4448 τὸ
854 4397 1073 4466 τριττὸν
1101 4396 1198 4466 τῆς
1229 4396 1516 4467 ἀρνήσεως
1566 4397 1822 4462 ὲξιὰσατο
1841 4414 1856 4429 ο
1884 4394 2007 4455 εἶτα

426 4489 524 4558 τῆς
559 4487 893 4560 οἰκουμένης
922 4486 1340 4559 προχειρίξεται
1369 4489 1607 4559 ποιμένα
1629 4491 1723 4544 καὶ
1752 4491 2006 4545 διδάσκα-

2113 3276 2351 3341 videtur,
2377 3276 2471 3346 qui
2523 3275 2745 3345 scripsit
2798 3276 3180 3347 Evangelium)
3218 3275 3413 3331 Petrus
3473 3276 3697 3331 intuens

2111 3370 2167 3424 in
2190 3368 2653 3440 iucundissimum
2691 3368 2902 3424 Domini
2932 3371 3169 3436 vultum,
3200 3369 3420 3437 inquit:
3455 3389 3475 3420 ε
3511 3369 3698 3423 Domi-

2110 3477 2199 3528 ne,
2237 3463 2364 3532 quid
2398 3462 2571 3531 placet
2614 3462 2709 3518 tibi
2743 3471 2799 3517 ut
2835 3478 2935 3531 ego
2958 3462 3151 3517 faciam
3183 3463 3232 3516 ἲ»
3264 3460 3423 3518 Iesus
3465 3464 3700 3519 interro.

2108 3553 2259 3623 gavit
2296 3552 2441 3607 hunc
2468 3562 2570 3616 ter,
2600 3570 2619 3604 ι
2657 3560 2835 3617 Petre,
2869 3568 3021 3608 amas
3046 3554 3177 3608 me?
3210 3572 3232 3606 ι
3270 3564 3325 3608 et
3366 3555 3418 3609 in
3448 3570 3696 3624 unaqua-

2108 3659 2214 3715 que
2247 3645 2674 3717 interrogatione
2702 3654 2980 3718 pastorem
3008 3646 3116 3701 illis
3146 3646 3455 3716 designavit
3480 3647 3694 3709 dicens,

2113 3756 2134 3789 r
2183 3736 2349 3792 Pasce
2368 3752 2500 3793 oves
2522 3752 2689 3801 meas,
2724 3753 2889 3808 pasce
2919 3753 3090 3809 agnos
3137 3754 3329 3804 meos;
3366 3758 3386 3791 ι
3414 3740 3506 3808 qui
3543 3750 3696 3794 terna

2109 3831 2537 3899 interrogatione
2561 3834 2925 3887 contristatus
2955 3833 3030 3886 ait
3053 3832 3285 3886 ubertim
3337 3830 3496 3899 ﬂens,
3535 3849 3556 3882 ι
3588 3828 3697 3885 Do-

2111 3922 2278 3988 mine,
2306 3932 2361 3977 tu
2395 3924 2503 3978 scis
2532 3924 2738 3990 omnia,
2775 3934 2831 3978 tu
2862 3925 2972 3979 scis
3014 3926 3143 3995 quia
3176 3939 3300 3979 amo
3322 3934 3372 3980 te
3392 3926 3436 3989 ⁸,
3480 3944 3501 3979 ι
3536 3926 3698 3996 cujus

2112 4015 2379 4072 Dominus
2408 4016 2611 4085 triplici
2665 4016 3098 4088 interrogatione
3141 4018 3312 4072 voluit
3374 4019 3571 4090 triplici
3602 4020 3699 4074 ab-

2112 4106 2390 4175 ncgatioui
2440 4108 2669 4164 mederi.
2727 4109 2919 4164 Postea
2966 4119 3127 4165 terra:
3176 4112 3462 4166 constituit
3513 4113 3691 4183 ipsum

2109 4210 2385 4271 pastorem
2425 4209 2479 4254 et
2510 4200 2859 4268 magistrum,
2895 4202 3057 4270 idque
3088 4202 3278 4259 multis
3339 4205 3696 4259 ostendemus

2109 4295 2418 4349 rationibus
2472 4304 2527 4349 et
2584 4294 2857 4361 teatihns;
2914 4298 3187 4366 praecipue
3259 4314 3390 4353 vero
3453 4298 3696 4355 Joannes

2110 4386 2360 4443 Damasci
2390 4389 2582 4441 oculos
2612 4387 2664 4441 in
2702 4386 2821 4442 Vita
2854 4387 3100 4443 Barlaatn
3131 4400 3189 4444 et
3238 4389 3502 4458 Josaphat
3534 4393 3695 4445 Indo-

2110 4493 2234 4532 rum
2264 4487 2497 4534 testatur
2523 4478 2594 4531 ita
2623 4479 2814 4533 dicens
2846 4496 2861 4534 :
2898 4499 2918 4531 ι
2965 4480 3192 4549 Aufugit
3224 4481 3395 4539 hostis
3446 4483 3698 4539 diabolus

426 4581 539 4637 λον.
570 4581 681 4635 Καὶ
709 4579 869 4635 τοῦτο
911 4580 1129 4644 πολλοῖς
1160 4580 1260 4651 μὲν
1304 4579 1665 4650 ἀποδείξομεν
1698 4582 1878 4651 λόγοις
1912 4586 2004 4637 καὶ

2112 4575 2182 4630 ob
2212 4572 2355 4627 Petri
2422 4572 2803 4641 pceuiteutiam
2853 4574 3062 4644 pudore
3113 4574 3374 4632 suffusus.
3425 4595 3444 4627 ι
3480 4578 3551 4631 At
3606 4577 3697 4631 ille

431 4677 725 4747 μάρτυσιν.
759 4673 874 4744 Οὐχ
918 4666 1085 4743 ἦττον
1119 4673 1177 4726 δὲ
1223 4673 1320 4725 καὶ
1352 4673 1609 4744 Ἰωάννης
1642 4675 1670 4726 δ
1705 4674 1881 4743 μέγας
1910 4678 2011 4743 τῆς

430 4766 725 4838 Δαμασκοῦ
754 4764 1056 4835 ὀφθαλμὸς,
1084 4766 1143 4820 ὲν
1170 4766 1246 4835 τῷ
1274 4766 1375 4836 βίῳ
1405 4764 1673 4836 Βαρλαὰμ
1705 4767 1794 4820 καὶ
1822 4767 2010 4845 florea-

431 4860 541 4929 φάτ
570 4859 678 4913 τῶν
714 4857 917 4921 Ἰνδῶν,
954 4862 1235 4929 μαρτυρεῖ
1265 4857 1441 4926 λέγων
1482 4857 1577 4912 ὡδί
1605 4874 1619 4889 '
1649 4876 1669 4909 ι
1714 4859 1955 4926 Ἔφυγεν
1985 4862 2013 4913 ὁ

431 4951 695 5021 πολέμιος
722 4948 996 5014 διάϐολος,
1030 4948 1347 5018 αἰσχυνθεὶς
1376 4952 1447 5021 τῇ
1480 4952 1741 5021 μετανοίᾳ
1777 4950 2009 5021 Πέτρου.

442 5043 503 5097 '0
530 5042 613 5108 δὶ,
657 5041 960 5113 κορυφαῖος
1012 5036 1171 5103 αὖθις
1204 5034 1293 5110 ἦν,
1322 5038 1512 5110 ὥσπερ
1558 5040 1883 5102 διδάσκαλος
1910 5039 2007 5111 τῆς

428 5136 761 5208 οἰκουμένης
786 5132 1216 5206 χειροτονηθείς.
1246 5151 1265 5185 ι
1291 5133 1462 5187 Τοῦτο
1487 5133 1579 5185 καὶ
1601 5136 1629 5187 ὁ
1664 5137 1829 5204 σοφὸς
1854 5133 2008 5188 Λέων

426 5234 458 5286 ὁ
492 5230 765 5302 βασιλεὺς,
802 5230 862 5282 ὲν
906 5227 1020 5290 τοῖς
1068 5224 1595 5295 ἐξαποστειλαρίυις,
1641 5226 1724 5295 Πῆ
1767 5226 1888 5295 μὲν,
1922 5225 2008 5279 λέ-

429 5338 541 5389 γει,
580 5316 826 5389 μετάτὴν
859 5315 1010 5369 θείαν
1032 5314 1277 5385 ἔγερσιν,
1308 5315 1428 5384 τρὶς
1457 5315 1541 5379 τὸ,
1573 5317 1806 5386 ιιιέτρε,
1836 5317 2008 5385 φιλεῖς

447 5430 516 5484 με
547 5427 599 5483 ς»
638 5410 947 5479 πυθόμενος
974 5410 1002 5461 ὁ
1027 5407 1236 5480 Κύριος
1262 5408 1372 5460 τῶν
1399 5406 1543 5460 ἰδίων
1574 5408 1860 5477 προσάτων
1887 5424 2017 5478 προ-

437 5504 695 5559 ϐάλλεται
749 5500 1131 5571 ποιμενάρχην
1156 5517 1169 5530 ο
1200 5502 1274 5567 πῆ
1318 5498 1397 5564 δὲ,
1433 5498 1643 5569 Σίμωνι
1684 5498 1886 5550 δέδωκε
1917 5498 2017 5567 τὴν

436 5597 546 5652 τῶν
572 5594 863 5665 προὸἀτων
895 5591 1066 5662 νομήν
1091 5605 1107 5620 ⁸
1160 5594 1240 5653 εἰς
1284 5590 1506 5660 ἀγάπης
1550 5587 1879 5655 ἁντὲκτισιν,
1918 5589 2018 5655 τὴν

435 5690 531 5745 τοῦ
563 5687 877 5760 ποιμαίνειν
905 5684 1161 5754 φροντίδα
1204 5682 1392 5737 αἰτῶν.
1440 5681 1534 5735 Διὸ
1566 5682 1661 5735 καὶ
1692 5680 1877 5750 ἔλεγεν
1903 5697 1915 5710 -
1952 5679 2018 5734 Εἰ

511 5873 532 5904 ⁶
561 5869 694 5927 Luc.
759 5886 890 5938 xm,
938 5869 1031 5924 ⁸51.
1109 5866 1129 5897 ⁷
1156 5864 1345 5922 Matth.
1376 5879 1509 5932 xvn,
1540 5863 1633 5920 26.

1731 5861 1752 5893 ⁸
1781 5860 1943 5917 Joan.
1996 5875 2113 5926 κει,
2148 5858 2338 5913 15-17.

2109 4681 2307 4723 rursus
2330 4667 2584 4735 princeps
2611 4666 2821 4721 electus
2843 4677 2982 4735 erat,
3016 4668 3182 4724 veluti
3208 4676 3369 4723 terra:
3407 4670 3693 4739 magister.

2109 4759 2166 4813 Id
2196 4767 2250 4814 et
2276 4758 2499 4827 sapiens
2530 4758 2638 4813 Leo
2664 4759 2964 4829 imperator
2986 4761 3038 4812 in
3095 4760 3492 4828 exapostilariis
3512 4760 3644 4813 dicit
3677 4778 3692 4814 :

2108 4850 2313 4906 Partim
2339 4850 2556 4919 quidem
2597 4861 2718 4918 post
2775 4850 3015 4904 divinam
3070 4851 3550 4915 resurrectionem,
3591 4860 3694 4913 ter,

2115 4963 2133 4996 ι
2163 4944 2346 5005 Petre.
2373 4960 2524 4999 amas
2547 4942 2672 4998 me?
2701 4964 2721 4995 ι
2760 4942 3104 5014 interrogans
3135 4942 3413 5005 Dominus.
3469 4957 3693 4998 suarum

2118 5039 2304 5094 ovium
2338 5036 2626 5092 constituit
2664 5044 2941 5104 pastorem
2975 5051 2992 5102 ;
3055 5035 3251 5104 partim
3315 5050 3445 5089 vero
3485 5033 3692 5088 Simoni

2115 5143 2244 5186 oves
2265 5127 2489 5183 tradidit
2518 5127 2584 5180 ad
2618 5125 2971 5193 pascendum,
3000 5137 3059 5179 ut
3094 5124 3417 5181 charitatem
3448 5131 3691 5179 mutuam

2114 5221 2454 5292 rependeret,
2491 5220 2773 5287 requirens
2824 5217 2893 5273 ab
2934 5232 3003 5272 eo
3062 5232 3250 5272 curam
3301 5217 3604 5289 pascendi;
3643 5224 3698 5271 ct

2116 5312 2238 5369 ideo
2305 5310 2465 5375 dixit,
2506 5328 2525 5362 ι
2572 5308 2751 5373 Petre,
2819 5308 2866 5363 si
2924 5322 3077 5363 amas
3136 5322 3244 5372 me,
3306 5322 3471 5377 pasce
3524 5319 3697 5376 agnos

2116 5419 2270 5459 meos
2295 5404 2338 5457 ’.
2371 5421 2390 5455 ι
2428 5401 2626 5456 Petrus
2682 5415 2832 5466 vero,
2889 5399 3217 5470 intelligens,
3249 5397 3395 5468 quod
3438 5411 3694 5467 magnum

2116 5505 2199 5549 est
2229 5494 2496 5565 primatus
2525 5498 2579 5547 et
2630 5491 2815 5545 multa:
2872 5491 3092 5545 virtutis
3148 5504 3338 5560 egens,
3396 5489 3697 5559 vidensque

2114 5585 2407 5651 Joannem,
2431 5598 2594 5655 quem
2629 5584 2786 5639 valde
2826 5583 3084 5639 Christus
3136 5582 3415 5653 diligebat,
3471 5580 3568 5651 qui
3612 5594 3700 5635 se-

2117 5679 2408 5748 quebatur,
2462 5678 2536 5732 ait
2571 5690 2591 5733 :
2652 5693 2671 5726 t
2703 5667 2801 5731 llic
2863 5686 3044 5731 autem
3076 5673 3257 5745 quid?
3295 5690 3314 5726 ι
3350 5671 3506 5743 quasi
3568 5683 3700 5728 vero

2448 5857 2469 5890 ⁸
2501 5857 2639 5914 Ibid.
