4182 6350
433 328 575 395 1355

1627 327 1960 391 JOSEPHI
2008 328 2330 388 ΜΕΤΗΟΝ
2348 329 2571 388 ENSIS

3577 334 3719 398 135-6

428 455 607 515 potest
631 444 794 501 dulce
822 444 1024 501 Christi
1059 460 1254 500 nomen
1286 444 1568 515 proferre?
1593 442 1650 498 Si
1670 459 1800 499 vero
1825 438 2016 511 prolu-

2138 443 2419 512 ιὶρετικῶν
2450 443 2721 512 στόματα,
2759 443 3197 514 κατεκυρῖευσαν
3225 445 3414 514 αὐτῆς,
3451 445 3587 499 ἀλλὰ
3620 448 3721 499 καὶ

429 536 500 591 lci
516 537 577 604 it,
601 539 815 594 induas
840 548 1018 608 partes
1040 537 1408 604 discinditur;
1429 553 1496 593 eo
1528 537 1647 592 loco
1665 535 1756 590 ubi
1783 536 1826 591 si
1849 548 2029 588 sacer-

425 627 585 685 dotes
645 630 1018 686 snerificautes
1074 631 1280 686 inventi
1319 628 1796 696 fuerint,Christi
1844 626 2032 681 llOsteS

430 721 813 791 ingrediuntur
828 729 991 791 atque
1019 721 1403 790 subsannantﬁ.l
1436 731 1723 790 proterunt
1753 717 1943 773 altaria
1980 727 2031 769 et

429 815 721 884 profanant
747 824 800 870 et
820 812 1019 869 Sancta
1043 813 1356 883 projiciunt.
1378 826 1432 869 et
1453 815 1637 887 plagas
1653 812 2031 869 sacerdotibus

431 909 707 979 infligunt,
737 919 788 963 et
811 909 1169 979 protrudunt,
1205 917 1260 964 et
1297 908 1551 964 derident
1583 907 2025 964 ChriSIinnorum

451 1001 771 1071 religionem
797 1001 818 1054 ί
844 999 1220 1072 Nequaquam.
1257 1000 1362 1056 Sed
1396 1001 1464 1056 ibi
1507 1010 1717 1072 Oportet
1758 1014 1900 1060 esse,
1937 997 2030 1054 ubi

435 1093 640 1151 Christi
660 1094 871 1164 signum
893 1095 1140 1166 refulget,
1157 1105 1210 1150 et
1229 1093 1489 1151 Ecclesia:
1505 1101 1863 1154 exornantur,
1883 1091 2030 1154 uola,

436 1189 729 1256 imagines,
765 1200 818 1242 et
861 1188 1052 1242 altaria
1109 1189 1292 1243 omnia
1326 1203 1526 1259 magno
1556 1202 1681 1245 cum
1718 1187 1871 1240 cultu
1903 1199 2034 1238 con-

436 1283 767 1350 spiciuutur,
806 1291 861 1334 et
887 1281 1190 1336 adorantur
1218 1289 1267 1336 et
1307 1281 1686 1336 sacerdOtibus
1707 1279 1924 1335 eminus
1949 1292 2036 1331 rc-

433 1383 688 1428 verenter
728 1381 1024 1444 assurgunt
1071 1375 1254 1444 populi
1289 1390 1304 1429 :
1349 1373 1426 1431 ibi
1489 1374 1586 1429 ubi
1623 1373 1799 1444 palam
1827 1371 2031 1427 Christi

438 1465 577 1521 ﬁdes
601 1464 969 1536 priedicatur;
1003 1465 1074 1520 ibi
1097 1466 1179 1537 (ι)
1201 1466 1291 1521 ubi
1321 1476 1478 1522 terra:
1507 1481 1661 1534 reges
1684 1477 1735 1521 et
1758 1466 2034 1536 principes

440 1558 729 1613 venientes
761 1557 828 1613 ad
862 1574 1022 1614 sacra
1057 1560 1174 1615 loca
1214 1559 1555 1630 inspicienda
1575 1568 1631 1615 et
1658 1559 2032 1630 apostolorum

443 1651 624 1720 capita
695 1649 1000 1718 adoranda,
1026 1669 1130 1709 una
1166 1669 1290 1708 cum
1337 1653 1445 1708 illis
1473 1660 1527 1709 et
1580 1652 1813 1724 praeside
1842 1668 2033 1708 eorum

439 1743 758 1816 pontiﬁcem
792 1744 1025 1801 adorant
1075 1755 1130 1802 et
1181 1747 1301 1818 ejus
1352 1747 1584 1817 pedibus
1625 1747 2034 1813 advolvuntur;

440 1838 517 1895 ibi
551 1835 644 1892 ubi
673 1834 797 1890 festi
829 1836 969 1904 dies,
1027 1841 1369 1909 psalmodiaa,
1433 1853 1649 1909 preces,
1699 1838 1825 1894 sine
1881 1848 2030 1892 metu

439 1934 812 1999 celebrantur,
848 1933 940 1989 ubi
972 1947 1132 1987 nemo
1165 1931 1490 1988 reformidat
1538 1931 1643 1986 sibi
1693 1945 2028 2001 quemquam

445 2027 766 2091 adversari;
803 2027 873 2082 ibi
930 2025 1020 2081 ubi
1062 2040 1312 2081 summus
1369 2024 1610 2093 pontifex
1681 2021 1935 2078 doctores
1978 2030 2033 2077 et

446 2120 834 2188 praedicatores
866 2119 918 2172 in
953 2132 1170 2173 onmem
1220 2123 1426 2171 terram
1483 2115 1708 2170 dimittit
1736 2114 1803 2168 ad
1840 2111 2035 2184 prmdi-

443 2210 683 2266 candum
715 2218 768 2265 et
793 2208 1229 2264 annuntiaudum
1267 2207 1491 2263 verbum
1527 2205 1647 2272 Dei,
1675 2205 1878 2264 Christi
1912 2205 2033 2260 imi-

443 2302 672 2366 tatione,
707 2301 820 2356 imo
843 2300 1142 2358 Salvatoris
1169 2300 1340 2354 nostri
1369 2299 1513 2354 vices
1538 2298 1590 2352 in
1617 2300 1781 2354 terris
1815 2312 2030 2368 gerens.

442 2396 580 2452 Nam
631 2397 776 2451 sicut
812 2397 858 2450 is
893 2395 1160 2466 apostolis
1211 2393 1351 2448 dixit
1390 2412 1402 2447 :
1438 2412 1458 2444 ι
1505 2393 1644 2448 Ecce
1708 2393 1868 2448 mitto
1901 2407 2028 2458 vos,

439 2495 637 2546 euntes
667 2489 719 2543 in
755 2487 1017 2543 mundum
1055 2487 1395 2548 universum,
1447 2486 1740 2556 praedicate
1779 2484 2031 2556 Evange-

441 2583 576 2639 lium
610 2584 758 2638 omni
793 2589 1062 2637 creaturas
1103 2583 1170 2648 ",
1207 2599 1226 2633 ι
1263 2581 1338 2635 ita
1369 2589 1424 2636 et
1472 2582 1559 2636 hic
1595 2581 1649 2635 in
1710 2581 2029 2635 universum

442 2677 636 2733 orbem
665 2676 959 2746 ntagistros
990 2675 1161 2729 mittit
1199 2688 1393 2745 magna
1425 2689 1551 2730 cum
1576 2689 1731 2738 cura,
1760 2674 1856 2744 qui
1917 2689 2028 2728 non

441 2772 622 2828 solum
653 2769 721 2827 ad
745 2769 1093 2826 Christianos
1122 2769 1575 2840 proﬁciscuntur.
1615 2769 1708 2825 sed
1755 2769 1922 2823 etiam
1957 2767 2024 2821 ad

442 2881 640 2921 omnes
671 2874 881 2936 gentes;
915 2865 999 2920 vel
1027 2880 1092 2920 ex
1130 2864 1304 2919 sancti
1363 2862 1646 2918 Francisei
1697 2862 1914 2927 ordine,
1950 2862 2031 2917 vel

446 2958 741 3024 Dominici,
772 2957 857 3015 vel
888 2972 950 3012 ex
989 2957 1094 3013 alia
1152 2957 1359 3026 regula.
1415 2955 1555 3026 Ergo
1593 2956 1664 3010 ibi
1730 2954 2027 3012 Eeelesiam

431 3051 854 3116 conﬁtebimur,
893 3051 987 3106 ubi
1017 3065 1124 3107 non
1157 3060 1242 3106 est
1283 3051 1527 3114 hazresis,
1586 3066 1686 3104 nec
1742 3049 2026 3118 iniquitas,

2132 534 2351 598 ἀσεϐεῖς
2385 533 2478 588 καὶ
2525 533 2782 604 ἀλλότρια
2841 534 2968 605 ἔθνη
3031 537 3201 606 αύτῆς
3249 539 3721 608 κατεκράτησαν;

2135 630 2252 684 ἐκεῖ
2283 627 2410 681 ἔνθα
2439 629 2559 683 οὐῗὲ
2585 631 2890 698 ἱερουργεῖν
2925 630 3012 682 ἐπ’
3047 629 3230 686 ἁδείας
3259 631 3430 696 ἐστιν,
3466 630 3587 682 οὐδὲ
3623 631 3722 698 σή-

2103 751 2105 753 ι
2139 741 2397 794 μαντρον,
2440 724 2562 778 οὐδὲ
2590 725 2649 775 τὸ
2676 725 2767 775 τοῦ
2808 723 3053 792 σταυροῦ
3084 725 3311 793 σημεῖον
3344 724 3674 791 ἐμφαίνεται
3704 738 3723 788 ε

2135 818 2269 882 ἐκεῖ,
2305 816 2431 868 ἔνθα
2463 818 2523 868 οὐ
2551 817 2800 870 δύναιταί
2831 835 2913 881 τις
2929 819 3119 871 σείπεῖν
3143 819 3430 889 παρῤησῖᾳ
3453 816 3514 869 τὶ)
3541 815 3720 884 γλυκὺ

2133 912 2227 966 τοῦ
2265 911 2500 980 Χριστοῦ
2553 912 2768 978 δνομας
2825 914 2873 964 εί
2928 912 2983 966 δὲ
3015 911 3145 982 εἴπῃ
3199 912 3363 982 διχῶς
3393 911 3686 980 διαιρεῖται
3710 926 3727 940 ο

2136 1005 2270 1067 ἐκεῖ,
2304 1001 2430 1056 ἔνθα
2471 1003 2896 1072 ἱερουργούντων
2929 1002 3037 1055 τῶν
3063 1003 3476 1074 εὑρισκομένων
3502 1001 3725 1072 ἱερέων,
3790 1051 3806 1061 ,

2136 1097 2183 1149 οἱ
2208 1097 2302 1148 τοῦ
2327 1095 2566 1166 Χριστοῦ
2596 1096 2782 1166 ἐχθροὶ
2808 1096 3145 1167 εἰσέρχονται
3173 1098 3267 1150 καὶ
3298 1095 3728 1165 μυκτηρίζουστ,

2137 1192 2233 1244 καὶ
2260 1188 2638 1242 καταπατοῦσι
2670 1191 2763 1242 καὶ
2789 1188 3083 1260 βεὸηλοῦσι
3111 1187 3182 1242 τὰ
3211 1187 3601 1255 θυσιαστήρια,
3631 1188 3731 1239 καὶ

2139 1283 2395 1352 ῥίπτουσι
2429 1284 2496 1336 τὰ
2532 1283 2725 1350 Ἅγια,
2785 1283 2879 1336 καὶ
2938 1283 3209 1336 τύπτουσι
3250 1282 3379 1341 τοὺς
3427 1281 3594 1351 ἱερεῖς
3631 1280 3731 1332 καὶ

2135 1378 2365 1438 ὠθοῦσι,
2391 1379 2480 1431 καὶ
2515 1377 2716 1444 γελῶσι
2741 1375 2839 1444 τὴν
2863 1374 2971 1429 τῶν
3009 1375 3358 1446 Χριστιανῶν
3389 1372 3687 1444 θρησκείαν
3711 1389 3728 1434 ;

2138 1469 2426 1541 οῦμενουν.
2473 1468 2616 1522 Ἀλλ’
2679 1470 2794 1522 ἐκεῖ
2823 1470 2906 1522 δεῖ
2971 1461 3133 1532 εἶναι,
3189 1466 3319 1520 ἔνθα
3371 1466 3468 1520 καὶ
3519 1465 3581 1519 τὸ
3629 1465 3730 1516 τοῦ

2139 1565 2376 1636 Χριστοῦ
2399 1565 2627 1635 σημεῖον
2650 1563 2968 1632 διαλάμπει,
2985 1564 3082 1617 καὶ
3098 1563 3153 1617 αί
3183 1560 3508 1633 Ἕκκλησίαι
3535 1576 3730 1612 κεκοσ-

2143 1659 2389 1728 μημέναι
2416 1659 2783 1728 τυγχάνουσιν
2832 1653 3010 1723 οὖσαι,
3035 1656 3131 1711 καὶ
3164 1659 3474 1726 σήμαντρα,
3509 1653 3602 1706 καὶ
3633 1668 3733 1720 ση-

2143 1753 2326 1821 μαῖαι,
2363 1753 2459 1804 καὶ
2489 1752 2853 1822 Θυσιαστήρια
2895 1751 3072 1803 πάντα
3120 1750 3259 1820 μετὰ
3287 1747 3455 1818 τιμῆς
3487 1745 3727 1818 ὁρῶνται

2137 1846 2232 1899 καὶ
2268 1843 2707 1914 προσκυνοῦνται
2732 1859 2744 1873 °
2781 1845 2878 1897 καὶ
2909 1845 3018 1906 τοῖς
3050 1843 3255 1911 ιερεῦσι
3291 1841 3568 1912 μακρόθεν
3601 1839 3727 1908 μετ’

2135 1937 2318 1995 αἰδοῦς
2352 1937 2734 2003 ὑπεξίστανται
2767 1938 2814 1989 οἱ
2855 1937 2973 1987 λαοί
3003 1951 3016 1966 ο
3050 1937 3185 2002 ἐκεῖ,
3223 1934 3352 1987 ἔνθα
3388 1932 3726 2004 κηρύττεται

2134 2032 2493 2104 διαρρήδηνή
2528 2029 2624 2084 τοῦ
2675 2029 2913 2100 Χριστοῦ
2947 2031 3135 2093 πίστις
3161 2045 3174 2058 '
3209 2030 3350 2092 ἐκεῖ,
3384 2027 3520 2080 ὅπου
3553 2027 3600 2078 οἱ
3631 2023 3732 2094 βα-

2137 2129 2303 2192 σιλεῖς
2328 2129 2428 2195 τῆς
2453 2127 2554 2194 γῆς
2622 2129 2718 2181 καὶ
2749 2126 2800 2179 οἱ
2851 2124 3119 2196 ἄρχοντες
3169 2123 3459 2195 ἐρχόμενοι
3508 2120 3727 2192 ίστορῆ-

2137 2236 2225 2272 σαι
2267 2218 2393 2282 τοὺς
2429 2219 2607 2289 ἱεροὺς
2638 2218 2861 2281 τόπους,
2893 2217 2990 2270 καὶ
3021 2217 3132 2270 τῶν
3189 2217 3509 2286 κορυφαίων
3558 2230 3726 2285 προσ-

2135 2310 2371 2380 κυνῆσαι
2399 2311 2498 2374 τὰς
2560 2309 2764 2381 κάρας,
2799 2309 2896 2364 σὺν
2925 2310 3169 2373 ἐκείναις
3203 2305 3580 2378 προσκυνοῦσι
3630 2306 3729 2360 καὶ

2134 2405 2227 2458 τὸν
2255 2405 2739 2475 προκαθεζόμενον
2798 2403 3086 2475 ἀρχιερέα,
3109 2405 3206 2456 καὶ
3237 2403 3576 2465 ἀσπάζονται
3602 2402 3729 2460 τοὺς

2136 2497 2307 2561 πόδας
2338 2495 2527 2552 αὑτοῦ.
2565 2497 2732 2560 Ἐκεῖ,
2769 2496 2899 2550 ἔνθα
2930 2497 3278 2568 πανηγύρεις
3311 2495 3555 2564 γίνονται
3587 2498 3728 2563 παῤ-

2137 2588 2333 2660 ῥησίᾳ,
2363 2590 2456 2642 καὶ
2492 2589 2805 2661 ψαλμῳδίαι
2838 2591 2932 2643 καὶ
2974 2591 3301 2661 προσευχαί.
3337 2589 3516 2642 Ὅπου
3557 2588 3726 2656 (potio;

2135 2681 2335 2747 οὐδεὶς,
2362 2680 2484 2734 τινὰ
2511 2682 2691 2735 εἰπεῖν
2721 2681 3063 2736 τούναντίον.
3107 2682 3277 2747 Ἐκεῖ,
3308 2680 3440 2734 ἔνθα
3483 2681 3514 2732 ὁ
3549 2681 3723 2749 ἄκρος

2134 2772 2427 2843 ἀρχιερεὺς
2468 2771 2746 2841 ἐκπέμπει
2797 2770 3158 2835 διδασκάλους
3220 2769 3604 2840 καζκήρυκας
3643 2769 3727 2830 είς

2135 2869 2318 2920 πᾶσαν
2346 2867 2445 2934 τὴν
2470 2867 2821 2936 οἰκουμένην,
2865 2864 3164 2935 κηρύττειν
3197 2864 3294 2918 καὶ
3330 2861 3728 2931 καταγγέλλειν

2132 2962 2223 3014 τὸν
2251 2960 2344 3013 τοῦ
2383 2959 2521 3012 Θεοῦ
2556 2959 2749 3028 λόγον’
2785 2959 3035 3031 μιμητὴς
3060 2957 3154 3013 τοῦ
3188 2956 3430 3029 Χριστοῦ
3461 2956 3559 3020 ὢν,
3593 2956 3732 3026 pal-

2135 3054 2224 3106 λον
2275 3053 2332 3106 δὲ
2382 3054 2495 3107 ἀντ’
2527 3052 2695 3105 αὐτοῦ
2742 3052 2837 3108 τοῦ
2869 3052 3123 3122 Σωτῆρος
3159 3051 3322 3125 ἡμῶν
3363 3052 3457 3105 ἐπὶ
3486 3049 3589 3120 τῆς
3623 3053 3730 3118 γῆς

451 3160 634 3217 neque
688 3143 1010 3208 inﬁdelitas.
1076 3143 1187 3198 imo
1233 3158 1367 3200 vero
1397 3143 1557 3198 ﬁrma
1594 3140 1729 3198 ﬁdes
1751 3151 1807 3199 et
1839 3143 2029 3198 incon-

2138 3147 2418 3218 ὑπάρχων.
2453 3148 2668 3217 Ὥσπερ
2699 3145 2809 3215 γὰρ
2841 3147 3048 3210 ἐκεῖνος
3083 3148 3196 3209 τοῖς
3241 3142 3566 3207 ἀποστόλοις
3598 3143 3729 3213 ἔφη,

444 3255 629 3298 cessa.
667 3240 737 3294 At
763 3255 880 3297 non
906 3240 979 3295 ita
1027 3238 1169 3307 apud
1221 3236 1559 3306 Orientales,
1621 3237 1717 3292 ubi
1773 3237 2021 3292 abundat

446 3333 715 3404 iniquitas
769 3343 825 3389 et
875 3332 1190 3389 inﬁdelitas.
1243 3329 1356 3387 Nec
1389 3348 1545 3387 ineus
1580 3347 1765 3387 sermo
1801 3345 1886 3388 est
1921 3332 2030 3396 hic.

448 3428 546 3486 sed
578 3426 900 3483 Theodorus
938 3426 1184 3483 Studites
1227 3426 1455 3497 prodeat
1489 3437 1543 3481 et
1573 3425 1719 3480 dicat
1751 3426 1852 3482 hoc
1878 3428 2035 3481 testi-

446 3519 715 3588 monium,
767 3519 913 3591 quod
937 3535 1100 3576 nemo
1150 3518 1353 3592 poterit
1391 3518 1646 3588 inﬁcisri,
1707 3521 1761 3574 in
1817 3521 2032 3578 decima

447 3613 641 3683 quinta
668 3613 968 3678 catechesi,
985 3628 1150 3683 quam
1177 3613 1355 3683 legitis
1383 3615 1627 3684 quidem,
1657 3624 1712 3669 at
1733 3630 1839 3670 non
1871 3615 2032 3672 intel-

447 3707 641 3778 ligitis,
695 3709 823 3778 quia
859 3722 968 3764 non
1003 3707 1187 3765 vultis.
1229 3705 1460 3763 Videtur
1516 3710 1663 3763 enim
1721 3709 1914 3764 doctor
1947 3711 2033 3764 hic

447 3799 712 3857 adversus
739 3808 1142 3870 oppugnatores
1173 3800 1471 3871 imaginum
1506 3814 1774 3870 pugnare,
1801 3815 1905 3870 qua
1923 3801 2032 3856 udo

447 3891 583 3949 dicit
613 3909 629 3948 ι
667 3909 686 3944 ι
721 3889 902 3946 Audio
931 3902 1113 3946 autem
1155 3897 1300 3962 quod
1359 3893 1566 3960 flama},
1605 3893 1870 3963 principis
1901 3909 2033 3963 apo—

451 3985 718 4042 stolorum
749 3983 892 4040 Petri
922 3986 1102 4042 claves
1134 3997 1522 4056 proponuntur
1552 3987 1620 4041 ad
1655 3989 2029 4055 adorandum,

452 4087 618 4149 atque
667 4079 720 4133 in
780 4077 990 4134 honore
1048 4082 1240 4136 haberi
1275 4100 1288 4136 :
1320 4098 1637 4154 quanquam
1692 4099 1799 4138 non
1851 4085 2035 4139 claves

452 4174 748 4231 sensibiles
807 4174 1072 4230 Dominus
1120 4177 1168 4229 ei
1206 4176 1454 4238 tradidit,
1496 4177 1590 4231 sed
1633 4177 2035 4232 intellectuales

450 4269 520 4323 ad
551 4269 828 4338 ligandum
855 4279 909 4324 et
932 4269 1274 4325 solvendum.
1297 4271 1362 4325 At
1391 4271 1466 4325 illi
1499 4281 1787 4340 argenteas
1821 4272 2022 4342 pepulo

451 4370 764 4433 proponunt
801 4364 869 4415 ad
925 4362 1296 4428 adorandum,-
1345 4370 1497 4416 tanta
1541 4362 1707 4431 igitur
1760 4362 1901 4432 apud
1941 4379 2034 4417 eos

453 4469 541 4511 est
584 4455 736 4519 ﬁdes,
766 4465 822 4510 et
850 4454 923 4509 ibi
957 4455 1128 4512 solida
1187 4464 1340 4523 petra
1404 4456 1529 4511 fidei
1593 4458 1897 4512 secundum
1938 4456 2032 4512 Dei

457 4550 684 4606 verbum
733 4546 987 4604 fundata.
1030 4547 1128 4604 llic
1168 4564 1320 4615 vero,
1380 4561 1438 4605 ut
1486 4551 1724 4615 videtur,
1791 4549 2035 4605 abundat

458 4642 752 4698 inﬁdelitas
812 4660 876 4699 ac
908 4644 1248 4714 improbitas.
1282 4662 1302 4697 ι
1365 4642 1528 4700 Vides
1557 4647 1700 4716 quod
1739 4655 1790 4699 et
1844 4645 2038 4699 beatus

457 4737 548 4790 hic
576 4737 646 4791 ibi
676 4737 974 4792 conﬁtetur
1002 4739 1233 4794 solidam
1264 4753 1387 4794 esse
1425 4738 1624 4806 fidem;
1662 4754 1760 4793 nec
1794 4741 1848 4794 in
1878 4740 2038 4792 l’etro

457 4840 694 4892 tantum,
730 4829 824 4885 sed
860 4839 915 4884 et
947 4831 1002 4886 in
1039 4833 1158 4900 ejus
1181 4832 1620 4887 successoribus.
1655 4831 1780 4886 llazc
1809 4833 2032 4902 quidem

457 4936 583 4976 cum
624 4920 862 4978 audiatis
891 4933 945 4978 et
969 4923 1219 4990 videatis,
1260 4941 1361 4980 nec
1383 4925 1607 4996 possitis
1653 4936 1840 4980 contra
1868 4925 2040 4996 respi-

456 5028 602 5078 cere,
633 5014 779 5070 velut
809 5015 1072 5072 adversus
1105 5016 1380 5088 refulgens
1408 5029 1461 5074 et
1499 5033 1796 5074 coruscans
1849 5018 2036 5073 lumen

459 5105 730 5168 veritatis,
795 5107 862 5160 ad
897 5121 959 5160 ea
1007 5107 1306 5176 confugitis
1338 5124 1460 5178 quze
1519 5106 1673 5164 nefas
1721 5120 1804 5162 est
1857 5109 2041 5162 dicere

459 5198 668 5252 scilicet
701 5211 1039 5266 peccatorem
1092 5216 1214 5256 esse
1263 5199 1570 5256 Roiiiauum
1629 5201 1942 5271 pontificem
1988 5211 2042 5255 et

459 5287 770 5344 carnalibus
803 5289 1178 5358 voluptatibus
1206 5291 1615 5357 inservientem,
1650 5303 1704 5346 et
1739 5293 1860 5347 ideo
1884 5293 2031 5347 nolle

459 5394 558 5436 vos
593 5381 856 5436 honorem
895 5392 950 5438 et
985 5385 1342 5440 reverentiam
1369 5383 1610 5440 debitam
1639 5385 1923 5441 exhibere.

530 5567 573 5598 “
596 5561 764 5620 Marc.
785 5578 895 5632 xu,
919 5564 1008 5622 15.

2073 4517 2115 4569 Ι)

2148 3257 2166 3291 ι
2207 3237 2338 3293 Ἰδοὺ
2381 3237 2702 3292 ἀποστέλλω
2737 3238 2906 3306 ὑμᾶς,
2939 3236 3304 3316 πορευθέντες
3343 3237 3427 3300 εἰς
3477 3233 3567 3288 τὸν
3601 3235 3733 3288 κόσ-

2144 3350 2247 3404 μον
2277 3330 2522 3399 ἅπαντα,
2556 3330 2831 3403 κηρύξατε
2865 3332 2926 3387 τὸ
2957 3330 3294 3400 Εὑαγγέλιον
3327 3330 3483 3403 πάσῃ
3509 3331 3576 3401 τῇ
3608 3329 3730 3385 κτί-

2142 3418 2253 3492 σει,
2300 3447 2320 3480 ι
2371 3425 2515 3481 οὕτω
2553 3429 2644 3481 καὶ
2675 3427 2832 3489 οὗτος
2881 3425 3207 3479 ἀποστέλλει
3240 3425 3600 3488 διδασκάλους
3644 3427 3730 3488 εἰς

2143 3521 2323 3574 πάντα
2375 3520 2578 3590 κόσμον
2612 3522 2678 3589 τῇ
2719 3519 3036 3591 προμηθείᾳ
3079 3518 3248 3574 αὐτοῦ
3276 3535 3292 3553 ο
3347 3518 3398 3573 οἳ
3447 3519 3508 3573 ού
3565 3520 3732 3588 μ6,ὀν

2141 3617 2220 3676 εἰς
2267 3612 2631 3683 Χριστιανοὺς
2669 3614 3030 3684 πορεύονται,
3066 3613 3206 3667 ἀλλὰ
3235 3614 3327 3668 καὶ
3373 3613 3452 3675 εἰς
3483 3612 3553 3670 τὰ
3600 3612 3730 3681 ἔθνη

2141 3710 2319 3760 πάντα
2345 3725 2360 3739 ·
2394 3705 2431 3777 ἥ¹
2462 3710 2526 3760 ὲκ
2557 3707 2650 3761 τοῦ
2685 3709 2965 3778 σχήματος
2992 3707 3089 3762 τοῦ
3114 3707 3274 3778 ἀγίου
3312 3707 3663 3777 Φραγκίσκου
3691 3705 3728 3778 ἢ

2139 3799 2205 3850 ἐκ
2237 3797 2331 3850 τοῦ
2358 3799 2518 3865 ἁγίου
2547 3799 2866 3868 Δομενίκου,
2902 3799 2934 3868 ἢ
2972 3797 3030 3863 ἐξ
3061 3796 3226 3853 ἄλλοι)
3278 3815 3379 3852 του
3415 3799 3722 3869 τάγματος.

2150 3891 2298 3944 Ἐκεῖ
2345 3891 2526 3945 τοίνυν
2559 3893 2972 3963 ὁμολογήσομεν
3019 3887 3164 3946 εἶναι
3223 3891 3323 3964 τὴν
3370 3892 3727 3963 Ἐκκλησίαν,

2139 3985 2267 4037 ἔνθα
2301 3986 2400 4038 οὐκ
2431 3986 2578 4038 ἐστιν
2619 3986 2855 4056 αἵρεσις,
2884 3985 2915 4054 ἢ
2952 3986 3160 4056 ἀνομία
3201 3987 3233 4057 ἢ
3285 3987 3519 4040 ἀπιστία
3545 4002 3560 4016 θ
3591 3987 3732 4041 ἀλλὰ

2142 4077 2346 4146 μᾶλλον
2387 4078 2621 4150 ὑπάρχει
2659 4080 2693 4148 ἡ
2723 4078 2907 4137 πίστις
2951 4079 3206 4152 ἀρραγὴς
3271 4081 3362 4133 καὶ
3394 4080 3687 4152 ἁκλόνητο,
3713 4099 3727 4112 ·

2141 4171 2255 4225 ἀλλ’
2283 4172 2384 4225 οὐκ
2410 4173 2467 4224 ὲν
2499 4176 2565 4244 τῇ
2617 4171 2903 4243 Ἀνατολῇ,
2931 4171 3062 4225 ἔνθα
3105 4171 3392 4236 πλεονάζει
3426 4173 3460 4244 ἠ
3499 4173 3731 4227 ἀπιστία

2142 4266 2234 4318 καὶ
2292 4265 2324 4334 ἡ
2379 4264 2602 4333 ἀνομία.
2636 4265 2749 4319 Καὶ
2779 4265 2879 4318 οὐκ
2932 4263 3064 4334 ὲμὺς
3110 4259 3268 4328 οὗτος
3299 4266 3329 4318 ὁ
3354 4265 3513 4333 λόγος
3538 4281 3554 4297 ο
3589 4265 3730 4319 ἀ).λᾶ

2142 4356 2356 4426 παρίτω
2385 4355 2665 4428 Θεόδωρος
2692 4359 2718 4411 ὁ
2744 4358 3059 4429 Στουδίτης,
3089 4359 3184 4411 καὶ
3215 4359 3432 4413 εἰπάτω
3461 4359 3561 4431 τὴν
3590 4377 3733 4430 μαρ-

2144 4451 2339 4521 τυρίαν
2368 4452 2576 4522 ταύτην
2611 4452 2679 4522 ῆν
2713 4451 2773 4504 οὺ
2810 4451 3102 4522 δυνήσεταί
3132 4468 3211 4515 τις
3254 4452 3603 4524 ἀρνήσασθαι
3628 4468 3642 4482 ⁸
3673 4455 3728 4506 ἐν

2143 4550 2209 4618 τῇ
2245 4547 2714 4619 πεντεκαιδεκάτῃ
2745 4546 3052 4616 κατηχήσει
3084 4544 3278 4609 αὑτοῦ,
3351 4546 3418 4617 ἣν
3465 4546 3730 4612 ἀναγινώ-

2149 4659 2304 4694 σκετε
2347 4641 2465 4711 μὲν,
2493 4641 2553 4692 οὐ
2581 4643 2753 4694 νοεῖτε
2779 4641 2860 4704 δὲ,
2888 4639 3024 4693 διότι
3054 4642 3114 4693 οὐ
3151 4638 3358 4702 θέλετε,
3383 4638 3605 4694 τοιαῦτα
3638 4639 3728 4692 εῦ-

2148 4753 2352 4809 ρομεν·
2390 4736 2644 4806 φαίνεται
2690 4734 2799 4805 γὰρ
2843 4737 2870 4788 ό
2899 4733 3220 4798 διδάσκαλος
3254 4727 3411 4798 οὗτος
3445 4733 3589 4787 κατά
3617 4732 3727 4786 τῶν

2148 4831 2537 4904 Εἱκονομάχων
2595 4831 2927 4900 μαχόμενος,
2956 4829 3085 4884 ἔνθα
3119 4828 3288 4899 φησίν
3311 4845 3327 4861 ο
3368 4846 3387 4879 ι
3432 4826 3642 4881 ’Δκούω
3671 4828 3728 4877 δὲ

2147 4924 2228 4976 ὅτι
2254 4925 2310 4976 ἑν
2355 4923 2542 4994 Ῥώμῃ
2576 4923 2670 4974 καὶ
2721 4921 2822 4983 τὰς
2859 4921 3009 4987 κλεῖς
3053 4920 3146 4973 τοῦ
3191 4918 3500 4975 ἀποστόλου
3540 4917 3730 4989 προτί-

2135 5016 2319 5069 θενται
2351 5016 2432 5076 είς
2469 5013 2867 5085 προσκύνησιν,
2901 5015 2996 5067 καὶ
3025 5014 3113 5067 διὰ
3143 5014 3310 5083 τιμῆς
3342 5012 3573 5081 ἀγα-»σι’
3609 5010 3728 5065 καί·

2134 5125 2216 5162 τοι
2250 5124 2332 5176 γε,
2368 5109 2428 5162 οὐ
2484 5109 2638 5171 κλεῖς
2695 5106 2844 5177 αὑτῷ
2873 5106 3144 5178 αἰσθητὰς
3195 5109 3222 5160 ὁ
3259 5105 3466 5176 Κύριος
3502 5104 3724 5170 ἔδωκεν,

2135 5201 2272 5254 ἀλλὰ
2302 5201 2398 5263 τὰς
2429 5201 2518 5253 διὰ
2540 5199 2700 5269 λόγου
2729 5198 2864 5269 πρὸς
2888 5198 2950 5252 τὸ
2973 5198 3196 5268 δεσμεῖν
3224 5199 3320 5250 καὶ
3361 5197 3532 5250 λύειν.
3552 5193 3726 5250 Ἐκεῖ-

2134 5311 2214 5348 νοι
2269 5293 2326 5348 δὲ
2376 5295 2626 5364 ἀργυρᾶς
2661 5295 3051 5362 πεποιηκότες,
3100 5289 3455 5363 προτίθενται
3484 5288 3565 5360 τῷ
3610 5287 3727 5357 λαῲ

2133 5389 2214 5450 είς
2271 5386 2670 5458 προσκύνησιν.
2728 5384 2986 5454 Τοσαύτη
3024 5387 3207 5440 αὐτῶν
3252 5386 3403 5439 ἐστιν
3444 5385 3476 5451 ἡ
3514 5383 3723 5445 πίστις.

532 5747 870 5819 (l)0pponit
920 5748 1326 5823 elegantissime
1379 5750 1676 5806 Ecclesium
1722 5751 2022 5806 Romanam
2055 5751 2282 5808 Grmcx.
2325 5750 2468 5806 ldcm
2523 5762 2701 5823 potest
2745 5753 2852 5808 dici
2899 5753 2966 5810 de
3016 5754 3290 5811 haereticis
3353 5755 3524 5812 nostri
3589 5765 3729 5816 tem-

461 5823 632 5892 poris,
657 5831 707 5872 et
734 5832 921 5874 eorum
953 5820 1235 5876 Leclcsiis.
