4182 6350
417 327 562 392 13ἷ9

1575 318 1901 384 JOSEPlll
1943 317 2487 378 METIIONENSIS

3519 297 3664 364 138i)

414 442 703 496 ‘Valuerunt
758 435 996 489 hzcrctici
1051 436 1310 490 adversus
1365 437 1564 490 (Zhrisli
1631 435 1928 488 Etclt‘siuttt
1966 477 1979 498 ,

2111 435 2330 505 Lq).ov6‘:t
2392 430 2657 485 ἀπύλωτα
2719 425 2999 494 στόματαο
3033 421 3174 476 κατὰ
3223 421 3321 490 τὴν
3360 416 3665 484 ὑπόσχεσιν

417 528 693 600 quomodo
726 528 941 581 audetis
973 527 1154 580 dicere
1188 542 1308 582 eam
1346 545 1553 586 errato.
1591 546 1709 595 qua:
1742 527 1988 580 inerrans

2111 530 2181 582 τοῦ
2206 525 2470 596 ἀψευδοῦς
2498 524 2771 589 Σωτῆρος.
2806 521 2866 573 Et
2891 513 2984 572 οὖν
3009 516 3267 569 οὐδέποτε
3299 511 3664 580 κατίσχυσαν,

419 641 452 682 a
496 625 812 679 doctoribus
866 623 1234 692 praedicatur?
1281 622 1334 675 ιιι
1378 624 1541 676 etiam
1587 624 1894 678 ostenditur
1937 625 1988 676 iu

419 717 579 772 tertia
615 729 803 771 sancta
840 716 1072 784 synodo,
1111 716 1165 769 in
1199 731 1328 784 qua,
1363 716 1542 770 allatis
1591 718 1656 768 ab
1687 716 1989 785 apostolica

420 811 548 866 sede
579 810 777 864 litteris
801 849 814 873 ,
853 810 1118 862 Arcadius
1159 810 1454 877 episcopus
1490 825 1610 862 cum
1660 811 1994 863 surrexisset

420 905 484 959 ad
517 903 787 973 synodum
825 904 956 955 dixit
994 921 1006 956 :
1048 922 1066 952 ι
1107 901 1501 961 ύυὶιιιειιῖνρειιοςι
1541 903 1819 956 beatitudo
1841 918 1990 956 reve-

421 995 735 1052 reudissimi
767 994 954 1048 Patres
978 1035 992 1058 ,
1025 995 1218 1049 allatas
1248 994 1313 1046 ad
1349 1011 1440 1048 vos
1478 994 1692 1047 litteras
1725 995 1896 1047 sancti
1944 1003 1997 1048 et

410 1104 546 1146 cum
577 1088 896 1143 adoratione
925 1087 1139 1149 vocati,
1163 1086 1433 1140 Celestini
1501 1101 1650 1154 [πψτη
1679 1087 1996 1154 apestolica:

418 1181 568 1239 aedis
608 1179 887 1249 episcopi,
923 1179 1025 1246 legi
1060 1197 1073 1232 :
1123 1193 1185 1230 ea
1225 1178 1431 1246 quibus
1477 1177 1758 1247 percipere
1797 1179 1997 1246 poterit

419 1286 602 1329 vestra
635 1272 912 1328 beatitudo
948 1282 1159 1341 quanto
1189 1271 1374 1326 Studio
1409 1273 1767 1340 prosequitur
1808 1285 1997 1325 Omnes

421 1366 718 1421 Ecclesias.
761 1363 956 1418 Eadem
995 1373 1047 1415 ct
1080 1364 1277 1416 horum
1313 1364 1517 1417 similia
1565 1364 1845 1433 l‘rojertus
1878 1365 1998 1430 epi-

421 1475 625 1530 ecopus
662 1459 904 1528 protulit.
949 1477 967 1511 ι
1004 1458 1070 1512 Et
1090 1459 1250 1527 paulo
1272 1469 1430 1528 post:
1459 1477 1476 1510 t
1516 1459 1749 1528 Cyr-illus
1767 1459 2000 1513 Alexan-

421 1554 554 1608 driae
587 1554 724 1606 dixit
759 1569 772 1604 :
809 1550 1027 1604 Littera:
1059 1563 1296 1620 accepta:
1330 1567 1359 1606 a
1395 1552 1746 1607 sanctissimo
1780 1561 1995 1620 aposto-

423 1648 539 1702 lim
569 1647 714 1700 sedis
740 1645 995 1715 episcopo
1027 1644 1274 1700 Romano
1335 1645 1610 1700 Celestino
1638 1661 1760 1698 eum
1789 1644 1999 1698 decenti

410 1741 632 1796 honore
665 1740 934 1805 legantur.
959 1757 990 1790 τι
1029 1739 1201 1792 Audis
1236 1740 1528 1792 Arcadium
1560 1748 1614 1792 et
1649 1737 1956 1804 Projectum
1985 1775 1999 1799 ,

422 1833 564 1899 quod
611 1834 854 1884 omnium
897 1830 1265 1885 Ecclesiarum
1305 1845 1496 1884 curam
1540 1830 1680 1899 gerit
1715 1829 1997 1883 Romanus

425 1925 704 1994 pontifex?
750 1923 832 1978 Ob
869 1924 1129 1991 quidnam
1176 1923 1324 1977 aliud
1353 1963 1366 1984 .
1404 1923 1507 1977 nisi
1547 1925 1676 1993 quia
1718 1931 1881 1990 caput
1914 1932 2000 1974 est

423 2016 712 2069 ouinitun?
747 2017 898 2081 Quod
939 2032 1068 2069 vero
1100 2016 1337 2086 Cyrillus
1367 2015 1532 2079 dicit,
1571 2033 1590 2065 ι
1629 2030 1753 2068 cum
1786 2013 1998 2068 decenti

415 2111 632 2172 honore
663 2109 760 2178 legi
795 2123 914 2176 quze
938 2109 1147 2178 scripta
1185 2117 1314 2163 sunt
1378 2124 1405 2161 a
1436 2107 1712 2163 Celestino
1733 2149 1747 2172 ,
1795 2126 1810 2159 ι
1844 2121 2002 2160 com-

412 2207 792 2272 probaverunt
813 2203 1016 2257 -P.ttres
1047 2203 1340 2272 aperiendo
1373 2202 1551 2270 capita
1585 2214 1683 2255 sua
1710 2240 1724 2264 ,
1753 2209 1806 2252 et
1844 2214 1998 2254 reve-

427 2309 611 2351 renter
657 2297 930 2352 audiendo
979 2310 1101 2364 quae
1151 2295 1294 2347 dicta
1336 2302 1486 2348 sunt.
1537 2291 1592 2345 In
1635 2302 1828 2361 quarta
1871 2304 2002 2346 vero

414 2401 613 2446 sancta
650 2389 894 2461 synodo,
928 2399 984 2442 ut
1020 2389 1070 2442 iu
1118 2387 1278 2441 titulo
1345 2385 1541 2440 divina:
1570 2383 1869 2455 Scriptura:
1907 2399 2000 2452 ap-

428 2495 578 2552 paret
600 2525 616 2547 ,
649 2483 773 2537 ιιιίὶη
801 2483 946 2537 dicta
993 2491 1138 2536 sunt.
1173 2497 1193 2532 ι
1215 2478 1292 2534 ὐι
1325 2478 1672 2534 beatissimus
1713 2478 2002 2548 epiacOpus

427 2579 685 2632 llutuana:
715 2578 888 2639 urbis,
915 2576 1070 2641 cuius
1094 2573 1460 2628 sacerdotium
1490 2587 1656 2641 super
1686 2586 1877 2625 onines
1906 2585 2004 2626 an-

425 2672 651 2741 tiquitas
679 2684 800 2724 esse
827 2671 1016 2729 voluit.
1049 2676 1375 2736 potestatem
1404 2675 1456 2720 et
1488 2665 1804 2720 facultatem
1841 2664 2004 2719 habet

412 2764 496 2818 de
533 2764 638 2818 title
675 2771 728 2818 ct
767 2763 1147 2818 sacerdotibus
1183 2760 1598 2815 determinandi.
1636 2777 1657 2811 ο
1697 2759 1839 2828 Ergo
1875 2759 2001 2829 quia

429 2859 497 2915 de
546 2857 651 2912 fide
693 2866 749 2911 et
799 2854 1176 2912 sacerdotibus
1227 2852 1630 2912 determinantli
1687 2852 2002 2907 facultatem

431 2950 597 3006 habet
622 2987 640 3013 .
689 2949 888 3004 merito
922 2957 1086 3017 caput
1114 2957 1170 3004 et
1223 2948 1478 3015 magistra
1515 2946 1758 3000 omnium
1795 2945 2001 3001 Christi

429 3042 801 3099 Ecclesiarum
833 3043 885 3095 in
920 3043 1141 3096 decreto
1168 3041 1451 3104 scribitur,
1478 3047 1532 3092 et
1561 3054 1591 3094 a
1625 3039 1782 3094 nobis
1806 3038 2004 3094 colitur

2092 621 2206 676 ἀλλ’
2259 619 2378 672 ούδὶ
2412 615 2830 684 κατισχύσουσιν
2861 612 2911 663 ot
2946 609 3214 680 αἱρετικοὶ
3248 606 3344 672 τῆς
3390 601 3482 655 τοῦ
3519 601 3655 670 Χρι-

2096 713 2221 766 στοῦ
2252 708 2603 780 Ἐκκλησίας,
2635 706 2749 764 πῶς
2778 704 2934 773 ὑμεῖς
2987 701 3123 762 ὅλως
3178 698 3416 767 τολμᾶτε
3455 694 3666 760 λέγειν,

2094 809 2177 862 ὅτι
2210 805 2551 874 πεπλάνηται
2583 820 2596 866 ;
2645 801 2767 871 ἥτις
2821 795 3062 865 ἀπλανὴς
3095 793 3245 863 παρὰ
3274 789 3380 844 τῶν
3411 787 3672 842 suum-

2093 903 2203 953 λων
2230 899 2580 970 κηρύττεται.
2617 894 2792 948 Τοῦτο
2823 892 2877 944 δὲ
2909 892 3184 943 δείκνυται
3231 875 3326 940 καὶ
3355 885 3410 938 tv
3441 886 3506 952 τῃ
3535 883 3673 951 ἁγίᾳ

2095 998 2255 1066 τρίτῃ
2307 992 2532 1060 συνόδῳ,
2586 993 2643 1044 ἐν
2785 983 3265 1056 προσενεχθέντων
3320 978 3674 1050 γραμμάτων

2098 1091 2251 1159 παρὰ
2283 1089 2382 1156 τῆς
2412 1086 2779 1152 ἁποστολικῆς
2807 1081 3100 1150 καθέδρας,
3137 1075 3420 1149 Ἀρκὰδιος
3447 1069 3676 1125 ἐπίσκο-

2098 1201 2196 1246 πος
2249 1182 2496 1252 ἐγερθεὶς
2533 1178 2668 1250 πρὸς
2698 1178 2796 1248 τὴν
2848 1174 3070 1228 σύνοδον
3097 1171 3199 1240 ἔφη
3224 1183 3236 1198 ·
3277 1188 3296 1221 ι
3338 1165 3676 1221 Κελευσάτω

2096 1277 2132 1346 ἡ
2165 1275 2406 1344 ὑμετέρα
2445 1271 2818 1343 μακαριότης,
2858 1267 3099 1338 Πατέρες
3125 1263 3570 1331 αίδεσιμώτατοι,
3603 1257 3677 1308 τὲ

2103 1366 2536 1438 προσενεχθέντα
2572 1365 2702 1433 ἡμῖν
2733 1359 3045 1432 γράμματα
3079 1355 3169 1409 τοῦ
3199 1353 3358 1422 ἁγίου
3391 1351 3486 1404 καὶ
3524 1349 3673 1418 μετὰ

2101 1462 2528 1533 προσκυνήσεως
2562 1454 2967 1524 ὀνομαζομένου
3008 1454 3165 1504 πάπα
3193 1444 3539 1505 Κελεστίνου,
3573 1440 3678 1508 τῆς

2102 1552 2468 1621 άποστολικῆς
2532 1548 2802 1616 καθέδρας
2856 1543 3181 1604 ἐπισκόπου,
3215 1533 3673 1604 ἁναγνωσθῆναιυ

2103 1647 2163 1711 ἐξ
2196 1640 2270 1699 ὧν
2303 1645 2503 1714 γνῶναι
2560 1642 2852 1711 δυνήσεται
2917 1641 2951 1708 ἡ
3007 1634 3250 1703 ὑμετέρα
3314 1628 3675 1700 μακαριότης,

2103 1742 2294 1792 ὁποίαν
2321 1739 2428 1806 ἔχει
2458 1736 2717 1804 φροντίδα
2749 1733 2938 1786 πασῶν
2960 1730 3067 1783 τῶν
3091 1725 3418 1795 ἐκκλησιῶν.
3440 1721 3518 1774 Τὰ
3535 1717 3675 1773 αὐτὰ

2104 1837 2195 1889 καὶ
2227 1836 2388 1902 ὃμοια
2417 1832 2627 1892 τούτοις
2685 1826 2777 1880 καὶ
2831 1823 3124 1896 [Ιροτεκτος
3182 1820 3478 1879 ἐπίσκοπος
3503 1815 3666 1884 ἔφη..

2106 1929 2211 1983 Καὶ
2270 1926 2403 1996 μετὰ
2443 1925 2584 1976 πάνυ
2619 1921 2847 1992 βραχέα,
2898 1938 2913 1971 ι
2956 1915 3222 1986 Κύριλλος
3265 1907 3673 1979 Ἀλεξανδρείας

2104 2019 2261 2074 εἶπεν
2289 2038 2302 2051 ο
2347 2017 2675 2087 ’Υποδεχθὲν
2721 2018 2782 2068 τδ
2825 2014 3064 2083 γράμμα
3094 2009 3188 2063 τοῦ
3224 2005 3534 2074 ἀγιωτάτου
3582 2001 3678 2054 καὶ

2105 2116 2248 2169 κατὰ
2276 2113 2456 2165 πάντα
2488 2110 2786 2164 ὁσιωτάτου
2816 2107 2914 2176 τῆς
2946 2105 3109 2174 ἁγίας
3148 2098 3515 2168 ἁποστολικῆς
3550 2095 3673 2148 Ἐκο

2103 2206 2336 2278 κλησίας
2363 2205 2672 2257 ἐπισκόπου
2687 2202 2788 2273 τῆς
2828 2201 3120 2268 Ῥωμαίων
3157 2196 3504 2263 Κελεστίνου,
3536 2192 3675 2264 μετὰ

2105 2303 2204 2370 τῆς
2228 2301 2544 2372 προσφόρου
2573 2298 2740 2366 τιμῆς
2773 2292 3324 2363 ἀναγινωσκέτωσαν.
3363 2310 3381 2343 ι
3428 2289 3674 2350 Ἀκούεις

2119 2398 2408 2468 Ἀρκαδίου
2467 2397 2558 2448 καὶ
2596 2394 2922 2462 Προῖέκτου,
2955 2389 3029 2454 ὡς
3063 2389 3255 2443 πασῶν
3309 2387 3424 2459 ἔχει
3454 2385 3563 2439 τῶν
3593 2389 3680 2441 εκ-

2106 2489 2347 2559 κλησιῶν
2381 2485 2481 2556 τὴν
2538 2481 2800 2557 φροντίδα
2854 2484 2883 2536 ό
2939 2481 3039 2549 τῆς
3073 2479 3302 2549 Ῥώμης
3339 2474 3674 2547 ἀρχιερεύς;

2107 2585 2204 2638 Διὰ
2233 2584 2284 2637 τί
2336 2581 2482 2645 ἄλλο,
2518 2579 2551 2650 ἢ
2577 2579 2712 2633 διότι
2750 2575 2943 2632 πασῶν
2974 2578 3095 2629 εστι
3125 2571 3370 2642 κεφαλής
3398 2571 3484 2625 re
3521 2570 3579 2623 δὲ
3605 2572 3684 2622 εἰ-

2106 2681 2230 2730 πεῖν
2265 2673 2538 2743 Κύριλλον
2588 2671 2728 2741 μετὰ
2758 2670 2856 2741 τῆς
2891 2671 3208 2741 προσφόρου
3236 2667 3404 2737 τιμῆς
3431 2669 3682 2733 ἀναγνωο

2109 2772 2304 2842 σθῆναι
2331 2773 2399 2824 τὰ
2445 2769 2594 2837 παρὰ
2622 2769 2717 2820 τοῦ
2752 2764 3079 2819 Κελεστίνου
3109 2761 3519 2826 ἀπεσταλμένα,
3547 2757 3687 2810 ἔδει·

2108 2869 2205 2934 ξαν
2233 2869 2282 2920 ol
2317 2867 2558 2933 Ιῐατέρες
2584 2865 2642 2914 ἑν
2669 2860 2749 2932 τῷ
2775 2857 3122 2928 ἀνακαλύψω
3145 2857 3245 2922 τὰς
3273 2853 3486 2912 ἑαυτῶν
3509 2869 3685 2923 κεφα-

2105 2962 2227 3027 λὰς,
2258 2959 2354 3013 καὶ
2387 2956 2505 3029 μετ’
2536 2955 2716 3018 αίδοῦς
2747 2953 3054 3023 ἀκροᾶσθαι
3085 2952 3195 3006 τῶν
3237 2950 3572 3020 λεγομένων.
3590 2945 3683 3001 Ἐν

2103 3056 2162 3108 δὲ
2192 3056 2259 3124 τῇ
2290 3053 2425 3123 ἁγίᾳ
2467 3051 2712 3120 τετάρτῃ
2769 3047 2996 3114 συνόδῳ,
3031 3047 3091 3099 ὃν
3120 3046 3214 3100 καὶ
3251 3045 3397 3098 θετον
3443 3040 3685 3114 γράμμα

429 3145 485 3191 et
514 3134 799 3200 aduratur,
829 3145 990 3204 atque
1016 3135 1198 3188 omnis
1223 3135 1534 3193 obedieutia
1567 3140 1621 3188 et
1652 3134 2003 3187 observantia

2111 3147 2428 3217 ἐπιγράφει,
2458 3142 2641 3196 τοιάδε
2703 3141 2908 3212 φησίνο
2949 3158 2966 3190 ι
3002 3139 3125 3193 Ἵνα
3181 3138 3210 3191 ὁ
3260 3133 3684 3206 μακαριώτατος

429 3227 480 3280 ei
516 3243 546 3282 a
576 3227 730 3282 nobis
758 3226 1050 3281 exhibetur
1091 3235 1145 3279 et
1179 3225 1554 3292 exhibebitur,
1591 3225 1765 3280 donec
1812 3225 1865 3278 iu
1906 3227 2008 3280 hac

428 3321 541 3376 vita
588 3319 1085 3389 .perrnanebimus,
1150 3317 1417 3372 recordati
1478 3317 1623 3372 illius
1679 3317 1773 3387 qui
1833 3317 2007 3380 dicit,

437 3431 452 3466 ‹
493 3411 720 3471 Obedite
751 3411 1060 3480 praepositis
1100 3408 1296 3466 vestris
1327 3421 1384 3464 et
1416 3410 1620 3465 subditi
1652 3418 1862 3472 estote,
1904 3409 2008 3479 lpsi

428 3503 580 3557 enim
623 3502 850 3571 vigilant
889 3514 988 3570 pro
1024 3500 1314 3554 animabus
1348 3501 1590 3564 vestris,
1635 3507 1694 3552 ut
1739 3499 2008 3554 rationem

436 3590 702 3648 reddituri
735 3589 921 3654 ⁵⁰·“,›
949 3589 1336 3644 etutetniuisse
1361 3590 1482 3657 ejus
1513 3604 1786 3660 nunquam
1826 3603 2010 3646 cessa-

435 3685 618 3739 bimus
647 3687 702 3738 in
737 3682 909 3740 sacris
944 3681 1234 3736 missarum
1267 3683 1518 3753 precibus
1549 3683 1851 3738 secundum
1883 3696 2012 3737 san-

436 3783 654 3829 ctorum
704 3781 1021 3830 nostrorum
1057 3772 1504 3838 traditiones,ne
1528 3773 1814 3843 impiorum
1863 3788 2015 3828 erro-

441 3867 594 3921 ribus
632 3866 1114 3932 obsecundantes,
1149 3881 1179 3918 a
1226 3865 1483 3920 ﬁrmitate
1527 3867 1844 3921 orthodoxae
1887 3867 2012 3920 lidei

438 3962 762 4016 excidamus
788 3999 803 4025 .
830 3974 930 4029 pro
959 3966 1244 4029 comperto
1278 3959 1576 4023 habentes,
1609 3958 1756 4028 quod
1787 3959 1878 4027 qui
1913 3958 2015 4030 ipsi

440 4069 551 4107 non
580 4051 904 4121 subjicrtur,
937 4065 1214 4119 nunquam
1246 4050 1549 4104 salvabitur
1572 4091 1586 4117 ,
1623 4051 1786 4104 simili
1819 4053 2016 4112 modo.

440 4155 491 4198 et
527 4143 619 4212 qui
659 4141 778 4209 ejus
808 4155 918 4195 non
953 4140 1234 4205 meminit,
1272 4155 1448 4209 neque
1477 4141 1739 4196 sacerdos
1767 4150 1886 4204 est,
1919 4155 2017 4194 uc-

443 4253 553 4306 que
605 4235 911 4292 sacerdotis
971 4243 1212 4289 meretur
1269 4235 1471 4291 habere
1527 4242 1851 4303 potestatem
1885 4274 1899 4294 .
1960 4241 2021 4289 ut

443 4347 620 4385 canon
651 4330 718 4384 l5
743 4330 930 4399 prima!
955 4338 1010 4383 ct
1039 4327 1293 4384 secundae
1323 4329 1513 4399 synodi
1547 4341 1734 4398 aperte
1763 4336 2015 4383 testatur.

446 4420 615 4475 liabet
644 4422 789 4474 enim
826 4419 892 4473 ad
927 4419 1151 4473 verbum
1183 4419 1262 4472 sit:
1293 4433 1306 4471 :
1343 4417 1734 4473 llaercticarutn
1775 4417 2018 4472 zizania-

448 4530 566 4568 rum
601 4514 808 4568 semina
847 4513 898 4564 in
933 4509 1134 4565 Christi
1175 4511 1472 4566 Ecclesiam
1516 4526 1781 4581 spargens
1820 4512 2014 4566 adver-

447 4605 625 4660 sarius
647 4645 661 4669 ,
691 4604 881 4660 videns
911 4605 1009 4659 has
1041 4603 1222 4672 gladio
1252 4605 1479 4674 spiritus
1518 4605 1782 4659 radicitus
1812 4604 1968 4658 evelli
1999 4643 2016 4669 ,

445 4700 551 4752 alia
585 4700 668 4752 via
701 4713 990 4768 aggressus
1018 4709 1100 4752 est
1125 4735 1142 4760 .
1168 4709 1383 4767 sumpta
1416 4713 1602 4752 secum
1634 4697 2018 4752 schismatico-

451 4808 568 4844 I'tttlt
610 4792 821 4846 insania
849 4833 863 4857 ,
895 4792 1103 4847 Christi
1140 4805 1341 4860 corpus
1380 4790 1647 4845 dividere.
1685 4789 1794 4843 Sed
1827 4801 1879 4844 et
1919 4788 2019 4843 has

449 4884 676 4938 insidias
727 4894 914 4938 sancta
964 4884 1204 4954 synodus
1246 4884 1603 4950 anticipans,
1658 4882 2020 4949 undoetmque

448 4973 690 5028 decrevit
721 4976 774 5031 in
807 4984 1107 5044 posterum,
1144 4983 1200 5027 ut
1233 4975 1276 5028 si
1315 4974 1438 5042 quis
1470 4973 1754 5043 presbyter
1792 4971 1872 5026 vel
1901 4974 2020 5026 dia-

446 5081 623 5121 conus
666 5075 922 5135 tauquam
954 5066 1025 5119 ob
1064 5064 1283 5136 aliquod
1326 5064 1586 5118 delictum
1639 5080 1799 5119 suum
1837 5066 2020 5134 despi-

449 5159 603 5213 ciens
641 5160 954 5228 episcopum
1006 5166 1136 5212 ante
1184 5157 1502 5230 synodatem
1554 5157 1921 5225 cognitionem
1971 5167 2027 5210 et

448 5266 629 5305 canam
661 5251 1094 5319 disquisitionem
1128 5250 1195 5304 ab
1225 5251 1341 5320 ejus
1368 5250 1760 5304 communione
1791 5248 2027 5303 deiicere

450 5359 618 5399 ausus
661 5343 823 5397 fuerit
846 5384 862 5408 ,
894 5352 949 5396 et
987 5343 1227 5396 nominis
1264 5341 1385 5410 ejus
1416 5343 1470 5395 in
1505 5341 1682 5396 sacris
1722 5342 2019 5396 missarqu

450 5436 705 5506 precibus
734 5434 1032 5487 secundum
1069 5431 1328 5487 Ecclesizc
1359 5433 1708 5488 traditionem
1762 5447 1869 5488 non
1913 5447 2027 5486 me-

454 5527 714 5588 minerit,
769 5525 912 5578 hunc
960 5524 1294 5593 depositioni
1345 5524 1541 5591 subjici
1586 5531 1640 5578 et
1694 5523 2026 5579 sacerdotali

449 5620 599 5675 omni
640 5619 846 5673 honore
880 5615 1101 5685 privari.
1145 5617 1247 5682 Qui
1283 5617 1428 5672 enim
1475 5617 1530 5671 in
1575 5616 1877 5686 presbyteri
1923 5631 2019 5671 or-

522 5843 642 5881 W'“
672 5839 837 5900 Hebr.
873 5860 990 5914 xm,
1033 5844 1115 5897 17.

2114 3242 2416 3302 ἐπίσκοπος
2445 3237 2546 3307 τῆς
2582 3235 2876 3307 Ῥωμαίων
2906 3229 3223 3296 πόλεως,Ὁῦ
3253 3230 3353 3300 τὴν
3381 3227 3687 3299 ἱερωσύνην

2117 3337 2260 3390 κατὰ
2293 3333 2510 3387 πάντων
2545 3333 2578 3400 ἡ
2607 3327 2908 3399 ἀρχαιότης
2944 3328 3210 3398 παρέσχε,
3234 3322 3419 3394 χώραν
3451 3323 3548 3376 καὶ
3600 3321 3689 3374 εύ-

2118 3430 2315 3500 πορίαν
2344 3411 2457 3496 ἔχει
2489 3425 2620 3494 περὶ
2669 3423 2906 3482 πίστεως
2936 3421 3032 3472 καὶ
3063 3420 3256 3488 ἱερέων
3284 3416 3623 3486 ἀνακρίνειν.
3661 3433 3686 3465 ο

2129 3522 2288 3574 Ἐπεὶ
2318 3518 2412 3572 οῦν
2461 3519 2590 3585 περὶ
2628 3516 2867 3577 πίστεως
2900 3513 2996 3566 καὶ
3051 3511 3242 3581 ίερέων
3267 3507 3528 3577 εὐπορίαν
3575 3505 3691 3576 ἔχει

2118 3614 2213 3670 τοῦ
2247 3612 2579 3683 ἀνακρίνειν,
2609 3609 2836 3670 εἰκότως
2869 3606 2962 3659 καὶ
2988 3604 3202 3677 κεφαλὴ
3245 3604 3338 3656 καὶ
3372 3601 3692 3664 διδάσκαλος

2120 3710 2230 3762 τῶν
2265 3706 2572 3774 ἐκκλησιῶν
2603 3703 2697 3756 τοῦ
2728 3700 2967 3771 Χριστοῦ
2997 3701 3184 3754 πασῶν
3216 3701 3273 3752 ὲν
3323 3696 3398 3768 τῷ
3423 3701 3536 3768 ὅρῳ
3560 3697 3695 3770 γρά-

2123 3818 2306 3870 φεται,
2333 3802 2428 3852 καὶ
2458 3795 2588 3866 παρ’
2606 3795 2767 3866 ἡμῶν
2783 3795 3012 3862 τιμᾶται
3041 3794 3132 3846 καὶ
3157 3792 3565 3862 προσκυνεῖται,
3595 3791 3692 3844 καὶ

2124 3897 2308 3950 πᾶσαν
2344 3893 2593 3960 ὑπακοὴν
2630 3888 2721 3941 καὶ
2749 3885 3065 3939 εὐπείθειαν
3097 3883 3211 3955 ἔχει
3271 3885 3363 3936 καὶ
3418 3881 3530 3948 ἔξει
3564 3883 3693 3951 παρ’

2122 3989 2304 4059 ἡμῶν,
2352 3985 2457 4047 ἓως
2491 3979 2552 4036 οὗ
2604 3984 2664 4034 ὲν
2716 3979 2853 4049 τῷδε
2909 3978 2985 4048 τῷ
3031 3977 3132 4048 βίῳ
3178 3976 3441 4047 ἐσόμεθα,
3484 3992 3695 4045 μεμνη-

2130 4084 2281 4154 μένοι
2340 4077 2431 4130 τοῦ
2477 4076 2772 4143 λέγοντος·
2813 4091 2832 4123 ι
2891 4070 3156 4125 Πείθεσθε
3210 4073 3323 4134 τοῖς
3369 4070 3692 4140 ἡγουμένοις

2129 4172 2284 4244 ὑμῶν
2331 4172 2427 4225 καὶ
2458 4169 2717 4223 ὑπείκετε
2743 4182 2756 4194 ·
2794 4166 2950 4218 αὐτοὶ
2981 4166 3092 4234 γὰρ
3145 4162 3522 4232 ἀγρυπνοῦσιν
3556 4160 3699 4230 ὑπὲρ

2126 4271 2237 4324 τῶν
2297 4266 2487 4336 ψυχῶν
2534 4261 2712 4332 ἡμῶν,
2773 4259 2849 4322 ώς
2907 4257 3068 4326 λόγον
3131 4255 3548 4317 ἀποδώσοντες·
3603 4256 3700 4308 καὶ

2132 4365 2323 4434 μνείαν
2377 4358 2542 4413 αὑτοῦ
2580 4355 2642 4411 οὐ
2687 4355 3010 4422 παυσόμεθα
3043 4352 3132 4406 ἀεὶ
3173 4350 3453 4404 ποιεῖσθαι
3484 4350 3541 4402 ἐν
3574 4353 3694 4413 ταῖς

2133 4458 2305 4528 ἱεραῖς
2345 4453 2454 4506 τῶν
2485 4447 2818 4520 λειτουργῶν
2848 4447 3058 4516 εὐχαῖς,
3085 4444 3228 4498 κατὰ
3268 4445 3367 4507 τὰς
3391 4443 3501 4496 τῶν
3528 4443 3700 4509 ἁγίων

2049 4525 2094 4581 D
2121 4525 2280 4622 ἡμῶν
2340 4544 2702 4615 παραδόσεις,
2755 4540 2846 4593 ἵνα
2914 4542 3045 4609 μήτι
3098 4537 3209 4590 τῶν
3237 4535 3494 4606 ἀθέσμων
3527 4535 3702 4606 πλάνῃ

2123 4638 2603 4710 συναπαχθέντες,
2634 4634 2965 4698 ἐκπέσωμεν
3011 4629 3108 4686 τοῦ
3136 4629 3450 4698 στηριγμοῦ
3485 4631 3584 4699 τῆς
3613 4628 3704 4698 δρ-

2123 4733 2397 4798 θοδοξίας·
2437 4729 2618 4791 καλῶς
2667 4726 3058 4795 ἐπιστάμενοι,
3107 4723 3192 4776 δτι
3219 4723 3248 4774 ὀ
3286 4722 3363 4792 μὴ
3397 4721 3706 4774 ὑποτασσό-

2130 4843 2290 4898 μενος
2320 4822 2491 4891 αὺτῷ,
2537 4821 2636 4890 οὐχ
2683 4819 2802 4882 {ﬁet
2845 4813 3125 4886 σωτηρίαν
3163 4815 3296 4866 ποτέ
3324 4829 3337 4843 ·
3373 4815 3578 4882 ὁμοίως
3612 4815 3706 4866 καὶ

2124 4924 2152 4975 ὀ
2187 4921 2265 4990 μὴ
2304 4916 2664 4988 μνημονεύων
2713 4910 2906 4974 αὐτοῦ,
2962 4909 3084 4963 οὕτε
3137 4907 3319 4981 ἱερεύς
3374 4910 3546 4973 ἐστιν,
3581 4905 3705 4960 οὗτε

2126 5017 2231 5086 μὴν
2283 5013 2475 5083 ίερέως
2515 5008 2724 5078 ὀφείλει
2759 5007 2906 5075 ἔχειν
2937 5004 3189 5069 ἐξουσίαν
3214 5016 3229 5032 ·
3265 5001 3449 5063 καθὼς
3493 5003 3521 5055 ὁ
3552 5016 3707 5071 τρισ⁸

2122 5107 2441 5166 καιδέκατος
2488 5100 2672 5155 κανὼν
2721 5100 2820 5171 τῆς
2873 5096 3101 5168 πρώτης
3140 5095 3524 5164 καὶδευτέρας
3555 5094 3710 5147 συνόο

2125 5201 2219 5254 δου
2280 5195 2584 5268 ἀναφανδὸν
2620 5193 2988 5264 μαρτύρεται.
3015 5190 3181 5255 Λέγει
3213 5187 3324 5255 γὰρ
3353 5185 3528 5246 οὕτως
3569 5182 3710 5238 κατὰ

2127 5288 2271 5354 λέξιν
2293 5304 2306 5317 ο
2343 5305 2360 5336 ι
2397 5285 2508 5346 Τὰς
2537 5283 2648 5338 τῶν
2695 5279 2991 5348 αίρετικῶν
3019 5277 3280 5354 ζιζανίων
3309 5276 3619 5344 ἐπισποράς
3651 5276 3710 5326 ἐν

2133 5385 2202 5450 τῇ
2226 5381 2320 5432 τοῦ
2347 5379 2584 5450 Χριστοῦ
2601 5375 2902 5445 Ἐκκλησία
2929 5375 2956 5424 ὁ
2984 5372 3222 5440 πονηρὸς
3247 5367 3593 5433 καταϐαλὼν,
3620 5367 3711 5420 καὶ

2137 5477 2342 5536 ταύτας
2403 5473 2545 5541 ὁρῶν
2585 5469 2929 5538 τεμνομένας
2971 5465 3304 5537 προρρίζους
3337 5465 3404 5533 τῇ
3466 5459 3714 5531 μαχαίρᾳ

2140 5569 2233 5622 τ-,ῦ
2296 5565 2636 5634 ιινεύματος,
2670 5561 2755 5632 ἐφ’
2813 5559 3011 5629 ἑτέραν
3041 5553 3144 5628 ἧκε
3178 5556 3419 5616 διανοίας
3474 5553 3616 5614 ὁδὸν,
3645 5550 3711 5620 τῇ

2143 5662 2250 5715 τῶν
2286 5655 2665 5732 σχισματικῶν
2702 5653 2892 5726 μανίᾳ,
2922 5652 2981 5705 τὸ
3025 5651 3118 5705 τοῦ
3146 5646 3387 5721 Χριστοῦ
3420 5646 3574 5714 σῶμα
3614 5657 3710 5713 με·
