  <div class='ocr_page' id='page_1' title='image "/cluster/home/n/w/nwhite01/storage/ocr_20150623/159/mdp.39015015350443/702.png"; bbox 0 0 4138 6288; ppageno 0'>
   <div class='ocr_carea' id='block_1_1' title="bbox 411 399 549 464">
    <p class='ocr_par' dir='ltr' id='par_1_1' title="bbox 411 399 549 464">
     <span class='ocr_line' id='line_1_1' title="bbox 411 399 549 464; baseline -0.007 -1"><span class='ocrx_word' id='word_1_1' title='bbox 411 399 549 464; x_wconf 67' lang='grc'><strong>1⁴389</strong></span> 
     </span>
    </p>
   </div>
   <div class='ocr_carea' id='block_1_2' title="bbox 1075 397 2004 461">
    <p class='ocr_par' dir='ltr' id='par_1_2' title="bbox 1075 397 1997 461">
     <span class='ocr_line' id='line_1_2' title="bbox 1075 397 1997 461; baseline -0.004 -1"><span class='ocrx_word' id='word_1_2' title='bbox 1075 401 1224 460; x_wconf 82' lang='lat' dir='ltr'><strong>PRO</strong></span> <span class='ocrx_word' id='word_1_3' title='bbox 1259 399 1469 459; x_wconf 73' lang='lat' dir='ltr'><strong>CUNC.</strong></span> <span class='ocrx_word' id='word_1_4' title='bbox 1503 397 1872 461; x_wconf 69' lang='lat' dir='ltr'><strong>FLORENT.</strong></span> <span class='ocrx_word' id='word_1_5' title='bbox 1910 398 1997 458; x_wconf 78' lang='lat' dir='ltr'><strong>CA</strong></span> 
     </span>
    </p>
   </div>
   <div class='ocr_carea' id='block_1_3' title="bbox 2107 397 2976 461">
    <p class='ocr_par' dir='ltr' id='par_1_3' title="bbox 2115 399 2976 461">
     <span class='ocr_line' id='line_1_3' title="bbox 2115 399 2976 461; baseline 0.002 -3"><span class='ocrx_word' id='word_1_6' title='bbox 2115 400 2179 459; x_wconf 88' lang='lat' dir='ltr'><strong>V.</strong></span> <span class='ocrx_word' id='word_1_7' title='bbox 2226 399 2324 459; x_wconf 82' lang='lat' dir='ltr'><strong>DE</strong></span> <span class='ocrx_word' id='word_1_8' title='bbox 2359 399 2708 460; x_wconf 76' lang='lat' dir='ltr'><strong>PRIMATU</strong></span> <span class='ocrx_word' id='word_1_9' title='bbox 2744 399 2976 461; x_wconf 65' lang='grc' dir='ltr'><strong>ΡΛΡέΈ.</strong></span> 
     </span>
    </p>
   </div>
   <div class='ocr_carea' id='block_1_4' title="bbox 3521 395 3662 462">
    <p class='ocr_par' dir='ltr' id='par_1_4' title="bbox 3521 395 3662 462">
     <span class='ocr_line' id='line_1_4' title="bbox 3521 395 3662 462; baseline -0.014 0"><span class='ocrx_word' id='word_1_10' title='bbox 3521 395 3662 462; x_wconf 76' lang='lat'><strong>1390</strong></span> 
     </span>
    </p>
   </div>
   <div class='ocr_carea' id='block_1_5' title="bbox 413 510 2004 585">
    <p class='ocr_par' dir='ltr' id='par_1_5' title="bbox 413 510 1979 585">
     <span class='ocr_line' id='line_1_5' title="bbox 413 510 1979 585; baseline -0.001 -21"><span class='ocrx_word' id='word_1_11' title='bbox 413 514 578 581; x_wconf 74' lang='grc' dir='ltr'>μέσον</span> <span class='ocrx_word' id='word_1_12' title='bbox 635 511 765 565; x_wconf 83' lang='grc' dir='ltr'>αὑτδ</span> <span class='ocrx_word' id='word_1_13' title='bbox 825 510 997 565; x_wconf 50' lang='grc' dir='ltr'>θεῖναι</span> <span class='ocrx_word' id='word_1_14' title='bbox 1054 513 1301 585; x_wconf 71' lang='grc' dir='ltr'>γλώττης</span> <span class='ocrx_word' id='word_1_15' title='bbox 1335 513 1512 581; x_wconf 82' lang='grc' dir='ltr'>ἀγὼν,</span> <span class='ocrx_word' id='word_1_16' title='bbox 1567 513 1712 568; x_wconf 88' lang='grc' dir='ltr'>οῦτω</span> <span class='ocrx_word' id='word_1_17' title='bbox 1765 515 1830 583; x_wconf 79' lang='grc' dir='ltr'>δὴ</span> <span class='ocrx_word' id='word_1_18' title='bbox 1887 511 1979 564; x_wconf 74' lang='grc' dir='ltr'>καὶ</span> 
     </span>
    </p>
   </div>
   <div class='ocr_carea' id='block_1_6' title="bbox 2107 510 3657 585">
    <p class='ocr_par' dir='ltr' id='par_1_6' title="bbox 2107 511 3657 584">
     <span class='ocr_line' id='line_1_6' title="bbox 2107 511 3657 584; baseline 0.001 -21"><span class='ocrx_word' id='word_1_19' title='bbox 2107 511 2307 565; x_wconf 86' lang='lat' dir='ltr'><strong>nodum</strong></span> <span class='ocrx_word' id='word_1_20' title='bbox 2347 528 2461 568; x_wconf 88' lang='lat' dir='ltr'><strong>rem</strong></span> <span class='ocrx_word' id='word_1_21' title='bbox 2502 513 2555 566; x_wconf 92' lang='lat' dir='ltr'><strong>iu</strong></span> <span class='ocrx_word' id='word_1_22' title='bbox 2595 513 2830 567; x_wconf 89' lang='lat' dir='ltr'><strong>medium</strong></span> <span class='ocrx_word' id='word_1_23' title='bbox 2865 528 3172 582; x_wconf 81' lang='lat' dir='ltr'><strong>proponere</strong></span> <span class='ocrx_word' id='word_1_24' title='bbox 3222 514 3404 584; x_wconf 69' lang='lat' dir='ltr'><strong>lingua</strong></span> <span class='ocrx_word' id='word_1_25' title='bbox 3433 511 3524 568; x_wconf 80' lang='lat' dir='ltr'><strong>vix</strong></span> <span class='ocrx_word' id='word_1_26' title='bbox 3556 528 3657 568; x_wconf 85' lang='lat' dir='ltr'><strong>an-</strong></span> 
     </span>
    </p>
   </div>
   <div class='ocr_carea' id='block_1_7' title="bbox 409 605 1980 678">
    <p class='ocr_par' dir='ltr' id='par_1_7' title="bbox 409 605 1980 678">
     <span class='ocr_line' id='line_1_7' title="bbox 409 605 1980 678; baseline -0.001 -18"><span class='ocrx_word' id='word_1_27' title='bbox 409 605 664 669; x_wconf 81' lang='grc' dir='ltr'>ἀκοῦσαι,</span> <span class='ocrx_word' id='word_1_28' title='bbox 692 605 882 660; x_wconf 82' lang='grc' dir='ltr'>καινόν</span> <span class='ocrx_word' id='word_1_29' title='bbox 915 622 969 660; x_wconf 81' lang='grc' dir='ltr'><strong>τι</strong></span> <span class='ocrx_word' id='word_1_30' title='bbox 1026 609 1122 660; x_wconf 78' lang='grc' dir='ltr'>καὶ</span> <span class='ocrx_word' id='word_1_31' title='bbox 1174 608 1639 678; x_wconf 77' lang='grc' dir='ltr'>φρικωδέστατον.</span> <span class='ocrx_word' id='word_1_32' title='bbox 1685 606 1847 660; x_wconf 78' lang='grc' dir='ltr'>Ἀλλὰ</span> <span class='ocrx_word' id='word_1_33' title='bbox 1883 609 1980 660; x_wconf 73' lang='grc' dir='ltr'>καὶ</span> 
     </span>
    </p>
   </div>
   <div class='ocr_carea' id='block_1_8' title="bbox 413 693 1982 771">
    <p class='ocr_par' dir='ltr' id='par_1_8' title="bbox 413 693 1982 771">
     <span class='ocr_line' id='line_1_8' title="bbox 413 693 1982 771; baseline -0.001 -18"><span class='ocrx_word' id='word_1_34' title='bbox 413 693 704 768; x_wconf 77' lang='grc' dir='ltr'>προσέχειν</span> <span class='ocrx_word' id='word_1_35' title='bbox 745 696 861 750; x_wconf 85' lang='grc' dir='ltr'>δέον</span> <span class='ocrx_word' id='word_1_36' title='bbox 897 700 988 752; x_wconf 77' lang='grc' dir='ltr'><strong>τὸν</strong></span> <span class='ocrx_word' id='word_1_37' title='bbox 1022 699 1147 751; x_wconf 81' lang='grc' dir='ltr'>νοῦν</span> <span class='ocrx_word' id='word_1_38' title='bbox 1172 717 1186 729; x_wconf 87' lang='grc'><strong>·</strong></span> <span class='ocrx_word' id='word_1_39' title='bbox 1220 700 1312 753; x_wconf 79' lang='grc' dir='ltr'>καὶ</span> <span class='ocrx_word' id='word_1_40' title='bbox 1346 703 1454 770; x_wconf 81' lang='grc' dir='ltr'>γὰρ</span> <span class='ocrx_word' id='word_1_41' title='bbox 1500 700 1654 754; x_wconf 80' lang='grc' dir='ltr'>οὐδὲν</span> <span class='ocrx_word' id='word_1_42' title='bbox 1691 693 1857 771; x_wconf 78' lang='grc' dir='ltr'>ἧττον</span> <span class='ocrx_word' id='word_1_43' title='bbox 1889 699 1982 752; x_wconf 88' lang='grc' dir='ltr'><strong>τοῦ</strong></span> 
     </span>
    </p>
   </div>
   <div class='ocr_carea' id='block_1_9' title="bbox 410 790 1986 864">
    <p class='ocr_par' dir='ltr' id='par_1_9' title="bbox 410 790 1986 864">
     <span class='ocr_line' id='line_1_9' title="bbox 410 790 1986 864; baseline 0.001 -21"><span class='ocrx_word' id='word_1_44' title='bbox 410 790 600 859; x_wconf 69' lang='grc' dir='ltr'>φόϐου,</span> <span class='ocrx_word' id='word_1_45' title='bbox 645 792 742 846; x_wconf 65' lang='grc' dir='ltr'><strong>καὶ⁸</strong></span> <span class='ocrx_word' id='word_1_46' title='bbox 789 791 947 861; x_wconf 74' lang='grc' dir='ltr'>ἡδονῇ</span> <span class='ocrx_word' id='word_1_47' title='bbox 1010 794 1384 860; x_wconf 71' lang='grc' dir='ltr'><strong>συγκέκραται</strong></span> <span class='ocrx_word' id='word_1_48' title='bbox 1439 794 1501 849; x_wconf 82' lang='grc' dir='ltr'>τὸ</span> <span class='ocrx_word' id='word_1_49' title='bbox 1549 793 1839 864; x_wconf 85' lang='grc' dir='ltr'><strong>διήγημα·</strong></span> <span class='ocrx_word' id='word_1_50' title='bbox 1891 793 1986 845; x_wconf 88' lang='grc' dir='ltr'><strong>δύο</strong></span> 
     </span>
    </p>
   </div>
   <div class='ocr_carea' id='block_1_10' title="bbox 408 881 1983 954">
    <p class='ocr_par' dir='ltr' id='par_1_10' title="bbox 408 881 1983 954">
     <span class='ocr_line' id='line_1_10' title="bbox 408 881 1983 954; baseline -0.001 -18"><span class='ocrx_word' id='word_1_51' title='bbox 408 882 554 945; x_wconf 59' lang='grc' dir='ltr'>τινὲς</span> <span class='ocrx_word' id='word_1_52' title='bbox 589 882 800 951; x_wconf 71' lang='grc' dir='ltr'>ἄνδρες,</span> <span class='ocrx_word' id='word_1_53' title='bbox 835 881 1023 936; x_wconf 73' lang='grc' dir='ltr'>λευκοὶ</span> <span class='ocrx_word' id='word_1_54' title='bbox 1052 887 1151 952; x_wconf 70' lang='grc' dir='ltr'>τὴν</span> <span class='ocrx_word' id='word_1_55' title='bbox 1193 883 1409 954; x_wconf 81' lang='grc' dir='ltr'>στολὴν,</span> <span class='ocrx_word' id='word_1_56' title='bbox 1447 884 1671 954; x_wconf 72' lang='grc' dir='ltr'>φοϐεροὶ</span> <span class='ocrx_word' id='word_1_57' title='bbox 1711 887 1808 954; x_wconf 71' lang='grc' dir='ltr'>τήν</span> <span class='ocrx_word' id='word_1_58' title='bbox 1836 883 1983 952; x_wconf 68' lang='grc' dir='ltr'>ὄψιν,</span> 
     </span>
    </p>
   </div>
   <div class='ocr_carea' id='block_1_11' title="bbox 411 974 1976 1048">
    <p class='ocr_par' dir='ltr' id='par_1_11' title="bbox 411 974 1976 1048">
     <span class='ocr_line' id='line_1_11' title="bbox 411 974 1976 1048; baseline 0.001 -20"><span class='ocrx_word' id='word_1_59' title='bbox 411 975 701 1045; x_wconf 70' lang='grc' dir='ltr'><strong>οὐρανόθεν</strong></span> <span class='ocrx_word' id='word_1_60' title='bbox 760 975 948 1041; x_wconf 69' lang='grc' dir='ltr'>ἔδοξαν</span> <span class='ocrx_word' id='word_1_61' title='bbox 980 974 1130 1045; x_wconf 86' lang='grc' dir='ltr'><strong>αὑτῷ</strong></span> <span class='ocrx_word' id='word_1_62' title='bbox 1156 976 1472 1032; x_wconf 73' lang='grc' dir='ltr'>κατελθεῖν·</span> <span class='ocrx_word' id='word_1_63' title='bbox 1508 977 1604 1030; x_wconf 77' lang='grc' dir='ltr'>καὶ</span> <span class='ocrx_word' id='word_1_64' title='bbox 1639 974 1718 1048; x_wconf 85' lang='grc' dir='ltr'>τῷ</span> <span class='ocrx_word' id='word_1_65' title='bbox 1753 977 1976 1046; x_wconf 77' lang='grc' dir='ltr'>μεγάλῳ</span> 
     </span>
    </p>
   </div>
   <div class='ocr_carea' id='block_1_12' title="bbox 414 1065 1986 1139">
    <p class='ocr_par' dir='ltr' id='par_1_12' title="bbox 414 1065 1986 1139">
     <span class='ocr_line' id='line_1_12' title="bbox 414 1065 1986 1139; baseline 0.002 -20"><span class='ocrx_word' id='word_1_66' title='bbox 414 1065 611 1136; x_wconf 85' lang='grc' dir='ltr'>τούτῳ,</span> <span class='ocrx_word' id='word_1_67' title='bbox 666 1069 761 1122; x_wconf 78' lang='grc' dir='ltr'>καὶ</span> <span class='ocrx_word' id='word_1_68' title='bbox 806 1067 959 1137; x_wconf 83' lang='grc' dir='ltr'>αὑτῷ</span> <span class='ocrx_word' id='word_1_69' title='bbox 1018 1070 1422 1139; x_wconf 68' lang='grc' dir='ltr'><strong>προσεύχεσθαι</strong></span> <span class='ocrx_word' id='word_1_70' title='bbox 1476 1070 1806 1139; x_wconf 77' lang='grc' dir='ltr'><strong>φαινομένῳ,</strong></span> <span class='ocrx_word' id='word_1_71' title='bbox 1842 1070 1986 1124; x_wconf 77' lang='grc' dir='ltr'>κατὰ</span> 
     </span>
    </p>
   </div>
   <div class='ocr_carea' id='block_1_13' title="bbox 417 1157 1983 1236">
    <p class='ocr_par' dir='ltr' id='par_1_13' title="bbox 417 1157 1983 1236">
     <span class='ocr_line' id='line_1_13' title="bbox 417 1157 1983 1236; baseline 0.003 -23"><span class='ocrx_word' id='word_1_72' title='bbox 417 1159 1065 1230; x_wconf 80' lang='grc' dir='ltr'>πρόσωπονπροσελθετν</span> <span class='ocrx_word' id='word_1_73' title='bbox 1084 1179 1101 1196; x_wconf 78' lang='grc' dir='ltr'><strong>ο</strong></span> <span class='ocrx_word' id='word_1_74' title='bbox 1134 1157 1209 1219; x_wconf 83' lang='grc' dir='ltr'><strong>ὧν</strong></span> <span class='ocrx_word' id='word_1_75' title='bbox 1238 1164 1267 1217; x_wconf 82' lang='grc' dir='ltr'>ὁ</span> <span class='ocrx_word' id='word_1_76' title='bbox 1295 1166 1420 1234; x_wconf 63' lang='grc' dir='ltr'>μὲν,</span> <span class='ocrx_word' id='word_1_77' title='bbox 1452 1164 1639 1236; x_wconf 85' lang='grc' dir='ltr'>τόμον,</span> <span class='ocrx_word' id='word_1_78' title='bbox 1681 1164 1875 1234; x_wconf 72' lang='grc' dir='ltr'>ἅτερος</span> <span class='ocrx_word' id='word_1_79' title='bbox 1902 1164 1983 1228; x_wconf 71' lang='grc' dir='ltr'><strong>δὲ.</strong></span> 
     </span>
    </p>
   </div>
   <div class='ocr_carea' id='block_1_14' title="bbox 417 1250 1988 1324">
    <p class='ocr_par' dir='ltr' id='par_1_14' title="bbox 417 1250 1988 1324">
     <span class='ocr_line' id='line_1_14' title="bbox 417 1250 1988 1324; baseline -0.002 -20"><span class='ocrx_word' id='word_1_80' title='bbox 417 1250 568 1314; x_wconf 76' lang='grc' dir='ltr'>κλεῖς</span> <span class='ocrx_word' id='word_1_81' title='bbox 605 1252 860 1322; x_wconf 78' lang='grc' dir='ltr'>κατέχειν</span> <span class='ocrx_word' id='word_1_82' title='bbox 906 1251 1097 1323; x_wconf 75' lang='grc' dir='ltr'>ἐῴκει·</span> <span class='ocrx_word' id='word_1_83' title='bbox 1141 1252 1233 1305; x_wconf 77' lang='grc' dir='ltr'>τὸν</span> <span class='ocrx_word' id='word_1_84' title='bbox 1272 1253 1524 1324; x_wconf 65' lang='grc' dir='ltr'>Ἰωάννην</span> <span class='ocrx_word' id='word_1_85' title='bbox 1570 1251 1651 1320; x_wconf 67' lang='grc' dir='ltr'>δὲ,</span> <span class='ocrx_word' id='word_1_86' title='bbox 1695 1251 1758 1306; x_wconf 79' lang='grc' dir='ltr'><strong>τὸ</strong></span> <span class='ocrx_word' id='word_1_87' title='bbox 1801 1251 1988 1306; x_wconf 70' lang='grc' dir='ltr'>καινὸν</span> 
     </span>
    </p>
   </div>
   <div class='ocr_carea' id='block_1_15' title="bbox 417 1341 1986 1414">
    <p class='ocr_par' dir='ltr' id='par_1_15' title="bbox 417 1341 1986 1414">
     <span class='ocr_line' id='line_1_15' title="bbox 417 1341 1986 1414; baseline -0.001 -18"><span class='ocrx_word' id='word_1_88' title='bbox 417 1342 601 1396; x_wconf 77' lang='grc' dir='ltr'>αὐτῶν</span> <span class='ocrx_word' id='word_1_89' title='bbox 655 1341 751 1395; x_wconf 89' lang='grc' dir='ltr'><strong>τοῦ</strong></span> <span class='ocrx_word' id='word_1_90' title='bbox 801 1342 978 1408; x_wconf 76' lang='grc' dir='ltr'>εἴδους</span> <span class='ocrx_word' id='word_1_91' title='bbox 1009 1343 1464 1410; x_wconf 81' lang='grc' dir='ltr'>καταπλαγέντα,</span> <span class='ocrx_word' id='word_1_92' title='bbox 1494 1342 1646 1413; x_wconf 77' lang='grc' dir='ltr'>φόϐῳ</span> <span class='ocrx_word' id='word_1_93' title='bbox 1673 1341 1948 1414; x_wconf 73' lang='grc' dir='ltr'>ληφθῆναι</span> <span class='ocrx_word' id='word_1_94' title='bbox 1972 1359 1986 1373; x_wconf 73' lang='grc' dir='ltr'><strong>ο</strong></span> 
     </span>
    </p>
   </div>
   <div class='ocr_carea' id='block_1_16' title="bbox 414 1435 1986 1507">
    <p class='ocr_par' dir='ltr' id='par_1_16' title="bbox 414 1435 1986 1507">
     <span class='ocr_line' id='line_1_16' title="bbox 414 1435 1986 1507; baseline 0.001 -20"><span class='ocrx_word' id='word_1_95' title='bbox 414 1436 540 1496; x_wconf 78' lang='grc' dir='ltr'>τοὺς</span> <span class='ocrx_word' id='word_1_96' title='bbox 572 1435 654 1499; x_wconf 71' lang='grc' dir='ltr'>δὲ,</span> <span class='ocrx_word' id='word_1_97' title='bbox 687 1435 797 1488; x_wconf 82' lang='grc' dir='ltr'><strong>τῶν</strong></span> <span class='ocrx_word' id='word_1_98' title='bbox 845 1438 1048 1507; x_wconf 82' lang='grc' dir='ltr'>χειρῶν</span> <span class='ocrx_word' id='word_1_99' title='bbox 1095 1436 1551 1507; x_wconf 68' lang='grc' dir='ltr'>δπιλασομένους,</span> <span class='ocrx_word' id='word_1_100' title='bbox 1603 1436 1986 1505; x_wconf 77' lang='grc' dir='ltr'>διαναστῆσαι,</span> 
     </span>
    </p>
   </div>
   <div class='ocr_carea' id='block_1_17' title="bbox 416 1526 1987 1602">
    <p class='ocr_par' dir='ltr' id='par_1_17' title="bbox 416 1526 1987 1602">
     <span class='ocr_line' id='line_1_17' title="bbox 416 1526 1987 1602; baseline 0.001 -22"><span class='ocrx_word' id='word_1_101' title='bbox 416 1526 566 1581; x_wconf 84' lang='grc' dir='ltr'>λύιιν</span> <span class='ocrx_word' id='word_1_102' title='bbox 596 1545 658 1582; x_wconf 82' lang='grc' dir='ltr'><strong>τε</strong></span> <span class='ocrx_word' id='word_1_103' title='bbox 694 1528 789 1581; x_wconf 70' lang='grc' dir='ltr'>τὸν</span> <span class='ocrx_word' id='word_1_104' title='bbox 820 1527 991 1595; x_wconf 71' lang='grc' dir='ltr'>φόϐον</span> <span class='ocrx_word' id='word_1_105' title='bbox 1020 1527 1195 1599; x_wconf 83' lang='grc' dir='ltr'>αὑτῷ,</span> <span class='ocrx_word' id='word_1_106' title='bbox 1233 1530 1326 1582; x_wconf 83' lang='grc' dir='ltr'>καὶ</span> <span class='ocrx_word' id='word_1_107' title='bbox 1379 1529 1608 1602; x_wconf 76' lang='grc' dir='ltr'>θαρρεῖν</span> <span class='ocrx_word' id='word_1_108' title='bbox 1636 1528 1950 1598; x_wconf 82' lang='grc' dir='ltr'>έγκελεὺειν</span> <span class='ocrx_word' id='word_1_109' title='bbox 1972 1544 1987 1560; x_wconf 87' lang='grc'><strong>·</strong></span> 
     </span>
    </p>
   </div>
   <div class='ocr_carea' id='block_1_18' title="bbox 418 1617 1994 1695">
    <p class='ocr_par' dir='ltr' id='par_1_18' title="bbox 418 1617 1994 1695">
     <span class='ocr_line' id='line_1_18' title="bbox 418 1617 1994 1695; baseline 0.002 -23"><span class='ocrx_word' id='word_1_110' title='bbox 418 1619 498 1687; x_wconf 83' lang='grc' dir='ltr'>τῷ</span> <span class='ocrx_word' id='word_1_111' title='bbox 544 1619 625 1684; x_wconf 60' lang='grc' dir='ltr'>δὲ,</span> <span class='ocrx_word' id='word_1_112' title='bbox 659 1621 954 1691; x_wconf 75' lang='grc' dir='ltr'><strong>πυθομένῳ</strong></span> <span class='ocrx_word' id='word_1_113' title='bbox 1001 1621 1148 1684; x_wconf 74' lang='grc' dir='ltr'>τινες</span> <span class='ocrx_word' id='word_1_114' title='bbox 1184 1621 1252 1675; x_wconf 73' lang='grc' dir='ltr'>ἂν</span> <span class='ocrx_word' id='word_1_115' title='bbox 1293 1617 1428 1686; x_wconf 75' lang='grc' dir='ltr'>εἷεν,</span> <span class='ocrx_word' id='word_1_116' title='bbox 1482 1623 1538 1676; x_wconf 80' lang='grc' dir='ltr'>οἵ</span> <span class='ocrx_word' id='word_1_117' title='bbox 1565 1640 1629 1691; x_wconf 81' lang='grc' dir='ltr'><strong>γε</strong></span> <span class='ocrx_word' id='word_1_118' title='bbox 1657 1623 1994 1695; x_wconf 76' lang='grc' dir='ltr'><strong>τηλικαύτης</strong></span> 
     </span>
    </p>
   </div>
   <div class='ocr_carea' id='block_1_19' title="bbox 418 1707 1990 1781">
    <p class='ocr_par' dir='ltr' id='par_1_19' title="bbox 418 1707 1990 1781">
     <span class='ocr_line' id='line_1_19' title="bbox 418 1707 1990 1781; baseline 0.002 -22"><span class='ocrx_word' id='word_1_119' title='bbox 418 1707 571 1777; x_wconf 76' lang='grc' dir='ltr'>δόξης</span> <span class='ocrx_word' id='word_1_120' title='bbox 598 1710 914 1780; x_wconf 73' lang='grc' dir='ltr'><strong>ἠξιωμένοι,</strong></span> <span class='ocrx_word' id='word_1_121' title='bbox 949 1709 1087 1780; x_wconf 78' lang='grc' dir='ltr'>πρὸς</span> <span class='ocrx_word' id='word_1_122' title='bbox 1119 1710 1285 1764; x_wconf 74' lang='grc' dir='ltr'>αὑτὸν</span> <span class='ocrx_word' id='word_1_123' title='bbox 1319 1710 1636 1781; x_wconf 75' lang='grc' dir='ltr'>ἐληλύθασι,</span> <span class='ocrx_word' id='word_1_124' title='bbox 1668 1709 1756 1771; x_wconf 77' lang='grc' dir='ltr'><strong>Μὴ</strong></span> <span class='ocrx_word' id='word_1_125' title='bbox 1795 1709 1990 1779; x_wconf 78' lang='grc' dir='ltr'>φοϐοῦ,</span> 
     </span>
    </p>
   </div>
   <div class='ocr_carea' id='block_1_20' title="bbox 420 1799 1992 1874">
    <p class='ocr_par' dir='ltr' id='par_1_20' title="bbox 420 1799 1992 1874">
     <span class='ocr_line' id='line_1_20' title="bbox 420 1799 1992 1874; baseline 0.001 -20"><span class='ocrx_word' id='word_1_126' title='bbox 420 1799 642 1866; x_wconf 78' lang='grc' dir='ltr'><strong>τούτους</strong></span> <span class='ocrx_word' id='word_1_127' title='bbox 684 1802 897 1855; x_wconf 75' lang='grc' dir='ltr'>εἰπεῖν·</span> <span class='ocrx_word' id='word_1_128' title='bbox 942 1799 1074 1867; x_wconf 75' lang='grc' dir='ltr'>οἵδε,</span> <span class='ocrx_word' id='word_1_129' title='bbox 1123 1804 1284 1874; x_wconf 75' lang='grc' dir='ltr'>ὴμεῐς</span> <span class='ocrx_word' id='word_1_130' title='bbox 1330 1803 1540 1873; x_wconf 75' lang='grc' dir='ltr'>ἥκομέν</span> <span class='ocrx_word' id='word_1_131' title='bbox 1579 1807 1662 1858; x_wconf 84' lang='grc' dir='ltr'><strong>σοι</strong></span> <span class='ocrx_word' id='word_1_132' title='bbox 1711 1803 1992 1874; x_wconf 70' lang='grc' dir='ltr'>πεμφθέν-</span> 
     </span>
    </p>
   </div>
   <div class='ocr_carea' id='block_1_21' title="bbox 423 1869 2067 1968">
    <p class='ocr_par' dir='ltr' id='par_1_21' title="bbox 423 1869 2067 1968">
     <span class='ocr_line' id='line_1_21' title="bbox 423 1869 2067 1968; baseline 0.001 -20"><span class='ocrx_word' id='word_1_133' title='bbox 423 1910 516 1948; x_wconf 75' lang='grc' dir='ltr'><strong>τες</strong></span> <span class='ocrx_word' id='word_1_134' title='bbox 563 1895 718 1964; x_wconf 82' lang='grc' dir='ltr'>παρὰ</span> <span class='ocrx_word' id='word_1_135' title='bbox 749 1894 990 1964; x_wconf 80' lang='grc' dir='ltr'><strong>Χριστοῦ</strong></span> <span class='ocrx_word' id='word_1_136' title='bbox 1021 1912 1036 1926; x_wconf 89' lang='grc'><strong>·</strong></span> <span class='ocrx_word' id='word_1_137' title='bbox 1078 1869 1196 1950; x_wconf 77' lang='grc' dir='ltr'>εἶτα</span> <span class='ocrx_word' id='word_1_138' title='bbox 1239 1895 1332 1950; x_wconf 83' lang='grc' dir='ltr'><strong>τδν</strong></span> <span class='ocrx_word' id='word_1_139' title='bbox 1358 1869 1471 1967; x_wconf 73' lang='grc' dir='ltr'>μὲν</span> <span class='ocrx_word' id='word_1_140' title='bbox 1503 1897 1602 1964; x_wconf 76' lang='grc' dir='ltr'>τὴν</span> <span class='ocrx_word' id='word_1_141' title='bbox 1634 1869 1993 1968; x_wconf 34' lang='grc' dir='ltr'>χεῖρα-ἐκτεί-</span> <span class='ocrx_word' id='word_1_142' title='bbox 2023 1869 2067 1923; x_wconf 72' lang='grc' dir='ltr'><strong>Β</strong></span> 
     </span>
    </p>
   </div>
   <div class='ocr_carea' id='block_1_22' title="bbox 425 1987 1996 2060">
    <p class='ocr_par' dir='ltr' id='par_1_22' title="bbox 425 1987 1996 2060">
     <span class='ocr_line' id='line_1_22' title="bbox 425 1987 1996 2060; baseline 0.003 -22"><span class='ocrx_word' id='word_1_143' title='bbox 425 2001 607 2052; x_wconf 87' lang='grc' dir='ltr'>νοντα,</span> <span class='ocrx_word' id='word_1_144' title='bbox 654 1987 745 2041; x_wconf 80' lang='grc' dir='ltr'>τὸν</span> <span class='ocrx_word' id='word_1_145' title='bbox 773 1989 941 2058; x_wconf 80' lang='grc' dir='ltr'>τόμον</span> <span class='ocrx_word' id='word_1_146' title='bbox 996 1989 1308 2056; x_wconf 73' lang='grc' dir='ltr'>ὶπιδιδόναι,</span> <span class='ocrx_word' id='word_1_147' title='bbox 1363 1990 1525 2058; x_wconf 79' lang='grc' dir='ltr'>Δέξαι</span> <span class='ocrx_word' id='word_1_148' title='bbox 1556 2009 1616 2045; x_wconf 78' lang='grc' dir='ltr'><strong>τε</strong></span> <span class='ocrx_word' id='word_1_149' title='bbox 1670 1991 1898 2060; x_wconf 76' lang='grc' dir='ltr'>λέγοντα</span> <span class='ocrx_word' id='word_1_150' title='bbox 1935 1993 1996 2043; x_wconf 79' lang='grc' dir='ltr'><strong>τδ</strong></span> 
     </span>
    </p>
   </div>
   <div class='ocr_carea' id='block_1_23' title="bbox 429 2074 1997 2153">
    <p class='ocr_par' dir='ltr' id='par_1_23' title="bbox 429 2074 1997 2153">
     <span class='ocr_line' id='line_1_23' title="bbox 429 2074 1997 2153; baseline 0.003 -22"><span class='ocrx_word' id='word_1_151' title='bbox 429 2075 664 2144; x_wconf 71' lang='grc' dir='ltr'>βιϐλίον’</span> <span class='ocrx_word' id='word_1_152' title='bbox 701 2078 844 2148; x_wconf 83' lang='grc' dir='ltr'><strong>Ἐγὼ</strong></span> <span class='ocrx_word' id='word_1_153' title='bbox 870 2081 978 2149; x_wconf 77' lang='grc' dir='ltr'><strong>γὰρ</strong></span> <span class='ocrx_word' id='word_1_154' title='bbox 1018 2080 1294 2151; x_wconf 75' lang='grc' dir='ltr'><strong>Ἰωάννης,</strong></span> <span class='ocrx_word' id='word_1_155' title='bbox 1318 2074 1472 2153; x_wconf 76' lang='grc' dir='ltr'>ᾧπερ</span> <span class='ocrx_word' id='word_1_156' title='bbox 1500 2084 1532 2152; x_wconf 77' lang='grc' dir='ltr'>ἡ</span> <span class='ocrx_word' id='word_1_157' title='bbox 1554 2082 1647 2136; x_wconf 81' lang='grc' dir='ltr'><strong>τοῦ</strong></span> <span class='ocrx_word' id='word_1_158' title='bbox 1671 2083 1806 2137; x_wconf 85' lang='grc' dir='ltr'><strong>Θεοῦ</strong></span> <span class='ocrx_word' id='word_1_159' title='bbox 1836 2083 1997 2152; x_wconf 73' lang='grc' dir='ltr'>σοφία</span> 
     </span>
    </p>
   </div>
   <div class='ocr_carea' id='block_1_24' title="bbox 429 2170 1994 2246">
    <p class='ocr_par' dir='ltr' id='par_1_24' title="bbox 429 2170 1994 2246">
     <span class='ocr_line' id='line_1_24' title="bbox 429 2170 1994 2246; baseline 0.006 -24"><span class='ocrx_word' id='word_1_160' title='bbox 429 2170 488 2222; x_wconf 70' lang='grc' dir='ltr'><strong>τὸ</strong></span> <span class='ocrx_word' id='word_1_161' title='bbox 511 2171 708 2239; x_wconf 75' lang='grc' dir='ltr'>στῆθος</span> <span class='ocrx_word' id='word_1_162' title='bbox 738 2172 934 2240; x_wconf 74' lang='grc' dir='ltr'>ἀνῆκε,</span> <span class='ocrx_word' id='word_1_163' title='bbox 980 2173 1075 2226; x_wconf 80' lang='grc' dir='ltr'>καὶ</span> <span class='ocrx_word' id='word_1_164' title='bbox 1119 2174 1405 2228; x_wconf 77' lang='grc' dir='ltr'><strong>ἐπιπεσεῖν</strong></span> <span class='ocrx_word' id='word_1_165' title='bbox 1457 2174 1607 2246; x_wconf 83' lang='grc' dir='ltr'><strong>αὑτῷ</strong></span> <span class='ocrx_word' id='word_1_166' title='bbox 1638 2174 1994 2246; x_wconf 76' lang='grc' dir='ltr'><strong>παρεδέξατο.</strong></span> 
     </span>
    </p>
   </div>
   <div class='ocr_carea' id='block_1_25' title="bbox 432 2263 2000 2338">
    <p class='ocr_par' dir='ltr' id='par_1_25' title="bbox 432 2263 2000 2338">
     <span class='ocr_line' id='line_1_25' title="bbox 432 2263 2000 2338; baseline 0.005 -23"><span class='ocrx_word' id='word_1_167' title='bbox 432 2264 592 2326; x_wconf 76' lang='grc' dir='ltr'>Ἲιτις</span> <span class='ocrx_word' id='word_1_168' title='bbox 623 2263 678 2318; x_wconf 85' lang='grc' dir='ltr'><strong>δέ</strong></span> <span class='ocrx_word' id='word_1_169' title='bbox 717 2281 798 2317; x_wconf 90' lang='grc' dir='ltr'><strong>σοι</strong></span> <span class='ocrx_word' id='word_1_170' title='bbox 826 2263 923 2319; x_wconf 76' lang='grc' dir='ltr'>καὶ</span> <span class='ocrx_word' id='word_1_171' title='bbox 951 2264 1022 2318; x_wconf 86' lang='grc' dir='ltr'><strong>δι’</strong></span> <span class='ocrx_word' id='word_1_172' title='bbox 1055 2265 1214 2336; x_wconf 79' lang='grc' dir='ltr'>ἡμῶν</span> <span class='ocrx_word' id='word_1_173' title='bbox 1250 2266 1318 2318; x_wconf 87' lang='grc' dir='ltr'><strong>τὰ</strong></span> <span class='ocrx_word' id='word_1_174' title='bbox 1344 2265 1452 2319; x_wconf 80' lang='grc' dir='ltr'><strong>τῶν</strong></span> <span class='ocrx_word' id='word_1_175' title='bbox 1487 2266 1723 2337; x_wconf 77' lang='grc' dir='ltr'>Γραφῶν</span> <span class='ocrx_word' id='word_1_176' title='bbox 1751 2267 2000 2338; x_wconf 75' lang='grc' dir='ltr'>εὔληπτα</span> 
     </span>
    </p>
   </div>
   <div class='ocr_carea' id='block_1_26' title="bbox 431 2352 1998 2427">
    <p class='ocr_par' dir='ltr' id='par_1_26' title="bbox 431 2352 1998 2427">
     <span class='ocr_line' id='line_1_26' title="bbox 431 2352 1998 2427; baseline 0.005 -23"><span class='ocrx_word' id='word_1_177' title='bbox 431 2352 589 2423; x_wconf 72' lang='grc' dir='ltr'>θήσει</span> <span class='ocrx_word' id='word_1_178' title='bbox 613 2370 628 2385; x_wconf 76' lang='grc' dir='ltr'><strong><em>ο</em></strong></span> <span class='ocrx_word' id='word_1_179' title='bbox 657 2352 750 2408; x_wconf 77' lang='grc' dir='ltr'><strong>καὶ</strong></span> <span class='ocrx_word' id='word_1_180' title='bbox 781 2357 1190 2426; x_wconf 81' lang='grc' dir='ltr'>χειραγωγήσει</span> <span class='ocrx_word' id='word_1_181' title='bbox 1218 2355 1423 2426; x_wconf 82' lang='grc' dir='ltr'><strong>ταύτης</strong></span> <span class='ocrx_word' id='word_1_182' title='bbox 1456 2357 1594 2427; x_wconf 66' lang='grc' dir='ltr'>πρὸς</span> <span class='ocrx_word' id='word_1_183' title='bbox 1621 2355 1721 2426; x_wconf 83' lang='grc' dir='ltr'>τὴν</span> <span class='ocrx_word' id='word_1_184' title='bbox 1765 2357 1998 2426; x_wconf 70' lang='grc' dir='ltr'>ἐπίγνω-</span> 
     </span>
    </p>
   </div>
   <div class='ocr_carea' id='block_1_27' title="bbox 431 2447 1999 2522">
    <p class='ocr_par' dir='ltr' id='par_1_27' title="bbox 431 2447 1999 2522">
     <span class='ocr_line' id='line_1_27' title="bbox 431 2447 1999 2522; baseline 0.004 -24"><span class='ocrx_word' id='word_1_185' title='bbox 431 2462 553 2500; x_wconf 80' lang='grc' dir='ltr'>σινο</span> <span class='ocrx_word' id='word_1_186' title='bbox 593 2449 687 2500; x_wconf 72' lang='grc' dir='ltr'>τὸν</span> <span class='ocrx_word' id='word_1_187' title='bbox 735 2447 782 2502; x_wconf 79' lang='grc' dir='ltr'>δ’</span> <span class='ocrx_word' id='word_1_188' title='bbox 810 2447 991 2514; x_wconf 75' lang='grc' dir='ltr'>ἄλλον,</span> <span class='ocrx_word' id='word_1_189' title='bbox 1024 2448 1205 2513; x_wconf 83' lang='grc' dir='ltr'>Δέξαι,</span> <span class='ocrx_word' id='word_1_190' title='bbox 1255 2452 1347 2504; x_wconf 73' lang='grc' dir='ltr'>καὶ</span> <span class='ocrx_word' id='word_1_191' title='bbox 1391 2448 1492 2519; x_wconf 83' lang='grc' dir='ltr'>τὴν</span> <span class='ocrx_word' id='word_1_192' title='bbox 1547 2452 1707 2522; x_wconf 78' lang='grc' dir='ltr'>χεῖρα</span> <span class='ocrx_word' id='word_1_193' title='bbox 1736 2449 1999 2520; x_wconf 80' lang='grc' dir='ltr'>ὀρέγοντα</span> 
     </span>
    </p>
   </div>
   <div class='ocr_carea' id='block_1_28' title="bbox 432 2535 2001 2610">
    <p class='ocr_par' dir='ltr' id='par_1_28' title="bbox 432 2535 2001 2610">
     <span class='ocr_line' id='line_1_28' title="bbox 432 2535 2001 2610; baseline 0.004 -22"><span class='ocrx_word' id='word_1_194' title='bbox 432 2535 621 2603; x_wconf 75' lang='grc' dir='ltr'>φάναι,</span> <span class='ocrx_word' id='word_1_195' title='bbox 664 2536 761 2599; x_wconf 78' lang='grc' dir='ltr'>τὰς</span> <span class='ocrx_word' id='word_1_196' title='bbox 799 2536 856 2589; x_wconf 79' lang='grc' dir='ltr'>δὲ</span> <span class='ocrx_word' id='word_1_197' title='bbox 888 2537 986 2601; x_wconf 80' lang='grc' dir='ltr'><strong>τὰς</strong></span> <span class='ocrx_word' id='word_1_198' title='bbox 1039 2539 1186 2599; x_wconf 84' lang='grc' dir='ltr'>κλεῖς</span> <span class='ocrx_word' id='word_1_199' title='bbox 1209 2554 1224 2569; x_wconf 75' lang='grc'><strong>⁸</strong></span> <span class='ocrx_word' id='word_1_200' title='bbox 1259 2539 1360 2608; x_wconf 71' lang='grc' dir='ltr'><strong>ἐμὲ</strong></span> <span class='ocrx_word' id='word_1_201' title='bbox 1407 2539 1465 2593; x_wconf 74' lang='grc' dir='ltr'>δὲ</span> <span class='ocrx_word' id='word_1_202' title='bbox 1501 2540 1709 2610; x_wconf 78' lang='grc' dir='ltr'>Πέτρον</span> <span class='ocrx_word' id='word_1_203' title='bbox 1747 2542 1881 2606; x_wconf 72' lang='grc' dir='ltr'>ἴσοι,</span> <span class='ocrx_word' id='word_1_204' title='bbox 1911 2543 2001 2595; x_wconf 75' lang='grc' dir='ltr'>τὸν</span> 
     </span>
    </p>
   </div>
   <div class='ocr_carea' id='block_1_29' title="bbox 435 2629 2001 2702">
    <p class='ocr_par' dir='ltr' id='par_1_29' title="bbox 435 2629 2001 2702">
     <span class='ocr_line' id='line_1_29' title="bbox 435 2629 2001 2702; baseline 0.004 -20"><span class='ocrx_word' id='word_1_205' title='bbox 435 2630 587 2700; x_wconf 76' lang='grc' dir='ltr'>παρὰ</span> <span class='ocrx_word' id='word_1_206' title='bbox 646 2629 783 2684; x_wconf 84' lang='grc' dir='ltr'>Θεοῦ</span> <span class='ocrx_word' id='word_1_207' title='bbox 840 2630 1044 2695; x_wconf 81' lang='grc' dir='ltr'>ταύτας</span> <span class='ocrx_word' id='word_1_208' title='bbox 1097 2631 1630 2702; x_wconf 71' lang='grc' dir='ltr'>ἔγχειρισθένταοδν</span> <span class='ocrx_word' id='word_1_209' title='bbox 1662 2634 1758 2688; x_wconf 79' lang='grc' dir='ltr'>καὶ</span> <span class='ocrx_word' id='word_1_210' title='bbox 1811 2634 1904 2687; x_wconf 87' lang='grc' dir='ltr'><strong>νῦν</strong></span> <span class='ocrx_word' id='word_1_211' title='bbox 1933 2635 2001 2688; x_wconf 88' lang='grc' dir='ltr'><strong>δι’</strong></span> 
     </span>
    </p>
   </div>
   <div class='ocr_carea' id='block_1_30' title="bbox 432 2720 2004 2794">
    <p class='ocr_par' dir='ltr' id='par_1_30' title="bbox 432 2720 2004 2794">
     <span class='ocr_line' id='line_1_30' title="bbox 432 2720 2004 2794; baseline 0.005 -21"><span class='ocrx_word' id='word_1_212' title='bbox 432 2720 566 2791; x_wconf 74' lang='grc' dir='ltr'>ἐμοῦ</span> <span class='ocrx_word' id='word_1_213' title='bbox 606 2720 854 2786; x_wconf 75' lang='grc' dir='ltr'>πίστευε,</span> <span class='ocrx_word' id='word_1_214' title='bbox 905 2723 1006 2792; x_wconf 80' lang='grc' dir='ltr'>τῆς</span> <span class='ocrx_word' id='word_1_215' title='bbox 1035 2723 1208 2794; x_wconf 80' lang='grc' dir='ltr'>αὐτῆς</span> <span class='ocrx_word' id='word_1_216' title='bbox 1235 2741 1294 2777; x_wconf 88' lang='grc' dir='ltr'><strong>σε</strong></span> <span class='ocrx_word' id='word_1_217' title='bbox 1329 2724 1553 2794; x_wconf 82' lang='grc' dir='ltr'>χάριτος</span> <span class='ocrx_word' id='word_1_218' title='bbox 1569 2724 1824 2793; x_wconf 76' lang='grc' dir='ltr'>ἀξιοῦντα</span> <span class='ocrx_word' id='word_1_219' title='bbox 1847 2743 1862 2760; x_wconf 89' lang='grc'><strong>·</strong></span> <span class='ocrx_word' id='word_1_220' title='bbox 1900 2727 2004 2781; x_wconf 84' lang='grc' dir='ltr'><strong>ὦσ-</strong></span> 
     </span>
    </p>
   </div>
   <div class='ocr_carea' id='block_1_31' title="bbox 432 2810 2005 2887">
    <p class='ocr_par' dir='ltr' id='par_1_31' title="bbox 432 2810 2005 2887">
     <span class='ocr_line' id='line_1_31' title="bbox 432 2810 2005 2887; baseline 0.005 -24"><span class='ocrx_word' id='word_1_221' title='bbox 432 2829 492 2865; x_wconf 87' lang='grc' dir='ltr'><strong>τε</strong></span> <span class='ocrx_word' id='word_1_222' title='bbox 516 2810 616 2866; x_wconf 86' lang='grc' dir='ltr'>ὅσα</span> <span class='ocrx_word' id='word_1_223' title='bbox 641 2812 708 2867; x_wconf 75' lang='grc' dir='ltr'>ἂν</span> <span class='ocrx_word' id='word_1_224' title='bbox 740 2812 909 2886; x_wconf 76' lang='grc' dir='ltr'>δήσῃς</span> <span class='ocrx_word' id='word_1_225' title='bbox 933 2814 965 2882; x_wconf 77' lang='grc' dir='ltr'>ἢ</span> <span class='ocrx_word' id='word_1_226' title='bbox 995 2813 1166 2887; x_wconf 79' lang='grc' dir='ltr'>λύσῃς</span> <span class='ocrx_word' id='word_1_227' title='bbox 1202 2813 1295 2868; x_wconf 66' lang='grc' dir='ltr'>ἐπὶ</span> <span class='ocrx_word' id='word_1_228' title='bbox 1319 2817 1416 2886; x_wconf 78' lang='grc' dir='ltr'>τῆς</span> <span class='ocrx_word' id='word_1_229' title='bbox 1439 2816 1563 2884; x_wconf 77' lang='grc' dir='ltr'>γῆς,</span> <span class='ocrx_word' id='word_1_230' title='bbox 1607 2815 1717 2870; x_wconf 84' lang='grc' dir='ltr'>ῐσοι</span> <span class='ocrx_word' id='word_1_231' title='bbox 1742 2816 2005 2887; x_wconf 80' lang='grc' dir='ltr'>δεδεμένα</span> 
     </span>
    </p>
   </div>
   <div class='ocr_carea' id='block_1_32' title="bbox 433 2900 2004 2977">
    <p class='ocr_par' dir='ltr' id='par_1_32' title="bbox 433 2900 2004 2977">
     <span class='ocr_line' id='line_1_32' title="bbox 433 2900 2004 2977; baseline 0.004 -21"><span class='ocrx_word' id='word_1_232' title='bbox 433 2902 606 2962; x_wconf 84' lang='grc' dir='ltr'>ταῦτα</span> <span class='ocrx_word' id='word_1_233' title='bbox 635 2900 775 2960; x_wconf 76' lang='grc' dir='ltr'>εἶναι</span> <span class='ocrx_word' id='word_1_234' title='bbox 801 2905 834 2975; x_wconf 74' lang='grc' dir='ltr'>ἢ</span> <span class='ocrx_word' id='word_1_235' title='bbox 862 2906 1130 2976; x_wconf 72' lang='grc' dir='ltr'>λελυμένα</span> <span class='ocrx_word' id='word_1_236' title='bbox 1166 2907 1260 2961; x_wconf 74' lang='grc' dir='ltr'>καὶ</span> <span class='ocrx_word' id='word_1_237' title='bbox 1283 2908 1340 2960; x_wconf 83' lang='grc' dir='ltr'>ἐν</span> <span class='ocrx_word' id='word_1_238' title='bbox 1366 2909 1477 2970; x_wconf 87' lang='grc' dir='ltr'>τοῖς</span> <span class='ocrx_word' id='word_1_239' title='bbox 1505 2907 2004 2977; x_wconf 82' lang='grc' dir='ltr'>οὑρανοῖς.⁹Εγνω;</span> 
     </span>
    </p>
   </div>
   <div class='ocr_carea' id='block_1_33' title="bbox 437 2996 2008 3070">
    <p class='ocr_par' dir='ltr' id='par_1_33' title="bbox 437 2996 2008 3070">
     <span class='ocr_line' id='line_1_33' title="bbox 437 2996 2008 3070; baseline 0.002 -19"><span class='ocrx_word' id='word_1_240' title='bbox 437 2998 543 3070; x_wconf 78' lang='grc' dir='ltr'>ἄρα</span> <span class='ocrx_word' id='word_1_241' title='bbox 576 3000 680 3052; x_wconf 84' lang='grc' dir='ltr'>κάν</span> <span class='ocrx_word' id='word_1_242' title='bbox 709 2996 938 3062; x_wconf 86' lang='grc' dir='ltr'>τούτοις,</span> <span class='ocrx_word' id='word_1_243' title='bbox 969 2999 1072 3061; x_wconf 83' lang='grc' dir='ltr'>ὅτι,</span> <span class='ocrx_word' id='word_1_244' title='bbox 1095 3000 1124 3052; x_wconf 81' lang='grc' dir='ltr'><strong>ὁ</strong></span> <span class='ocrx_word' id='word_1_245' title='bbox 1148 2999 1269 3068; x_wconf 66' lang='grc' dir='ltr'>μὲν,</span> <span class='ocrx_word' id='word_1_246' title='bbox 1300 2999 1400 3065; x_wconf 78' lang='grc' dir='ltr'>τὴν</span> <span class='ocrx_word' id='word_1_247' title='bbox 1421 2997 1532 3053; x_wconf 84' lang='grc' dir='ltr'><strong>τῶν</strong></span> <span class='ocrx_word' id='word_1_248' title='bbox 1562 2997 1800 3070; x_wconf 83' lang='grc' dir='ltr'>Γραφῶν</span> <span class='ocrx_word' id='word_1_249' title='bbox 1828 3000 2008 3070; x_wconf 80' lang='grc' dir='ltr'>ἑρμη-</span> 
     </span>
    </p>
   </div>
   <div class='ocr_carea' id='block_1_34' title="bbox 436 3085 2006 3162">
    <p class='ocr_par' dir='ltr' id='par_1_34' title="bbox 436 3085 2006 3162">
     <span class='ocr_line' id='line_1_34' title="bbox 436 3085 2006 3162; baseline 0.004 -23"><span class='ocrx_word' id='word_1_250' title='bbox 436 3089 587 3142; x_wconf 74' lang='grc' dir='ltr'>νείαν</span> <span class='ocrx_word' id='word_1_251' title='bbox 615 3087 884 3160; x_wconf 84' lang='grc' dir='ltr'>εὑληπτον</span> <span class='ocrx_word' id='word_1_252' title='bbox 906 3085 1047 3144; x_wconf 75' lang='grc' dir='ltr'>εἶναι</span> <span class='ocrx_word' id='word_1_253' title='bbox 1078 3089 1251 3161; x_wconf 83' lang='grc' dir='ltr'>αὑτῷ,</span> <span class='ocrx_word' id='word_1_254' title='bbox 1281 3090 1378 3145; x_wconf 81' lang='grc' dir='ltr'>καὶ</span> <span class='ocrx_word' id='word_1_255' title='bbox 1403 3090 1503 3161; x_wconf 80' lang='grc' dir='ltr'>τὴν</span> <span class='ocrx_word' id='word_1_256' title='bbox 1534 3091 1740 3146; x_wconf 87' lang='grc' dir='ltr'>τούτων</span> <span class='ocrx_word' id='word_1_257' title='bbox 1770 3091 2006 3162; x_wconf 66' lang='grc' dir='ltr'>ἐπιγνω-</span> 
     </span>
    </p>
   </div>
   <div class='ocr_carea' id='block_1_35' title="bbox 2088 604 3657 676">
    <p class='ocr_par' dir='ltr' id='par_1_35' title="bbox 2088 604 3657 676">
     <span class='ocr_line' id='line_1_35' title="bbox 2088 604 3657 676; baseline 0.002 -20"><span class='ocrx_word' id='word_1_258' title='bbox 2088 604 2235 667; x_wconf 83' lang='lat' dir='ltr'><strong>deat,</strong></span> <span class='ocrx_word' id='word_1_259' title='bbox 2270 606 2344 659; x_wconf 87' lang='lat' dir='ltr'><strong>ita</strong></span> <span class='ocrx_word' id='word_1_260' title='bbox 2389 614 2444 659; x_wconf 92' lang='lat' dir='ltr'><strong>et</strong></span> <span class='ocrx_word' id='word_1_261' title='bbox 2477 606 2668 659; x_wconf 88' lang='lat' dir='ltr'><strong>audire</strong></span> <span class='ocrx_word' id='word_1_262' title='bbox 2704 622 2904 661; x_wconf 76' lang='lat' dir='ltr'><strong>novum</strong></span> <span class='ocrx_word' id='word_1_263' title='bbox 2938 609 3210 675; x_wconf 84' lang='lat' dir='ltr'><strong>videatur,</strong></span> <span class='ocrx_word' id='word_1_264' title='bbox 3244 607 3426 676; x_wconf 90' lang='lat' dir='ltr'><strong>itaque</strong></span> <span class='ocrx_word' id='word_1_265' title='bbox 3456 621 3657 661; x_wconf 86' lang='lat' dir='ltr'><strong>novum</strong></span> 
     </span>
    </p>
   </div>
   <div class='ocr_carea' id='block_1_36' title="bbox 2087 694 3661 764">
    <p class='ocr_par' dir='ltr' id='par_1_36' title="bbox 2087 694 3661 764">
     <span class='ocr_line' id='line_1_36' title="bbox 2087 694 3661 764; baseline 0.003 -20"><span class='ocrx_word' id='word_1_266' title='bbox 2087 694 2343 762; x_wconf 76' lang='lat' dir='ltr'><strong>quiddam</strong></span> <span class='ocrx_word' id='word_1_267' title='bbox 2378 705 2426 749; x_wconf 80' lang='lat' dir='ltr'><strong>et</strong></span> <span class='ocrx_word' id='word_1_268' title='bbox 2469 697 2695 750; x_wconf 86' lang='lat' dir='ltr'><strong>horrore</strong></span> <span class='ocrx_word' id='word_1_269' title='bbox 2722 697 2939 764; x_wconf 87' lang='lat' dir='ltr'><strong>plenum</strong></span> <span class='ocrx_word' id='word_1_270' title='bbox 2971 697 3211 753; x_wconf 78' lang='lat' dir='ltr'><strong>audisse.</strong></span> <span class='ocrx_word' id='word_1_271' title='bbox 3247 697 3513 753; x_wconf 67' lang='lat' dir='ltr'><strong>Caeterum</strong></span> <span class='ocrx_word' id='word_1_272' title='bbox 3545 697 3661 750; x_wconf 89' lang='lat' dir='ltr'><strong>ani-</strong></span> 
     </span>
    </p>
   </div>
   <div class='ocr_carea' id='block_1_37' title="bbox 2089 786 3654 858">
    <p class='ocr_par' dir='ltr' id='par_1_37' title="bbox 2089 786 3654 858">
     <span class='ocr_line' id='line_1_37' title="bbox 2089 786 3654 858; baseline 0.002 -21"><span class='ocrx_word' id='word_1_273' title='bbox 2089 786 2538 840; x_wconf 80' lang='lat' dir='ltr'><strong>madvertendum</strong></span> <span class='ocrx_word' id='word_1_274' title='bbox 2575 786 2718 856; x_wconf 87' lang='lat' dir='ltr'><strong>quod</strong></span> <span class='ocrx_word' id='word_1_275' title='bbox 2758 787 2884 844; x_wconf 87' lang='lat' dir='ltr'><strong>huic</strong></span> <span class='ocrx_word' id='word_1_276' title='bbox 2935 788 3238 843; x_wconf 78' lang='lat' dir='ltr'><strong>narrationi</strong></span> <span class='ocrx_word' id='word_1_277' title='bbox 3281 802 3436 858; x_wconf 70' lang='lat' dir='ltr'><strong>asque</strong></span> <span class='ocrx_word' id='word_1_278' title='bbox 3491 787 3654 842; x_wconf 89' lang='lat' dir='ltr'><strong>mista</strong></span> 
     </span>
    </p>
   </div>
   <div class='ocr_carea' id='block_1_38' title="bbox 2088 880 3657 953">
    <p class='ocr_par' dir='ltr' id='par_1_38' title="bbox 2088 880 3657 953">
     <span class='ocr_line' id='line_1_38' title="bbox 2088 880 3657 953; baseline -0.002 -19"><span class='ocrx_word' id='word_1_279' title='bbox 2088 890 2217 935; x_wconf 91' lang='lat' dir='ltr'><strong>sunt</strong></span> <span class='ocrx_word' id='word_1_280' title='bbox 2257 883 2421 937; x_wconf 90' lang='lat' dir='ltr'><strong>timor</strong></span> <span class='ocrx_word' id='word_1_281' title='bbox 2453 893 2507 938; x_wconf 91' lang='lat' dir='ltr'><strong>et</strong></span> <span class='ocrx_word' id='word_1_282' title='bbox 2533 883 2742 938; x_wconf 60' lang='lat' dir='ltr'><strong>latitia.</strong></span> <span class='ocrx_word' id='word_1_283' title='bbox 2775 883 2888 938; x_wconf 89' lang='lat' dir='ltr'><strong>Duo</strong></span> <span class='ocrx_word' id='word_1_284' title='bbox 2927 883 3148 953; x_wconf 89' lang='lat' dir='ltr'><strong>quidam</strong></span> <span class='ocrx_word' id='word_1_285' title='bbox 3189 883 3288 938; x_wconf 88' lang='lat' dir='ltr'><strong>viri</strong></span> <span class='ocrx_word' id='word_1_286' title='bbox 3319 882 3440 937; x_wconf 86' lang='lat' dir='ltr'><strong>alba</strong></span> <span class='ocrx_word' id='word_1_287' title='bbox 3471 880 3657 935; x_wconf 80' lang='lat' dir='ltr'><strong>amicti</strong></span> 
     </span>
    </p>
   </div>
   <div class='ocr_carea' id='block_1_39' title="bbox 2092 972 3662 1044">
    <p class='ocr_par' dir='ltr' id='par_1_39' title="bbox 2092 972 3662 1044">
     <span class='ocr_line' id='line_1_39' title="bbox 2092 972 3662 1044; baseline -0.001 -18"><span class='ocrx_word' id='word_1_288' title='bbox 2092 983 2259 1038; x_wconf 80' lang='lat' dir='ltr'><strong>veste,</strong></span> <span class='ocrx_word' id='word_1_289' title='bbox 2295 984 2515 1044; x_wconf 88' lang='lat' dir='ltr'><strong>aspectu</strong></span> <span class='ocrx_word' id='word_1_290' title='bbox 2575 974 2856 1038; x_wconf 78' lang='lat' dir='ltr'><strong>horrifico,</strong></span> <span class='ocrx_word' id='word_1_291' title='bbox 2908 973 3008 1029; x_wconf 83' lang='lat' dir='ltr'><strong>visi</strong></span> <span class='ocrx_word' id='word_1_292' title='bbox 3041 982 3171 1030; x_wconf 89' lang='lat' dir='ltr'><strong>sunt</strong></span> <span class='ocrx_word' id='word_1_293' title='bbox 3218 975 3267 1029; x_wconf 91' lang='lat' dir='ltr'><strong>ei</strong></span> <span class='ocrx_word' id='word_1_294' title='bbox 3300 974 3368 1030; x_wconf 91' lang='lat' dir='ltr'><strong>de</strong></span> <span class='ocrx_word' id='word_1_295' title='bbox 3396 974 3539 1030; x_wconf 70' lang='lat' dir='ltr'><strong>cmlo</strong></span> <span class='ocrx_word' id='word_1_296' title='bbox 3567 972 3662 1026; x_wconf 89' lang='lat' dir='ltr'><strong>de-</strong></span> 
     </span>
    </p>
   </div>
   <div class='ocr_carea' id='block_1_40' title="bbox 2089 1065 3664 1138">
    <p class='ocr_par' dir='ltr' id='par_1_40' title="bbox 2089 1065 3664 1138">
     <span class='ocr_line' id='line_1_40' title="bbox 2089 1065 3664 1138; baseline -0.003 -16"><span class='ocrx_word' id='word_1_297' title='bbox 2089 1068 2369 1132; x_wconf 85' lang='lat' dir='ltr'><strong>scendere,</strong></span> <span class='ocrx_word' id='word_1_298' title='bbox 2391 1067 2626 1138; x_wconf 86' lang='lat' dir='ltr'><strong>huicque</strong></span> <span class='ocrx_word' id='word_1_299' title='bbox 2655 1069 2918 1136; x_wconf 82' lang='lat' dir='ltr'><strong>praeclaro</strong></span> <span class='ocrx_word' id='word_1_300' title='bbox 2941 1069 3056 1122; x_wconf 86' lang='lat' dir='ltr'><strong>viro</strong></span> <span class='ocrx_word' id='word_1_301' title='bbox 3082 1066 3213 1122; x_wconf 91' lang='lat' dir='ltr'><strong>dum</strong></span> <span class='ocrx_word' id='word_1_302' title='bbox 3242 1071 3428 1122; x_wconf 83' lang='lat' dir='ltr'><strong>oraret</strong></span> <span class='ocrx_word' id='word_1_303' title='bbox 3449 1065 3506 1120; x_wconf 90' lang='lat' dir='ltr'><strong>in</strong></span> <span class='ocrx_word' id='word_1_304' title='bbox 3533 1079 3664 1120; x_wconf 86' lang='lat' dir='ltr'><strong>con-</strong></span> 
     </span>
    </p>
   </div>
   <div class='ocr_carea' id='block_1_41' title="bbox 2090 1157 3663 1228">
    <p class='ocr_par' dir='ltr' id='par_1_41' title="bbox 2090 1157 3663 1228">
     <span class='ocr_line' id='line_1_41' title="bbox 2090 1157 3663 1228; baseline -0.002 -15"><span class='ocrx_word' id='word_1_305' title='bbox 2090 1167 2339 1228; x_wconf 84' lang='lat' dir='ltr'><strong>spectum</strong></span> <span class='ocrx_word' id='word_1_306' title='bbox 2375 1160 2616 1224; x_wconf 82' lang='lat' dir='ltr'><strong>venisse,</strong></span> <span class='ocrx_word' id='word_1_307' title='bbox 2644 1175 2874 1228; x_wconf 88' lang='lat' dir='ltr'><strong>quorum</strong></span> <span class='ocrx_word' id='word_1_308' title='bbox 2907 1158 3044 1216; x_wconf 88' lang='lat' dir='ltr'><strong>alter</strong></span> <span class='ocrx_word' id='word_1_309' title='bbox 3068 1159 3347 1225; x_wconf 82' lang='lat' dir='ltr'><strong>volumen,</strong></span> <span class='ocrx_word' id='word_1_310' title='bbox 3381 1160 3522 1212; x_wconf 87' lang='lat' dir='ltr'><strong>alter</strong></span> <span class='ocrx_word' id='word_1_311' title='bbox 3549 1157 3663 1212; x_wconf 88' lang='lat' dir='ltr'><strong>cla-</strong></span> 
     </span>
    </p>
   </div>
   <div class='ocr_carea' id='block_1_42' title="bbox 2089 1249 3664 1323">
    <p class='ocr_par' dir='ltr' id='par_1_42' title="bbox 2089 1249 3664 1323">
     <span class='ocr_line' id='line_1_42' title="bbox 2089 1249 3664 1323; baseline 0 -21"><span class='ocrx_word' id='word_1_312' title='bbox 2089 1266 2184 1306; x_wconf 89' lang='lat' dir='ltr'><strong>ves</strong></span> <span class='ocrx_word' id='word_1_313' title='bbox 2216 1250 2473 1307; x_wconf 85' lang='lat' dir='ltr'><strong>manibus</strong></span> <span class='ocrx_word' id='word_1_314' title='bbox 2494 1252 2778 1306; x_wconf 83' lang='lat' dir='ltr'><strong>continere</strong></span> <span class='ocrx_word' id='word_1_315' title='bbox 2803 1251 3112 1307; x_wconf 78' lang='lat' dir='ltr'><strong>videbatur.</strong></span> <span class='ocrx_word' id='word_1_316' title='bbox 3140 1252 3390 1323; x_wconf 85' lang='lat' dir='ltr'><strong>Cumque</strong></span> <span class='ocrx_word' id='word_1_317' title='bbox 3422 1249 3664 1305; x_wconf 73' lang='lat' dir='ltr'><strong>Joannes</strong></span> 
     </span>
    </p>
   </div>
   <div class='ocr_carea' id='block_1_43' title="bbox 2093 1344 3666 1421">
    <p class='ocr_par' dir='ltr' id='par_1_43' title="bbox 2093 1344 3666 1421">
     <span class='ocr_line' id='line_1_43' title="bbox 2093 1344 3666 1421; baseline -0.002 -24"><span class='ocrx_word' id='word_1_318' title='bbox 2093 1344 2234 1398; x_wconf 89' lang='lat' dir='ltr'><strong>hanc</strong></span> <span class='ocrx_word' id='word_1_319' title='bbox 2268 1359 2464 1397; x_wconf 84' lang='lat' dir='ltr'><strong>novam</strong></span> <span class='ocrx_word' id='word_1_320' title='bbox 2500 1345 2738 1421; x_wconf 77' lang='lat' dir='ltr'><strong>speciem</strong></span> <span class='ocrx_word' id='word_1_321' title='bbox 2767 1347 3086 1409; x_wconf 85' lang='lat' dir='ltr'><strong>miraretur,</strong></span> <span class='ocrx_word' id='word_1_322' title='bbox 3126 1344 3326 1400; x_wconf 81' lang='lat' dir='ltr'><strong>timore</strong></span> <span class='ocrx_word' id='word_1_323' title='bbox 3361 1358 3485 1400; x_wconf 80' lang='lat' dir='ltr'><strong>esse</strong></span> <span class='ocrx_word' id='word_1_324' title='bbox 3538 1358 3666 1398; x_wconf 81' lang='lat' dir='ltr'><strong>cor-</strong></span> 
     </span>
    </p>
   </div>
   <div class='ocr_carea' id='block_1_44' title="bbox 2094 1435 3669 1506">
    <p class='ocr_par' dir='ltr' id='par_1_44' title="bbox 2094 1435 3669 1506">
     <span class='ocr_line' id='line_1_44' title="bbox 2094 1435 3669 1506; baseline 0.003 -20"><span class='ocrx_word' id='word_1_325' title='bbox 2094 1446 2306 1504; x_wconf 78' lang='lat' dir='ltr'><strong>trptum</strong></span> <span class='ocrx_word' id='word_1_326' title='bbox 2340 1450 2356 1490; x_wconf 76' lang='grc' dir='ltr'><strong>ι</strong></span> <span class='ocrx_word' id='word_1_327' title='bbox 2399 1435 2498 1490; x_wconf 90' lang='lat' dir='ltr'><strong>hos</strong></span> <span class='ocrx_word' id='word_1_328' title='bbox 2539 1449 2668 1490; x_wconf 83' lang='lat' dir='ltr'><strong>vero</strong></span> <span class='ocrx_word' id='word_1_329' title='bbox 2699 1436 2953 1492; x_wconf 85' lang='lat' dir='ltr'><strong>manibus</strong></span> <span class='ocrx_word' id='word_1_330' title='bbox 2985 1436 3397 1506; x_wconf 76' lang='lat' dir='ltr'><strong>apprehensum</strong></span> <span class='ocrx_word' id='word_1_331' title='bbox 3421 1435 3669 1490; x_wconf 78' lang='lat' dir='ltr'><strong>erexisse</strong></span> 
     </span>
    </p>
   </div>
   <div class='ocr_carea' id='block_1_45' title="bbox 2093 1528 3670 1600">
    <p class='ocr_par' dir='ltr' id='par_1_45' title="bbox 2093 1528 3670 1600">
     <span class='ocr_line' id='line_1_45' title="bbox 2093 1528 3670 1600; baseline 0 -18"><span class='ocrx_word' id='word_1_332' title='bbox 2093 1536 2148 1582; x_wconf 86' lang='lat' dir='ltr'><strong>ct</strong></span> <span class='ocrx_word' id='word_1_333' title='bbox 2195 1536 2398 1583; x_wconf 86' lang='lat' dir='ltr'><strong>metum</strong></span> <span class='ocrx_word' id='word_1_334' title='bbox 2451 1528 2802 1593; x_wconf 82' lang='lat' dir='ltr'><strong>abstersisse,</strong></span> <span class='ocrx_word' id='word_1_335' title='bbox 2840 1531 3093 1600; x_wconf 86' lang='lat' dir='ltr'><strong>bonoque</strong></span> <span class='ocrx_word' id='word_1_336' title='bbox 3151 1528 3337 1583; x_wconf 85' lang='lat' dir='ltr'><strong>animo</strong></span> <span class='ocrx_word' id='word_1_337' title='bbox 3385 1543 3513 1583; x_wconf 89' lang='lat' dir='ltr'><strong>eum</strong></span> <span class='ocrx_word' id='word_1_338' title='bbox 3547 1542 3670 1584; x_wconf 87' lang='lat' dir='ltr'><strong>esse</strong></span> 
     </span>
    </p>
   </div>
   <div class='ocr_carea' id='block_1_46' title="bbox 2092 1619 3668 1693">
    <p class='ocr_par' dir='ltr' id='par_1_46' title="bbox 2092 1619 3668 1693">
     <span class='ocr_line' id='line_1_46' title="bbox 2092 1619 3668 1693; baseline -0.001 -18"><span class='ocrx_word' id='word_1_339' title='bbox 2092 1620 2325 1690; x_wconf 82' lang='lat' dir='ltr'><strong>iussisse</strong></span> <span class='ocrx_word' id='word_1_340' title='bbox 2358 1637 2376 1689; x_wconf 84' lang='lat'><strong>;</strong></span> <span class='ocrx_word' id='word_1_341' title='bbox 2415 1623 2760 1692; x_wconf 86' lang='lat' dir='ltr'><strong>percontanti</strong></span> <span class='ocrx_word' id='word_1_342' title='bbox 2814 1623 3043 1693; x_wconf 79' lang='lat' dir='ltr'><strong>quinam</strong></span> <span class='ocrx_word' id='word_1_343' title='bbox 3077 1630 3264 1677; x_wconf 89' lang='lat' dir='ltr'><strong>essent</strong></span> <span class='ocrx_word' id='word_1_344' title='bbox 3299 1621 3336 1676; x_wconf 90' lang='lat' dir='ltr'><strong>ii</strong></span> <span class='ocrx_word' id='word_1_345' title='bbox 3377 1619 3484 1676; x_wconf 85' lang='lat' dir='ltr'><strong>viri</strong></span> <span class='ocrx_word' id='word_1_346' title='bbox 3518 1629 3668 1676; x_wconf 81' lang='lat' dir='ltr'><strong>tanta</strong></span> 
     </span>
    </p>
   </div>
   <div class='ocr_carea' id='block_1_47' title="bbox 2106 1712 3668 1784">
    <p class='ocr_par' dir='ltr' id='par_1_47' title="bbox 2106 1712 3668 1784">
     <span class='ocr_line' id='line_1_47' title="bbox 2106 1712 3668 1784; baseline 0.002 -16"><span class='ocrx_word' id='word_1_347' title='bbox 2106 1716 2318 1784; x_wconf 81' lang='lat' dir='ltr'><strong>praediti</strong></span> <span class='ocrx_word' id='word_1_348' title='bbox 2353 1714 2550 1784; x_wconf 75' lang='lat' dir='ltr'><strong>gloria,</strong></span> <span class='ocrx_word' id='word_1_349' title='bbox 2582 1714 2676 1783; x_wconf 89' lang='lat' dir='ltr'><strong>qui</strong></span> <span class='ocrx_word' id='word_1_350' title='bbox 2705 1713 2967 1770; x_wconf 87' lang='lat' dir='ltr'><strong>accedere</strong></span> <span class='ocrx_word' id='word_1_351' title='bbox 2993 1715 3065 1770; x_wconf 87' lang='lat' dir='ltr'><strong>ad</strong></span> <span class='ocrx_word' id='word_1_352' title='bbox 3097 1729 3157 1771; x_wconf 83' lang='lat' dir='ltr'><strong>se</strong></span> <span class='ocrx_word' id='word_1_353' title='bbox 3201 1712 3404 1783; x_wconf 75' lang='lat' dir='ltr'><strong>dignati</strong></span> <span class='ocrx_word' id='word_1_354' title='bbox 3437 1725 3620 1767; x_wconf 83' lang='lat' dir='ltr'><strong>essent</strong></span> <span class='ocrx_word' id='word_1_355' title='bbox 3652 1727 3668 1771; x_wconf 83' lang='lat'><strong>:</strong></span> 
     </span>
    </p>
   </div>
   <div class='ocr_carea' id='block_1_48' title="bbox 2097 1803 3668 1875">
    <p class='ocr_par' dir='ltr' id='par_1_48' title="bbox 2097 1803 3668 1875">
     <span class='ocr_line' id='line_1_48' title="bbox 2097 1803 3668 1875; baseline -0.004 -14"><span class='ocrx_word' id='word_1_356' title='bbox 2097 1805 2172 1862; x_wconf 86' lang='lat' dir='ltr'><strong>Ne</strong></span> <span class='ocrx_word' id='word_1_357' title='bbox 2191 1809 2405 1875; x_wconf 80' lang='lat' dir='ltr'><strong>timeas,</strong></span> <span class='ocrx_word' id='word_1_358' title='bbox 2424 1820 2516 1862; x_wconf 88' lang='lat' dir='ltr'><strong>eos</strong></span> <span class='ocrx_word' id='word_1_359' title='bbox 2542 1806 2767 1873; x_wconf 78' lang='lat' dir='ltr'><strong>dixisse,</strong></span> <span class='ocrx_word' id='word_1_360' title='bbox 2787 1821 2888 1862; x_wconf 84' lang='lat' dir='ltr'><strong>nos</strong></span> <span class='ocrx_word' id='word_1_361' title='bbox 2903 1807 3156 1863; x_wconf 85' lang='lat' dir='ltr'><strong>venimus</strong></span> <span class='ocrx_word' id='word_1_362' title='bbox 3183 1819 3213 1860; x_wconf 85' lang='lat' dir='ltr'><strong>a</strong></span> <span class='ocrx_word' id='word_1_363' title='bbox 3234 1805 3455 1860; x_wconf 79' lang='lat' dir='ltr'><strong>Christo</strong></span> <span class='ocrx_word' id='word_1_364' title='bbox 3487 1803 3668 1857; x_wconf 87' lang='lat' dir='ltr'><strong>missi.</strong></span> 
     </span>
    </p>
   </div>
   <div class='ocr_carea' id='block_1_49' title="bbox 2101 1895 3670 1972">
    <p class='ocr_par' dir='ltr' id='par_1_49' title="bbox 2101 1895 3670 1972">
     <span class='ocr_line' id='line_1_49' title="bbox 2101 1895 3670 1972; baseline -0.003 -17"><span class='ocrx_word' id='word_1_365' title='bbox 2101 1901 2340 1958; x_wconf 72' lang='lat' dir='ltr'><strong>Alterum</strong></span> <span class='ocrx_word' id='word_1_366' title='bbox 2369 1910 2559 1972; x_wconf 90' lang='lat' dir='ltr'><strong>postea</strong></span> <span class='ocrx_word' id='word_1_367' title='bbox 2595 1916 2760 1956; x_wconf 88' lang='lat' dir='ltr'><strong>manu</strong></span> <span class='ocrx_word' id='word_1_368' title='bbox 2786 1909 3047 1972; x_wconf 87' lang='lat' dir='ltr'><strong>protensa</strong></span> <span class='ocrx_word' id='word_1_369' title='bbox 3070 1899 3326 1955; x_wconf 82' lang='lat' dir='ltr'><strong>volumen</strong></span> <span class='ocrx_word' id='word_1_370' title='bbox 3359 1895 3670 1972; x_wconf 69' lang='lat' dir='ltr'><strong>tradidisse,</strong></span> 
     </span>
    </p>
   </div>
   <div class='ocr_carea' id='block_1_50' title="bbox 2100 1988 3673 2063">
    <p class='ocr_par' dir='ltr' id='par_1_50' title="bbox 2100 1988 3673 2063">
     <span class='ocr_line' id='line_1_50' title="bbox 2100 1988 3673 2063; baseline -0.005 -13"><span class='ocrx_word' id='word_1_371' title='bbox 2100 1994 2370 2051; x_wconf 84' lang='lat' dir='ltr'><strong>dicentem</strong></span> <span class='ocrx_word' id='word_1_372' title='bbox 2416 2011 2431 2051; x_wconf 77' lang='lat'><strong>&#39;.</strong></span> <span class='ocrx_word' id='word_1_373' title='bbox 2468 1995 2636 2050; x_wconf 88' lang='lat' dir='ltr'><strong>Sume</strong></span> <span class='ocrx_word' id='word_1_374' title='bbox 2675 1994 2900 2061; x_wconf 88' lang='lat' dir='ltr'><strong>librum,</strong></span> <span class='ocrx_word' id='word_1_375' title='bbox 2943 2008 3073 2050; x_wconf 83' lang='lat' dir='ltr'><strong>nam</strong></span> <span class='ocrx_word' id='word_1_376' title='bbox 3125 2006 3225 2063; x_wconf 74' lang='lat' dir='ltr'><strong>ego</strong></span> <span class='ocrx_word' id='word_1_377' title='bbox 3272 2005 3393 2047; x_wconf 87' lang='lat' dir='ltr'><strong>sum</strong></span> <span class='ocrx_word' id='word_1_378' title='bbox 3435 1988 3673 2044; x_wconf 79' lang='lat' dir='ltr'><strong>Joannes</strong></span> 
     </span>
    </p>
   </div>
   <div class='ocr_carea' id='block_1_51' title="bbox 2101 2084 3673 2159">
    <p class='ocr_par' dir='ltr' id='par_1_51' title="bbox 2101 2084 3673 2159">
     <span class='ocr_line' id='line_1_51' title="bbox 2101 2084 3673 2159; baseline -0.003 -19"><span class='ocrx_word' id='word_1_379' title='bbox 2101 2089 2188 2142; x_wconf 87' lang='lat' dir='ltr'><strong>cui</strong></span> <span class='ocrx_word' id='word_1_380' title='bbox 2221 2089 2488 2159; x_wconf 74' lang='lat' dir='ltr'><strong>sapientia</strong></span> <span class='ocrx_word' id='word_1_381' title='bbox 2531 2085 2627 2142; x_wconf 89' lang='lat' dir='ltr'><strong>Dei</strong></span> <span class='ocrx_word' id='word_1_382' title='bbox 2678 2093 2869 2159; x_wconf 87' lang='lat' dir='ltr'><strong>pectus</strong></span> <span class='ocrx_word' id='word_1_383' title='bbox 2921 2085 3173 2151; x_wconf 84' lang='lat' dir='ltr'><strong>tradidit,</strong></span> <span class='ocrx_word' id='word_1_384' title='bbox 3206 2085 3259 2139; x_wconf 91' lang='lat' dir='ltr'><strong>in</strong></span> <span class='ocrx_word' id='word_1_385' title='bbox 3301 2084 3447 2155; x_wconf 84' lang='lat' dir='ltr'><strong>quod</strong></span> <span class='ocrx_word' id='word_1_386' title='bbox 3479 2092 3535 2138; x_wconf 89' lang='lat' dir='ltr'><strong>et</strong></span> <span class='ocrx_word' id='word_1_387' title='bbox 3585 2097 3673 2136; x_wconf 78' lang='lat' dir='ltr'><strong>re-</strong></span> 
     </span>
    </p>
   </div>
   <div class='ocr_carea' id='block_1_52' title="bbox 2100 2174 3672 2248">
    <p class='ocr_par' dir='ltr' id='par_1_52' title="bbox 2100 2174 3672 2248">
     <span class='ocr_line' id='line_1_52' title="bbox 2100 2174 3672 2248; baseline -0.006 -11"><span class='ocrx_word' id='word_1_388' title='bbox 2100 2181 2360 2237; x_wconf 84' lang='lat' dir='ltr'><strong>cumhere</strong></span> <span class='ocrx_word' id='word_1_389' title='bbox 2410 2180 2604 2244; x_wconf 86' lang='lat' dir='ltr'><strong>voluit,</strong></span> <span class='ocrx_word' id='word_1_390' title='bbox 2658 2193 2779 2248; x_wconf 82' lang='lat' dir='ltr'><strong>quae</strong></span> <span class='ocrx_word' id='word_1_391' title='bbox 2814 2178 3039 2246; x_wconf 82' lang='lat' dir='ltr'><strong>quidem</strong></span> <span class='ocrx_word' id='word_1_392' title='bbox 3075 2188 3127 2234; x_wconf 91' lang='lat' dir='ltr'><strong>te</strong></span> <span class='ocrx_word' id='word_1_393' title='bbox 3177 2187 3231 2235; x_wconf 91' lang='lat' dir='ltr'><strong>et</strong></span> <span class='ocrx_word' id='word_1_394' title='bbox 3287 2193 3382 2247; x_wconf 88' lang='lat' dir='ltr'><strong>per</strong></span> <span class='ocrx_word' id='word_1_395' title='bbox 3451 2192 3553 2232; x_wconf 89' lang='lat' dir='ltr'><strong>nos</strong></span> <span class='ocrx_word' id='word_1_396' title='bbox 3603 2174 3672 2229; x_wconf 84' lang='lat' dir='ltr'><strong>ad</strong></span> 
     </span>
    </p>
   </div>
   <div class='ocr_carea' id='block_1_53' title="bbox 2103 2270 3677 2345">
    <p class='ocr_par' dir='ltr' id='par_1_53' title="bbox 2103 2270 3677 2345">
     <span class='ocr_line' id='line_1_53' title="bbox 2103 2270 3677 2345; baseline -0.005 -15"><span class='ocrx_word' id='word_1_397' title='bbox 2103 2274 2421 2344; x_wconf 83' lang='lat' dir='ltr'><strong>Scripturas</strong></span> <span class='ocrx_word' id='word_1_398' title='bbox 2477 2275 2888 2345; x_wconf 81' lang='lat' dir='ltr'><strong>pernoscendas</strong></span> <span class='ocrx_word' id='word_1_399' title='bbox 2936 2272 3197 2328; x_wconf 80' lang='lat' dir='ltr'><strong>idoneum</strong></span> <span class='ocrx_word' id='word_1_400' title='bbox 3254 2270 3462 2336; x_wconf 82' lang='lat' dir='ltr'><strong>reddet,</strong></span> <span class='ocrx_word' id='word_1_401' title='bbox 3515 2277 3569 2322; x_wconf 88' lang='lat' dir='ltr'><strong>et</strong></span> <span class='ocrx_word' id='word_1_402' title='bbox 3626 2279 3677 2322; x_wconf 85' lang='lat' dir='ltr'><strong>te</strong></span> 
     </span>
    </p>
   </div>
   <div class='ocr_carea' id='block_1_54' title="bbox 2103 2361 3676 2432">
    <p class='ocr_par' dir='ltr' id='par_1_54' title="bbox 2103 2361 3676 2432">
     <span class='ocr_line' id='line_1_54' title="bbox 2103 2361 3676 2432; baseline -0.004 -16"><span class='ocrx_word' id='word_1_403' title='bbox 2103 2366 2260 2432; x_wconf 88' lang='lat' dir='ltr'><strong>quasi</strong></span> <span class='ocrx_word' id='word_1_404' title='bbox 2293 2378 2458 2417; x_wconf 90' lang='lat' dir='ltr'><strong>manu</strong></span> <span class='ocrx_word' id='word_1_405' title='bbox 2516 2361 2686 2419; x_wconf 87' lang='lat' dir='ltr'><strong>ducet</strong></span> <span class='ocrx_word' id='word_1_406' title='bbox 2729 2361 2795 2417; x_wconf 88' lang='lat' dir='ltr'><strong>ad</strong></span> <span class='ocrx_word' id='word_1_407' title='bbox 2847 2361 2968 2430; x_wconf 86' lang='lat' dir='ltr'><strong>ejus</strong></span> <span class='ocrx_word' id='word_1_408' title='bbox 3014 2361 3399 2432; x_wconf 75' lang='lat' dir='ltr'><strong>cognitionem.</strong></span> <span class='ocrx_word' id='word_1_409' title='bbox 3434 2361 3676 2416; x_wconf 74' lang='lat' dir='ltr'><strong>Alterum</strong></span> 
     </span>
    </p>
   </div>
   <div class='ocr_carea' id='block_1_55' title="bbox 2103 2451 3676 2520">
    <p class='ocr_par' dir='ltr' id='par_1_55' title="bbox 2103 2451 3676 2520">
     <span class='ocr_line' id='line_1_55' title="bbox 2103 2451 3676 2520; baseline -0.005 -9"><span class='ocrx_word' id='word_1_410' title='bbox 2103 2472 2230 2512; x_wconf 86' lang='lat' dir='ltr'><strong>vero</strong></span> <span class='ocrx_word' id='word_1_411' title='bbox 2278 2468 2440 2510; x_wconf 87' lang='lat' dir='ltr'><strong>manu</strong></span> <span class='ocrx_word' id='word_1_412' title='bbox 2481 2464 2751 2511; x_wconf 81' lang='lat' dir='ltr'><strong>extensa:</strong></span> <span class='ocrx_word' id='word_1_413' title='bbox 2814 2454 3008 2520; x_wconf 79' lang='lat' dir='ltr'><strong>Sume,</strong></span> <span class='ocrx_word' id='word_1_414' title='bbox 3058 2452 3290 2520; x_wconf 75' lang='lat' dir='ltr'><strong>dixisse,</strong></span> <span class='ocrx_word' id='word_1_415' title='bbox 3325 2453 3425 2509; x_wconf 83' lang='lat' dir='ltr'><strong>has</strong></span> <span class='ocrx_word' id='word_1_416' title='bbox 3473 2451 3676 2514; x_wconf 79' lang='lat' dir='ltr'><strong>claves,</strong></span> 
     </span>
    </p>
   </div>
   <div class='ocr_carea' id='block_1_56' title="bbox 2106 2544 3679 2618">
    <p class='ocr_par' dir='ltr' id='par_1_56' title="bbox 2106 2544 3679 2618">
     <span class='ocr_line' id='line_1_56' title="bbox 2106 2544 3679 2618; baseline -0.004 -16"><span class='ocrx_word' id='word_1_417' title='bbox 2106 2563 2300 2618; x_wconf 87' lang='lat' dir='ltr'><strong>meque</strong></span> <span class='ocrx_word' id='word_1_418' title='bbox 2328 2546 2550 2604; x_wconf 86' lang='lat' dir='ltr'><strong>Petrum</strong></span> <span class='ocrx_word' id='word_1_419' title='bbox 2575 2561 2699 2604; x_wconf 86' lang='lat' dir='ltr'><strong>esse</strong></span> <span class='ocrx_word' id='word_1_420' title='bbox 2725 2547 2885 2616; x_wconf 89' lang='lat' dir='ltr'><strong>scito,</strong></span> <span class='ocrx_word' id='word_1_421' title='bbox 2915 2546 3005 2603; x_wconf 88' lang='lat' dir='ltr'><strong>cui</strong></span> <span class='ocrx_word' id='word_1_422' title='bbox 3029 2544 3178 2604; x_wconf 85' lang='lat' dir='ltr'><strong>Deus</strong></span> <span class='ocrx_word' id='word_1_423' title='bbox 3201 2545 3382 2601; x_wconf 87' lang='lat' dir='ltr'><strong>claves</strong></span> <span class='ocrx_word' id='word_1_424' title='bbox 3407 2545 3460 2600; x_wconf 88' lang='lat' dir='ltr'><strong>in</strong></span> <span class='ocrx_word' id='word_1_425' title='bbox 3487 2558 3679 2598; x_wconf 86' lang='lat' dir='ltr'><strong>manus</strong></span> 
     </span>
    </p>
   </div>
   <div class='ocr_carea' id='block_1_57' title="bbox 2106 2631 3678 2710">
    <p class='ocr_par' dir='ltr' id='par_1_57' title="bbox 2106 2631 3678 2710">
     <span class='ocr_line' id='line_1_57' title="bbox 2106 2631 3678 2710; baseline -0.006 -18"><span class='ocrx_word' id='word_1_426' title='bbox 2106 2638 2353 2706; x_wconf 76' lang='lat' dir='ltr'><strong>tradidit,</strong></span> <span class='ocrx_word' id='word_1_427' title='bbox 2388 2651 2550 2710; x_wconf 88' lang='lat' dir='ltr'><strong>quem</strong></span> <span class='ocrx_word' id='word_1_428' title='bbox 2595 2651 2762 2701; x_wconf 89' lang='lat' dir='ltr'><strong>nunc,</strong></span> <span class='ocrx_word' id='word_1_429' title='bbox 2796 2650 2892 2707; x_wconf 91' lang='lat' dir='ltr'><strong>per</strong></span> <span class='ocrx_word' id='word_1_430' title='bbox 2925 2650 3033 2700; x_wconf 92' lang='lat' dir='ltr'><strong>me,</strong></span> <span class='ocrx_word' id='word_1_431' title='bbox 3061 2633 3226 2690; x_wconf 88' lang='lat' dir='ltr'><strong>crede</strong></span> <span class='ocrx_word' id='word_1_432' title='bbox 3258 2643 3308 2688; x_wconf 86' lang='lat' dir='ltr'><strong>te</strong></span> <span class='ocrx_word' id='word_1_433' title='bbox 3331 2631 3519 2690; x_wconf 88' lang='lat' dir='ltr'><strong>eadem</strong></span> <span class='ocrx_word' id='word_1_434' title='bbox 3552 2645 3678 2701; x_wconf 74' lang='lat' dir='ltr'><strong>grn-</strong></span> 
     </span>
    </p>
   </div>
   <div class='ocr_carea' id='block_1_58' title="bbox 2106 2727 3680 2801">
    <p class='ocr_par' dir='ltr' id='par_1_58' title="bbox 2106 2727 3680 2801">
     <span class='ocr_line' id='line_1_58' title="bbox 2106 2727 3680 2801; baseline -0.006 -17"><span class='ocrx_word' id='word_1_435' title='bbox 2106 2733 2181 2786; x_wconf 89' lang='lat' dir='ltr'><strong>tia</strong></span> <span class='ocrx_word' id='word_1_436' title='bbox 2214 2746 2321 2801; x_wconf 88' lang='lat' dir='ltr'><strong>qua</strong></span> <span class='ocrx_word' id='word_1_437' title='bbox 2370 2745 2479 2794; x_wconf 89' lang='lat' dir='ltr'><strong>me,</strong></span> <span class='ocrx_word' id='word_1_438' title='bbox 2530 2729 2856 2800; x_wconf 84' lang='lat' dir='ltr'><strong>participem</strong></span> <span class='ocrx_word' id='word_1_439' title='bbox 2889 2727 3091 2785; x_wconf 78' lang='lat' dir='ltr'><strong>facere.</strong></span> <span class='ocrx_word' id='word_1_440' title='bbox 3126 2728 3306 2795; x_wconf 87' lang='lat' dir='ltr'><strong>Quare</strong></span> <span class='ocrx_word' id='word_1_441' title='bbox 3336 2737 3680 2796; x_wconf 65' lang='lat' dir='ltr'><strong>quacunque</strong></span> 
     </span>
    </p>
   </div>
   <div class='ocr_carea' id='block_1_59' title="bbox 2110 2816 3681 2891">
    <p class='ocr_par' dir='ltr' id='par_1_59' title="bbox 2110 2816 3681 2891">
     <span class='ocr_line' id='line_1_59' title="bbox 2110 2816 3681 2891; baseline -0.014 0"><span class='ocrx_word' id='word_1_442' title='bbox 2110 2822 2368 2890; x_wconf 62' lang='lat' dir='ltr'><strong>Iiﬂaverit.</strong></span> <span class='ocrx_word' id='word_1_443' title='bbox 2394 2823 2477 2878; x_wconf 83' lang='lat' dir='ltr'><strong>vel</strong></span> <span class='ocrx_word' id='word_1_444' title='bbox 2517 2822 2748 2878; x_wconf 86' lang='lat' dir='ltr'><strong>solveris</strong></span> <span class='ocrx_word' id='word_1_445' title='bbox 2778 2836 2939 2891; x_wconf 87' lang='lat' dir='ltr'><strong>snper</strong></span> <span class='ocrx_word' id='word_1_446' title='bbox 2974 2831 3196 2886; x_wconf 88' lang='lat' dir='ltr'><strong>terram,</strong></span> <span class='ocrx_word' id='word_1_447' title='bbox 3226 2828 3390 2875; x_wconf 86' lang='lat' dir='ltr'><strong>erunt</strong></span> <span class='ocrx_word' id='word_1_448' title='bbox 3433 2829 3496 2871; x_wconf 87' lang='lat' dir='ltr'><strong>ea</strong></span> <span class='ocrx_word' id='word_1_449' title='bbox 3523 2816 3681 2886; x_wconf 77' lang='lat' dir='ltr'><strong>ligata</strong></span> 
     </span>
    </p>
   </div>
   <div class='ocr_carea' id='block_1_60' title="bbox 2111 2906 3682 2984">
    <p class='ocr_par' dir='ltr' id='par_1_60' title="bbox 2111 2906 3682 2984">
     <span class='ocr_line' id='line_1_60' title="bbox 2111 2906 3682 2984; baseline -0.007 -14"><span class='ocrx_word' id='word_1_450' title='bbox 2111 2915 2196 2970; x_wconf 89' lang='lat' dir='ltr'><strong>vel</strong></span> <span class='ocrx_word' id='word_1_451' title='bbox 2230 2915 2410 2972; x_wconf 87' lang='lat' dir='ltr'><strong>soluta</strong></span> <span class='ocrx_word' id='word_1_452' title='bbox 2434 2915 2570 2984; x_wconf 84' lang='lat' dir='ltr'><strong>etin</strong></span> <span class='ocrx_word' id='word_1_453' title='bbox 2597 2913 2776 2970; x_wconf 81' lang='lat' dir='ltr'><strong>caelis.</strong></span> <span class='ocrx_word' id='word_1_454' title='bbox 2806 2930 2826 2965; x_wconf 79' lang='grc' dir='ltr'><strong>ι</strong></span> <span class='ocrx_word' id='word_1_455' title='bbox 2859 2911 3053 2969; x_wconf 81' lang='lat' dir='ltr'><strong>Nonne</strong></span> <span class='ocrx_word' id='word_1_456' title='bbox 3078 2906 3447 2980; x_wconf 85' lang='lat' dir='ltr'><strong>deprehendis</strong></span> <span class='ocrx_word' id='word_1_457' title='bbox 3477 2922 3542 2962; x_wconf 82' lang='lat' dir='ltr'><strong>ex</strong></span> <span class='ocrx_word' id='word_1_458' title='bbox 3575 2907 3682 2968; x_wconf 88' lang='lat' dir='ltr'><strong>his,</strong></span> 
     </span>
    </p>
   </div>
   <div class='ocr_carea' id='block_1_61' title="bbox 2109 2999 3683 3074">
    <p class='ocr_par' dir='ltr' id='par_1_61' title="bbox 2109 2999 3683 3074">
     <span class='ocr_line' id='line_1_61' title="bbox 2109 2999 3683 3074; baseline -0.008 -10"><span class='ocrx_word' id='word_1_459' title='bbox 2109 3009 2358 3073; x_wconf 87' lang='lat' dir='ltr'><strong>alterum,</strong></span> <span class='ocrx_word' id='word_1_460' title='bbox 2394 3021 2500 3062; x_wconf 89' lang='lat' dir='ltr'><strong>una</strong></span> <span class='ocrx_word' id='word_1_461' title='bbox 2535 3021 2660 3064; x_wconf 88' lang='lat' dir='ltr'><strong>cum</strong></span> <span class='ocrx_word' id='word_1_462' title='bbox 2696 3018 2924 3062; x_wconf 88' lang='lat' dir='ltr'><strong>munere</strong></span> <span class='ocrx_word' id='word_1_463' title='bbox 2955 3003 3266 3074; x_wconf 85' lang='lat' dir='ltr'><strong>Scripturas</strong></span> <span class='ocrx_word' id='word_1_464' title='bbox 3316 2999 3479 3056; x_wconf 75' lang='lat' dir='ltr'><strong>facile</strong></span> <span class='ocrx_word' id='word_1_465' title='bbox 3511 2999 3683 3054; x_wconf 83' lang='lat' dir='ltr'><strong>inter-</strong></span> 
     </span>
    </p>
   </div>
   <div class='ocr_carea' id='block_1_62' title="bbox 2113 3092 3688 3172">
    <p class='ocr_par' dir='ltr' id='par_1_62' title="bbox 2113 3092 3688 3172">
     <span class='ocr_line' id='line_1_62' title="bbox 2113 3092 3688 3172; baseline -0.006 -18"><span class='ocrx_word' id='word_1_466' title='bbox 2113 3098 2388 3172; x_wconf 88' lang='lat' dir='ltr'><strong>pretandi,</strong></span> <span class='ocrx_word' id='word_1_467' title='bbox 2421 3107 2477 3166; x_wconf 88' lang='lat' dir='ltr'><strong>et</strong></span> <span class='ocrx_word' id='word_1_468' title='bbox 2517 3097 2716 3154; x_wconf 86' lang='lat' dir='ltr'><strong>harum</strong></span> <span class='ocrx_word' id='word_1_469' title='bbox 2751 3095 3166 3166; x_wconf 78' lang='lat' dir='ltr'><strong>intelligentiam</strong></span> <span class='ocrx_word' id='word_1_470' title='bbox 3191 3110 3225 3150; x_wconf 82' lang='lat' dir='ltr'><strong>a</strong></span> <span class='ocrx_word' id='word_1_471' title='bbox 3247 3094 3438 3150; x_wconf 79' lang='lat' dir='ltr'><strong>datare</strong></span> <span class='ocrx_word' id='word_1_472' title='bbox 3469 3092 3688 3165; x_wconf 79' lang='lat' dir='ltr'><strong>sapien-</strong></span> 
     </span>
    </p>
   </div>
   <div class='ocr_carea' id='block_1_63' title="bbox 437 3171 2004 3276">
    <p class='ocr_par' dir='ltr' id='par_1_63' title="bbox 437 3171 2004 3257">
     <span class='ocr_line' id='line_1_63' title="bbox 437 3171 2004 3257; baseline 0.004 -23"><span class='ocrx_word' id='word_1_473' title='bbox 437 3198 522 3236; x_wconf 83' lang='grc' dir='ltr'><strong>σιν</strong></span> <span class='ocrx_word' id='word_1_474' title='bbox 562 3183 712 3254; x_wconf 76' lang='grc' dir='ltr'>παρὰ</span> <span class='ocrx_word' id='word_1_475' title='bbox 743 3179 836 3237; x_wconf 90' lang='grc' dir='ltr'><strong>τοῦ</strong></span> <span class='ocrx_word' id='word_1_476' title='bbox 868 3184 968 3252; x_wconf 77' lang='grc' dir='ltr'>τῆς</span> <span class='ocrx_word' id='word_1_477' title='bbox 1003 3185 1196 3252; x_wconf 74' lang='grc' dir='ltr'>σοφίας</span> <span class='ocrx_word' id='word_1_478' title='bbox 1220 3179 1462 3256; x_wconf 83' lang='grc' dir='ltr'>χορηγοῦ</span> <span class='ocrx_word' id='word_1_479' title='bbox 1499 3185 1816 3257; x_wconf 74' lang='grc' dir='ltr'>ἐδωρήσατο</span> <span class='ocrx_word' id='word_1_480' title='bbox 1841 3171 1915 3240; x_wconf 76' lang='grc' dir='ltr'>’ό</span> <span class='ocrx_word' id='word_1_481' title='bbox 1953 3187 2004 3240; x_wconf 79' lang='grc' dir='ltr'>δὲ</span> 
     </span>
    </p>
   </div>
   <div class='ocr_carea' id='block_1_64' title="bbox 2107 3171 3684 3276">
    <p class='ocr_par' dir='ltr' id='par_1_64' title="bbox 2114 3171 3684 3260">
     <span class='ocr_line' id='line_1_64' title="bbox 2114 3171 3684 3260; baseline -0.007 -14"><span class='ocrx_word' id='word_1_482' title='bbox 2114 3171 2201 3246; x_wconf 72' lang='lat' dir='ltr'><strong>tiae</strong></span> <span class='ocrx_word' id='word_1_483' title='bbox 2245 3189 2613 3260; x_wconf 79' lang='lat' dir='ltr'><strong>adjunxisse,?</strong></span> <span class='ocrx_word' id='word_1_484' title='bbox 2643 3189 2878 3244; x_wconf 88' lang='lat' dir='ltr'><strong>alterum</strong></span> <span class='ocrx_word' id='word_1_485' title='bbox 2916 3202 3044 3242; x_wconf 79' lang='lat' dir='ltr'><strong>vero</strong></span> <span class='ocrx_word' id='word_1_486' title='bbox 3093 3201 3202 3242; x_wconf 89' lang='lat' dir='ltr'><strong>una</strong></span> <span class='ocrx_word' id='word_1_487' title='bbox 3251 3201 3376 3242; x_wconf 92' lang='lat' dir='ltr'><strong>cum</strong></span> <span class='ocrx_word' id='word_1_488' title='bbox 3426 3185 3684 3259; x_wconf 81' lang='lat' dir='ltr'><strong>facultate</strong></span> 
     </span>
    </p>
   </div>
   <div class='ocr_carea' id='block_1_65' title="bbox 442 3277 2008 3351">
    <p class='ocr_par' dir='ltr' id='par_1_65' title="bbox 442 3277 2008 3351">
     <span class='ocr_line' id='line_1_65' title="bbox 442 3277 2008 3351; baseline 0.003 -22"><span class='ocrx_word' id='word_1_489' title='bbox 442 3278 539 3331; x_wconf 70' lang='grc' dir='ltr'><strong>σὺν</strong></span> <span class='ocrx_word' id='word_1_490' title='bbox 571 3277 651 3350; x_wconf 83' lang='grc' dir='ltr'><strong>τῷ</strong></span> <span class='ocrx_word' id='word_1_491' title='bbox 680 3277 829 3332; x_wconf 81' lang='grc' dir='ltr'>λὺειν</span> <span class='ocrx_word' id='word_1_492' title='bbox 853 3278 949 3332; x_wconf 81' lang='grc' dir='ltr'>καὶ</span> <span class='ocrx_word' id='word_1_493' title='bbox 979 3279 1221 3350; x_wconf 80' lang='grc' dir='ltr'>δεσμεῖν,</span> <span class='ocrx_word' id='word_1_494' title='bbox 1258 3280 1352 3334; x_wconf 77' lang='grc' dir='ltr'>καὶ</span> <span class='ocrx_word' id='word_1_495' title='bbox 1388 3279 1466 3351; x_wconf 81' lang='grc' dir='ltr'><strong>τῷ</strong></span> <span class='ocrx_word' id='word_1_496' title='bbox 1496 3281 1699 3347; x_wconf 83' lang='grc' dir='ltr'>γνῶναι</span> <span class='ocrx_word' id='word_1_497' title='bbox 1726 3282 1824 3337; x_wconf 80' lang='grc' dir='ltr'>καὶ</span> <span class='ocrx_word' id='word_1_498' title='bbox 1853 3282 2008 3335; x_wconf 80' lang='grc' dir='ltr'>εὐσε-</span> 
     </span>
    </p>
   </div>
   <div class='ocr_carea' id='block_1_66' title="bbox 441 3368 2009 3440">
    <p class='ocr_par' dir='ltr' id='par_1_66' title="bbox 441 3368 2009 3440">
     <span class='ocr_line' id='line_1_66' title="bbox 441 3368 2009 3440; baseline 0.004 -19"><span class='ocrx_word' id='word_1_499' title='bbox 441 3371 550 3433; x_wconf 75' lang='grc' dir='ltr'>εῶς</span> <span class='ocrx_word' id='word_1_500' title='bbox 582 3374 858 3425; x_wconf 75' lang='grc' dir='ltr'>πιστεύειν</span> <span class='ocrx_word' id='word_1_501' title='bbox 896 3368 1108 3440; x_wconf 76' lang='grc' dir='ltr'>Ἰησοῦν</span> <span class='ocrx_word' id='word_1_502' title='bbox 1153 3372 1393 3440; x_wconf 75' lang='grc' dir='ltr'>Χριστὸν</span> <span class='ocrx_word' id='word_1_503' title='bbox 1442 3372 1537 3428; x_wconf 74' lang='grc' dir='ltr'><strong>τὸν</strong></span> <span class='ocrx_word' id='word_1_504' title='bbox 1589 3375 1720 3429; x_wconf 79' lang='grc' dir='ltr'>Υῐδν</span> <span class='ocrx_word' id='word_1_505' title='bbox 1749 3375 1843 3429; x_wconf 89' lang='grc' dir='ltr'><strong>τοῦ</strong></span> <span class='ocrx_word' id='word_1_506' title='bbox 1873 3375 2009 3428; x_wconf 79' lang='grc' dir='ltr'>Θεοῦ</span> 
     </span>
    </p>
   </div>
   <div class='ocr_carea' id='block_1_67' title="bbox 440 3461 2009 3535">
    <p class='ocr_par' dir='ltr' id='par_1_67' title="bbox 440 3461 2009 3535">
     <span class='ocr_line' id='line_1_67' title="bbox 440 3461 2009 3535; baseline 0.003 -22"><span class='ocrx_word' id='word_1_507' title='bbox 440 3463 508 3514; x_wconf 79' lang='grc' dir='ltr'><strong>δι’</strong></span> <span class='ocrx_word' id='word_1_508' title='bbox 562 3462 726 3517; x_wconf 75' lang='grc' dir='ltr'>αὑτοῦ</span> <span class='ocrx_word' id='word_1_509' title='bbox 759 3461 1110 3532; x_wconf 63' lang='grc' dir='ltr'>ὲγὶελεύεται</span> <span class='ocrx_word' id='word_1_510' title='bbox 1136 3481 1151 3497; x_wconf 76' lang='grc' dir='ltr'><strong>ο</strong></span> <span class='ocrx_word' id='word_1_511' title='bbox 1189 3465 1440 3535; x_wconf 75' lang='grc' dir='ltr'>πείσθητι</span> <span class='ocrx_word' id='word_1_512' title='bbox 1499 3466 1706 3532; x_wconf 69' lang='grc' dir='ltr'>λοιπον,</span> <span class='ocrx_word' id='word_1_513' title='bbox 1749 3468 1832 3521; x_wconf 81' lang='grc' dir='ltr'>ὅτι</span> <span class='ocrx_word' id='word_1_514' title='bbox 1877 3466 2009 3522; x_wconf 77' lang='grc' dir='ltr'>ἄνευ</span> 
     </span>
    </p>
   </div>
   <div class='ocr_carea' id='block_1_68' title="bbox 441 3551 2012 3632">
    <p class='ocr_par' dir='ltr' id='par_1_68' title="bbox 441 3551 2012 3632">
     <span class='ocr_line' id='line_1_68' title="bbox 441 3551 2012 3632; baseline 0.002 -23"><span class='ocrx_word' id='word_1_515' title='bbox 441 3554 542 3626; x_wconf 85' lang='grc' dir='ltr'>τῆς</span> <span class='ocrx_word' id='word_1_516' title='bbox 588 3551 681 3610; x_wconf 84' lang='grc' dir='ltr'><strong>τοῦ</strong></span> <span class='ocrx_word' id='word_1_517' title='bbox 746 3556 954 3628; x_wconf 84' lang='grc' dir='ltr'>Πέτρου</span> <span class='ocrx_word' id='word_1_518' title='bbox 990 3557 1275 3626; x_wconf 83' lang='grc' dir='ltr'>ὑποταγῆς</span> <span class='ocrx_word' id='word_1_519' title='bbox 1321 3557 1563 3628; x_wconf 80' lang='grc' dir='ltr'>σωθῆναι</span> <span class='ocrx_word' id='word_1_520' title='bbox 1615 3557 1676 3612; x_wconf 79' lang='grc' dir='ltr'><strong>οὑ</strong></span> <span class='ocrx_word' id='word_1_521' title='bbox 1719 3558 1874 3632; x_wconf 79' lang='grc' dir='ltr'>δύνῃ,</span> <span class='ocrx_word' id='word_1_522' title='bbox 1916 3559 2012 3613; x_wconf 77' lang='grc' dir='ltr'>καὶ</span> 
     </span>
    </p>
   </div>
   <div class='ocr_carea' id='block_1_69' title="bbox 441 3648 2009 3722">
    <p class='ocr_par' dir='ltr' id='par_1_69' title="bbox 441 3648 2009 3722">
     <span class='ocr_line' id='line_1_69' title="bbox 441 3648 2009 3722; baseline 0.004 -24"><span class='ocrx_word' id='word_1_523' title='bbox 441 3648 693 3710; x_wconf 79' lang='grc' dir='ltr'>εἰκότωςο</span> <span class='ocrx_word' id='word_1_524' title='bbox 724 3649 930 3712; x_wconf 82' lang='grc' dir='ltr'>ἐκεῖνος</span> <span class='ocrx_word' id='word_1_525' title='bbox 979 3650 1085 3720; x_wconf 79' lang='grc' dir='ltr'><strong>γάρ</strong></span> <span class='ocrx_word' id='word_1_526' title='bbox 1119 3651 1267 3703; x_wconf 80' lang='grc' dir='ltr'>ἐστιν</span> <span class='ocrx_word' id='word_1_527' title='bbox 1302 3651 1334 3720; x_wconf 76' lang='grc' dir='ltr'>ἡ</span> <span class='ocrx_word' id='word_1_528' title='bbox 1382 3650 1523 3719; x_wconf 79' lang='grc' dir='ltr'>θύρα</span> <span class='ocrx_word' id='word_1_529' title='bbox 1562 3651 1662 3719; x_wconf 77' lang='grc' dir='ltr'>τῆς</span> <span class='ocrx_word' id='word_1_530' title='bbox 1702 3651 2009 3722; x_wconf 67' lang='grc' dir='ltr'>ωτηρῖας·</span> 
     </span>
    </p>
   </div>
   <div class='ocr_carea' id='block_1_70' title="bbox 439 3740 2009 3813">
    <p class='ocr_par' dir='ltr' id='par_1_70' title="bbox 439 3740 2009 3813">
     <span class='ocr_line' id='line_1_70' title="bbox 439 3740 2009 3813; baseline -0.001 -19"><span class='ocrx_word' id='word_1_531' title='bbox 439 3743 467 3794; x_wconf 83' lang='grc' dir='ltr'>ὀ</span> <span class='ocrx_word' id='word_1_532' title='bbox 516 3741 591 3810; x_wconf 83' lang='grc' dir='ltr'>μὴ</span> <span class='ocrx_word' id='word_1_533' title='bbox 642 3742 1022 3811; x_wconf 74' lang='grc' dir='ltr'>εἰσερχόμενος</span> <span class='ocrx_word' id='word_1_534' title='bbox 1062 3741 1130 3796; x_wconf 78' lang='grc' dir='ltr'><strong>δι’</strong></span> <span class='ocrx_word' id='word_1_535' title='bbox 1181 3740 1346 3794; x_wconf 83' lang='grc' dir='ltr'>αὑτοῦ</span> <span class='ocrx_word' id='word_1_536' title='bbox 1402 3741 1483 3805; x_wconf 75' lang='grc' dir='ltr'><strong>εἰς</strong></span> <span class='ocrx_word' id='word_1_537' title='bbox 1513 3741 1611 3810; x_wconf 79' lang='grc' dir='ltr'>τὴν</span> <span class='ocrx_word' id='word_1_538' title='bbox 1641 3743 1743 3813; x_wconf 85' lang='grc' dir='ltr'>τῆς</span> <span class='ocrx_word' id='word_1_539' title='bbox 1775 3745 2009 3807; x_wconf 78' lang='grc' dir='ltr'>πίστεως</span> 
     </span>
    </p>
   </div>
   <div class='ocr_carea' id='block_1_71' title="bbox 439 3831 2009 3905">
    <p class='ocr_par' dir='ltr' id='par_1_71' title="bbox 439 3831 2009 3905">
     <span class='ocr_line' id='line_1_71' title="bbox 439 3831 2009 3905; baseline 0.001 -19"><span class='ocrx_word' id='word_1_540' title='bbox 439 3833 755 3900; x_wconf 70' lang='grc' dir='ltr'>έπίγνωσιν,</span> <span class='ocrx_word' id='word_1_541' title='bbox 779 3833 1083 3895; x_wconf 79' lang='grc' dir='ltr'>τουτέστιν,</span> <span class='ocrx_word' id='word_1_542' title='bbox 1131 3834 1219 3886; x_wconf 79' lang='grc' dir='ltr'>ἵνα</span> <span class='ocrx_word' id='word_1_543' title='bbox 1275 3831 1520 3905; x_wconf 79' lang='grc' dir='ltr'>γινώσκῃ</span> <span class='ocrx_word' id='word_1_544' title='bbox 1570 3834 1734 3888; x_wconf 73' lang='grc' dir='ltr'>αὑτὸν</span> <span class='ocrx_word' id='word_1_545' title='bbox 1767 3851 2009 3901; x_wconf 79' lang='grc' dir='ltr'>τοποτη-</span> 
     </span>
    </p>
   </div>
   <div class='ocr_carea' id='block_1_72' title="bbox 441 3923 2011 3996">
    <p class='ocr_par' dir='ltr' id='par_1_72' title="bbox 441 3923 2011 3996">
     <span class='ocr_line' id='line_1_72' title="bbox 441 3923 2011 3996; baseline 0.003 -21"><span class='ocrx_word' id='word_1_546' title='bbox 441 3924 612 3995; x_wconf 76' lang='grc' dir='ltr'>ρητὴν</span> <span class='ocrx_word' id='word_1_547' title='bbox 637 3923 732 3978; x_wconf 87' lang='grc' dir='ltr'><strong>τοῦ</strong></span> <span class='ocrx_word' id='word_1_548' title='bbox 777 3924 1038 3994; x_wconf 75' lang='grc' dir='ltr'>Χριστοῦ,</span> <span class='ocrx_word' id='word_1_549' title='bbox 1068 3925 1131 3977; x_wconf 83' lang='grc' dir='ltr'><strong>οὑ</strong></span> <span class='ocrx_word' id='word_1_550' title='bbox 1172 3925 1401 3980; x_wconf 81' lang='grc' dir='ltr'>δύναται</span> <span class='ocrx_word' id='word_1_551' title='bbox 1449 3927 1629 3996; x_wconf 75' lang='grc' dir='ltr'>εὑρεῖν</span> <span class='ocrx_word' id='word_1_552' title='bbox 1664 3943 1793 3980; x_wconf 85' lang='grc' dir='ltr'>ποτε</span> <span class='ocrx_word' id='word_1_553' title='bbox 1831 3944 2011 3994; x_wconf 81' lang='grc' dir='ltr'>σωτη-</span> 
     </span>
    </p>
   </div>
   <div class='ocr_carea' id='block_1_73' title="bbox 442 4017 2012 4091">
    <p class='ocr_par' dir='ltr' id='par_1_73' title="bbox 442 4017 2012 4091">
     <span class='ocr_line' id='line_1_73' title="bbox 442 4017 2012 4091; baseline 0.003 -24"><span class='ocrx_word' id='word_1_554' title='bbox 442 4018 583 4082; x_wconf 75' lang='grc' dir='ltr'>ρέαν.</span> <span class='ocrx_word' id='word_1_555' title='bbox 617 4017 831 4085; x_wconf 79' lang='grc' dir='ltr'>Ὠσπερ</span> <span class='ocrx_word' id='word_1_556' title='bbox 864 4017 974 4087; x_wconf 78' lang='grc' dir='ltr'>γάρ</span> <span class='ocrx_word' id='word_1_557' title='bbox 1004 4034 1170 4088; x_wconf 81' lang='grc' dir='ltr'>φησιν</span> <span class='ocrx_word' id='word_1_558' title='bbox 1201 4019 1230 4068; x_wconf 73' lang='grc' dir='ltr'><strong><em>ὁ</em></strong></span> <span class='ocrx_word' id='word_1_559' title='bbox 1278 4018 1536 4088; x_wconf 75' lang='grc' dir='ltr'>Χριστὸς,</span> <span class='ocrx_word' id='word_1_560' title='bbox 1580 4037 1599 4069; x_wconf 85' lang='grc' dir='ltr'><strong>ι</strong></span> <span class='ocrx_word' id='word_1_561' title='bbox 1643 4019 1785 4085; x_wconf 83' lang='grc' dir='ltr'><strong>Ἐγώ</strong></span> <span class='ocrx_word' id='word_1_562' title='bbox 1833 4020 1949 4090; x_wconf 80' lang='grc' dir='ltr'>ειμι</span> <span class='ocrx_word' id='word_1_563' title='bbox 1979 4023 2012 4091; x_wconf 78' lang='grc' dir='ltr'><strong>ή</strong></span> 
     </span>
    </p>
   </div>
   <div class='ocr_carea' id='block_1_74' title="bbox 440 4109 2012 4180">
    <p class='ocr_par' dir='ltr' id='par_1_74' title="bbox 440 4109 2012 4180">
     <span class='ocr_line' id='line_1_74' title="bbox 440 4109 2012 4180; baseline 0.003 -18"><span class='ocrx_word' id='word_1_564' title='bbox 440 4111 607 4178; x_wconf 83' lang='grc' dir='ltr'>θύρα,</span> <span class='ocrx_word' id='word_1_565' title='bbox 633 4112 660 4163; x_wconf 83' lang='grc' dir='ltr'><strong>ό</strong></span> <span class='ocrx_word' id='word_1_566' title='bbox 685 4110 765 4179; x_wconf 83' lang='grc' dir='ltr'>μὴ</span> <span class='ocrx_word' id='word_1_567' title='bbox 795 4110 1176 4180; x_wconf 66' lang='grc' dir='ltr'>εἰσερχόμενος</span> <span class='ocrx_word' id='word_1_568' title='bbox 1207 4109 1293 4164; x_wconf 75' lang='grc' dir='ltr'><strong>διὰ</strong></span> <span class='ocrx_word' id='word_1_569' title='bbox 1328 4111 1425 4180; x_wconf 79' lang='grc' dir='ltr'>τῆς</span> <span class='ocrx_word' id='word_1_570' title='bbox 1456 4110 1650 4180; x_wconf 83' lang='grc' dir='ltr'>θύρας,</span> <span class='ocrx_word' id='word_1_571' title='bbox 1683 4110 1818 4164; x_wconf 79' lang='grc' dir='ltr'>ἀλλὰ</span> <span class='ocrx_word' id='word_1_572' title='bbox 1846 4113 2012 4166; x_wconf 76' lang='grc' dir='ltr'>ἀλλα-</span> 
     </span>
    </p>
   </div>
   <div class='ocr_carea' id='block_1_75' title="bbox 439 4199 2006 4274">
    <p class='ocr_par' dir='ltr' id='par_1_75' title="bbox 439 4199 2006 4274">
     <span class='ocr_line' id='line_1_75' title="bbox 439 4199 2006 4274; baseline 0 -18"><span class='ocrx_word' id='word_1_573' title='bbox 439 4202 594 4272; x_wconf 82' lang='grc' dir='ltr'>χόθεν</span> <span class='ocrx_word' id='word_1_574' title='bbox 615 4201 938 4264; x_wconf 70' lang='grc' dir='ltr'>ἀναῦαίνων,</span> <span class='ocrx_word' id='word_1_575' title='bbox 967 4202 1173 4264; x_wconf 73' lang='grc' dir='ltr'>ἐκεῖνος</span> <span class='ocrx_word' id='word_1_576' title='bbox 1200 4201 1438 4270; x_wconf 75' lang='grc' dir='ltr'>κλέπτης</span> <span class='ocrx_word' id='word_1_577' title='bbox 1462 4199 1579 4255; x_wconf 69' lang='grc' dir='ltr'>ἐστὶ</span> <span class='ocrx_word' id='word_1_578' title='bbox 1606 4204 1700 4255; x_wconf 73' lang='grc' dir='ltr'>καὶ</span> <span class='ocrx_word' id='word_1_579' title='bbox 1715 4202 1919 4274; x_wconf 76' lang='grc' dir='ltr'>λῃστής</span> <span class='ocrx_word' id='word_1_580' title='bbox 1942 4220 1956 4235; x_wconf 86' lang='grc'><strong>·</strong></span> <span class='ocrx_word' id='word_1_581' title='bbox 1988 4222 2006 4255; x_wconf 75' lang='grc' dir='ltr'><strong>ι</strong></span> 
     </span>
    </p>
   </div>
   <div class='ocr_carea' id='block_1_76' title="bbox 439 4291 2015 4364">
    <p class='ocr_par' dir='ltr' id='par_1_76' title="bbox 439 4291 2015 4364">
     <span class='ocr_line' id='line_1_76' title="bbox 439 4291 2015 4364; baseline -0.001 -18"><span class='ocrx_word' id='word_1_582' title='bbox 439 4293 586 4347; x_wconf 79' lang='grc' dir='ltr'>οὑτω</span> <span class='ocrx_word' id='word_1_583' title='bbox 620 4292 715 4346; x_wconf 72' lang='grc' dir='ltr'>καὶ</span> <span class='ocrx_word' id='word_1_584' title='bbox 750 4295 776 4345; x_wconf 87' lang='grc' dir='ltr'><strong>ὁ</strong></span> <span class='ocrx_word' id='word_1_585' title='bbox 803 4292 1047 4362; x_wconf 76' lang='grc' dir='ltr'>διάδοχος</span> <span class='ocrx_word' id='word_1_586' title='bbox 1086 4291 1252 4345; x_wconf 77' lang='grc' dir='ltr'>αὑτοῦ</span> <span class='ocrx_word' id='word_1_587' title='bbox 1289 4292 1495 4362; x_wconf 84' lang='grc' dir='ltr'>Πέτρος</span> <span class='ocrx_word' id='word_1_588' title='bbox 1533 4292 1700 4362; x_wconf 77' lang='grc' dir='ltr'>φησξν</span> <span class='ocrx_word' id='word_1_589' title='bbox 1724 4308 1738 4323; x_wconf 79' lang='grc' dir='ltr'><strong>ο</strong></span> <span class='ocrx_word' id='word_1_590' title='bbox 1776 4313 1793 4342; x_wconf 80' lang='grc' dir='ltr'><strong>ι</strong></span> <span class='ocrx_word' id='word_1_591' title='bbox 1841 4293 1899 4345; x_wconf 85' lang='grc' dir='ltr'>Ὀ</span> <span class='ocrx_word' id='word_1_592' title='bbox 1940 4293 2015 4364; x_wconf 79' lang='grc' dir='ltr'>μὴ</span> 
     </span>
    </p>
   </div>
   <div class='ocr_carea' id='block_1_77' title="bbox 442 4380 2016 4452">
    <p class='ocr_par' dir='ltr' id='par_1_77' title="bbox 442 4380 2016 4452">
     <span class='ocr_line' id='line_1_77' title="bbox 442 4380 2016 4452; baseline -0.001 -15"><span class='ocrx_word' id='word_1_593' title='bbox 442 4382 714 4438; x_wconf 79' lang='grc' dir='ltr'>πιστεύων</span> <span class='ocrx_word' id='word_1_594' title='bbox 759 4381 827 4435; x_wconf 77' lang='grc' dir='ltr'>δι’</span> <span class='ocrx_word' id='word_1_595' title='bbox 859 4380 996 4448; x_wconf 76' lang='grc' dir='ltr'>ἐμοῦ</span> <span class='ocrx_word' id='word_1_596' title='bbox 1043 4380 1138 4435; x_wconf 72' lang='grc' dir='ltr'>τὴν</span> <span class='ocrx_word' id='word_1_597' title='bbox 1170 4381 1296 4434; x_wconf 81' lang='grc' dir='ltr'><strong>Υῐὸν</strong></span> <span class='ocrx_word' id='word_1_598' title='bbox 1329 4382 1423 4436; x_wconf 82' lang='grc' dir='ltr'><strong>τοῦ</strong></span> <span class='ocrx_word' id='word_1_599' title='bbox 1452 4381 1688 4452; x_wconf 77' lang='grc' dir='ltr'>ἀοράτου</span> <span class='ocrx_word' id='word_1_600' title='bbox 1743 4383 1879 4437; x_wconf 83' lang='grc' dir='ltr'>Θεοῦ</span> <span class='ocrx_word' id='word_1_601' title='bbox 1921 4388 2016 4438; x_wconf 80' lang='grc' dir='ltr'>καὶ</span> 
     </span>
    </p>
   </div>
   <div class='ocr_carea' id='block_1_78' title="bbox 444 4474 2012 4547">
    <p class='ocr_par' dir='ltr' id='par_1_78' title="bbox 444 4474 2012 4547">
     <span class='ocr_line' id='line_1_78' title="bbox 444 4474 2012 4547; baseline 0.001 -16"><span class='ocrx_word' id='word_1_602' title='bbox 444 4475 656 4547; x_wconf 81' lang='grc' dir='ltr'>Πατρὺς</span> <span class='ocrx_word' id='word_1_603' title='bbox 685 4474 1012 4542; x_wconf 71' lang='grc' dir='ltr'>γεννηθέντα</span> <span class='ocrx_word' id='word_1_604' title='bbox 1064 4475 1245 4546; x_wconf 71' lang='grc' dir='ltr'>σαρκὶ,</span> <span class='ocrx_word' id='word_1_605' title='bbox 1304 4475 1398 4530; x_wconf 77' lang='grc' dir='ltr'>καὶ</span> <span class='ocrx_word' id='word_1_606' title='bbox 1431 4475 1697 4540; x_wconf 82' lang='grc' dir='ltr'>παθόντα,</span> <span class='ocrx_word' id='word_1_607' title='bbox 1731 4476 1827 4530; x_wconf 72' lang='grc' dir='ltr'><strong>καὶ</strong></span> <span class='ocrx_word' id='word_1_608' title='bbox 1877 4479 2012 4532; x_wconf 84' lang='grc' dir='ltr'>ἀνα-</span> 
     </span>
    </p>
   </div>
   <div class='ocr_carea' id='block_1_79' title="bbox 2114 3275 3686 3351">
    <p class='ocr_par' dir='ltr' id='par_1_79' title="bbox 2114 3275 3686 3351">
     <span class='ocr_line' id='line_1_79' title="bbox 2114 3275 3686 3351; baseline -0.008 -11"><span class='ocrx_word' id='word_1_609' title='bbox 2114 3282 2359 3340; x_wconf 87' lang='lat' dir='ltr'><strong>solvendi</strong></span> <span class='ocrx_word' id='word_1_610' title='bbox 2405 3290 2460 3337; x_wconf 87' lang='lat' dir='ltr'><strong>et</strong></span> <span class='ocrx_word' id='word_1_611' title='bbox 2520 3279 2722 3351; x_wconf 82' lang='lat' dir='ltr'><strong>ligandi</strong></span> <span class='ocrx_word' id='word_1_612' title='bbox 2757 3289 2810 3335; x_wconf 90' lang='lat' dir='ltr'><strong>et</strong></span> <span class='ocrx_word' id='word_1_613' title='bbox 2860 3277 3224 3349; x_wconf 79' lang='lat' dir='ltr'><strong>intelligendi,</strong></span> <span class='ocrx_word' id='word_1_614' title='bbox 3259 3275 3590 3346; x_wconf 79' lang='lat' dir='ltr'><strong>injunxisse,</strong></span> <span class='ocrx_word' id='word_1_615' title='bbox 3629 3282 3686 3329; x_wconf 89' lang='lat' dir='ltr'><strong>et</strong></span> 
     </span>
    </p>
   </div>
   <div class='ocr_carea' id='block_1_80' title="bbox 2114 3366 3683 3440">
    <p class='ocr_par' dir='ltr' id='par_1_80' title="bbox 2114 3366 3683 3440">
     <span class='ocr_line' id='line_1_80' title="bbox 2114 3366 3683 3440; baseline -0.003 -16"><span class='ocrx_word' id='word_1_616' title='bbox 2114 3371 2200 3440; x_wconf 90' lang='lat' dir='ltr'><strong>pie</strong></span> <span class='ocrx_word' id='word_1_617' title='bbox 2230 3371 2284 3425; x_wconf 90' lang='lat' dir='ltr'><strong>in</strong></span> <span class='ocrx_word' id='word_1_618' title='bbox 2312 3368 2496 3425; x_wconf 79' lang='lat' dir='ltr'><strong>Jesum</strong></span> <span class='ocrx_word' id='word_1_619' title='bbox 2528 3367 2809 3425; x_wconf 87' lang='lat' dir='ltr'><strong>Christum</strong></span> <span class='ocrx_word' id='word_1_620' title='bbox 2839 3367 2932 3423; x_wconf 90' lang='lat' dir='ltr'><strong>Dei</strong></span> <span class='ocrx_word' id='word_1_621' title='bbox 2961 3367 3161 3424; x_wconf 85' lang='lat' dir='ltr'><strong>Filium</strong></span> <span class='ocrx_word' id='word_1_622' title='bbox 3187 3382 3282 3436; x_wconf 83' lang='lat' dir='ltr'><strong>per</strong></span> <span class='ocrx_word' id='word_1_623' title='bbox 3301 3382 3424 3421; x_wconf 89' lang='lat' dir='ltr'><strong>eum</strong></span> <span class='ocrx_word' id='word_1_624' title='bbox 3451 3366 3683 3421; x_wconf 84' lang='lat' dir='ltr'><strong>creden-</strong></span> 
     </span>
    </p>
   </div>
   <div class='ocr_carea' id='block_1_81' title="bbox 2113 3460 3688 3533">
    <p class='ocr_par' dir='ltr' id='par_1_81' title="bbox 2113 3460 3688 3533">
     <span class='ocr_line' id='line_1_81' title="bbox 2113 3460 3688 3533; baseline -0.002 -12"><span class='ocrx_word' id='word_1_625' title='bbox 2113 3464 2169 3521; x_wconf 90' lang='lat' dir='ltr'><strong>di</strong></span> <span class='ocrx_word' id='word_1_626' title='bbox 2196 3463 2459 3519; x_wconf 84' lang='lat' dir='ltr'><strong>?Credite</strong></span> <span class='ocrx_word' id='word_1_627' title='bbox 2485 3464 2541 3518; x_wconf 92' lang='lat' dir='ltr'><strong>in</strong></span> <span class='ocrx_word' id='word_1_628' title='bbox 2577 3472 2860 3533; x_wconf 85' lang='lat' dir='ltr'><strong>posterum</strong></span> <span class='ocrx_word' id='word_1_629' title='bbox 2890 3463 3034 3532; x_wconf 91' lang='lat' dir='ltr'><strong>quod</strong></span> <span class='ocrx_word' id='word_1_630' title='bbox 3070 3463 3190 3518; x_wconf 82' lang='lat' dir='ltr'><strong>sine</strong></span> <span class='ocrx_word' id='word_1_631' title='bbox 3219 3460 3527 3521; x_wconf 87' lang='lat' dir='ltr'><strong>obedientia</strong></span> <span class='ocrx_word' id='word_1_632' title='bbox 3559 3474 3688 3530; x_wconf 67' lang='lat' dir='ltr'><strong>erga</strong></span> 
     </span>
    </p>
   </div>
   <div class='ocr_carea' id='block_1_82' title="bbox 2111 3549 3683 3625">
    <p class='ocr_par' dir='ltr' id='par_1_82' title="bbox 2111 3549 3683 3625">
     <span class='ocr_line' id='line_1_82' title="bbox 2111 3549 3683 3625; baseline -0.008 -13"><span class='ocrx_word' id='word_1_633' title='bbox 2111 3555 2334 3612; x_wconf 85' lang='lat' dir='ltr'><strong>Petrum</strong></span> <span class='ocrx_word' id='word_1_634' title='bbox 2367 3555 2569 3610; x_wconf 83' lang='lat' dir='ltr'><strong>salvari</strong></span> <span class='ocrx_word' id='word_1_635' title='bbox 2599 3569 2705 3609; x_wconf 91' lang='lat' dir='ltr'><strong>non</strong></span> <span class='ocrx_word' id='word_1_636' title='bbox 2743 3555 2993 3625; x_wconf 80' lang='lat' dir='ltr'><strong>potestis.</strong></span> <span class='ocrx_word' id='word_1_637' title='bbox 3031 3553 3238 3622; x_wconf 85' lang='lat' dir='ltr'><strong>Etjure</strong></span> <span class='ocrx_word' id='word_1_638' title='bbox 3267 3551 3511 3624; x_wconf 88' lang='lat' dir='ltr'><strong>quidem.</strong></span> <span class='ocrx_word' id='word_1_639' title='bbox 3547 3549 3683 3604; x_wconf 77' lang='lat' dir='ltr'><strong>Nam</strong></span> 
     </span>
    </p>
   </div>
   <div class='ocr_carea' id='block_1_83' title="bbox 2115 3642 3683 3718">
    <p class='ocr_par' dir='ltr' id='par_1_83' title="bbox 2115 3642 3683 3718">
     <span class='ocr_line' id='line_1_83' title="bbox 2115 3642 3683 3718; baseline -0.005 -16"><span class='ocrx_word' id='word_1_640' title='bbox 2115 3649 2160 3702; x_wconf 82' lang='lat' dir='ltr'><strong>is</strong></span> <span class='ocrx_word' id='word_1_641' title='bbox 2192 3657 2274 3704; x_wconf 88' lang='lat' dir='ltr'><strong>est</strong></span> <span class='ocrx_word' id='word_1_642' title='bbox 2309 3656 2460 3718; x_wconf 84' lang='lat' dir='ltr'><strong>porta</strong></span> <span class='ocrx_word' id='word_1_643' title='bbox 2514 3646 2729 3702; x_wconf 90' lang='lat' dir='ltr'><strong>salutis.</strong></span> <span class='ocrx_word' id='word_1_644' title='bbox 2763 3644 2867 3711; x_wconf 90' lang='lat' dir='ltr'><strong>Qui</strong></span> <span class='ocrx_word' id='word_1_645' title='bbox 2916 3660 3013 3715; x_wconf 89' lang='lat' dir='ltr'><strong>per</strong></span> <span class='ocrx_word' id='word_1_646' title='bbox 3051 3659 3176 3699; x_wconf 87' lang='lat' dir='ltr'><strong>eum</strong></span> <span class='ocrx_word' id='word_1_647' title='bbox 3223 3643 3278 3699; x_wconf 89' lang='lat' dir='ltr'><strong>in</strong></span> <span class='ocrx_word' id='word_1_648' title='bbox 3312 3642 3683 3713; x_wconf 76' lang='lat' dir='ltr'><strong>cognitionem</strong></span> 
     </span>
    </p>
   </div>
   <div class='ocr_carea' id='block_1_84' title="bbox 2116 3738 3689 3809">
    <p class='ocr_par' dir='ltr' id='par_1_84' title="bbox 2116 3738 3689 3809">
     <span class='ocr_line' id='line_1_84' title="bbox 2116 3738 3689 3809; baseline -0.003 -16"><span class='ocrx_word' id='word_1_649' title='bbox 2116 3741 2234 3796; x_wconf 83' lang='lat' dir='ltr'><strong>ﬁdei</strong></span> <span class='ocrx_word' id='word_1_650' title='bbox 2269 3756 2375 3795; x_wconf 78' lang='lat' dir='ltr'><strong>non</strong></span> <span class='ocrx_word' id='word_1_651' title='bbox 2417 3740 2740 3809; x_wconf 74' lang='lat' dir='ltr'><strong>ingreditur,</strong></span> <span class='ocrx_word' id='word_1_652' title='bbox 2774 3738 2828 3792; x_wconf 87' lang='lat' dir='ltr'><strong>id</strong></span> <span class='ocrx_word' id='word_1_653' title='bbox 2857 3745 2960 3801; x_wconf 88' lang='lat' dir='ltr'><strong>est,</strong></span> <span class='ocrx_word' id='word_1_654' title='bbox 2998 3743 3059 3792; x_wconf 93' lang='lat' dir='ltr'><strong>ut</strong></span> <span class='ocrx_word' id='word_1_655' title='bbox 3098 3752 3223 3792; x_wconf 90' lang='lat' dir='ltr'><strong>eum</strong></span> <span class='ocrx_word' id='word_1_656' title='bbox 3275 3745 3539 3806; x_wconf 67' lang='lat' dir='ltr'><strong>agnoscat</strong></span> <span class='ocrx_word' id='word_1_657' title='bbox 3565 3750 3689 3791; x_wconf 83' lang='lat' dir='ltr'><strong>esse</strong></span> 
     </span>
    </p>
   </div>
   <div class='ocr_carea' id='block_1_85' title="bbox 2112 3829 3692 3900">
    <p class='ocr_par' dir='ltr' id='par_1_85' title="bbox 2112 3829 3692 3900">
     <span class='ocr_line' id='line_1_85' title="bbox 2112 3829 3692 3900; baseline -0.004 -14"><span class='ocrx_word' id='word_1_658' title='bbox 2112 3833 2314 3888; x_wconf 87' lang='lat' dir='ltr'><strong>Christi</strong></span> <span class='ocrx_word' id='word_1_659' title='bbox 2343 3831 2631 3896; x_wconf 87' lang='lat' dir='ltr'><strong>vicarium,</strong></span> <span class='ocrx_word' id='word_1_660' title='bbox 2673 3845 2776 3886; x_wconf 92' lang='lat' dir='ltr'><strong>non</strong></span> <span class='ocrx_word' id='word_1_661' title='bbox 2805 3832 3006 3900; x_wconf 83' lang='lat' dir='ltr'><strong>poterit</strong></span> <span class='ocrx_word' id='word_1_662' title='bbox 3038 3844 3274 3900; x_wconf 88' lang='lat' dir='ltr'><strong>unquam</strong></span> <span class='ocrx_word' id='word_1_663' title='bbox 3302 3829 3530 3884; x_wconf 88' lang='lat' dir='ltr'><strong>salutem</strong></span> <span class='ocrx_word' id='word_1_664' title='bbox 3553 3842 3692 3883; x_wconf 88' lang='lat' dir='ltr'><strong>cou-</strong></span> 
     </span>
    </p>
   </div>
   <div class='ocr_carea' id='block_1_86' title="bbox 2115 3903 3685 3993">
    <p class='ocr_par' dir='ltr' id='par_1_86' title="bbox 2115 3903 3685 3993">
     <span class='ocr_line' id='line_1_86' title="bbox 2115 3903 3685 3993; baseline -0.006 -12"><span class='ocrx_word' id='word_1_665' title='bbox 2115 3926 2291 3993; x_wconf 84' lang='lat' dir='ltr'><strong>sequi.</strong></span> <span class='ocrx_word' id='word_1_666' title='bbox 2315 3925 2472 3986; x_wconf 77' lang='lat' dir='ltr'><strong>Nam.</strong></span> <span class='ocrx_word' id='word_1_667' title='bbox 2497 3934 2555 3977; x_wconf 88' lang='grc' dir='ltr'><strong>ιιι</strong></span> <span class='ocrx_word' id='word_1_668' title='bbox 2578 3924 2826 3978; x_wconf 85' lang='lat' dir='ltr'><strong>Christus</strong></span> <span class='ocrx_word' id='word_1_669' title='bbox 2851 3921 3052 3993; x_wconf 90' lang='lat' dir='ltr'><strong>inquit,</strong></span> <span class='ocrx_word' id='word_1_670' title='bbox 3079 3939 3098 3973; x_wconf 83' lang='grc' dir='ltr'><strong>ι</strong></span> <span class='ocrx_word' id='word_1_671' title='bbox 3141 3920 3250 3990; x_wconf 70' lang='lat' dir='ltr'><strong>Ego</strong></span> <span class='ocrx_word' id='word_1_672' title='bbox 3284 3936 3404 3978; x_wconf 84' lang='lat' dir='ltr'><strong>sum</strong></span> <span class='ocrx_word' id='word_1_673' title='bbox 3443 3903 3640 3976; x_wconf 84' lang='lat' dir='ltr'><strong>ostium</strong></span> <span class='ocrx_word' id='word_1_674' title='bbox 3669 3935 3685 3986; x_wconf 91' lang='lat'>;</span> 
     </span>
    </p>
   </div>
   <div class='ocr_carea' id='block_1_87' title="bbox 2116 4013 3682 4089">
    <p class='ocr_par' dir='ltr' id='par_1_87' title="bbox 2116 4013 3682 4089">
     <span class='ocr_line' id='line_1_87' title="bbox 2116 4013 3682 4089; baseline -0.005 -17"><span class='ocrx_word' id='word_1_675' title='bbox 2116 4020 2208 4089; x_wconf 91' lang='lat' dir='ltr'><strong>qui</strong></span> <span class='ocrx_word' id='word_1_676' title='bbox 2255 4024 2359 4071; x_wconf 88' lang='lat' dir='ltr'><strong>rion</strong></span> <span class='ocrx_word' id='word_1_677' title='bbox 2415 4018 2582 4070; x_wconf 82' lang='lat' dir='ltr'><strong>intrat</strong></span> <span class='ocrx_word' id='word_1_678' title='bbox 2610 4031 2704 4085; x_wconf 83' lang='lat' dir='ltr'><strong>per</strong></span> <span class='ocrx_word' id='word_1_679' title='bbox 2738 4015 2964 4079; x_wconf 86' lang='lat' dir='ltr'><strong>ostium,</strong></span> <span class='ocrx_word' id='word_1_680' title='bbox 2995 4015 3090 4070; x_wconf 88' lang='lat' dir='ltr'><strong>sed</strong></span> <span class='ocrx_word' id='word_1_681' title='bbox 3131 4013 3350 4070; x_wconf 89' lang='lat' dir='ltr'><strong>aliunde</strong></span> <span class='ocrx_word' id='word_1_682' title='bbox 3397 4026 3682 4067; x_wconf 84' lang='lat' dir='ltr'><strong>ascensum</strong></span> 
     </span>
    </p>
   </div>
   <div class='ocr_carea' id='block_1_88' title="bbox 2116 4102 3691 4180">
    <p class='ocr_par' dir='ltr' id='par_1_88' title="bbox 2116 4102 3691 4180">
     <span class='ocr_line' id='line_1_88' title="bbox 2116 4102 3691 4180; baseline -0.005 -14"><span class='ocrx_word' id='word_1_683' title='bbox 2116 4123 2287 4180; x_wconf 87' lang='lat' dir='ltr'><strong>parat,</strong></span> <span class='ocrx_word' id='word_1_684' title='bbox 2323 4111 2408 4165; x_wconf 83' lang='grc' dir='ltr'>ιιιι·</span> <span class='ocrx_word' id='word_1_685' title='bbox 2446 4120 2529 4165; x_wconf 82' lang='lat' dir='ltr'><strong>est</strong></span> <span class='ocrx_word' id='word_1_686' title='bbox 2553 4120 2608 4163; x_wconf 89' lang='lat' dir='ltr'><strong>et</strong></span> <span class='ocrx_word' id='word_1_687' title='bbox 2637 4109 2776 4163; x_wconf 87' lang='lat' dir='ltr'><strong>latro</strong></span> <span class='ocrx_word' id='word_1_688' title='bbox 2806 4108 2896 4176; x_wconf 72' lang='lat'><strong>“;</strong></span> <span class='ocrx_word' id='word_1_689' title='bbox 2929 4127 2949 4162; x_wconf 69' lang='grc' dir='ltr'><strong>ι</strong></span> <span class='ocrx_word' id='word_1_690' title='bbox 2991 4109 3062 4164; x_wconf 87' lang='lat' dir='ltr'><strong>ita</strong></span> <span class='ocrx_word' id='word_1_691' title='bbox 3096 4115 3148 4163; x_wconf 89' lang='lat' dir='ltr'><strong>et</strong></span> <span class='ocrx_word' id='word_1_692' title='bbox 3180 4102 3375 4164; x_wconf 86' lang='lat' dir='ltr'><strong>Petrus</strong></span> <span class='ocrx_word' id='word_1_693' title='bbox 3402 4107 3522 4177; x_wconf 84' lang='lat' dir='ltr'><strong>ejus</strong></span> <span class='ocrx_word' id='word_1_694' title='bbox 3559 4121 3691 4160; x_wconf 74' lang='lat' dir='ltr'><strong>suc-</strong></span> 
     </span>
    </p>
   </div>
   <div class='ocr_carea' id='block_1_89' title="bbox 2115 4199 3691 4271">
    <p class='ocr_par' dir='ltr' id='par_1_89' title="bbox 2115 4199 3691 4271">
     <span class='ocr_line' id='line_1_89' title="bbox 2115 4199 3691 4271; baseline -0.006 -12"><span class='ocrx_word' id='word_1_695' title='bbox 2115 4220 2301 4260; x_wconf 83' lang='lat' dir='ltr'><strong>cessor</strong></span> <span class='ocrx_word' id='word_1_696' title='bbox 2330 4205 2462 4258; x_wconf 89' lang='lat' dir='ltr'><strong>dicit</strong></span> <span class='ocrx_word' id='word_1_697' title='bbox 2498 4220 2509 4256; x_wconf 87' lang='lat'><strong>:</strong></span> <span class='ocrx_word' id='word_1_698' title='bbox 2543 4221 2561 4252; x_wconf 82' lang='lat' dir='ltr'><strong>r</strong></span> <span class='ocrx_word' id='word_1_699' title='bbox 2589 4202 2689 4267; x_wconf 85' lang='lat' dir='ltr'><strong>Qui</strong></span> <span class='ocrx_word' id='word_1_700' title='bbox 2723 4216 2828 4255; x_wconf 91' lang='lat' dir='ltr'><strong>non</strong></span> <span class='ocrx_word' id='word_1_701' title='bbox 2852 4200 3133 4271; x_wconf 85' lang='lat' dir='ltr'><strong>creditper</strong></span> <span class='ocrx_word' id='word_1_702' title='bbox 3159 4215 3245 4256; x_wconf 89' lang='lat' dir='ltr'><strong>me</strong></span> <span class='ocrx_word' id='word_1_703' title='bbox 3274 4199 3472 4254; x_wconf 75' lang='lat' dir='ltr'><strong>Filium</strong></span> <span class='ocrx_word' id='word_1_704' title='bbox 3501 4199 3691 4252; x_wconf 82' lang='lat' dir='ltr'><strong>invisi-</strong></span> 
     </span>
    </p>
   </div>
   <div class='ocr_carea' id='block_1_90' title="bbox 2118 4290 3695 4363">
    <p class='ocr_par' dir='ltr' id='par_1_90' title="bbox 2118 4290 3695 4363">
     <span class='ocr_line' id='line_1_90' title="bbox 2118 4290 3695 4363; baseline -0.006 -12"><span class='ocrx_word' id='word_1_705' title='bbox 2118 4298 2241 4352; x_wconf 80' lang='lat' dir='ltr'><strong>bilis</strong></span> <span class='ocrx_word' id='word_1_706' title='bbox 2283 4296 2374 4351; x_wconf 86' lang='lat' dir='ltr'><strong>Dei</strong></span> <span class='ocrx_word' id='word_1_707' title='bbox 2407 4305 2460 4350; x_wconf 86' lang='lat' dir='ltr'><strong>et</strong></span> <span class='ocrx_word' id='word_1_708' title='bbox 2490 4295 2664 4350; x_wconf 82' lang='lat' dir='ltr'><strong>Patris</strong></span> <span class='ocrx_word' id='word_1_709' title='bbox 2694 4295 2746 4348; x_wconf 91' lang='lat' dir='ltr'><strong>in</strong></span> <span class='ocrx_word' id='word_1_710' title='bbox 2777 4307 2944 4348; x_wconf 91' lang='lat' dir='ltr'><strong>carne</strong></span> <span class='ocrx_word' id='word_1_711' title='bbox 2974 4292 3240 4362; x_wconf 71' lang='lat' dir='ltr'><strong>genitum,</strong></span> <span class='ocrx_word' id='word_1_712' title='bbox 3268 4290 3361 4363; x_wconf 89' lang='lat' dir='ltr'><strong>qui</strong></span> <span class='ocrx_word' id='word_1_713' title='bbox 3392 4305 3584 4360; x_wconf 82' lang='lat' dir='ltr'><strong>passus</strong></span> <span class='ocrx_word' id='word_1_714' title='bbox 3610 4301 3695 4342; x_wconf 74' lang='lat' dir='ltr'><strong>est</strong></span> 
     </span>
    </p>
   </div>
   <div class='ocr_carea' id='block_1_91' title="bbox 2117 4382 3678 4455">
    <p class='ocr_par' dir='ltr' id='par_1_91' title="bbox 2117 4382 3678 4455">
     <span class='ocr_line' id='line_1_91' title="bbox 2117 4382 3678 4455; baseline -0.008 -12"><span class='ocrx_word' id='word_1_715' title='bbox 2117 4398 2170 4443; x_wconf 90' lang='lat' dir='ltr'><strong>et</strong></span> <span class='ocrx_word' id='word_1_716' title='bbox 2207 4389 2527 4449; x_wconf 78' lang='lat' dir='ltr'><strong>resurrexit,</strong></span> <span class='ocrx_word' id='word_1_717' title='bbox 2569 4396 2624 4440; x_wconf 86' lang='lat' dir='ltr'><strong>et</strong></span> <span class='ocrx_word' id='word_1_718' title='bbox 2678 4396 2872 4441; x_wconf 71' lang='lat' dir='ltr'><strong>caetera</strong></span> <span class='ocrx_word' id='word_1_719' title='bbox 2912 4382 3345 4455; x_wconf 87' lang='lat' dir='ltr'><strong>dispensationis</strong></span> <span class='ocrx_word' id='word_1_720' title='bbox 3398 4384 3678 4454; x_wconf 74' lang='lat' dir='ltr'><strong>mysteria.</strong></span> 
     </span>
    </p>
   </div>
   <div class='ocr_carea' id='block_1_92' title="bbox 2125 4477 3694 4550">
    <p class='ocr_par' dir='ltr' id='par_1_92' title="bbox 2125 4477 3694 4550">
     <span class='ocr_line' id='line_1_92' title="bbox 2125 4477 3694 4550; baseline -0.003 -16"><span class='ocrx_word' id='word_1_721' title='bbox 2125 4482 2211 4535; x_wconf 88' lang='lat' dir='ltr'><strong>hic</strong></span> <span class='ocrx_word' id='word_1_722' title='bbox 2245 4482 2538 4538; x_wconf 82' lang='lat' dir='ltr'><strong>haereticus</strong></span> <span class='ocrx_word' id='word_1_723' title='bbox 2569 4486 2649 4533; x_wconf 91' lang='lat' dir='ltr'><strong>cst</strong></span> <span class='ocrx_word' id='word_1_724' title='bbox 2678 4491 2731 4532; x_wconf 88' lang='lat' dir='ltr'><strong>et</strong></span> <span class='ocrx_word' id='word_1_725' title='bbox 2762 4479 2964 4533; x_wconf 88' lang='lat' dir='ltr'><strong>salvari</strong></span> <span class='ocrx_word' id='word_1_726' title='bbox 2999 4477 3147 4532; x_wconf 92' lang='lat' dir='ltr'><strong>nullo</strong></span> <span class='ocrx_word' id='word_1_727' title='bbox 3177 4490 3418 4550; x_wconf 89' lang='lat' dir='ltr'><strong>unquam</strong></span> <span class='ocrx_word' id='word_1_728' title='bbox 3452 4487 3694 4546; x_wconf 88' lang='lat' dir='ltr'><strong>tempore</strong></span> 
     </span>
    </p>
   </div>
   <div class='ocr_carea' id='block_1_93' title="bbox 443 4556 2004 4642">
    <p class='ocr_par' dir='ltr' id='par_1_93' title="bbox 443 4562 2004 4637">
     <span class='ocr_line' id='line_1_93' title="bbox 443 4562 2004 4637; baseline 0.001 -19"><span class='ocrx_word' id='word_1_729' title='bbox 443 4570 668 4632; x_wconf 77' lang='grc' dir='ltr'>στάντα,</span> <span class='ocrx_word' id='word_1_730' title='bbox 706 4567 799 4618; x_wconf 72' lang='grc' dir='ltr'>καὶ</span> <span class='ocrx_word' id='word_1_731' title='bbox 831 4564 999 4620; x_wconf 72' lang='grc' dir='ltr'>τᾶλλα</span> <span class='ocrx_word' id='word_1_732' title='bbox 1030 4564 1126 4633; x_wconf 76' lang='grc' dir='ltr'>τῆς</span> <span class='ocrx_word' id='word_1_733' title='bbox 1156 4562 1475 4633; x_wconf 81' lang='grc' dir='ltr'>οἰκονομίας</span> <span class='ocrx_word' id='word_1_734' title='bbox 1524 4569 1824 4637; x_wconf 74' lang='grc' dir='ltr'>μυστήρια,</span> <span class='ocrx_word' id='word_1_735' title='bbox 1865 4564 2004 4629; x_wconf 70' lang='grc' dir='ltr'>οὗτος</span> 
     </span>
    </p>
   </div>
   <div class='ocr_carea' id='block_1_94' title="bbox 2107 4556 3696 4642">
    <p class='ocr_par' dir='ltr' id='par_1_94' title="bbox 2126 4566 3696 4642">
     <span class='ocr_line' id='line_1_94' title="bbox 2126 4566 3696 4642; baseline -0.004 -18"><span class='ocrx_word' id='word_1_736' title='bbox 2126 4572 2343 4642; x_wconf 81' lang='lat' dir='ltr'><strong>poterit.</strong></span> <span class='ocrx_word' id='word_1_737' title='bbox 2385 4588 2401 4621; x_wconf 77' lang='grc' dir='ltr'><strong>ι</strong></span> <span class='ocrx_word' id='word_1_738' title='bbox 2442 4567 2566 4623; x_wconf 73' lang='grc' dir='ltr'>ῐΙιιιο</span> <span class='ocrx_word' id='word_1_739' title='bbox 2598 4567 2768 4638; x_wconf 77' lang='lat' dir='ltr'><strong>igitur</strong></span> <span class='ocrx_word' id='word_1_740' title='bbox 2797 4575 2852 4622; x_wconf 90' lang='lat' dir='ltr'><strong>et</strong></span> <span class='ocrx_word' id='word_1_741' title='bbox 2878 4566 3005 4621; x_wconf 79' lang='lat' dir='ltr'><strong>talia</strong></span> <span class='ocrx_word' id='word_1_742' title='bbox 3043 4575 3314 4632; x_wconf 87' lang='lat' dir='ltr'><strong>tenentes,</strong></span> <span class='ocrx_word' id='word_1_743' title='bbox 3341 4579 3576 4636; x_wconf 90' lang='lat' dir='ltr'><strong>quorum</strong></span> <span class='ocrx_word' id='word_1_744' title='bbox 3609 4580 3696 4618; x_wconf 81' lang='lat' dir='ltr'><strong>rc-</strong></span> 
     </span>
    </p>
   </div>
   <div class='ocr_carea' id='block_1_95' title="bbox 442 4655 2015 4730">
    <p class='ocr_par' dir='ltr' id='par_1_95' title="bbox 442 4655 2015 4730">
     <span class='ocr_line' id='line_1_95' title="bbox 442 4655 2015 4730; baseline -0.004 -16"><span class='ocrx_word' id='word_1_745' title='bbox 442 4660 716 4730; x_wconf 73' lang='grc' dir='ltr'>οιρετικός</span> <span class='ocrx_word' id='word_1_746' title='bbox 758 4661 896 4725; x_wconf 73' lang='grc' dir='ltr'>ἔστι,</span> <span class='ocrx_word' id='word_1_747' title='bbox 943 4659 1040 4712; x_wconf 75' lang='grc' dir='ltr'>καὶ</span> <span class='ocrx_word' id='word_1_748' title='bbox 1084 4655 1327 4727; x_wconf 84' lang='grc' dir='ltr'>σωθῆναι</span> <span class='ocrx_word' id='word_1_749' title='bbox 1375 4657 1633 4711; x_wconf 79' lang='grc' dir='ltr'>οὐδέποτε</span> <span class='ocrx_word' id='word_1_750' title='bbox 1661 4659 2015 4728; x_wconf 76' lang='grc' dir='ltr'>δυνήσεται.»</span> 
     </span>
    </p>
   </div>
   <div class='ocr_carea' id='block_1_96' title="bbox 442 4750 2022 4822">
    <p class='ocr_par' dir='ltr' id='par_1_96' title="bbox 442 4750 2022 4822">
     <span class='ocr_line' id='line_1_96' title="bbox 442 4750 2022 4822; baseline -0.002 -15"><span class='ocrx_word' id='word_1_751' title='bbox 442 4755 627 4809; x_wconf 84' lang='grc' dir='ltr'>Ταῦτα</span> <span class='ocrx_word' id='word_1_752' title='bbox 652 4753 832 4807; x_wconf 75' lang='grc' dir='ltr'>τοὲνυν</span> <span class='ocrx_word' id='word_1_753' title='bbox 858 4755 953 4806; x_wconf 78' lang='grc' dir='ltr'>καὶ</span> <span class='ocrx_word' id='word_1_754' title='bbox 985 4751 1120 4806; x_wconf 78' lang='grc' dir='ltr'>ἄλλα</span> <span class='ocrx_word' id='word_1_755' title='bbox 1156 4751 1192 4805; x_wconf 78' lang='grc' dir='ltr'><strong>ἃ</strong></span> <span class='ocrx_word' id='word_1_756' title='bbox 1224 4751 1440 4822; x_wconf 84' lang='grc' dir='ltr'>πλήρης</span> <span class='ocrx_word' id='word_1_757' title='bbox 1462 4751 1614 4805; x_wconf 79' lang='grc' dir='ltr'>πᾶσα</span> <span class='ocrx_word' id='word_1_758' title='bbox 1635 4750 1743 4805; x_wconf 86' lang='grc' dir='ltr'><strong>τῶν</strong></span> <span class='ocrx_word' id='word_1_759' title='bbox 1767 4751 2022 4804; x_wconf 80' lang='grc' dir='ltr'>διδασκά-</span> 
     </span>
    </p>
   </div>
   <div class='ocr_carea' id='block_1_97' title="bbox 439 4840 2018 4916">
    <p class='ocr_par' dir='ltr' id='par_1_97' title="bbox 439 4840 2018 4916">
     <span class='ocr_line' id='line_1_97' title="bbox 439 4840 2018 4916; baseline -0.003 -18"><span class='ocrx_word' id='word_1_760' title='bbox 439 4849 550 4898; x_wconf 86' lang='grc' dir='ltr'>λων</span> <span class='ocrx_word' id='word_1_761' title='bbox 584 4845 771 4916; x_wconf 78' lang='grc' dir='ltr'>γραφὴ</span> <span class='ocrx_word' id='word_1_762' title='bbox 826 4844 1065 4914; x_wconf 71' lang='grc' dir='ltr'>ἔχοντες,</span> <span class='ocrx_word' id='word_1_763' title='bbox 1102 4845 1167 4914; x_wconf 79' lang='grc' dir='ltr'><strong>τῇ</strong></span> <span class='ocrx_word' id='word_1_764' title='bbox 1214 4841 1516 4911; x_wconf 73' lang='grc' dir='ltr'>Ἐκκλησία</span> <span class='ocrx_word' id='word_1_765' title='bbox 1574 4840 2018 4909; x_wconf 77' lang='grc' dir='ltr'>ὑποτασσιὶιμεθα</span> 
     </span>
    </p>
   </div>
   <div class='ocr_carea' id='block_1_98' title="bbox 442 4931 2019 5005">
    <p class='ocr_par' dir='ltr' id='par_1_98' title="bbox 442 4931 2019 5005">
     <span class='ocr_line' id='line_1_98' title="bbox 442 4931 2019 5005; baseline -0.003 -15"><span class='ocrx_word' id='word_1_766' title='bbox 442 4939 537 4990; x_wconf 74' lang='grc' dir='ltr'>καὶ</span> <span class='ocrx_word' id='word_1_767' title='bbox 585 4938 644 4989; x_wconf 73' lang='grc' dir='ltr'>ἐν</span> <span class='ocrx_word' id='word_1_768' title='bbox 679 4935 814 5004; x_wconf 75' lang='grc' dir='ltr'>αὑτῇ</span> <span class='ocrx_word' id='word_1_769' title='bbox 845 4934 1120 5005; x_wconf 77' lang='grc' dir='ltr'>μένωμεν,</span> <span class='ocrx_word' id='word_1_770' title='bbox 1169 4934 1263 4987; x_wconf 79' lang='grc' dir='ltr'>καὶ</span> <span class='ocrx_word' id='word_1_771' title='bbox 1315 4933 1379 4985; x_wconf 79' lang='grc' dir='ltr'><strong>έν</strong></span> <span class='ocrx_word' id='word_1_772' title='bbox 1428 4934 1494 5002; x_wconf 79' lang='grc' dir='ltr'><strong>τῇ</strong></span> <span class='ocrx_word' id='word_1_773' title='bbox 1533 4931 1784 5002; x_wconf 77' lang='grc' dir='ltr'>ὑποταγῇ</span> <span class='ocrx_word' id='word_1_774' title='bbox 1846 4933 2019 5001; x_wconf 76' lang='grc' dir='ltr'>αὑτῆς</span> 
     </span>
    </p>
   </div>
   <div class='ocr_carea' id='block_1_99' title="bbox 444 5020 2018 5095">
    <p class='ocr_par' dir='ltr' id='par_1_99' title="bbox 444 5020 2018 5095">
     <span class='ocr_line' id='line_1_99' title="bbox 444 5020 2018 5095; baseline -0.003 -17"><span class='ocrx_word' id='word_1_775' title='bbox 444 5025 733 5095; x_wconf 83' lang='grc' dir='ltr'>εὐχώμεθα</span> <span class='ocrx_word' id='word_1_776' title='bbox 765 5023 1038 5092; x_wconf 80' lang='grc' dir='ltr'>διαμεῖναι</span> <span class='ocrx_word' id='word_1_777' title='bbox 1083 5023 1165 5085; x_wconf 72' lang='grc' dir='ltr'>εἰς</span> <span class='ocrx_word' id='word_1_778' title='bbox 1195 5021 1290 5076; x_wconf 86' lang='grc' dir='ltr'><strong>τδν</strong></span> <span class='ocrx_word' id='word_1_779' title='bbox 1320 5020 1496 5076; x_wconf 79' lang='grc' dir='ltr'>αἰῶνα</span> <span class='ocrx_word' id='word_1_780' title='bbox 1527 5021 1620 5074; x_wconf 85' lang='grc' dir='ltr'>τὸν</span> <span class='ocrx_word' id='word_1_781' title='bbox 1653 5021 1890 5083; x_wconf 72' lang='grc' dir='ltr'>ἅπαντα,</span> <span class='ocrx_word' id='word_1_782' title='bbox 1929 5020 2018 5074; x_wconf 80' lang='grc' dir='ltr'>ἵνα</span> 
     </span>
    </p>
   </div>
   <div class='ocr_carea' id='block_1_100' title="bbox 444 5111 2020 5186">
    <p class='ocr_par' dir='ltr' id='par_1_100' title="bbox 444 5111 2020 5186">
     <span class='ocr_line' id='line_1_100' title="bbox 444 5111 2020 5186; baseline -0.006 -15"><span class='ocrx_word' id='word_1_783' title='bbox 444 5116 604 5171; x_wconf 78' lang='grc' dir='ltr'>ῐλεων</span> <span class='ocrx_word' id='word_1_784' title='bbox 633 5116 724 5170; x_wconf 82' lang='grc' dir='ltr'><strong>τδν</strong></span> <span class='ocrx_word' id='word_1_785' title='bbox 775 5116 978 5186; x_wconf 81' lang='grc' dir='ltr'>Κύριον</span> <span class='ocrx_word' id='word_1_786' title='bbox 1007 5115 1262 5184; x_wconf 78' lang='grc' dir='ltr'>εὕρωμεν</span> <span class='ocrx_word' id='word_1_787' title='bbox 1291 5115 1352 5167; x_wconf 69' lang='grc' dir='ltr'>ἐν</span> <span class='ocrx_word' id='word_1_788' title='bbox 1396 5114 1462 5182; x_wconf 80' lang='grc' dir='ltr'>τῇ</span> <span class='ocrx_word' id='word_1_789' title='bbox 1497 5111 1682 5184; x_wconf 77' lang='grc' dir='ltr'>ἡμέρᾳ</span> <span class='ocrx_word' id='word_1_790' title='bbox 1711 5114 1775 5182; x_wconf 81' lang='grc' dir='ltr'><strong>τῇ</strong></span> <span class='ocrx_word' id='word_1_791' title='bbox 1809 5111 2020 5181; x_wconf 75' lang='grc' dir='ltr'>φοϐερᾷ</span> 
     </span>
    </p>
   </div>
   <div class='ocr_carea' id='block_1_101' title="bbox 443 5203 1537 5279">
    <p class='ocr_par' dir='ltr' id='par_1_101' title="bbox 443 5203 1537 5279">
     <span class='ocr_line' id='line_1_101' title="bbox 443 5203 1537 5279; baseline -0.005 -17"><span class='ocrx_word' id='word_1_792' title='bbox 443 5209 541 5279; x_wconf 78' lang='grc' dir='ltr'>τῆς</span> <span class='ocrx_word' id='word_1_793' title='bbox 567 5207 997 5268; x_wconf 75' lang='grc' dir='ltr'>ἁνταποδόσεως.</span> <span class='ocrx_word' id='word_1_794' title='bbox 1031 5204 1270 5268; x_wconf 85' lang='grc' dir='ltr'>Γένοιτο,</span> <span class='ocrx_word' id='word_1_795' title='bbox 1299 5203 1537 5273; x_wconf 77' lang='grc' dir='ltr'>γένοιτο.</span> 
     </span>
    </p>
   </div>
   <div class='ocr_carea' id='block_1_102' title="bbox 1183 5299 1282 5354">
    <p class='ocr_par' dir='ltr' id='par_1_102' title="bbox 1183 5299 1282 5354">
     <span class='ocr_line' id='line_1_102' title="bbox 1183 5299 1282 5354; baseline 0.02 -2"><span class='ocrx_word' id='word_1_796' title='bbox 1183 5299 1282 5354; x_wconf 71' lang='grc' dir='ltr'><strong>ιθε.</strong></span> 
     </span>
    </p>
   </div>
   <div class='ocr_carea' id='block_1_103' title="bbox 1065 5393 1396 5462">
    <p class='ocr_par' dir='ltr' id='par_1_103' title="bbox 1065 5393 1396 5462">
     <span class='ocr_line' id='line_1_103' title="bbox 1065 5393 1396 5462; baseline 0.006 -16"><span class='ocrx_word' id='word_1_797' title='bbox 1065 5393 1396 5462; x_wconf 63' lang='grc' dir='ltr'>Ἐπίλογος.</span> 
     </span>
    </p>
   </div>
   <div class='ocr_carea' id='block_1_104' title="bbox 521 5484 2017 5560">
    <p class='ocr_par' dir='ltr' id='par_1_104' title="bbox 521 5484 2017 5560">
     <span class='ocr_line' id='line_1_104' title="bbox 521 5484 2017 5560; baseline -0.005 -16"><span class='ocrx_word' id='word_1_798' title='bbox 521 5491 660 5560; x_wconf 78' lang='grc' dir='ltr'>Ἤδη</span> <span class='ocrx_word' id='word_1_799' title='bbox 709 5487 852 5542; x_wconf 72' lang='grc' dir='ltr'>κατὰ</span> <span class='ocrx_word' id='word_1_800' title='bbox 923 5486 1150 5541; x_wconf 76' lang='grc' dir='ltr'>δυνατὸν</span> <span class='ocrx_word' id='word_1_801' title='bbox 1211 5485 1312 5558; x_wconf 78' lang='grc' dir='ltr'>τὴν</span> <span class='ocrx_word' id='word_1_802' title='bbox 1377 5484 1660 5556; x_wconf 75' lang='grc' dir='ltr'>ἡμετέραν</span> <span class='ocrx_word' id='word_1_803' title='bbox 1717 5485 2017 5551; x_wconf 76' lang='grc' dir='ltr'>ὑπόσχεσιν</span> 
     </span>
    </p>
   </div>
   <div class='ocr_carea' id='block_1_105' title="bbox 445 5576 2015 5654">
    <p class='ocr_par' dir='ltr' id='par_1_105' title="bbox 445 5576 2015 5654">
     <span class='ocr_line' id='line_1_105' title="bbox 445 5576 2015 5654; baseline -0.006 -16"><span class='ocrx_word' id='word_1_804' title='bbox 445 5581 871 5654; x_wconf 75' lang='grc' dir='ltr'>ἐπληρώσαμεν,</span> <span class='ocrx_word' id='word_1_805' title='bbox 902 5578 1527 5651; x_wconf 79' lang='grc' dir='ltr'>ὑπεραπολογησάμενοι</span> <span class='ocrx_word' id='word_1_806' title='bbox 1573 5577 1684 5632; x_wconf 85' lang='grc' dir='ltr'><strong>τῶν</strong></span> <span class='ocrx_word' id='word_1_807' title='bbox 1715 5577 1770 5632; x_wconf 81' lang='grc' dir='ltr'>ἐν</span> <span class='ocrx_word' id='word_1_808' title='bbox 1796 5576 1873 5644; x_wconf 81' lang='grc' dir='ltr'>τῷ</span> <span class='ocrx_word' id='word_1_809' title='bbox 1903 5577 2015 5644; x_wconf 81' lang='grc' dir='ltr'><strong>ὅρῳ</strong></span> 
     </span>
    </p>
   </div>
   <div class='ocr_carea' id='block_1_106' title="bbox 448 5668 2021 5744">
    <p class='ocr_par' dir='ltr' id='par_1_106' title="bbox 448 5668 2021 5744">
     <span class='ocr_line' id='line_1_106' title="bbox 448 5668 2021 5744; baseline -0.006 -16"><span class='ocrx_word' id='word_1_810' title='bbox 448 5677 545 5744; x_wconf 79' lang='grc' dir='ltr'>τῆς</span> <span class='ocrx_word' id='word_1_811' title='bbox 577 5677 633 5728; x_wconf 75' lang='grc' dir='ltr'>ἑν</span> <span class='ocrx_word' id='word_1_812' title='bbox 661 5670 977 5744; x_wconf 71' lang='grc' dir='ltr'>Φλωρεντὶᾳ</span> <span class='ocrx_word' id='word_1_813' title='bbox 999 5671 1217 5724; x_wconf 80' lang='grc' dir='ltr'>συνόδου</span> <span class='ocrx_word' id='word_1_814' title='bbox 1249 5672 1407 5724; x_wconf 82' lang='grc' dir='ltr'>πέντε</span> <span class='ocrx_word' id='word_1_815' title='bbox 1435 5668 1676 5738; x_wconf 78' lang='grc' dir='ltr'>ἄρθρων.</span> <span class='ocrx_word' id='word_1_816' title='bbox 1700 5668 2021 5737; x_wconf 75' lang='grc' dir='ltr'>Εἰρήκαμεν</span> 
     </span>
    </p>
   </div>
   <div class='ocr_carea' id='block_1_107' title="bbox 451 5759 2024 5831">
    <p class='ocr_par' dir='ltr' id='par_1_107' title="bbox 451 5759 2024 5831">
     <span class='ocr_line' id='line_1_107' title="bbox 451 5759 2024 5831; baseline -0.006 -13"><span class='ocrx_word' id='word_1_817' title='bbox 451 5767 507 5819; x_wconf 81' lang='grc' dir='ltr'>δὲ</span> <span class='ocrx_word' id='word_1_818' title='bbox 534 5764 724 5822; x_wconf 85' lang='grc' dir='ltr'>ταῦτα,</span> <span class='ocrx_word' id='word_1_819' title='bbox 760 5765 868 5817; x_wconf 67' lang='grc' dir='ltr'><strong>ἀπὸ</strong></span> <span class='ocrx_word' id='word_1_820' title='bbox 907 5763 1021 5817; x_wconf 86' lang='grc' dir='ltr'><strong>τῶν</strong></span> <span class='ocrx_word' id='word_1_821' title='bbox 1047 5761 1244 5816; x_wconf 82' lang='grc' dir='ltr'>κοινῶν</span> <span class='ocrx_word' id='word_1_822' title='bbox 1270 5760 1531 5831; x_wconf 81' lang='grc' dir='ltr'>Πατέρων</span> <span class='ocrx_word' id='word_1_823' title='bbox 1562 5759 1654 5813; x_wconf 72' lang='grc' dir='ltr'>καὶ</span> <span class='ocrx_word' id='word_1_824' title='bbox 1688 5759 2024 5813; x_wconf 84' lang='grc' dir='ltr'>διδασκάλων</span> 
     </span>
    </p>
   </div>
   <div class='ocr_carea' id='block_1_108' title="bbox 453 5849 2024 5925">
    <p class='ocr_par' dir='ltr' id='par_1_108' title="bbox 453 5849 2024 5925">
     <span class='ocr_line' id='line_1_108' title="bbox 453 5849 2024 5925; baseline -0.006 -15"><span class='ocrx_word' id='word_1_825' title='bbox 453 5855 708 5919; x_wconf 70' lang='grc' dir='ltr'>λαϐόντες</span> <span class='ocrx_word' id='word_1_826' title='bbox 733 5856 1009 5925; x_wconf 70' lang='grc' dir='ltr'>ἀφορμὰς,</span> <span class='ocrx_word' id='word_1_827' title='bbox 1044 5854 1138 5919; x_wconf 80' lang='grc' dir='ltr'>οὓς</span> <span class='ocrx_word' id='word_1_828' title='bbox 1164 5855 1199 5925; x_wconf 84' lang='grc' dir='ltr'><strong>ή</strong></span> <span class='ocrx_word' id='word_1_829' title='bbox 1236 5851 1532 5922; x_wconf 80' lang='grc' dir='ltr'>Ἐκκλησία</span> <span class='ocrx_word' id='word_1_830' title='bbox 1565 5849 1780 5918; x_wconf 72' lang='grc' dir='ltr'>δοξάζει</span> <span class='ocrx_word' id='word_1_831' title='bbox 1811 5849 2024 5919; x_wconf 82' lang='grc' dir='ltr'>ἁγίους,</span> 
     </span>
    </p>
   </div>
   <div class='ocr_carea' id='block_1_109' title="bbox 519 5968 897 6034">
    <p class='ocr_par' dir='ltr' id='par_1_109' title="bbox 519 5968 897 6034">
     <span class='ocr_line' id='line_1_109' title="bbox 519 5968 897 6034; baseline 0 -8"><span class='ocrx_word' id='word_1_832' title='bbox 519 5971 561 6003; x_wconf 71' lang='grc'>⁸³</span> <span class='ocrx_word' id='word_1_833' title='bbox 589 5968 739 6029; x_wconf 74' lang='lat' dir='ltr'><strong>Joan.</strong></span> <span class='ocrx_word' id='word_1_834' title='bbox 769 5987 817 6034; x_wconf 71' lang='grc' dir='ltr'><strong>τ,</strong></span> <span class='ocrx_word' id='word_1_835' title='bbox 848 5973 897 6026; x_wconf 73' lang='grc'><strong>1.</strong></span> 
     </span>
    </p>
   </div>
   <div class='ocr_carea' id='block_1_110' title="bbox 2125 4655 3697 4726">
    <p class='ocr_par' dir='ltr' id='par_1_110' title="bbox 2125 4655 3697 4726">
     <span class='ocr_line' id='line_1_110' title="bbox 2125 4655 3697 4726; baseline -0.005 -10"><span class='ocrx_word' id='word_1_836' title='bbox 2125 4663 2275 4716; x_wconf 65' lang='lat' dir='ltr'><strong>furta:</strong></span> <span class='ocrx_word' id='word_1_837' title='bbox 2324 4673 2451 4715; x_wconf 88' lang='lat' dir='ltr'><strong>sunt</strong></span> <span class='ocrx_word' id='word_1_838' title='bbox 2482 4675 2674 4714; x_wconf 86' lang='lat' dir='ltr'><strong>omnes</strong></span> <span class='ocrx_word' id='word_1_839' title='bbox 2727 4659 3015 4714; x_wconf 90' lang='lat' dir='ltr'><strong>doctorum</strong></span> <span class='ocrx_word' id='word_1_840' title='bbox 3071 4658 3378 4726; x_wconf 65' lang='lat' dir='ltr'><strong>scripturae,</strong></span> <span class='ocrx_word' id='word_1_841' title='bbox 3441 4655 3697 4710; x_wconf 67' lang='lat' dir='ltr'><strong>Ecclesia:</strong></span> 
     </span>
    </p>
   </div>
   <div class='ocr_carea' id='block_1_111' title="bbox 2124 4747 3696 4823">
    <p class='ocr_par' dir='ltr' id='par_1_111' title="bbox 2124 4747 3696 4823">
     <span class='ocr_line' id='line_1_111' title="bbox 2124 4747 3696 4823; baseline -0.005 -15"><span class='ocrx_word' id='word_1_842' title='bbox 2124 4755 2457 4823; x_wconf 74' lang='lat' dir='ltr'><strong>subjicimur</strong></span> <span class='ocrx_word' id='word_1_843' title='bbox 2491 4754 2545 4807; x_wconf 92' lang='lat' dir='ltr'><strong>in</strong></span> <span class='ocrx_word' id='word_1_844' title='bbox 2578 4766 2749 4822; x_wconf 83' lang='lat' dir='ltr'><strong>eaque</strong></span> <span class='ocrx_word' id='word_1_845' title='bbox 2779 4765 3183 4823; x_wconf 81' lang='lat' dir='ltr'><strong>permanemus,</strong></span> <span class='ocrx_word' id='word_1_846' title='bbox 3221 4759 3275 4805; x_wconf 90' lang='lat' dir='ltr'><strong>et</strong></span> <span class='ocrx_word' id='word_1_847' title='bbox 3306 4748 3362 4804; x_wconf 88' lang='lat' dir='ltr'><strong>in</strong></span> <span class='ocrx_word' id='word_1_848' title='bbox 3385 4747 3696 4804; x_wconf 73' lang='lat' dir='ltr'><strong>obedientizi</strong></span> 
     </span>
    </p>
   </div>
   <div class='ocr_carea' id='block_1_112' title="bbox 2119 4842 3695 4916">
    <p class='ocr_par' dir='ltr' id='par_1_112' title="bbox 2119 4842 3695 4916">
     <span class='ocr_line' id='line_1_112' title="bbox 2119 4842 3695 4916; baseline -0.006 -15"><span class='ocrx_word' id='word_1_849' title='bbox 2119 4846 2243 4916; x_wconf 86' lang='lat' dir='ltr'><strong>ejus</strong></span> <span class='ocrx_word' id='word_1_850' title='bbox 2289 4847 2580 4916; x_wconf 78' lang='lat' dir='ltr'><strong>persistere</strong></span> <span class='ocrx_word' id='word_1_851' title='bbox 2636 4845 2690 4899; x_wconf 93' lang='lat' dir='ltr'><strong>in</strong></span> <span class='ocrx_word' id='word_1_852' title='bbox 2724 4843 2907 4899; x_wconf 86' lang='lat' dir='ltr'><strong>omnia</strong></span> <span class='ocrx_word' id='word_1_853' title='bbox 2968 4846 3166 4898; x_wconf 70' lang='lat' dir='ltr'><strong>saecula</strong></span> <span class='ocrx_word' id='word_1_854' title='bbox 3217 4842 3575 4912; x_wconf 84' lang='lat' dir='ltr'><strong>deprecamur</strong></span> <span class='ocrx_word' id='word_1_855' title='bbox 3637 4851 3695 4893; x_wconf 92' lang='grc' dir='ltr'><strong>ιιι</strong></span> 
     </span>
    </p>
   </div>
   <div class='ocr_carea' id='block_1_113' title="bbox 2123 4932 3697 5008">
    <p class='ocr_par' dir='ltr' id='par_1_113' title="bbox 2123 4932 3697 5008">
     <span class='ocr_line' id='line_1_113' title="bbox 2123 4932 3697 5008; baseline -0.003 -17"><span class='ocrx_word' id='word_1_856' title='bbox 2123 4939 2420 5008; x_wconf 81' lang='lat' dir='ltr'><strong>pmpitiuni</strong></span> <span class='ocrx_word' id='word_1_857' title='bbox 2452 4937 2621 4991; x_wconf 91' lang='lat' dir='ltr'><strong>Deum</strong></span> <span class='ocrx_word' id='word_1_858' title='bbox 2673 4936 3061 4991; x_wconf 86' lang='lat' dir='ltr'><strong>nanciscamnr</strong></span> <span class='ocrx_word' id='word_1_859' title='bbox 3094 4934 3148 4989; x_wconf 91' lang='lat' dir='ltr'><strong>in</strong></span> <span class='ocrx_word' id='word_1_860' title='bbox 3179 4933 3459 4991; x_wconf 85' lang='lat' dir='ltr'><strong>tremenda</strong></span> <span class='ocrx_word' id='word_1_861' title='bbox 3491 4932 3577 4987; x_wconf 85' lang='lat' dir='ltr'><strong>dic</strong></span> <span class='ocrx_word' id='word_1_862' title='bbox 3613 4948 3697 4986; x_wconf 90' lang='lat' dir='ltr'><strong>re-</strong></span> 
     </span>
    </p>
   </div>
   <div class='ocr_carea' id='block_1_114' title="bbox 2129 5027 2809 5094">
    <p class='ocr_par' dir='ltr' id='par_1_114' title="bbox 2129 5027 2809 5094">
     <span class='ocr_line' id='line_1_114' title="bbox 2129 5027 2809 5094; baseline 0.003 -12"><span class='ocrx_word' id='word_1_863' title='bbox 2129 5029 2463 5084; x_wconf 86' lang='lat' dir='ltr'><strong>tributionis.</strong></span> <span class='ocrx_word' id='word_1_864' title='bbox 2515 5027 2656 5094; x_wconf 78' lang='lat' dir='ltr'><strong>Fiat,</strong></span> <span class='ocrx_word' id='word_1_865' title='bbox 2701 5027 2809 5084; x_wconf 81' lang='lat' dir='ltr'><strong>ﬁat.</strong></span> 
     </span>
    </p>
   </div>
   <div class='ocr_carea' id='block_1_115' title="bbox 2831 5293 2974 5350">
    <p class='ocr_par' dir='ltr' id='par_1_115' title="bbox 2831 5293 2974 5350">
     <span class='ocr_line' id='line_1_115' title="bbox 2831 5293 2974 5350; baseline 0.014 -2"><span class='ocrx_word' id='word_1_866' title='bbox 2831 5293 2974 5350; x_wconf 56' lang='lat' dir='ltr'><strong>XIX.</strong></span> 
     </span>
    </p>
   </div>
   <div class='ocr_carea' id='block_1_116' title="bbox 2759 5387 3032 5459">
    <p class='ocr_par' dir='ltr' id='par_1_116' title="bbox 2759 5387 3032 5459">
     <span class='ocr_line' id='line_1_116' title="bbox 2759 5387 3032 5459; baseline 0.007 -19"><span class='ocrx_word' id='word_1_867' title='bbox 2759 5387 3032 5459; x_wconf 80' lang='lat' dir='ltr'><strong>Epilogus.</strong></span> 
     </span>
    </p>
   </div>
   <div class='ocr_carea' id='block_1_117' title="bbox 2193 5475 3704 5554">
    <p class='ocr_par' dir='ltr' id='par_1_117' title="bbox 2193 5475 3704 5554">
     <span class='ocr_line' id='line_1_117' title="bbox 2193 5475 3704 5554; baseline -0.007 -16"><span class='ocrx_word' id='word_1_868' title='bbox 2193 5483 2314 5538; x_wconf 84' lang='lat' dir='ltr'><strong>Jam</strong></span> <span class='ocrx_word' id='word_1_869' title='bbox 2370 5485 2550 5554; x_wconf 87' lang='lat' dir='ltr'><strong>quoad</strong></span> <span class='ocrx_word' id='word_1_870' title='bbox 2588 5483 2710 5553; x_wconf 82' lang='lat' dir='ltr'><strong>ejus</strong></span> <span class='ocrx_word' id='word_1_871' title='bbox 2758 5478 2877 5535; x_wconf 79' lang='lat' dir='ltr'><strong>ﬁeri</strong></span> <span class='ocrx_word' id='word_1_872' title='bbox 2920 5477 3098 5549; x_wconf 88' lang='lat' dir='ltr'><strong>potuit</strong></span> <span class='ocrx_word' id='word_1_873' title='bbox 3143 5475 3504 5548; x_wconf 57' lang='lat' dir='ltr'><strong>praestitimus</strong></span> <span class='ocrx_word' id='word_1_874' title='bbox 3554 5476 3704 5549; x_wconf 88' lang='lat' dir='ltr'><strong>quod</strong></span> 
     </span>
    </p>
   </div>
   <div class='ocr_carea' id='block_1_118' title="bbox 2126 5563 3710 5643">
    <p class='ocr_par' dir='ltr' id='par_1_118' title="bbox 2126 5563 3710 5643">
     <span class='ocr_line' id='line_1_118' title="bbox 2126 5563 3710 5643; baseline -0.004 -16"><span class='ocrx_word' id='word_1_875' title='bbox 2126 5573 2352 5643; x_wconf 89' lang='lat' dir='ltr'><strong>polliciti</strong></span> <span class='ocrx_word' id='word_1_876' title='bbox 2405 5588 2615 5639; x_wconf 86' lang='lat' dir='ltr'><strong>sumus,</strong></span> <span class='ocrx_word' id='word_1_877' title='bbox 2650 5572 2812 5627; x_wconf 75' lang='lat' dir='ltr'><strong>allata</strong></span> <span class='ocrx_word' id='word_1_878' title='bbox 2893 5569 2960 5623; x_wconf 89' lang='lat' dir='ltr'><strong>ad</strong></span> <span class='ocrx_word' id='word_1_879' title='bbox 3020 5569 3265 5638; x_wconf 87' lang='lat' dir='ltr'><strong>quinque</strong></span> <span class='ocrx_word' id='word_1_880' title='bbox 3316 5563 3587 5624; x_wconf 88' lang='lat' dir='ltr'><strong>articulos</strong></span> <span class='ocrx_word' id='word_1_881' title='bbox 3617 5581 3710 5622; x_wconf 74' lang='lat' dir='ltr'><strong>re-</strong></span> 
     </span>
    </p>
   </div>
   <div class='ocr_carea' id='block_1_119' title="bbox 2135 5657 3708 5735">
    <p class='ocr_par' dir='ltr' id='par_1_119' title="bbox 2135 5657 3708 5735">
     <span class='ocr_line' id='line_1_119' title="bbox 2135 5657 3708 5735; baseline -0.004 -17"><span class='ocrx_word' id='word_1_882' title='bbox 2135 5665 2452 5734; x_wconf 78' lang='lat' dir='ltr'><strong>sponsione,</strong></span> <span class='ocrx_word' id='word_1_883' title='bbox 2489 5665 2580 5735; x_wconf 91' lang='lat' dir='ltr'><strong>qui</strong></span> <span class='ocrx_word' id='word_1_884' title='bbox 2615 5665 2668 5717; x_wconf 90' lang='lat' dir='ltr'><strong>in</strong></span> <span class='ocrx_word' id='word_1_885' title='bbox 2704 5663 2925 5717; x_wconf 89' lang='lat' dir='ltr'><strong>decreto</strong></span> <span class='ocrx_word' id='word_1_886' title='bbox 2954 5657 3288 5717; x_wconf 61' lang='lat' dir='ltr'><strong>Florentius</strong></span> <span class='ocrx_word' id='word_1_887' title='bbox 3334 5657 3538 5725; x_wconf 80' lang='lat' dir='ltr'><strong>synodi</strong></span> <span class='ocrx_word' id='word_1_888' title='bbox 3571 5674 3708 5714; x_wconf 84' lang='lat' dir='ltr'><strong>con-</strong></span> 
     </span>
    </p>
   </div>
   <div class='ocr_carea' id='block_1_120' title="bbox 2133 5752 3714 5825">
    <p class='ocr_par' dir='ltr' id='par_1_120' title="bbox 2133 5752 3714 5825">
     <span class='ocr_line' id='line_1_120' title="bbox 2133 5752 3714 5825; baseline -0.003 -15"><span class='ocrx_word' id='word_1_889' title='bbox 2133 5758 2399 5811; x_wconf 88' lang='lat' dir='ltr'><strong>tinentur.</strong></span> <span class='ocrx_word' id='word_1_890' title='bbox 2441 5754 2889 5825; x_wconf 87' lang='lat' dir='ltr'><strong>Conscripsimus</strong></span> <span class='ocrx_word' id='word_1_891' title='bbox 2938 5768 3068 5809; x_wconf 90' lang='lat' dir='ltr'><strong>vero</strong></span> <span class='ocrx_word' id='word_1_892' title='bbox 3099 5753 3215 5807; x_wconf 67' lang='lat' dir='ltr'><strong>haec</strong></span> <span class='ocrx_word' id='word_1_893' title='bbox 3259 5766 3288 5804; x_wconf 91' lang='lat' dir='ltr'><strong>a</strong></span> <span class='ocrx_word' id='word_1_894' title='bbox 3317 5752 3714 5806; x_wconf 84' lang='lat' dir='ltr'><strong>communibus</strong></span> 
     </span>
    </p>
   </div>
   <div class='ocr_carea' id='block_1_121' title="bbox 2133 5839 3716 5913">
    <p class='ocr_par' dir='ltr' id='par_1_121' title="bbox 2133 5839 3716 5913">
     <span class='ocr_line' id='line_1_121' title="bbox 2133 5839 3716 5913; baseline -0.009 -9"><span class='ocrx_word' id='word_1_895' title='bbox 2133 5849 2390 5904; x_wconf 83' lang='lat' dir='ltr'><strong>Patribus</strong></span> <span class='ocrx_word' id='word_1_896' title='bbox 2439 5863 2503 5904; x_wconf 88' lang='lat' dir='ltr'><strong>ac</strong></span> <span class='ocrx_word' id='word_1_897' title='bbox 2563 5845 2878 5901; x_wconf 85' lang='lat' dir='ltr'><strong>doctoribus</strong></span> <span class='ocrx_word' id='word_1_898' title='bbox 2932 5845 3215 5912; x_wconf 80' lang='lat' dir='ltr'><strong>desumpta</strong></span> <span class='ocrx_word' id='word_1_899' title='bbox 3271 5839 3536 5904; x_wconf 86' lang='lat' dir='ltr'><strong>materia,</strong></span> <span class='ocrx_word' id='word_1_900' title='bbox 3575 5857 3716 5913; x_wconf 81' lang='lat' dir='ltr'><strong>quos</strong></span> 
     </span>
    </p>
   </div>
  </div>
