4028 6302
535 499 992 673 0PEllUlll
1093 503 1510 663 SANGTI
1620 497 2123 656 ANSELMI
2229 489 2663 648 TERTIIE
2773 485 3195 650 PARTIS

1290 787 2377 935 CONTINUATIO

1049 1211 2674 1370 EPISTOLABUM

1429 1525 1788 1615 LIBER
1858 1513 2375 1612 TERTIUS

687 1727 824 1784 EAS
853 1719 1242 1784 CONTINENS
1277 1713 1800 1786 QUAS'SCBIPSIT
1842 1704 2398 1769 CANTUARIENSIS
2438 1701 3026 1762 ARCHIEPISCOPUS

685 2027 1017 2086 EPISTOLA
1061 2026 1292 2083 PRIMA.

537 2137 761 2179 Α’Νειζωιι
795 2135 862 2176 Α’ῐ)
902 2133 1176 2177 ΙΙΟΝΑΕΠΟΒ
1203 2129 1514 2174 εεσοειιεεε.

232 2236 304 2291 ’δα
326 2228 654 2298 quantumvis
693 2226 1026 2298 reluctantem
1075 2222 1294 2298 c_lect_um
1349 2237 1459 2276 esse
1507 2219 1814 2298 Guntuariw

1835 2001 2162 2084 Actionem,
2204 2026 2262 2072 et
2301 2031 2442 2073 onus
2489 2016 2634 2087 quod
2678 2029 2816 2072 meae
2862 2012 3222 2069 imbecillitati
3273 2014 3517 2087 impene-

1916 2114 2098 2179 batur,
2121 2111 2189 2166 de
2204 2109 2362 2181 longe
2381 2110 2662 2164 audientes
2685 2113 3061 2172 accurrerunt,
3084 2114 3139 2159 et
3159 2105 3406 2160 videntes
3427 2121 3518 2161 me

1919 2211 2014 2258 aut
2048 2204 2285 2257 animam
2325 2209 2423 2254 aut
2468 2213 2685 2256 sensum
2733 2197 3061 2253 amissurum
3095 2197 3430 2260 timuerunt;
3463 2204 3519 2250 et

305 2286 768 2369 archiepiscopum.
817 2294 915 2349 Cui
967 2293 1208 2349 electioni
1251 2303 1304 2347 ut
1347 2292 1672 2347 consentiant
1708 2289 1816 2359 ipse
1917 2293 2024 2350 hoc
2049 2295 2245 2350 timore
2265 2308 2407 2364 aqua
2428 2291 2716 2348 benedicta
2737 2304 2825 2345 me
2844 2297 3216 2360 aspergentes,
3239 2301 3361 2342 eam
3385 2286 3518 2340 mihi

293 2373 509 2429 suadet.

1853 2397 1855 2400 ‘
1920 2387 2208 2459 potandam
2235 2393 2615 2458 porrexerunt.
2651 2382 2904 2439 Forsitan
2934 2380 3065 2435 mihi
3092 2379 3522 2436 erubescendum

269 2520 275 2525 ε
305 2483 466 2557 362
509 2481 631 2538 Suis
663 2477 1026 2534 dileclissilnis
1059 2484 1117 2532 et
1153 2474 1626 2532 destderatiSSimi-‘l
1666 2473 1833 2528 dom-'
1921 2487 2032 2544 est,
2060 2478 2189 2548 quia
2235 2477 2459 2532 vulnera
2498 2474 2700 2530 doloris
2735 2473 2818 2528 sic
2861 2472 3098 2526 animam
3143 2484 3319 2524 meam
3351 2477 3521 2523 totam

239 2580 324 2632 πίε
350 2573 606 2630 “mribus
632 2579 689 2626 ει
716 2570 861 2635 ﬁliis.
895 2568 1069 2624 sentis
1107 2567 1202 2622 Ι)θὶ
1243 2566 1399 2622 Βθοθὶ
1427 2563 1825 2621 commanenli-
1924 2571 2187 2627 intentam
2226 2570 2279 2624 in
2327 2570 2618 2625 scissuram
2661 2567 2744 2622 sui
2799 2567 2868 2623 ab
2905 2565 3186 2620 animabus
3229 2561 3428 2617 vestris
3471 2571 3528 2614 et

243 2665 364 2728 bus,
381 2665 546 2716 frater
567 2663 867 2721 Austtmtus,
891 2665 1013 2727 post
1037 2657 1204 2710 Deum
1232 2656 1394 2710 corde
1414 2669 1546 2709 suus
1569 2652 1782 2706 illorum
1807 2671 1822 2705 :

241 2751 418 2806 sancti
449 2747 688 2818 Spiritus
714 2761 929 2815 semper
960 2745 1076 2814 regi
1111 2744 1342 2799 consilio
1369 2752 1425 2799 et
1453 2741 1829 2797 consolatione

237 2838 498 2911 gaudere.

309 2931 658 2998 Quaecunque
683 2926 885 2996 scripta
917 2924 1000 2980 vel
1023 2925 1163 2980 dicta
1189 2924 1575 2988 communiter,
1603 2923 1690 2979 vel
1719 2924 1835 2979 sin-

246 3023 354 3093 guli
382 3021 448 3077 de
471 3017 666 3076 affectu
695 3018 877 3073 cordis
907 3016 1072 3072 vestri
1106 3015 1324 3070 mittitis
1375 3014 1732 3070 dilectissimo
1777 3023 1834 3069 et

247 3109 709 3168 desideratissimo
739 3117 939 3174 vestro,
985 3117 1042 3163 et
1077 3122 1197 3178 qua:
1256 3121 1356 3162 nec
1424 3106 1604 3175 lingua
1656 3115 1836 3176 potest

236 3201 574 3272 exprimere,
602 3214 703 3256 nec
730 3199 990 3266 calamus,
1043 3200 1225 3254 omnia
1252 3213 1512 3269 expresse
1556 3207 1611 3254 et
1651 3207 1838 3268 aperte

243 3292 453 3362 scripta
484 3299 608 3346 sunt
634 3290 688 3344 in
727 3290 892 3345 corde
921 3303 1062 3344 meo.
1090 3287 1312 3356 Insuper
1339 3297 1394 3342 et
1424 3286 1590 3342 multa
1620 3286 1724 3340 alia
1771 3300 1839 3341 ex

1928 2663 1982 2716 in
2007 2676 2172 2731 grave
2202 2661 2502 2730 periculum
2529 2675 2686 2716 suum
2716 2665 3132 2730 superaverunt.
3166 2665 3222 2710 et
3242 2653 3424 2709 adhuc
3444 2651 3552 2706 sic”

1931 2761 2212 2822 superant,
2249 2759 2307 2804 ut
2337 2751 2570 2821 gemitus
2595 2751 2892 2819 profundos
2925 2749 3219 2803 liuentibus
3268 2743 3526 2817 lacrymis

1933 2859 2078 2914 sape
2115 2843 2328 2898 toleret.
2359 2841 2467 2896 Sed
2497 2849 2648 2896 certe
2677 2855 2782 2894 non
2817 2842 3079 2895 erubesco
3103 2837 3353 2892 confiteri
3400 2836 3526 2905 quia

1934 2935 2098 2991 timor
2124 2934 2218 2990 Dei
2249 2943 2304 2988 et
2323 2933 2561 2990 charitas
2586 2931 2888 2995 hominum,
2935 2929 3173 3009 maxime
3202 2935 3382 2982 vestra
3403 2967 3417 2991 ,
3449 2928 3531 2983 sic

1934 3041 2054 3082 eam
2082 3025 2505 3080 vulneraverunt
2531 3030 2588 3078 et
2627 3021 2934 3075 vulnerant.
2980 3019 3112 3088 Qum
3151 3018 3334 3072 omnia
3375 3018 3560 3073 testi--'

1939 3117 2178 3171 monium
2209 3116 2496 3186 perhibent
2541 3111 2890 3169 conscientiae
2920 3125 3055 3166 meae
3081 3151 3096 3176 ,
3124 3125 3233 3180 quo
3264 3108 3532 3168 desiderio

1939 3221 2113 3277 quave
2137 3204 2520 3275 procuratione
2555 3203 2865 3274 exspectavi
2896 3201 3272 3257 celsitudinem
3301 3211 3356 3254 ct
3393 3214 3536 3255 onus

1942 3299 2479 3369 archiepiscopatus,
2534 3305 2591 3350 et
2622 3311 2728 3365 quo
2767 3293 2964 3366 gaudio
2995 3293 3251 3362 suscipio.
3294 3291 3448 3358 Quod
3485 3291 3533 3346 si

250 3382 446 3439 affectu
502 3391 558 3438 et
606 3382 883 3438 intellectu
932 3396 1094 3445 meo,
1154 3395 1274 3451 qua:
1323 3381 1534 3435 utinam
1585 3379 1840 3435 similiter
1872 3392 2106 3462 Baliqui
2139 3392 2204 3445 de
2239 3405 2324 3445 me
2355 3389 2511 3444 aliter
2559 3387 2925 3456 suspicantur,
2979 3399 3144 3456 quam
3191 3369 3312 3439 med.
3360 3383 3428 3440 de
3474 3397 3538 3438 εο

249 3474 456 3545 scripta
485 3480 541 3528 et
565 3486 818 3541 expressa
848 3480 1032 3528 essent
1060 3472 1113 3543 in
1136 3471 1308 3528 corde
1327 3481 1534 3528 vestro.
1561 3470 1664 3536 lbi,
1695 3471 1840 3526 scili-

249 3574 364 3633 cet,
393 3567 448 3622 in
479 3565 684 3621 intimis
714 3566 874 3630 meis,
904 3565 976 3620 ibi
1003 3579 1066 3620 ea
1098 3564 1300 3635 legoet
1330 3565 1546 3637 relego,
1581 3564 1740 3620 volvo
1783 3573 1842 3620 et

249 3659 474 3716 revolvo
502 3673 644 3728 saepe
675 3673 856 3714 coram
899 3657 1028 3712 Deo.
1057 3657 1212 3724 Quod
1237 3672 1345 3727 quo
1379 3657 1575 3712 aﬂ‘ectu
1622 3657 1840 3722 faciam,

252 3751 400 3805 videt
431 3750 544 3820 ipse
573 3751 718 3804 intus
744 3756 798 3802 et
826 3747 988 3814 foris;
1024 3755 1297 3804 testantur
1323 3747 1579 3818 lacrymte
1606 3763 1759 3813 meae,
1789 3758 1844 3804 et

253 3857 439 3904 voces,
478 3849 534 3896 et
563 3841 774 3911 rugitus
791 3855 826 3894 με
853 3839 1053 3912 gemitu
1085 3838 1270 3896 cordis
1295 3837 1426 3901 mei,
1465 3839 1654 3907 quales
1699 3855 1840 3893 nun-

258 3949 422 4003 quam
451 3935 517 3990 de
549 3949 633 3988 me
662 3932 752 3988 illo
796 3934 982 3988 dolore
1024 3932 1244 3988 memini
1275 3931 1477 3987 exiisse
1522 3939 1651 3985 ante
1700 3931 1843 3986 diem
1874 3950 1876 3952 ν

256 4023 428 4086 illam,
454 4023 505 4076 in
529 4037 634 4092 qua
661 4037 781 4077 sors
804 4015 892 4077 illa
919 4022 1104 4092 gravis
1122 4022 1625 4091 archiepiscopatus
1654 4022 1674 4051 '
1704 4021 1846 4076 Can-

260 4115 454 4170 tuarize
485 4114 599 4168 visa
625 4123 709 4168 est
733 4128 896 4181 super
927 4128 1014 4167 me
1042 4113 1325 4167 cecidisse.
1358 4113 1506 4178 Quas
1539 4127 1725 4177 voces,
1755 4128 1849 4183 ge—

257 4205 452 4268 mitus,
465 4212 521 4257 ut
534 4211 682 4272 puto,
699 4218 804 4257 non
825 4201 1216 4271 simttlaverunt
1229 4201 1614 4268 coniectiones,
1634 4206 1728 4259 sed
1746 4205 1829 4275 gla

255 4294 334 4350 dii
359 4295 561 4350 doloris
585 4294 820 4348 animam
845 4308 1019 4349 meam
1035 4293 1055 4325 ⁸
1075 4303 1422 4364 penetrantes
1437 4297 1462 4329 ⁸
1479 4306 1848 4366 .extorserunt,
1879 4311 1882 4314 ’

255 4395 320 4441 ct
344 4389 522 4443 adhuc
545 4394 878 4457 extorquent
902 4385 1258 4444 conﬁxiones.
1291 4389 1444 4457 Quod
1471 4391 1725 4463 ignorare
1751 4407 1850 4446 ne-

253 4477 556 4548 quiverunt
582 4475 656 4531 illi
679 4478 770 4548 qui
803 4492 867 4533 ea
898 4476 987 4533 die
1019 4476 1224 4534 vultum
1259 4495 1437 4539 meum
1469 4483 1844 4552 inspexerunt,

1945 3484 2278 3540 conscientia
2319 3496 2503 3537 coram
2538 3478 2650 3534 Deo
2670 3477 2897 3545 iudicet,
2929 3476 3242 3532 consolatur
3271 3489 3357 3530 me
3404 3474 3535 3544 quia

1944 3590 2041 3645 pro
2069 3570 2294 3629 minimo
2325 3572 2453 3626 mihi
2484 3571 2642 3626 debet
2666 3584 2788 3624 esse
2814 3577 2874 3623 ut
2903 3569 2971 3623 ab
3003 3567 3105 3621 illis
3127 3565 3407 3637 dijudicer,
3442 3572 3538 3618 aut

1946 3667 2013 3722 ab
2037 3667 2276 3720 humano
2304 3664 2411 3717 die.
2445 3662 2510 3715 Et
2532 3661 2655 3730 quia
2683 3660 2824 3714 hanc
2846 3659 3012 3713 vitam
3050 3655 3327 3712 transituri
3348 3670 3538 3710 sumus

1945 3771 2044 3825 per
2082 3753 2382 3819 inlamiam,
2415 3760 2469 3805 et
2499 3752 2695 3806 bonam
2721 3751 2942 3817 famam,
2991 3757 3052 3802 ut
3089 3747 3401 3804 seductores
3429 3746 3452 3778 ⁸
3481 3753 3539 3802 et

1946 3861 2193 3912 veraces,
2224 3845 2367 3900 sicut
2390 3843 2481 3914 qui
2514 3842 2715 3914 ignoti,
2755 3852 2810 3895 et
2836 3840 3052 3909 cognati
3081 3880 3096 3905 ,
3147 3847 3356 3892 tantum
3403 3851 3540 3891 con-

1950 3940 2178 3996 scientia
2231 3952 2353 3992 mea
2401 3951 2506 3990 non
2561 3950 2646 3989 me
2687 3933 3103 3988 accuset'ante
3154 3931 3340 3983 Deum.
3396 3926 3537 3982 Huic

1951 4042 2130 4088 autem
2152 4034 2219 4086 de
2241 4043 2328 4084 me
2347 4027 2597 4084 electioni
2626 4027 2734 4078 imo
2756 4020 3047 4085 violentite,
3079 4021 3341 4074 hactenus
3367 4033 3542 4089 quan-

1953 4133 2065 4178 tum
2096 4122 2266 4192 potui,
2293 4128 2508 4175 servata
2529 4116 2779 4181 veritate,
2810 4113 3101 4169 reluctatus
3117 4125 3266 4177 sum;
3301 4111 3393 4166 sed
3427 4111 3542 4180 jam

1958 4214 2139 4277 velim,
2169 4212 2355 4276 nolim,
2388 4225 2554 4280 cogor
2593 4207 2747 4263 fateri
2787 4206 2911 4277 quia
2939 4203 3180 4275 quotidie
3212 4201 3411 4270 judicia
3447 4203 3541 4257 Dei

1955 4302 2123 4372 magis
2149 4316 2212 4356 ac
2240 4301 2412 4372 magis
2434 4299 2651 4355 conatui
2679 4313 2799 4353 meo
2825 4297 3108 4358 resistunt,
3145 4301 3206 4348 ut
3253 4293 3362 4366 jam
3394 4292 3544 4348 nullo

1955 4392 2115 4450 modo
2139 4393 2350 4448 videam
2399 4407 2485 4448 me
2523 4407 2585 4447 ea
2617 4407 2778 4462 posse
2834 4390 3038 4461 fugere,
3082 4405 3182 4445 nec
3227 4389 3346 4444 sine
3386 4387 3541 4458 gravi

1955 4486 2097 4544 malo
2125 4485 2395 4556 corporali
2423 4494 2478 4540 et
2524 4483 2792 4556 spirituali
2842 4497 2911 4536 ex
2947 4493 3176 4552 utraque
3211 4490 3395 4550 parte,
3443 4493 3544 4532 nec

251 4569 482 4640 quando
519 4585 607 4626 me
630 4571 868 4642 episcopi
897 4581 952 4626 et
979 4571 1224 4637 abbaleS.
1260 4572 1458 4642 aliique
1494 4574 1754 4645 primates
1779 4577 1880 4630 ad?
1956 4582 2073 4638 sine
2097 4579 2177 4634 ira
2208 4577 2302 4632 Dei
2334 4576 2689 4632 intentionem
2726 4583 3048 4642 conceptam
3087 4587 3173 4626 me
3210 4585 3400 4640 posse,
3453 4577 3543 4622 aut

241 4661 555 4720 ecclesiam
583 4663 858 4718 trahentes
875 4662 1259 4718 reclamantem
1283 4667 1812 4722 etcontradicentem
1956 4675 2125 4730 unum
2151 4674 2342 4736 alium,
2371 4669 2711 4742 aliquatenus
2759 4657 3044 4740 impedire.
3099 4665 3252 4721 Unde
3272 4663 3385 4731 jam
3437 4676 3544 4714 non

253 4761 592 4824 rapuerunt,
617 4753 691 4810 ita
730 4763 789 4810 ut
809 4755 1029 4810 dubium
1051 4755 1221 4810 videri
1255 4766 1438 4826 posset
1458 4765 1637 4812 utrum
1660 4773 1855 4813 sanum
1885 4748 1929 4810 C
1963 4775 2076 4822 mm
2102 4766 2380 4820 hominum
2411 4778 2575 4833 quam
2604 4761 2722 4827 Dei,
2747 4771 2937 4817 comm
2970 4771 3129 4829 quem
3159 4770 3263 4810 non
3299 4763 3382 4809 εει
3421 4767 3544 4822 pm.

257 4843 467 4911 insani.
496 4860 566 4899 an
599 4845 848 4901 insanum
877 4846 1158 4901 traherem
1181 4846 1332 4911 sani;
1367 4846 1471 4902 ιιίεί
1500 4848 1626 4918 (illia
1654 4849 1730 4904 illi
1757 4863 1852 4904 αι·
1961 4858 2142 4914 dentia
2163 4866 2257 4912 aut
2281 4856 2560 4921 fortitudo,
2589 4855 2766 4910 victus
2787 4851 3064 4916 violentia,
3103 4849 3203 4902 hoc
3229 4847 3343 4901 solo
3384 4843 3544 4900 intel-

255 4939 654 5011 nebantetego
672 4939 843 5010 magis
864 4949 1254 5009 mortuoquam
1277 4939 1481 4996 viventi
1499 4940 1686 4996 colore
1704 4941 1855 4997 simi-
1961 4947 2073 5018 ligo
2127 4961 2215 5002 me
2244 4947 2324 5000 uti
2378 4945 2579 5001 debere
2635 4942 2895 5005 consilio,
2944 4949 3002 4992 ut
3058 4945 3342 5008 postquam
3395 4931 3546 4987 oravi

249 5033 340 5090 ιίε
369 5040 590 5102 εῑυροτθ
615 5039 668 5086 οι
691 5031 874 5086 (more
903 5031 1190 5101 Pallebami
1218 5040 1274 5088 el
1297 5031 1498 5102 illi.qui
1524 5043 1710 5103 postea
1735 5032 1851 5101 ipsa
1965 5045 2227 5107 quantum
2260 5036 2408 5107 potui
2438 5045 2494 5089 et
2522 5043 2750 5089 conatus
2770 5046 2890 5086 sum
2917 5037 2997 5096 ut,
3026 5029 3070 5084 si
3101 5026 3354 5098 possibile
3377 5033 3544 5080 esset.

251 5121 366 5178 die
388 5135 478 5175 me
502 5121 756 5177 inusitate
780 5122 1073 5190 lugentem,
1097 5125 1284 5180 dolore
1307 5124 1571 5180 rationem
1597 5137 1857 5194 superan-
1965 5127 2108 5183 calix
2130 5126 2237 5182 iste
2265 5127 2521 5182 transiret
2553 5137 2716 5184 a-me,
2751 5135 2819 5174 ne
2845 5119 3087 5174 biberem
3117 5117 3265 5174 illum
3286 5157 3300 5181 ,
3333 5123 3390 5169 et
3423 5127 3542 5168 ora-

250 5226 358 5284 te,
388 5227 515 5270 cum
544 5213 749 5268 intente
774 5214 904 5268 mihi
927 5215 1078 5271 licuit
1103 5217 1342 5286 cogitare
1373 5227 1430 5273 et
1453 5225 1690 5273 vestram
1718 5215 1854 5270 dile-
1969 5216 2173 5270 tionem
2209 5229 2383 5270 meam
2409 5216 2596 5270 videns
2624 5210 2804 5282 repelli
2833 5220 3198 5280 conatumque
3222 5206 3417 5277 frangi,
3436 5202 3544 5273 iam

1572 5374 1806 5430 ἾΔΒΙιΕ
1847 5369 2253 5430 LECTIONES.

295 5530 308 5534 —
349 5497 370 5530 ⁸
401 5494 638 5558 Cotlata,
665 5501 723 5548 ut
744 5499 1041 5564 sequentes,
1067 5504 1324 5564 partem.
1355 5490 1380 5544 1
1416 5486 1705 5556 exemplari
1730 5485 2024 5564 _Victorinis
2070 5487 2337 5564 compacto
2367 5487 2424 5541 in
2465 5483 2655 5539 Codice
2684 5482 2775 5554 Et.
2802 5482 2875 5564 20
2943 5480 2968 5515 ¹
2993 5471 3545 5564 ςιοιινξεηᾼιθρξιιρρξες

241 5584 385 5630 τοι.
406 5544 987 5638 ᾇῆιῖἰιῖέλιτξιιῖερίεο.
1027 5544 1039 5555 ⁷
1065 5561 1090 5592 ³
1113 5559 1507 5638 Anitnanrmea
1535 5544 1632 5614 nis.
1655 5559 2100 5638 a_ni_t_nam_meam
2173 5544 2196 5591 ί
2224 5557 2575 5638 Penetrantes
2596 5571 2694 5611 ms.
2721 5544 3059 5638 penetrantis
3132 5549 3153 5581 ⁸
3182 5547 3251 5603 Ει
3281 5544 3528 5638 contradi
3567 5559 3570 5562 ’

235 5624 496 5700 autem
521 5651 620 5691 ms.
653 5624 1035 5690 reclamantem
1061 5641 1118 5687 et
1144 5632 1601 5688 contradicentem
1675 5631 1696 5661 '
1734 5630 1801 5686 Et
1827 5631 2142 5689 seductores
2174 5643 2271 5684 ms.
2316 5638 2374 5684 ut
2407 5624 2738 5686 seductores'
2799 5625 2819 5657 τ
2858 5625 3091 5679 Excuset
3115 5636 3218 5676 rm.
3247 5624 3471 5708 accuset

605 5749 884 5809 Ρηιιοι..
923 5744 1140 5807 CLIX.
1255 5799 1259 5802 .
1553 5806 1555 5808 ,
3256 5732 3283 5788 ι
