4028 6302
520 265 580 320 Η
1023 257 1082 313 S.
1123 257 1428 316 ANSELMI
1471 258 1822 316 CANTUAR.
1856 255 2176 314 ARCHIEP.
2220 253 2372 311 OPP.
2410 252 2587 310 PARS
2621 252 2704 308 Ill.
2745 283 2815 294 —
2853 251 3236 310 EPISTOLE.
3454 237 3457 241 l
3731 255 3805 314 η

519 378 696 434 dicam
735 375 846 431 Deo
885 373 1249 430 Verumtamen
1281 393 1383 430 non
1396 377 1551 454 sicut.
1572 391 1664 447 ego
1692 373 1829 440 uolo,
1857 373 1947 429 sed
1969 374 2100 428 sicut
2133 351 2176 407 Α
2205 367 2613 438 archiepiscopo
2637 367 2912 436 Auszuo,
2953 381 3086 421 suus
3130 363 3274 436 quod
3300 377 3514 454 semper
3543 373 3697 432 erat,
3741 379 3800 424 et

517 481 576 524 tu
597 469 689 524 uis.
724 467 860 523 Cum
887 466 1126 522 enimcx
1154 450 1590 537 utraqueiparte
1631 467 1800 521 Deum
1833 465 2050 520 timeam
2079 479 2094 532 ;

515 577 619 618 nec
649 559 852 630 aliquid
885 558 986 614 nisi
1023 556 1192 638 Deum
1213 597 1229 626 ,
1272 568 1328 615 ct
1359 559 1610 632 homines
1634 543 1859 630 propter
1903 557 2095 626 Deum,

513 653 772 722 utrinque
791 650 834 717 ⁸,
857 648 1097 718 diligam,
1139 647 1273 703 nihil
1303 648 1434 704 mihi
1460 656 1590 719 puto
1629 649 1793 704 tutius
1821 648 1875 702 in
1907 663 1967 703 re
1993 655 2097 702 tam

494 740 818 812 .periculosa
833 753 996 808 quam
1012 746 1094 804 ut,
1107 751 1286 792 meum
1308 752 1528 792 sensum
1543 747 1598 794 et
1616 736 1943 808 voluntatem
1959 744 2099 806 post-

492 845 498 850 ·
509 845 736 900 ponens,
757 844 843 884 me
863 826 1383 884 sensuietvoluntati
1404 825 1496 880 Dei
1510 825 1724 896 penitus
1739 825 2096 880 committam.
2160 897 2162 900 ν

581 922 646 977 Et
675 920 928 991 quamvis
961 920 1015 973 in
1055 919 1160 974 hac
1194 933 1252 972 re
1308 917 1438 972 mihi
1477 917 1640 972 nimis
1665 917 1736 971 sit
1778 930 1944 987 grave
1970 915 2098 971 dare

507 1021 564 1070 et
591 1013 743 1068 vobis
768 1013 1014 1082 accipere
1082 1009 1365 1066 consilium
1395 1010 1537 1080 quod
1564 1016 1751 1064 contra
1778 1023 1954 1062 meum
1981 1007 2022 1038 ¹⁰
2046 1013 2100 1060 et

507 1113 750 1160 vestrum
778 1100 1032 1157 affectum
1064 1101 1154 1166 sit,
1185 1107 1366 1156 tamen
1395 1100 1522 1170 quia
1569 1114 1669 1171 ego
1698 1109 1753 1155 ct
1781 1113 1878 1154 vos
1926 1100 2098 1170 magis

507 1210 696 1250 sumus
718 1194 812 1249 Dei
842 1207 1005 1264 quam
1019 1206 1128 1262 ego
1148 1199 1351 1260 vester,
1395 1199 1486 1246 aut
1526 1207 1624 1248 vos
1652 1190 1757 1245 mei
1787 1204 1802 1243 :
1833 1190 1938 1244 sive
1959 1191 2095 1245 enim

505 1285 725 1339 uiuimus
746 1284 851 1338 sive
872 1285 1148 1349 morimur,
1173 1281 1384 1336 Domini
1402 1299 1583 1336 sumus
1613 1280 1786 1352 (Rom.
1827 1297 1952 1348 xtv,
1993 1281 2048 1352 8)
2076 1320 2092 1345 ,

503 1391 612 1430 non
653 1376 824 1430 audeo
849 1377 902 1429 in
933 1390 1094 1430 causa
1126 1376 1242 1440 Dei,
1270 1383 1326 1430 et
1355 1375 1406 1429 in
1440 1383 1586 1429 tanta
1611 1373 1933 1429 necessitate
1960 1374 2092 1430 mihi
2134 1415 2139 1422 .

501 1466 808 1521 commissis
845 1464 911 1520 ad
935 1466 1348 1530 consulendum,
1379 1461 1640 1535 quidquid
1670 1463 1922 1518 homines
1967 1477 2092 1518 sus-

495 1557 782 1626 picentur,
819 1572 996 1612 meum
1042 1573 1226 1613 coram
1275 1557 1386 1612 Deo
1425 1555 1748 1610 subtrahere
1785 1553 2089 1610 consilium.

500 1647 735 1720 Consule
759 1648 921 1719 igitur
942 1646 1309 1719 dilectissimis
1330 1645 1680 1701 dilectoribus
1703 1645 1838 1700 meis
1860 1655 1919 1700 ut
1943 1644 2091 1699 nulla

2199 470 2420 526 semper
2437 471 2562 513 esse
2588 457 2864 530 desiderat
2885 471 3094 520 servus,
3126 465 3182 510 et
3210 454 3374 520 filius,
3402 452 3571 512 frater
3597 455 3802 516 Ossan-

2198 562 2324 614 uus;
2355 548 2430 602 ita
2452 547 2616 603 rectis
2643 537 2890 604 consiliis
2915 548 3023 620 agi,
3056 556 3116 602 ut
3155 546 3322 602 Deum
3371 555 3522 603 recta
3569 548 3794 605 consilia

2200 637 2418 694 dantem
2446 636 2624 692 valeat
2655 638 2974 708 promereri.
3496 632 3502 637 ’

2273 727 2409 783 Cum
2438 736 2514 794 te,
2541 727 2860 782 charissime
2889 726 3133 791 domine,
3169 726 3222 781 in
3252 727 3401 782 omni
3421 726 3669 783 veritatis
3693 743 3793 784 eoa

2199 814 2441 886 gnitione
2487 816 2909 871 scientissimum
2968 829 3088 871 esse
3126 817 3329 884 sciam,
3380 819 3580 874 mirum
3636 819 3792 876 valde

2197 910 2342 980 quod
2369 893 2553 964 in'hac
2578 909 2692 965 sola
2725 925 2783 965 re
2808 910 2888 965 sic
2915 910 3226 966 omnimoda
3263 911 3377 966 veri
3427 913 3790 982 cognoscendi

2197 1001 2425 1057 scientia
2463 1001 2753 1073 aufugerit,
2799 1008 2860 1056 ut
2888 1001 3031 1070 quod
3067 1001 3178 1057 Deo
3212 1001 3468 1072 placitum
3507 1003 3577 1056 sit
3613 1002 3667 1056 in
3697 1016 3788 1066 eo,

2196 1095 2338 1163 quod
2361 1095 2668 1149 communis
2693 1097 2759 1148 de
2782 1102 2833 1148 te
2863 1103 3066 1148 sancta:
3087 1093 3330 1148 ecclesiae
3351 1093 3619 1148 sententia
3646 1092 3787 1159 tulit,

2195 1184 2450 1254 ignorare
2475 1184 2666 1256 possis.
2693 1186 2803 1240 Aut
2839 1186 2884 1241 si
2917 1186 3132 1241 animus
3161 1195 3286 1242 tuus
3312 1186 3366 1240 in
3399 1185 3539 1242 hanc
3568 1187 3790 1256 potissi-

2193 1293 2342 1333 mum
2368 1279 2691 1334 sententiam
2709 1279 2905 1348 vergit,
2923 1288 2983 1334 ut
3011 1279 3153 1350 quod
3179 1279 3448 1350 generalis
3469 1279 3789 1347 elcctio,vel

2194 1372 2435 1427 omnium
2466 1412 2481 1438 ,
2531 1371 2618 1427 vel
2658 1381 2809 1428 certe
2859 1387 3023 1442 quam
3056 1371 3226 1426 multo
3262 1372 3497 1427 maxime
3524 1371 3789 1443 plurium,

2192 1472 2248 1519 et
2285 1478 2473 1518 eorum
2523 1463 3050 1535 sapientissimorum
3076 1503 3092 1528 ,
3149 1463 3262 1518 Deo
3301 1463 3518 1533 placere
3557 1464 3786 1530 clamat,

2191 1556 2341 1612 solus
2351 1556 2705 1626 tujdisplicere
2719 1554 3350 1628 corrtendas,jverendum
3360 1598 3375 1623 ,
3389 1559 3790 1628 pretiosissime

2191 1645 2428 1712 domine,
2453 1662 2522 1702 ne
2548 1662 2657 1716 prae
2685 1647 2935 1702 omnibus
2965 1647 3272 1722 hominibus
3301 1649 3494 1704 melior
3517 1647 3782 1706 sanctim-

498 1755 590 1796 res
620 1741 784 1796 faciat
813 1757 908 1797 vos
956 1740 1311 1811 pertinaciter
1347 1736 1672 1793 ordinationi
1703 1736 1800 1791 Dei
1843 1736 2083 1801 obviare,
2118 1745 2162 1799 Β
2187 1750 2293 1806 que
2319 1738 2488 1792 videri
2523 1737 2664 1793 velle
2707 1738 2976 1805 videaris,
3032 1740 3156 1794 dum
3192 1739 3334 1810 quod
3361 1740 3438 1795 illi
3476 1741 3783 1796 rectissime

498 1830 626 1898 quia
653 1831 805 1900 quasi
830 1839 1098 1899 peccatum
1131 1827 1434 1882 hariolandi
1469 1836 1565 1892 est,
1604 1824 1739 1880 nolle
1763 1825 2085 1895 acquiescere

495 1921 550 1990 (l
569 1920 691 1992 Reg.
719 1937 810 1986 xv,
839 1922 963 1992 ‘25);
999 1929 1054 1976 et
1079 1938 1094 1975 :
1127 1905 1332 1974 Durum
1363 1920 1516 1973 nimia
1538 1928 1632 1983 est,
1659 1927 1840 1971 contra
1872 1917 1963 1970 Dei
1985 1917 2081 1971 sti-

492 2013 694 2067 mulum
723 2013 1004 2074 c'alcitrare
1035 2014 1173 2083 (Act.
1213 2029 1290 2076 ιι,
1315 2011 1507 2077 5).'Ad
1538 1997 1814 2066 hocenim
1844 2024 1932 2064 res
1979 2008 2083 2064 ista

492 2105 926 2161 indubitabiliter
950 2105 1154 2174 judicio
1184 2105 1274 2159 Dei
1304 2103 1637 2174 perducitur,
1671 2110 1730 2157 ut
1755 2116 1975 2157 necesse
2011 2101 2084 2159 sit

489 2212 602 2262 me,
629 2197 675 2252 si
709 2198 836 2266 quid
876 2196 1003 2252 boni
1047 2196 1189 2252 Deus
1217 2195 1471 2266 dignatur
1500 2195 1543 2225 “
1575 2209 1671 2266 per
1711 2207 1799 2248 me
1841 2191 2076 2263 operari,

491 2288 699 2343 servire
724 2295 782 2343 et
824 2288 1082 2358 prodesse
1131 2287 1305 2351 vobis,
1338 2293 1394 2341 et
1422 2285 1606 2341 multis
1636 2283 1782 2351 aliis;
1829 2293 1924 2338 aut
1963 2298 2081 2338 om-

489 2376 621 2431 nino
647 2392 748 2433 nec
773 2377 1049 2444 mihi,.nec
1078 2378 1254 2443 vobis,
1306 2391 1408 2433 nec
1443 2376 1595 2442 aliis;
1641 2390 1747 2434 non
1793 2374 2078 2432 deficiente

488 2466 786 2531 voluntate,
822 2467 917 2522 sed
945 2475 1236 2537 potestate.

559 2555 713 2624 Quod
732 2557 777 2612 si
801 2559 871 2614 ob
898 2569 1130 2613 vestram
1156 2558 1513 2630 pertinaciam
1541 2559 1848 2630 contigerit,
1865 2558 2077 2616 facietis

487 2654 822 2702 senectutem
857 2662 1031 2703 meam
1067 2649 1120 2703 in
1154 2649 1520 2706 inconsolabili
1550 2651 1765 2705 tristitia
1802 2650 1993 2705 deduci
2019 2658 2074 2705 et

485 2735 649 2808 363
676 2738 926 2808 deficere,
973 2749 1194 2811 propter
1235 2757 1429 2813 magna
1475 2750 1530 2795 et
1571 2740 1884 2796 multimoda
1927 2741 2069 2798 mala

484 2842 604 2896 qua:
626 2829 749 2884 inde
770 2839 1083 2900 sequentur,
1109 2840 1164 2887 et
1183 2831 1389 2886 mihiet
1409 2830 1561 2886 vobis
1577 2830 1727 2902 juste
1747 2832 2072 2888 videbuntur

473 2918 757 2990 imputari,
790 2921 955 2976 etiam
986 2924 1052 2976 ab
1080 2924 1148 2976 iis
1171 2923 1265 2991 qui
1293 2923 1454 2978 modo
1500 2937 1566 2978 ea
1599 2937 1705 2978 non
1749 2924 2067 2994 przevident.

2187 1827 2516 1899 intelligunt,
2549 1830 2750 1885 rectius
2779 1830 2935 1900 quasi
2967 1844 3000 1884 a
3033 1839 3088 1885 te
3118 1830 3452 1888 intellectum
3484 1831 3779 1888 defendere

2185 1929 2421 1971 εοηθηε.

2177 2005 2180 2008 ’
2259 2002 2326 2058 Ut
2375 2004 2519 2060 enim
2551 2005 2604 2060 in
2653 2003 2862 2062 oﬂ'enso
2910 2007 3225 2064 dulcissimo
3266 2008 3398 2064 mihi
3448 2024 3634 2065 amore
3683 2019 3776 2064 tuo

2183 2092 2390 2164 loquar,
2424 2105 2520 2150 aut
2547 2098 2791 2164 cunctis,
2839 2097 2980 2168 quod
3020 2114 3126 2153 non
3157 2099 3462 2165 credimus,
3493 2100 3771 2157 meliorem

2184 2192 2239 2239 te
2289 2184 2590 2252 fateberis,
2644 2187 2842 2256 quippe
2891 2187 2974 2242 cui
3013 2187 3115 2243 soli
3163 2188 3457 2244 revelatum
3500 2199 3586 2244 est
3630 2190 3772 2259 quod

2182 2275 2781 2348 universaeAnglorum
2811 2275 3068 2334 Ecclesiae
3094 2277 3177 2334 fas
3218 2295 3322 2335 non
3353 2289 3471 2336 erat
3505 2280 3766 2345 revelari;

2180 2375 2276 2422 ant
2324 2367 2496 2424 facias
2533 2382 2758 2424 necesse
2785 2377 2868 2424 est
2915 2370 3060 2440 quod
3105 2370 3428 2428 universalis
3473 2366 3770 2442 Anglorum

2177 2462 2420 2519 Ecclesia
2470 2463 2514 2495 “
2559 2464 2788 2531 suadet,
2833 2465 2936 2521 hoc
2963 2467 3086 2532 est,
3141 2476 3201 2522 ut
3233 2468 3557 2539 pontificalis
3587 2469 3774 2524 infulae

2176 2542 2540 2623 principatum
2587 2554 2728 2609 inter
2773 2553 2964 2611 beatos
3009 2557 3282 2626 apostolos
3328 2557 3606 2614 suscipere
3655 2574 3767 2614 non

2174 2659 2392 2700 renuas.
3442 2629 3448 2634 υ

2244 2735 2355 2792 Sed
2382 2737 2522 2793 forte
2550 2749 2840 2809 exspectas
2863 2744 3034 2800 Deum
3064 2743 3382 2812 majoribus,
3411 2743 3555 2814 quod
3577 2747 3768 2815 capit,

2173 2824 2407 2884 induciis
2429 2829 2782 2899 probaturum
2814 2847 2829 2886 :
2868 2848 2972 2888 non
3011 2834 3183 2887 ausim
3212 2834 3426 2899 dicere,
3475 2845 3763 2906 propterea

2177 2919 2321 2986 quod
2360 2927 2409 2972 te
2432 2920 3087 2991 sapientissimum‘scio;
3145 2911 3239 2979 sed
3291 2925 3458 2979 timeo
3513 2939 3583 2980 ne
3635 2923 3762 2980 talia

482 3005 542 3063 Si
571 3011 718 3064 enim
746 3010 962 3067 sciretis
991 3011 1106 3082 ipsa
1141 3013 1258 3069 sola
1292 3011 1482 3069 dilatio
1523 3021 1728 3084 quanta
1775 3015 1919 3070 mala
1958 3016 2070 3084 jam
2173 3007 2435 3076 qu:erenti
2475 3025 2545 3064 ex
2602 3011 2821 3080 obliquo
2875 3013 3269 3082 respondeatur
3303 3027 3319 3067 :
3367 3012 3494 3069 Non
3541 3015 3768 3070 tentabis

481 3096 614 3162 fecit
651 3100 968 3168 corporibus
1003 3109 1060 3154 et
1081 3101 1392 3168 animabus,
1421 3112 1476 3158 et
1519 3118 1685 3174 quam
1723 3105 2073 3162 exsecrabilis

2186 3093 2461 3150 Dominum
2496 3097 2658 3152 Deum
2692 3107 2841 3154 tuum
2869 3102 3085 3171 (Matth.
3119 3117 3194 3167 tv,
3221 3102 3296 3174 7).
3352 3102 3490 3170 Quid
3535 3121 3768 3174 namque

481 3188 572 3254 illa
603 3189 696 3254 sit,
727 3198 782 3244 et
811 3189 885 3244 illi
915 3191 1124 3262 pariter
1158 3209 1253 3262 per
1276 3208 1412 3262 quos
1440 3193 1864 3258 tit,-melioribus
1878 3206 2076 3265 etpru-

481 3279 838 3354 dentioribus,
870 3282 974 3353 ipsi
1011 3298 1229 3354 quoque
1257 3268 1453 3356 popqu
1478 3285 1714 3354 Angliae,
1773 3296 1901 3356 puto
1945 3286 2072 3356 quia

481 3379 543 3443 et
580 3384 676 3424 vos
726 3368 792 3440 (si
825 3371 1104 3426 inhumani
1132 3389 1243 3442 non
1280 3374 1432 3444 estis)
1471 3375 1716 3430 eamdem
1759 3375 2071 3432 dilationem

481 3461 903 3516 exsecraremini
934 3461 997 3517 ¹².
1026 3461 1221 3517 Mirum
1249 3463 1473 3519 forsitan
1498 3465 1653 3520 vobis
1692 3465 1906 3522 videtur
1929 3467 2072 3537 quod

481 3551 631 3617 dico;
665 3561 719 3606 et
762 3551 912 3606 multi
939 3553 1030 3624 qui
1064 3570 1150 3610 me
1175 3555 1322 3610 intus
1350 3571 1456 3610 non
1485 3556 1669 3612 vident
1691 3565 1745 3612 et
1771 3559 2072 3629 praecipites

479 3652 608 3712 sunt
638 3642 842 3699 alienas
881 3647 1274 3712 conscientias,
1307 3661 1442 3717 quas
1489 3647 1763 3718 ignorant,
1787 3646 2068 3717 judicare;

479 3735 549 3792 de
596 3751 683 3791 me
709 3751 1022 3806 perversum
1045 3738 1250 3808 aliquid
1268 3738 1611 3807 judicabant,
1651 3741 1775 3810 quia
1812 3741 1891 3796 sic
1918 3741 2074 3798 vobis

473 3828 550 3902 .de
585 3827 687 3882 hac
720 3843 780 3883 re
824 3827 1032 3898 loquor.
1059 3830 1165 3885 Sed
1191 3845 1372 3886 coram
1401 3831 1509 3886 Deo
1539 3831 1752 3902 loquor,
1785 3832 1868 3885 cui
1893 3832 2074 3886 revelo

478 3919 623 3988 viam
660 3935 868 3985 meam,
907 3929 962 3974 et
997 3935 1157 3990 spero
1192 3922 1246 3978 in
1291 3936 1384 3986 eo,
1431 3931 1488 3976 ut
1539 3923 1653 3993 ipse
1706 3921 1866 3977 faciat
1896 3920 2069 3990 (Ρειιι.

479 4031 666 4080 xxxvi,
699 4017 753 4087 5)
786 4017 910 4086 quia
941 4033 1046 4072 non
1079 4033 1166 4073 me
1195 4027 1414 4074 accusat
1434 4033 1620 4074 coram
1647 4032 1712 4073 eo
1739 4018 2069 4074 conscientia

480 4125 599 4162 mea
621 4110 764 4179 quod
789 4126 874 4166 me
905 4111 1340 4180 concupiscentia
1372 4119 1709 4166 terrenarum
1734 4111 2069 4178 divitiarum,

481 4208 575 4252 aut
594 4199 952 4263 celsitudinis,
978 4200 1044 4254 ad
1069 4201 1182 4255 haec
1206 4200 1348 4255 dicta
1376 4201 1568 4256 trahat.

519 4330 522 4338 ι
557 4291 613 4346 Si
637 4292 761 4361 quis
797 4292 1052 4360 deinceps
1081 4292 1235 4347 aliter
1267 4294 1335 4348 de
1368 4307 1455 4347 me
1481 4293 1753 4358 senserit,
1785 4304 1914 4364 puto
1943 4294 2068 4366 quia

481 4382 744 4438 adversus
768 4383 1053 4438 veritatem
1084 4384 1212 4448 erit,
1235 4392 1290 4439 et
1315 4383 1457 4439 Deus
1477 4385 1611 4439 mihi
1639 4385 1794 4440 testis
1811 4386 2070 4442 adversus

2175 3185 2440 3256 insignius
2481 3190 2546 3244 ad
2579 3200 2632 3245 te
2660 3191 2968 3262 eligendum
3018 3195 3332 3252 calenderet
3382 3197 3542 3262 Deus,
3575 3190 3767 3266 quam,

2175 3288 2234 3334 ut
2263 3291 2314 3334 tu
2345 3284 2767 3351 promovereris,
2788 3301 2969 3356 regem
3002 3287 3291 3359 triumphis
3321 3280 3578 3354 nobilem,
3607 3305 3764 3345 seve-

2175 3377 2340 3430 ritate
2377 3378 2591 3432 cunctis
2631 3377 3063 3445 formidabilem,
3105 3382 3245 3437 Icelo
3282 3373 3652 3448 decubuisse,
3693 3384 3765 3438 ad

2173 3475 2403 3522 mortem
2427 3481 2598 3537 usque
2618 3470 2988 3538 aegrotavisse;
3018 3480 3070 3528 te
3089 3479 3269 3526 autem
3289 3479 3564 3542 provecto,
3579 3471 3765 3527 statim

2173 3561 2422 3616 eumdem
2455 3549 2825 3632 respiravisse,
2874 3557 3216 3621 coirvaluiSse
3236 3605 3252 3630 ,
3282 3577 3444 3635 atque
3471 3580 3537 3620 ex
3569 3565 3682 3620 fero
3707 3573 3770 3618 et

2175 3650 2399 3706 immani
2455 3641 2802 3709 mitissimum
2862 3655 3069 3726 pariter
3121 3671 3185 3710 ac
3252 3655 3758 3710 mansuetissimum

2173 3742 2441 3798 redditum
2471 3743 2686 3800 fuisse?
2712 3746 2872 3813 Quid,
2900 3745 3142 3816 inquam,
3158 3745 3511 3803 auteﬂ'eclum
3531 3745 3767 3816 dulcius,

2173 3845 2267 3890 aut
2289 3835 2356 3889 ad
2383 3837 2748 3893 innocentiam
2775 3839 3142 3914 prgstanlins,
3160 3852 3322 3909 quam
3339 3846 3392 3894 te
3417 3847 3542 3894 ante
3563 3838 3669 3894 lect
3707 3852 3766 3894 ιη

2172 3924 2486 3994 aegrotantis
2526 3924 2786 3980 violenter
2824 3934 3192 3996 pertractum;
3241 3927 3489 3981 dextram
3528 3926 3762 3980 aliorum

2173 4013 2380 4069 dextris
2418 4014 2756 4085 impudenter
2787 4015 2859 4070 'de
2891 4016 3011 4070 sinu
3043 4023 3344 4072 extractam
3379 4017 3657 4072 sinistram
3691 4016 3764 4081 ι’,

2171 4119 2242 4160 ne
2262 4118 2502 4160 sororem
2520 4105 2754 4176 juvaret,
2779 4105 2992 4160 fortiter
3011 4115 3277 4162 retentam
3295 4108 3522 4179 virgam,
3549 4108 3772 4162 caeteris

2173 4192 2414 4264 digitulis
2438 4195 2795 4265 pertinaciter
2823 4195 3060 4251 occlusis
3082 4237 3098 4263 ,
3151 4196 3334 4268 pollici
3387 4205 3550 4267 atque
3596 4196 3770 4253 indici

2171 4282 2464 4349 crudeliter
2493 4286 2806 4353 impactam,
2840 4293 2962 4352 post
2987 4285 3101 4340 haec
3134 4293 3248 4340 toto
3275 4301 3506 4353 corpore
3549 4300 3580 4339 e
3616 4295 3768 4342 terra

2175 4384 2228 4431 te
2287 4375 2600 4443 elevatum,
2650 4377 3046 4447 cpiscOpaIibus
3074 4378 3312 4434 brachiis
3357 4379 3425 4434 ad
3473 4379 3768 4434 ecclesiam

483 4473 631 4526 illum
655 4473 781 4542 erit.
812 4473 1024 4539 Valete;
1057 4483 1110 4528 et
1136 4473 1411 4538 Dominus,
1435 4477 1525 4544 qui
1553 4475 1735 4547 dirigit
1758 4486 2070 4533 mansuetos

2186 4467 2536 4538 leportatum,
2568 4469 2770 4538 ibique,
2801 4468 2978 4524 adhuc
3014 4479 3066 4524 te
3099 4470 3450 4537 reclamante,
3481 4481 3536 4527 et
3561 4473 3776 4542 impor-

482 4565 537 4617 in
561 4563 785 4630 judicio,
805 4574 856 4642 el
884 4565 1042 4619 docet
1065 4580 1170 4620 non
1203 4566 1402 4634 rigidos
1434 4565 1478 4597 "
1502 4563 1677 4636 (Paul.
1697 4582 1844 4632 xxrv,
1871 4567 1952 4638 9),
1975 4569 2070 4623 sed

481 4653 794 4717 mites,vias
822 4668 948 4707 suas
969 4693 982 4716 ,
1007 4653 1202 4723 dirigat
1228 4669 1420 4710 sensus
1448 4664 1659 4710 vestros
1688 4665 1742 4710 et
1771 4655 2071 4712 voluntates

482 4741 536 4796 in
571 4739 728 4810 hujus
753 4743 954 4812 negotii
980 4741 1211 4810 judicio.

1052 4834 1388 4892 El'lSTOLA
1441 4838 1504 4892 ll.

944 4941 1178 4996 OSBERNII
1198 4943 1266 4981 AD
1304 4944 1606 4985 ANSELMUI.

578 5015 646 5068 Ei
675 5018 898 5071 consulit
928 5017 1196 5072 humiliter
1220 5019 1395 5072 subire
1421 5037 1552 5074 onus
1581 5019 1980 5077 Cantuariemis

1083 5113 1478 5183 archiepiscoyi.

522 5231 526 5235 -
555 5198 790 5257 Domino
815 5201 1183 5271 sanctissimo,
1207 5205 1530 5262 charissimo
1558 5205 1734 5262 electo
1774 5208 2069 5280 Anglorum

2175 4563 2322 4618 tunis
2351 4563 2512 4618 nimis
2533 4563 2854 4628 obsistente,
2888 4563 2958 4619 Te
2984 4563 3154 4624 Deum,
3171 4566 3453 4620 laudamus
3485 4579 3609 4622 esse
3629 4579 3777 4621 can-

2174 4663 2344 4710 tatutn
2369 4655 2393 4710 ?
3683 4649 3687 4654 ’

2246 4747 2406 4813 Quid,
2445 4747 2687 4818 inquam,
2717 4749 2802 4804 vel
2839 4749 2906 4804 ad
2935 4749 3148 4806 divinas
3183 4751 3372 4808 laudes
3406 4750 3776 4822 magnificen—

2177 4840 2305 4905 tius,
2341 4838 2424 4894 vel
2455 4841 2523 4894 ad
2568 4841 2805 4896 humana
2843 4843 3150 4913 spectacula
3183 4844 3510 4914 gaudentius
3539 4885 3552 4908 ,
3597 4858 3774 4913 quam

2179 4932 2322 5004 quod
2372 4933 2424 4987 in
2453 4941 2543 4988 tua
2571 4933 2853 4996 elect'one.
2901 4935 3136 4991 exclusis
3179 4937 3432 4992 omnibus
3479 4941 3780 4990 transactae

2180 5026 2518 5095 tempestatis
2585 5027 3001 5094 alllictionibus,
3047 5029 3230 5082 omnia
3268 5029 3335 5082 ad
3371 5029 3576 5097 proprii
3616 5026 3779 5097 juris

2179 5117 2577 5186 possessionem
2605 5118 2770 5173 veluti
2800 5120 3006 5188 jubileo
3034 5113 3654 5174 termino'cucurrerunt
3693 5117 3772 5186 ³⁸,

2180 5209 2306 5263 dum
2332 5209 2495 5266 vincti
2529 5209 2596 5264 ad
2628 5213 3045 5282 expeditionem,
3072 5212 3340 5268 carcerati
3366 5211 3434 5268 ad
3456 5210 3778 5278 lucem,ca-

1731 5363 1964 5420 V'ARIIE
2005 5364 2405 5423 LECTIONES.

559 5472 583 5506 ⁸
602 5472 1024 5548 Utru‘mquems.
1056 5485 1327 5548 utrmque,
1382 5476 1403 5508 '
1428 5477 1492 5531 Et
1517 5476 1761 5548 accipere
1779 5486 1946 5532 mmet
1968 5478 2120 5534 vobis
2142 5481 2389 5548 accipere
2464 5479 2508 5512 ³⁰
2531 5478 2688 5536 Circa
2717 5494 2896 5536 meum
2916 5486 3221 5533 ms.contra
3243 5493 3421 5534 meum
3497 5477 3539 5510 “
3563 5475 3778 5546 Digna-

485 5551 580 5626 tur
601 5559 701 5599 ms.
724 5543 870 5632 Deus
893 5547 1201 5632 dignatur"
1223 5543 2165 5632 "_Esecran'iini'ms.execraremini
2241 5543 2284 5582 ἀ
2315 5551 2534 5621 Rigidas
2567 5567 2666 5606 ms.
2693 5551 2900 5632 rigidos
2973 5549 3018 5580 “
3046 5543 3806 5632 Universalis..Eccles_ia'-ms.~

488 5615 812 5695 universalis
842 5615 1135 5695 Anglorum
1158 5617 1400 5695 Ecclesia
1479 5618 1522 5650 "
1550 5618 1889 5684 Extractam,
1921 5619 2126 5688 virgam
2151 5637 2248 5674 ms.
2281 5615 2620 5686 extractam;
2663 5615 2964 5688 sinistram,
3012 5635 3081 5676 ne
3108 5635 3350 5678 sororem
3376 5619 3616 5690 juvaret,
3643 5615 3780 5674 for—

490 5687 616 5742 liter
638 5687 947 5753 retentam;
972 5687 1179 5756 virgam
1255 5689 1297 5720 "
1328 5688 1729 5746 Concurrcrunt
1763 5706 1856 5744 ms.
1888 5687 2244 5749 cucurrerunt
