4028 6302
243 294 306 351 tu
775 300 807 346 εί
872 298 915 309 "
1078 298 1105 304 ν·
1190 326 1193 327 κ
1333 293 1345 341 f
1513 278 1829 351 LlB.ltl,E

1929 281 2010 340 'i'l'.
2048 275 2111 340 il.
2198 296 2207 303 '
2908 324 2913 332 .
3460 278 3523 338 M

242 403 367 476 ptivi
394 402 460 459 ad
489 401 815 467 libertatem,
863 397 1108 470 oppressi
1159 394 1451 454 dirissimis
1502 406 1824 455 exactorum
1853 385 1898 444 Α
1930 397 2031 466 ipsi
2057 396 2545 474 ﬂagitiosissimum
2576 396 2944 477 corruptionis
2975 396 3247 467 uegetium
3275 397 3521 454 meditati

239 497 518 554 furoribus
544 496 806 553 redierint
832 495 899 549 ad
928 494 1284 549 creetionem.

238 644 242 649 ,
307 570 504 646 Omnia
525 589 638 642 haec
661 595 711 642 te
738 586 1048 656 loquuntur,
1077 586 1170 639 tibi
1202 585 1549 653 famulantur,
1581 588 1689 643 tuis
1714 601 1827 641 me-

237 680 358 736 ritis
378 678 738 734 ascribuntur.
766 676 920 745 Quod
947 676 990 731 si
1014 691 1203 731 omnes
1229 676 1313 732 hae
1336 676 1530 733 divinae
1554 677 1828 733 blanditia

240 772 306 827 ad
326 769 769 827 consentiendum
797 778 847 824 te
870 784 977 825 non
998 768 1377 842 excitaverint,
1394 769 1639 840 profecto
1661 785 1825 825 nove-
1878 816 1896 830 .

238 861 313 916 ris
333 859 581 915 districta
608 858 1076 919 animadversione
1095 859 1461 933 aequissimum
1484 858 1725 927 .judicem
1751 869 1829 914 ιθ-

237 967 357 1008 cum
388 960 656 1014 acturum,
700 951 990 1021 taliterque
1016 952 1070 1006 in
1092 951 1179 1007 die
1199 951 1425 1007 extremi
1442 950 1633 1020 iudicii
1658 952 1697 983 ⁸⁷
1727 952 1824 1005 ad-

234 1057 450 1099 versum
482 1053 535 1099 te
586 1044 1038 1115 propositurum:
1089 1041 1134 1099 O
1182 1044 1347 1099 homo
1390 1043 1524 1099 meis
1563 1043 1826 1099 uberibus

234 1134 459 1201 nutrite,
497 1135 635 1190 meis
667 1135 970 1211 virtutibus
997 1135 1202 1201 ditate,
1240 1136 1376 1191 meis
1410 1138 1671 1193 doctrinis
1704 1136 1827 1191 illu-

233 1226 455 1291 minute,
492 1226 630 1281 meis
656 1226 1289 1303 honoribuslsublimate,
1321 1242 1483 1298 quam
1510 1228 1605 1284 tibi
1660 1229 1827 1284 mole-

234 1318 391 1372 stiam
415 1317 636 1387 ingessi,
652 1328 710 1372 ut
728 1334 814 1373 me
840 1326 1226 1390 praeceptorem
1252 1318 1475 1393 fugeris,
1502 1322 1826 1378 monitorem

234 1408 646 1476 contempseris,
681 1409 1010 1478 imponenlis
1044 1409 1149 1464 mei
1170 1408 1356 1481 iugum
1386 1419 1567 1488 erecta
1613 1411 1826 1477 cervice

1931 497 2076 545 sunt.
2106 489 2349 559 Cumque
2372 489 2479 567 illa,
2505 506 2610 546 non
2638 492 2926 547 immemor
2949 504 3111 560 quam
3140 486 3306 544 fuerit
3327 503 3523 561 magno

1931 581 2221 647 acquisita,»
2239 596 2400 651 quam
2423 581 2628 649 legibus
2654 582 2944 637 convincta
2964 581 3033 646 “,
3054 595 3216 649 quam
3234 580 3523 649 denique"

1931 671 2246 727 muneribus
2291 671 2474 727 dotata
2501 705 2536 737 ,ε
2567 672 2882 728 reluctando
2928 672 3350 737 succlamasset,
3399 671 3475 727 illi
3503 713 3520 733 ,

1930 763 2166 835 abreptis
2204 774 2666 842 ornamentorum
2720 778 2941 819 suorum
2982 765 3252 828 vestibus,
3292 765 3517 826 nudam,

1928 853 2176 909 venalem
2203 863 2259 908 et
2285 852 2604 910 confusione
2631 853 2843 924 plenam
2876 856 3123 910 eamdem
3160 854 3519 925 reliquerunt.

1928 947 2210 1009 Exclamat
2234 949 2421 1025 itaque
2449 947 2731 1017 multiplex
2771 947 3002 1002 filiorum
3032 955 3270 1011 caterva,
3304 962 3442 1018 quos
3466 948 3518 1002 in

1929 1040 2147 1098 lavacro
2179 1039 2431 1098 secundae
2473 1038 2775 1113 nativitatis
2805 1038 2922 1106 ipsa
2948 1038 3082 1091 mihi
3113 1047 3411 1107 genuerat,
3464 1045 3522 1092 et

1928 1130 2073 1187 intra
2099 1131 2361 1202 gremium
2389 1137 2594 1185 sanctae
2620 1128 2925 1184 dilectionis
2953 1127 3190 1183 tenerius
3232 1124 3521 1192 nutrierat,

1924 1233 2187 1289 materna
2212 1224 2433 1293 cupiens
2454 1221 3051 1299 verecundigmederi,
3092 1220 3317 1292 ejusque
3365 1221 3521 1277 nudi-

1931 1325 2096 1371 tatem
2150 1330 2390 1386 oppanso
2437 1315 2707 1369 velamine
2760 1314 2920 1369 tueri.
2960 1313 3098 1370 Ecce
3145 1312 3240 1383 qui
3290 1321 3520 1367 matrem

1928 1405 2254 1469 afflixerant,
2280 1404 2627 1475 gravioribus
2666 1404 2718 1458 in
2745 1403 2886 1460 ﬁlios
2910 1401 3175 1459 molestiis
3202 1401 3520 1466 desaeviunt,

235 1493 495 1563 abieceris
518 1496 541 1549 ?
564 1494 752 1551 Nonne
783 1497 953 1551 satius
989 1508 1110 1554 erat
1144 1496 1278 1553 nihil
1305 1498 1438 1554 mihi
1472 1498 1540 1555 de
1567 1507 1660 1554 tuo
1689 1515 1824 1554 con-
1882 1540 1889 1546 .
1927 1500 2057 1553 dum
2126 1498 2269 1551 hunc
2331 1497 2399 1549 ab
2440 1495 2698 1550 uberibus
2752 1504 2969 1565 raptum
3018 1494 3324 1549 miseranda
3377 1492 3523 1549 caede

235 1584 440 1651 tulisse,
473 1601 634 1656 quam
676 1602 796 1658 quae
825 1603 943 1643 mea
982 1588 1135 1645 fuere
1166 1588 1458 1645 crudeliter
1498 1590 1826 1647 abStulisse?
1882 1584 1889 1585 ⁷
1926 1580 2262 1661 diScerpunt,
2288 1590 2441 1650 illum
2466 1588 2815 1659 ferrugiendo
2836 1588 3068 1644 stridore
3087 1594 3363 1657 premunt,
3386 1585 3526 1642 alter

234 1674 426 1736 Annon
480 1678 766 1738 constabat
807 1696 904 1752 per
949 1690 1095 1736 tuam
1145 1682 1529 1753 negligentiam
1561 1672 1828 1750 ablatum;
1856 1734 1899 1753 η
1928 1702 2069 1741 caeca
2098 1683 2319 1738 latibula
2349 1664 2660 1746 inhabitat;
2690 1680 2827 1735 alius
2849 1681 3002 1750 longa
3035 1677 3225 1734 exsilia
3257 1676 3521 1748 deplorat.

235 1771 373 1838 quod
395 1784 490 1840 per
510 1779 656 1826 tuam
683 1734 1170 1841 mihirdiligentiam
1198 1734 1414 1828 nuonoest
1440 1772 1695 1827 allatum?
1717 1734 1826 1826 Cur:
1856 1734 1901 1792 Β
1928 1774 2188 1843 Quodque
2219 1774 2286 1827 ad
2313 1771 2488 1827 scelus
2524 1772 2852 1842 praecipuum
2897 1734 3097 1835 fugerat,
3128 1770 3254 1823 dum
3285 1734 3345 1823 se
3374 1768 3527 1822 adul-

234 1874 341 1914 non
371 1861 648 1930 cogitabas
697 1861 742 1893 ¹⁸
794 1861 1005 1915 infinita
1038 1862 1318 1916 hominum
1363 1852 1528 1915 millia
1579 1870 1631 1915 te
1681 1863 1826 1934 occi-
1858 1918 1861 1921 ,
1931 1865 2031 1920 teri
2069 1864 2317 1918 homines
2344 1862 2608 1917 scelerata
2632 1861 2928 1917 calliditate
2955 1861 3271 1913 innocentes
3295 1858 3523 1927 prodere

235 1950 399 2016 dis‘se,
430 1951 557 2006 dum
584 1948 881 2021 patieOrum
911 1952 1126 2008 volebas
1154 1942 1315 2007 saluti
1343 1942 1659 2007 consulere?
1689 1954 1828 2008 Ecce
1856 1942 1859 1943 ⁷
1927 1954 2146 2019 vellent,
2202 1954 2253 2007 in
2309 1962 2515 2007 tantum
2546 1953 2686 2023 apud
2726 1962 2972 2007 terrenas
3004 1955 3304 2020 potestates
3338 1948 3525 2003 odium

237 2042 433 2095 etenim
459 2045 673 2113 [sponsa
702 2058 851 2110 mea,
890 2054 1076 2099 sancta
1114 2043 1521 2100 Cantuariensis
1554 2043 1823 2110 Ecclesia,

236 2134 462 2202 apostoli
506 2136 609 2189 mei
642 2135 787 2191 Petri
819 2136 1191 2191 benedictione
1220 2151 1249 2189 a
1288 2135 1556 2206 principio
1582 2136 1826 2190 sanctifi-

234 2228 377 2287 t‘ata,
406 2224 649 2294 piissimo
670 2226 899 2296 piissimi
928 2226 1172 2297 Gregorii
1204 2226 1386 2281 studio
1418 2226 1672 2282 nobiliter
1704 2226 1827 2281 fun-

234 2307 389 2381 data,
441 2314 540 2370 SS.
578 2316 875 2383 Bonifacii,
923 2316 1212 2383 Honorati,
1248 2316 1534 2385 Vitaliani,
1583 2317 1825 2388 Agatho-

232 2403 319 2459 nis
343 2404 407 2470 l’,
439 2415 493 2459 et
512 2414 829 2461 cancrorum
851 2407 1274 2461 orthodoxorum
1306 2406 1531 2461 Patrum
1562 2405 1823 2477 singulari

234 2509 450 2565 semper
478 2497 761 2567 privilegio
788 2498 1019 2562 donata;
1052 2499 1118 2553 ad
1149 2512 1335 2567 quam,
1370 2496 1519 2551 salva
1568 2496 1826 2553 Romana:

234 2594 291 2640 et
312 2588 618 2655 apostolica
642 2590 786 2643 sedis
816 2590 1164 2654 auctoritate,
1197 2588 1438 2659 omnium
1467 2588 1611 2643 circa
1652 2588 1828 2658 regio-

237 2692 367 2729 num
418 2678 674 2733 Ecclesia:
722 2680 774 2732 in
829 2680 942 2735 suis
982 2678 1433 2748 oppressionibus
1488 2678 1825 2747 confugere,

240 2775 404 2835 atque
434 2767 501 2821 ab
530 2782 592 2821 ea
640 2770 853 2824 tuendae
880 2771 924 2801 ὀ
962 2770 1227 2825 libertatis
1275 2770 1525 2840 przesidia
1574 2778 1830 2839 expetere

236 2857 397 2910 simul
429 2873 491 2913 ac
520 2860 795 2929 suscipere
834 2861 1108 2927 solebant;
1148 2876 1275 2916 ecce
1303 2861 1391 2915 illa
1425 2861 1548 2915 talis
1584 2861 1826 2914 omnium

235 2951 534 3020 peripscma
551 2952 767 3019 effecta,
799 2955 1041 3008 omnium
1075 2955 1570 3023 pertranseuutium
1601 2952 1827 3022 pedibus

1928 2052 2158 2099 matrem
2191 2059 2314 2097 cum
2343 2043 2493 2112 prole
2538 2044 2915 2106 adduxerunt,
2966 2050 3026 2095 ut
3077 2040 3389 2109 quicunque
3418 2053 3513 2094 eos

1928 2133 2279 2199 interficeret,
2302 2136 2621 2205 obsequium
2640 2151 2699 2190 se
2719 2143 2977 2204 praestare
3002 2132 3114 2188 Deo
3140 2132 3521 2187 arbitraretur.

1929 2227 2191 2283 Ultimum
2224 2241 2352 2283 vero
2383 2220 2441 2282 et
2464 2228 2619 2297 quasi
2647 2228 2891 2297 palmare
2913 2226 3082 2282 totius
3108 2224 3237 2279 mali
3261 2223 3524 2305 flagitium

1928 2320 2154 2386 exstitit,
2182 2321 2337 2391 cujus
2362 2321 2518 2376 radix
2545 2320 2591 2376 si
2634 2320 2686 2374 in
2719 2308 2901 2375 lucem
2947 2308 3078 2374 solis
3119 2318 3279 2387 hujus
3314 2318 3523 2387 perlata

1926 2411 2153 2476 fuisset,
2202 2426 2311 2467 non
2357 2411 2532 2467 solum
2587 2412 2727 2466 hanc
2777 2406 3103 2466 exhorreret
3152 2409 3523 2475 Christianus,

1926 2520 2117 2561 verum
2139 2506 2304 2559 etiam
2342 2505 2520 2560 omnis
2557 2513 2941 2560 exsecraretur
2973 2508 3248 2574 paganos,
3282 2499 3522 2563 Judaeus,

1929 2605 2090 2665 atque
2118 2588 2425 2651 hzereticns.
2448 2596 2561 2667 Ego
2583 2605 2763 2652 autem
2796 2594 2934 2649 ultra
2959 2610 3067 2649 non
3098 2592 3280 2649 ferens
3319 2600 3527 2648 tantam

1930 2702 2143 2756 sponsae
2173 2702 2306 2741 meae
2332 2689 2696 2743 calamitatem
2738 2704 2807 2743 ex
2840 2696 2948 2743 tota
2974 2686 3021 2719 "
3049 2686 3322 2743 hominem
3349 2684 3525 2754 pleni—

1935 2777 2124 2830 tudine
2154 2784 2227 2841 te,
2259 2776 2535 2841 Anselme,
2577 2778 2747 2847 elegi,
2791 2787 2955 2846 atque
2999 2778 3065 2830 ad
3097 2777 3401 2831 uelandum
3427 2790 3528 2845 pro

1929 2865 2093 2939 364
2117 2883 2202 2922 me
2227 2869 2463 2922 amicum
2493 2869 2676 2938 sponsi
2701 2869 2944 2937 exhibui,
2972 2870 3275 2924 doctrinam
3300 2866 3526 2931 contuli,

1929 2961 2188 3016 virtutem
2218 2960 2445 3031 largitus
2474 2976 2615 3014 sum.
2642 2960 3060 3015 Praemonstravi
3090 2959 3346 3021 oraculis,
3380 2974 3529 3014 com-

238 3041 587 3106 οοησυΙοθιθο
641 3057 763 3132 ηοη-
808 3043 981 3098 δοῖυηι
1037 3043 1181 3097 "ulla
1245 3042 1469 3113 Ρθνάίιαὶ
1523 3040 1824 3131 libertatis.
1856 3074 1898 3132 α
1931 3053 2152 3123 probavi
2202 3052 2508 3117 miraculis;
2566 3067 2751 3107 verum
2792 3063 2846 3106 tu
2879 3052 3011 3108 mihi
3055 3051 3341 3121 praetulisti
3392 3050 3531 3105 Nor-

232 3132 352 3203 jura
382 3135 423 3165 ἰ
447 3136 657 3190 caeteris
681 3129 990 3207 restituere,
1012 3135 1109 3191 sed
1142 3152 1243 3191 nec
1277 3150 1373 3191 sua
1397 3135 1564 3211 multo
1587 3130 1828 3205 tempore

236 3226 408 3280 valuit
438 3227 641 3283 illibata
673 3230 963 3284 custodire.
997 3228 1257 3285 Homines
1277 3239 1483 3294 autem,
1515 3244 1653 3300 quos
1680 3228 1730 3283 ei
1760 3228 1829 3284 ad

238 3318 536 3372 custodiam
552 3320 819 3375 castitatis
838 3320 1112 3390 deputavi,
1129 3336 1158 3373 a
1182 3320 1378 3391 quibus
1392 3322 1671 3375 servandae
1692 3320 1832 3373 inte-

238 3408 448 3479 gritatis
473 3410 617 3467 illius
638 3412 795 3468 tidem
820 3414 1145 3485 accepi,non
1169 3414 1329 3470 modo
1359 3414 1458 3485 ipsi
1492 3413 1625 3469 nihil
1647 3413 1831 3470 defen-

237 3494 408 3558 sionis
444 3504 703 3562 adversus
727 3505 862 3563 alios
898 3507 1107 3563 incaesti
1133 3507 1362 3579 cupidos
1394 3522 1680 3579 paravere,
1723 3508 1833 3563 imo

1931 3145 2467 3215 mannitecomitem,
2512 3146 2623 3200 Deo
2655 3160 2923 3211 vermem,
2973 3145 3174 3199 viventi
3216 3144 3525 3207 mortalem.

1930 3232 2201 3293 latitudini
2230 3234 2526 3309 Anglorum
2558 3247 2799 3310 angustae
2829 3238 3136 3294 solitudinis
3174 3238 3383 3293 nidum.
3419 3236 3530 3293 Ex-

1934 3328 2100 3383 cessit
2128 3343 2197 3382 ue
2217 3329 2400 3383 animo
2419 3328 2639 3383 Petrum
2682 3329 2985 3399 apostolum
3014 3328 3314 3384 Antiochia:
3356 3326 3526 3380 intro-

1935 3418 2193 3484 nisatum,
2217 3433 2319 3475 nec
2338 3427 2516 3474 tamen
2539 3419 2773 3475 ullorum
2797 3420 3144 3491 singultibus,
3162 3433 3230 3473 ne
3257 3416 3530 3471 Romanos

1937 3510 2279 3580 experiretur
2314 3508 2397 3582 (l)
2437 3510 2689 3579 furores,
2728 3511 3131 3583 praepeditum?
3176 3509 3287 3566 Cur
3312 3516 3364 3564 te
3394 3506 3531 3587 fugit

1529 3631 1763 3697 vitam
1801 3608 2201 3699 LECTIONES.

313 3752 356 3829 _"
381 3754 477 3829 pie
499 3755 686 3829 judicii
717 3774 837 3829 λης.
867 3752 953 3813 die
994 3759 1223 3813 extremi
1259 3757 1448 3827 judicii
1526 3757 1889 3829 u"Cogitabas
1916 3774 2015 3812 ms.
2060 3758 2323 3829 cogitabis
2399 3753 2442 3791 "
2470 3750 2575 3815 SS.
2610 3755 2787 3816 Bonif.
2833 3759 3040 3817 Honor.
3088 3756 3393 3829 Agathonis
3419 3772 3525 3811 ms.

243 3825 343 3881 SS.
380 3822 659 3901 Bonifacii,
716 3827 1025 3901 lloriorarii,
1058 3822 1309 3901 Vitaliani
1335 3870 1350 3894 ,
1389 3822 1706 3901 Agathonis
1763 3822 2106 3901 ’_°,Tenentlie
2130 3822 2248 3883 ⁷ηδε.
2298 3836 2510 3885 tuendae
2583 3832 2627 3862 “
2660 3832 2804 3887 Cura
2829 3848 2928 3886 ms.
2953 3831 3077 3901 jura
3138 3822 3198 3862 ³⁸
3227 3827 3528 3885 Convincla

241 3908 341 3951 ms.
368 3896 651 3966 conjuncta
722 3899 768 3928 ’⁸
796 3898 1074 3970 Quamque
1099 3899 1331 3970 denique
1357 3896 1462 3953 ms:
1482 3913 1644 3969 quam
1666 3899 1896 3969 denique
1968 3898 2016 3931 “
2045 3899 2121 3953 Ex
2164 3908 2278 3956 toto
2306 3917 2405 3955 ms.
2438 3915 2503 3957 ex
2537 3910 2647 3958 tota
2954 3896 2970 3901 ⁷
3082 3940 3085 3941 ν

1565 4011 1851 4069 JOANNIS
1880 3998 2155 4093 PICARDI

1081 4102 1328 4160 Etclesia:
1365 4104 1422 4159 S.
1462 4104 1686 4159 Victoris
1731 4102 2048 4159 Parisiensis
2084 4106 2456 4177 Augustiniani
2482 4109 2725 4162 canonici

1642 4194 1645 4199 ’
1750 4194 1989 4251 NOTIE.

313 4287 393 4356 (Ι)
449 4288 713 4342 Romanos
762 4287 1107 4357 experiretur.
1164 4285 1228 4357 D.
1281 4286 1527 4342 Anselm.
1574 4264 1734 4357 epist.
1767 4288 1821 4354 7,

241 4357 407 4421 infra,
444 4367 633 4427 aperte
660 4357 790 4412 dicit
823 4356 884 4411 D.
914 4357 1132 4412 Petrum
1179 4356 1407 4412 Romam
1441 4356 1724 4428 migrasse.
1767 4358 1822 4412 ld

242 4437 422 4483 tamen
454 4428 629 4481 adhuc
657 4430 896 4483 nescitur
923 4443 952 4481 a
983 4429 1181 4483 nostris
1209 4438 1263 4482 et
1291 4428 1577 4484 Germanis
1618 4437 1673 4482 et
1710 4429 1822 4482 An-

1932 4300 2143 4354 nusque
2172 4284 2312 4360 apud
2340 4284 2645 4360 Germanos
2695 4286 2779 4359 (ut
2826 4286 3111 4359 gloriatur,
3156 4288 3407 4360 hancque
3452 4296 3524 4353 ob

1931 4372 2149 4434 causam
2167 4355 2455 4434 Germanis
2470 4355 2913 4434 theologastrisa
2942 4374 3042 4434 me.
3053 4355 3401 4434 coniunctus)
3422 4380 3523 4434 pro

1929 4426 2132 4483 Christi
2152 4499 2156 4500 ί
2175 4428 2275 4498 (sic
2301 4422 2698 4500 Antichristum
2732 4429 2980 4500 specioso
3006 4422 3209 4485 Christi
3251 4422 3521 4490 men'ti'tur

240 4499 346 4569 glis
399 4497 688 4569 Gnosticis.
744 4499 1041 4554 Dolendnm
1096 4499 1338 4568 profecto
1388 4500 1635 4555 homines
1664 4539 1679 4563 ,
1718 4499 1819 4553 sibi
1853 4496 1899 4555 D
1930 4499 2168 4569 nomine)
2188 4496 2551 4566 professione.

238 4568 387 4638 Argo
433 4568 781 4639 oculatiores,
828 4569 880 4621 in
921 4570 1034 4623 haec
1080 4570 1332 4625 cmciorcs
1365 4569 1527 4639 talpa.
1581 4570 1821 4625 nondum

239 4639 442 4708 vidisse
477 4640 618 4708 apud
648 4638 787 4693 lren.
820 4639 910 4693 lib.
944 4655 1063 4703 vnt,
1091 4655 1208 4708 cap.
1242 4640 1265 4693 l
1298 4648 1353 4694 et
1393 4642 1447 4695 5.
1474 4638 1679 4694 Tertul.
1726 4640 1821 4694 lib.

239 4707 319 4763 De
350 4710 518 4779 bapt.,
554 4710 627 4763 De
657 4708 1087 4778 praescription.;
1119 4707 1288 4779 lgnat.
1315 4711 1381 4763 ad
1411 4710 1660 4773 Mariam,
1692 4710 1847 4764 Cas-.

243 4780 404 4851 siod.,
424 4778 633 4834 Euseb.
665 4778 867 4851 Ctesar.
898 4779 1009 4835 lib.
1042 4796 1081 4834 ll
1106 4820 1120 4842 ,
1150 4778 1298 4835 Hist.
1330 4781 1566 4845 Eccles.,
1610 4781 1823 4835 Rullino

241 4849 559 4920 interprete,
598 4849 848 4919 cap.’l«i,
896 4851 961 4905 l5
998 4861 1053 4907 et
1094 4851 1192 4917 25;
1244 4851 1439 4919 Epiph.
1490 4852 1683 4906 harrcs.
1719 4852 1818 4914 27;

238 4919 499 4991 Ambros.
536 4921 630 4975 lib.
666 4937 724 4975 ιιι
758 4920 834 4975 De
858 4920 1008 4987 Sac.,
1042 4936 1160 4991 cap.
1203 4924 1252 4976 l.
1289 4921 1510 4976 Hieron.
1540 4923 1593 4977 in
1618 4921 1817 4987 Catal.;

239 4988 426 5059 Optat.
458 4990 677 5045 Milevit.
712 4992 806 5048 lib.
846 5007 919 5055 u;
953 4988 1179 5059 August.
1213 4993 1285 5046 De
1320 4993 1515 5047 haeres.
1545 4994 1610 5047 ad
1640 4992 1823 5059 Quod—

239 5008 426 5059 Uplal.
458 5008 677 5045 autem.
712 5008 806 5048 uo.
846 5008 919 5055 u;
953 5008 1179 5116 auguSL.
1213 5008 1285 5046 ue
1321 5008 1515 5047 haeres.
1545 5008 1610 5047 au
1640 5008 1817 5059 unou-

238 5060 518 5139 vultdeum
565 5062 760 5139 haeral
781 5103 795 5125 ,
847 5062 1003 5118 Cont.
1078 5062 1452 5139 it._Petil.__lib.
1486 5080 1548 5124 tt.
1577 5078 1695 5131 cap.
1726 5063 1817 5139 _5_l,

240 5136 311 5210 et.
344 5128 496 5210 alios
516 5132 880 5210 quamplures,
914 5149 1048 5202 quos
1077 5134 1268 5189 lubens
1297 5134 1462 5199 sileo,
1496 5150 1563 5190 ne
1594 5128 1821 5189 manife-

240 5198 383 5253 stior
413 5198 505 5251 liat
537 5198 722 5253 eorum
752 5198 987 5257 caecitas.

318 5267 452 5335 Quis
481 5270 645 5345 igitur
670 5270 974 5345 non__fac_iat
1013 5272 1180 5345 risum
1222 5274 1505 5345 plusquam
1547 5274 1823 5330 Democri-

245 5339 415 5415 ticum
448 5340 527 5415 r_de
556 5339 664 5415 illa
716 5341 938 5415 ridicula
982 5343 1136 5415 thesi
1186 5339 1388 5415 agitata
1427 5361 1456 5400 a
1510 5345 1818 5415 Germanis,

243 5410 420 5479 iisque
449 5410 770 5466 Lutlieranis
799 5426 942 5467 anno
973 5412 1134 5476 L520,
1165 5410 1248 5467 Αιὶ
1279 5414 1469 5468 Petrus
1501 5415 1680 5468 Roma:
1718 5414 1827 5482 fue-

243 5481 359 5533 rit?
408 5490 466 5535 ut
495 5491 735 5537 notatum
772 5493 855 5538 est
882 5485 933 5539 in
982 5484 1165 5541 Schol.
1198 5486 1428 5541 margin.
1460 5487 1525 5539 ad
1570 5486 1820 5539 abbatem

246 5501 357 5533 nu
408 5501 466 5535 ιιι
495 5501 735 5537 notatum
772 5501 855 5538 es:
882 5501 933 5539 in
982 5501 1165 5541 acnot.
1198 5501 1428 5554 margin.
1460 5501 1525 5539 au
1570 5501 1820 5539 annalem

246 5550 477 5621 Usperg.
515 5555 605 5608 ubi
644 5555 710 5608 de
756 5554 936 5611 Petro.
996 5557 1061 5610 Et
1106 5556 1223 5627 ejus
1267 5556 1483 5625 quidem
1538 5556 1824 5624 positionis

245 5631 534 5698 negantem
559 5634 761 5698 partem
779 5627 1087 5698 propugnat
1105 5629 1445 5698 impudenter
1464 5636 1517 5681 et
1541 5628 1631 5697 (de
1653 5628 1824 5696 more)

243 5689 386 5746 falSo
418 5689 654 5748 Joannes
698 5689 899 5752 Baleus'
934 5689 1138 5769 Knglus
1168 5689 1824 5769 Sudolvogius,‘peregri;

2002 4568 2170 4623 Porro
2201 4569 2466 4637 ipslssima
2510 4572 2636 4623 sunt
2672 4570 2785 4638 ejus
2831 4571 3013 4632 verba,
3056 4574 3300 4628 centuria

1934 4639 2133 4708 Script.
2166 4640 2409 4692 Britann.
2438 4655 2560 4709 pag.
2591 4641 2681 4704 16,
2705 4642 2833 4696 edit.
2866 4640 3031 4695 Basil.
3058 4642 3195 4696 l557
3227 4662 3239 4696 :
3273 4663 3291 4694 ε

1932 4726 2053 4765 cum
2086 4724 2152 4763 ex
2188 4708 2390 4781 Christi
2421 4708 2631 4781 Domini
2666 4710 2819 4778 jussu
2863 4727 2927 4765 ac
2966 4723 3236 4781 praecepto
3284 4714 3521 4770 circ‘um-

1929 4780 2151 4835 cisionis
2183 4780 2465 4849 aposwlus
2510 4780 2706 4848 fuerit,
2755 4782 2876 4838 Gal.
2911 4780 2981 4848 u,
3014 4780 3227 4851 aequum
3270 4783 3517 4852 profecto

1928 4867 2037 4906 non
2068 4860 2187 4927 erat
2214 4860 2304 4914 ut,
2344 4852 2543 4927 relicto
2577 4852 3101 4927 Judaaorumgrege,
3147 4853 3219 4927 25
3246 4854 3403 4927 annis
3434 4857 3521 4927 (ut

1928 4921 2201 4977 somniant
2233 4922 2483 4994 papistae)
2510 4927 2648 4990 apud
2672 4932 2860 4994 gentes
2892 4922 3299 4979 incircumcisas
3328 4921 3518 4983 Romae

1927 4994 2155 5065 sederet,
2195 5002 2289 5045 aut
2320 4993 2427 5047 illis
2459 4994 2741 5065 gentilium
2789 5007 2986 5065 regunt
3018 5006 3168 5065 more
3200 4994 3513 5065 imperaret.

1928 5063 1983 5117 In
2013 5061 2198 5117 Judaea
2226 5078 2356 5133 ergo
2392 5061 2726 5134 aclinitimis
2762 5061 3093 5134 regionibus,
3127 5061 3331 5119 Christi
3363 5082 3518 5121 nian-

1930 5136 2056 5189 dato
2084 5134 2380 5188 obstrictus
2411 5133 2729 5203 permansit,
2779 5133 3079 5203 praedicans
3122 5135 3175 5188 in
3223 5136 3517 5192 maritimis

1930 5152 2056 5189 aato
2084 5152 2380 5188 onmnctus
2445 5152 2729 5195 ermansu,
2779 5152 3079 5203 pl'lBOlcanS
3122 5152 3175 5188 ll]
3223 5152 3516 5192 maritimis

1930 5205 2156 5259 urbibus
2192 5152 2540 5273 Evangeiium
2574 5204 2723 5272 regni
2757 5204 2872 5269 Dei,
2901 5206 3041 5273 quod
3071 5215 3126 5259 et
3165 5207 3278 5273 ipsa
3312 5217 3516 5261 testan-

1930 5273 2317 5345 tur‘miracula
2346 5289 2465 5342 quae
2494 5273 2776 5345 per_illum
2809 5276 2949 5329 Dens
2988 5277 3335 5345 operabatur.
3378 5276 3517 5331 Nam

1928 5342 2128 5414 Lyddaa
2173 5340 2524 5415 pamlyticum
2571 5340 2795 5399 ZEneam
2842 5340 3062 5400 sanitati
3106 5347 3374 5415 restituit;
3409 5347 3519 5403 Ta-

1929 5411 2137 5468 bi'tham
2179 5411 2349 5482 Joppe
2378 5429 2409 5467 a
2438 5416 2664 5468 mortuis
2699 5416 2976 5470 excitavit.
3008 5417 3063 5469 ln
3092 5417 3341 5473 Caesarea
3360 5411 3514 5473 'Cor-

1929 5485 2149 5556 nelium_
2181 5482 2563 5539 Centurionem
2612 5486 2946 5555 baptizavit,
2993 5496 3156 5556 atque
3210 5488 3312 5541 alia
3360 5490 3519 5556 plura

1935 5555 2081 5611 fecit.
2118 5554 2249 5621 Quze
2293 5557 2474 5609 omnia
2509 5554 2787 5611 declarant
2825 5558 2973 5612 illum
3004 5554 3103 5612 nec
3142 5554 3384 5623 sedisse,
3415 5574 3520 5612 nec

1931 5636 2164 5752 {Trionem
2187 5625 2388 5684 obiisse
2415 5626 2620 5684 Romae.
2654 5628 2808 5683 Unde
2832 5628 2981 5700 Bapt.
3010 5628 3334 5685 Mantuanus
3366 5630 3418 5684 in
3454 5641 3512 5685 vt

1976 5708 2077 5752 ast.
2134 5712 2266 5752 Ιποο

1976 5708 2077 5752 ast.
2113 5708 2266 5752 Illll'O.

3378 4576 3517 4631 rima

3366 4655 3519 4700 etrus
