4028 6302
293 416 358 476 ῃ
882 457 884 459 ,
1561 404 1687 462 un.
1727 405 1869 472 nu

1976 402 2061 460 ετ.
2089 403 2149 458 v.
3503 379 3571 436 ιε

283 527 390 582 lica
419 523 734 580 informavit
759 520 1043 577 institutio.
1067 521 1358 586 Praeterea,
1410 520 1662 590 quamvis
1699 520 1870 574 moni—
1903 507 1950 564 Α

281 627 409 673 tore
432 629 537 671 non
561 628 744 684 egeas,
773 629 872 684 pro
896 610 1091 670 affectu
1111 623 1290 669 tamen
1315 627 1537 670 incutere
1563 621 1616 668 te
1641 611 1867 673 audebo.

283 721 348 767 ut
377 708 513 764 nihil
543 705 848 762 inconsulte
873 719 1026 776 agas,
1058 719 1160 760 nec
1183 703 1362 759 alieno
1408 704 1634 760 multum
1660 719 1689 758 a
1717 704 1872 760 nobis

281 799 534 864 consilio,
563 798 678 854 sive
708 797 762 851 id
792 796 1204 852 consecratione
1239 803 1328 850 tua
1355 796 1446 861 sit,
1479 795 1595 851 sive
1625 795 1682 852 in
1710 797 1872 851 rebus

284 889 542 945 Ecclesia:
576 886 768 942 dandis
806 893 903 940 aut
927 885 1224 950 mutandis,
1270 883 1390 940 ideo
1441 886 1585 954 quod
1624 884 1873 940 novimus

277 978 688 1034 sanctissimum
748 978 1206 1047 praedecessorem
1263 985 1413 1032 tuum
1479 975 1647 1032 multa
1697 977 1872 1046 primo

279 1072 548 1125 adventus
575 1069 662 1124 sui
710 1075 953 1138 tempore
995 1068 1309 1135 ordinasse,
1362 1083 1484 1138 quae
1525 1068 1682 1126 omni
1739 1077 1872 1124 tem-

275 1173 417 1229 pore
495 1158 839 1230 postmodum
903 1158 1007 1214 sibi
1081 1157 1429 1230 displicuere.
1509 1159 1648 1214 Sunt
1724 1160 1867 1214 enim

272 1251 464 1321 plures
515 1251 610 1320 qui
662 1249 810 1305 circa
864 1249 1289 1306 destructionem
1351 1250 1608 1308 Ecclesiae
1658 1264 1876 1320 semper

271 1343 679 1404 laboraverunt,
731 1340 822 1410 qui
880 1355 1030 1396 nunc
1060 1348 1254 1410 putant
1297 1355 1462 1410 quam
1511 1340 1746 1395 maxime
1815 1355 1874 1395 se

273 1440 624 1502 regnaturus,
661 1431 904 1486 dicentes
945 1439 998 1486 te
1035 1446 1162 1486 cum
1207 1431 1319 1487 Deo
1363 1445 1579 1502 semper
1600 1440 1870 1498 acturum,

267 1539 371 1578 rres
421 1522 680 1585 Ecclesia!
713 1537 826 1577 non
867 1529 1188 1578 curaturum
1217 1561 1234 1589 ,
1287 1523 1445 1594 quasi
1502 1536 1593 1578 res
1619 1521 1875 1578 Ecclesiae

267 1628 474 1669 .curare
503 1629 610 1668 non
635 1613 706 1668 sit
735 1629 858 1669 cum
888 1613 1000 1669 Deo
1027 1628 1212 1684 agere.
1255 1613 1384 1682 Sed,
1413 1614 1524 1671 Deo
1553 1613 1870 1680 auxiliante,

281 1720 408 1759 cum
437 1713 488 1759 te
509 1705 893 1774 cognoverint,
930 1706 1386 1776 quemadmodum
1424 1722 1546 1778 ego,
1596 1713 1727 1776 puto
1754 1706 1874 1761 illos

281 1811 440 1851 secus
467 1795 710 1852 dicturos
737 1811 803 1851 ac
841 1811 1119 1852 sensuros.
1152 1795 1270 1852 Jam
1301 1812 1446 1852 nunc
1476 1806 1661 1866 repeto
1690 1796 1870 1852 omni-

265 1887 382 1942 bus
412 1885 660 1942 medullis
689 1887 833 1957 quod
872 1888 1100 1958 promisi
1123 1887 1448 1953 salutando,
1490 1902 1656 1944 orans
1701 1889 1870 1944 lleum

269 1978 357 2031 .ita
379 1987 432 2032 te
455 1979 620 2033 rectis
639 1979 882 2034 consiliis
903 1980 1014 2049 agi,
1033 1987 1093 2032 ut
1119 1979 1287 2034 Deum
1314 1989 1462 2034 recta
1487 1979 1708 2037 consilia
1734 1979 1868 2036 dan-

269 2077 396 2122 .tem
425 2068 605 2124 valeas
636 2069 971 2138 promereri,
998 2069 1225 2125 Domine
1247 2070 1588 2126 sanctissime
1614 2111 1628 2138 ,
1658 2069 1872 2140 sapien-

262 2160 512 2227 tissime,
541 2169 596 2216 et
631 2175 796 2230 super
819 2175 1011 2216 omnes
1034 2162 1232 2217 animo.
1249 2162 1581 2219 dulcissime.

850 2319 1185 2395 EPISTOLA
1230 2321 1296 2380 tu

405 2445 676 2485 .GONDULFI
713 2445 952 2487 EPISCOPI
992 2448 1060 2487 ΔΙ)
1103 2449 1380 2491 ιιθΝΔςιιοε
1413 2450 1722 2492 Βεοςεκεεε.

352 2540 418 2594 Ut
445 2557 546 2596 non
576 2545 848 2599 tristentur
882 2545 947 2599 de
980 2556 1148 2615 erepto
1178 2547 1279 2601 sibi
1305 2547 1489 2602 abbate
1517 2548 1781 2603 Ansetmo.

352 2650 671 2707 Gonnuu'us
699 2654 871 2722 gratia
895 2653 987 2708 Dei
1017 2655 1282 2711 Rolfensis
1306 2657 1612 2728 episc0pus,
1637 2659 1870 2714 dnminis

278 2752 337 2798 et
366 2744 555 2799 amicis
583 2745 694 2799 suis
723 2746 1080 2810 charissimis,
1107 2747 1280 2802 servis
1310 2747 1432 2813 Dei,
1469 2748 1626 2802 Bccci
1673 2751 1858 2802 consi-

279 2837 569 2904 stentibus,
610 2837 844 2893 salutem
879 2847 933 2893 et
956 2837 1138 2894 fideles
1165 2839 1454 2892 orationes.

348 2925 686 2992 Cbarissimi,
711 2936 903 2982 vestra:
927 2927 1201 2982 dilectioni
1219 2927 1492 2997 cognitum
1506 2935 1588 2983 est
1609 2939 1870 2999 quantum

277 3017 534 3087 temporis
558 3017 628 3072 sit
673 3033 736 3072 ex
789 3032 897 3088 quo
949 3018 1176 3089 Anglica
1227 3018 1487 3074 Ecclesia
1517 3019 1737 3089 proprio
1786 3029 1870 3074 est

275 3108 464 3162 orbata
509 3116 563 3164 et
613 3109 868 3164 destituta
915 3118 1172 3179 pastore,
1219 3117 1384 3180 atque
1432 3110 1581 3164 omni
1642 3118 1866 3180 paterna

2552 505 2885 564 EPISTULA
2926 501 3014 558 ιγ.

2275 596 2501 636 Αδεεωη
2540 595 2607 634 ΔΙ)
2647 591 2921 632 NONACIIOS
2969 584 3276 628 BECCINSIS.

2013 677 2080 732 Ut
2110 676 2208 747 ipsi
2239 673 2554 747 Anse‘lmoet
2586 672 2709 747 regi
2733 670 2960 747 scribant
2990 661 3212 747 senultro
3239 659 3530 747 consentire

2045 733 2286 804 electioni
2309 744 2452 797 illius
2480 742 2534 796 in
2560 733 3011 809 archiepiscopum
3034 733 3491 790 Cantuariensem.

2046 836 2308 900 Dominis,
2341 843 2395 889 et
2432 831 2714 895 fratribus,
2743 838 2798 884 et
2819 827 2944 882 filiis
2969 823 3338 882 dilectissimis
3375 836 3567 877 mona-

1974 932 2094 988 chis
2117 927 2493 992 Beccensibns,
2517 922 2901 980 dilectissimus
2929 927 2984 974 et
3012 918 3176 973 abbas
3201 930 3390 973 eorum
3410 956 3424 979 ,
3457 913 3570 968 fra-

1977 1026 2056 1076 ter
2081 995 2396 1074 Ᾰμδειωυδε
2429 1015 2686 1072 continua
2725 1011 2819 1067 Dei
2854 1007 3222 1080 protectione,
3267 1016 3326 1063 et
3374 1019 3568 1062 conso-

1973 1112 2174 1169 latione
2206 1109 2458 1184 gaudere.

2045 1205 2199 1274 Quod
2230 1201 2508 1260 humiliter
2529 1213 2624 1271 per
2646 1197 2922 1254 dominum
2951 1190 3276 1248 Balduinum
3302 1197 3359 1246 et
3388 1189 3564 1244 domi-

1977 1311 2105 1351 num
2127 1294 2392 1350 Tcsoncm
2410 1288 2764 1362 petivistis,et
2785 1286 2830 1342 si
2851 1298 3089 1355 praesens
3114 1295 3311 1345 essem,
3336 1277 3567 1348 supplici

1976 1385 2262 1441 devotione
2279 1399 2373 1453 per
2389 1397 2485 1436 vos
2508 1378 2856 1450 petivissetis,
2874 1383 3100 1446 paterno
3117 1382 3172 1429 et
3195 1372 3282 1443 pio
3298 1369 3494 1426 affectu
3519 1369 3567 1400 ³⁸

1974 1477 2226 1533 omnibus
2265 1474 2603 1546 petentibus,
2633 1479 2693 1528 ut
2729 1470 2857 1525 filiis
2893 1466 3291 1533 dilectissimis,
3329 1462 3569 1520 concedo

1975 1571 2120 1641 quod
2144 1584 2210 1624 ex
2240 1583 2326 1623 me
2354 1575 2456 1632 est,
2482 1573 2537 1621 et
2559 1580 2655 1620 oro
2685 1564 2852 1620 Deum
2880 1569 2938 1616 ut
2982 1562 3096 1630 ipse
3135 1554 3566 1613 misericorditer

1955 1658 2405 1730 ‘concedatquod
2444 1671 2510 1712 ex
2538 1658 2655 1728 ipso
2689 1663 2792 1711 est.
2834 1653 2968 1710 Cum
3005 1653 3071 1707 de
3110 1658 3261 1707 sorte
3305 1648 3570 1716 archiepi-

1977 1762 2248 1825 scopatus,
2281 1766 2399 1822 quae
2425 1765 2588 1822 super
2614 1765 2702 1805 me
2730 1748 2912 1804 divina
2940 1746 3136 1802 cecidit
3156 1750 3162 1754 '
3183 1744 3567 1814 dispositione,

1900 1849 1951 1910 Β
1975 1847 2167 1916 loquor
2194 1842 2495 1907 vobiscum,
2533 1839 2691 1897 valde
2720 1839 2953 1894 alienum
2981 1846 3034 1892 et
3077 1851 3106 1890 a
3137 1851 3226 1891 me
3258 1843 3312 1890 et
3347 1849 3376 1888 a
3415 1832 3572 1888 vobis

1975 1937 2208 2002 videtur,
2249 1934 2292 1991 si
2335 1933 2710 1988 consideretur
2748 1940 2967 1986 mutuus
3013 1938 3197 1984 noster
3239 1925 3467 1982 aﬂ‘ectus
3498 1925 3568 1989 ”,

1973 2041 2060 2082 me
2085 2026 2236 2081 vobis
2265 2023 2387 2080 inde
2417 2023 2718 2086 consulere.
2763 2031 2820 2078 et
2871 2036 2966 2076 vos
3019 2034 3229 2076 mecum
3281 2017 3568 2074 consilium

1974 2116 2238 2185 accipere.
2269 2115 2324 2170 Si
2351 2116 2471 2184 quis
2499 2114 2809 2169 consideret
2833 2111 2957 2182 quia
2985 2109 3107 2181 plus
3137 2109 3248 2164 Deo
3272 2123 3434 2178 quam
3466 2121 3567 2161 no-

1973 2207 2305 2277 bismetipsis
2328 2206 2608 2272 debemus,
2644 2220 2749 2260 non
2779 2205 2830 2260 ei
2852 2204 3047 2259 mirum
3077 2201 3368 2265 videbitur,
3392 2200 3438 2255 si
3467 2213 3569 2269 ego

1973 2302 2027 2356 in
2059 2316 2219 2356 causa
2247 2301 2341 2356 Dei
2372 2299 2681 2356 commissis
2709 2299 2842 2354 mihi
2871 2297 2936 2351 ad
2963 2295 3352 2351 consulendum
3381 2334 3399 2359 ,
3432 2307 3568 2362 quos

1973 2391 2118 2448 nullo
2141 2391 2300 2447 modo
2319 2391 2522 2446 eisdem
2545 2390 2674 2461 ipsis
2694 2389 2944 2456 testibus,
2968 2402 2996 2440 a
3014 2395 3164 2442 recto
3184 2386 3306 2441 volo
3329 2386 3566 2448 deviare,

1948 2475 2195 2538 consulo
2223 2493 2416 2539 contra
2450 2496 2628 2538 meum
2654 2482 2700 2514 '°
2727 2489 2782 2535 et
2808 2480 3022 2534 illorum
3053 2477 3325 2541 affectum,
3373 2491 3570 2532 secun-

1970 2571 2098 2627 dum
2120 2574 2450 2628 voluntatem
2467 2574 2582 2629 Dei.
2609 2571 2991 2636 Benefecistis,
3015 2570 3139 2642 quia
3155 2569 3568 2626 concessionem

1971 2672 2209 2718 vestram
2237 2665 2366 2718 mihi
2398 2679 2495 2735 per
2525 2667 2712 2721 domn.
2740 2662 3008 2718 Tcsoncm
3040 2660 3364 2725 mandastis,
3395 2674 3568 2729 quani

1975 2752 2262 2820 doquidem
2303 2769 2392 2808 res
2441 2770 2540 2810 nec
2589 2769 2686 2824 per
2723 2769 2811 2809 me
2854 2769 2952 2809 vos
3001 2752 3199 2807 mutari
3239 2759 3444 2821 potest;
3473 2749 3569 2805 sed

1975 2840 2168 2897 melius
2205 2841 2439 2906 facietis,
2475 2843 2519 2896 si
2546 2857 2641 2911 per
2671 2844 2936 2911 epistolas
2968 2859 3133 2897 unam
3169 2842 3307 2912 regi,
3337 2842 3566 2895 alteram
3622 2889 3626 2896 .

1975 2933 2105 2986 mihi
2147 2933 2476 2988 mandabitis
2516 2933 2642 3003 quia
2675 2935 2820 3002 quod
2851 2933 2994 2988 Deus
3017 2933 3326 3002 dignabitur
3369 2933 3434 2986 de
3476 2945 3565 2984 mo

1973 3025 2282 3095 disponere,
2315 3033 2370 3081 et
2405 3026 2544 3081 idem
2581 3040 2675 3080 rex
2707 3035 2762 3080 et
2802 3038 2993 3079 omnes
3035 3026 3128 3094 qui
3169 3023 3381 3078 Domini
3433 3032 3566 3080 sunt

1973 3117 2227 3173 Ecclesiae
2284 3127 2482 3172 nostra:
2534 3115 2908 3172 ordinaverint
2963 3113 3261 3171 secundum
3310 3114 3563 3168 timorem

275 3199 513 3254 desolata
563 3199 950 3255 consolatione.
999 3199 1105 3255 Sed
1145 3201 1288 3256 Deus
1329 3200 1571 3270 ploratus
1591 3202 1869 3270 orpliano-

1976 3210 2091 3276 Dei,
2106 3220 2160 3266 ct
2186 3210 2624 3279 archiepiscopus
2649 3216 2832 3263 noster
2848 3206 3096 3279 religiosa
3119 3215 3174 3260 et
3193 3203 3566 3260 ecclesiastica

249 3297 252 3300 ’
277 3306 420 3359 rum,
448 3293 680 3364 gemitus
708 3302 763 3348 et
792 3293 1023 3364 suspiria
1056 3294 1316 3349 hactenus
1344 3293 1656 3364 longissima
1687 3294 1870 3349 vidua-

278 3395 438 3447 rum,
487 3395 678 3450 preces
738 3395 955 3452 quoque
1020 3381 1258 3437 fidelium
1305 3396 1527 3437 suorum
1575 3382 1868 3439 miseratus

275 3473 594 3538 exaudiens,
619 3474 832 3529 tandem
857 3489 951 3529 sua
973 3473 1148 3544 gratia
1163 3489 1282 3530 eam
1304 3474 1632 3530 consolando
1646 3475 1868 3532 visitare

276 3563 527 3634 dignatus
577 3575 678 3620 est.
724 3566 897 3636 Ipsius
954 3581 1187 3637 namque
1233 3566 1577 3621 inenarrabili
1626 3569 1865 3637 potentia

276 3664 559 3724 operante,
596 3657 741 3710 dedit
770 3656 1031 3712 Dominus
1057 3666 1242 3711 noster
1283 3671 1378 3711 rex
1418 3656 1713 3728 Anglorum
1738 3674 1867 3713 con-

277 3747 401 3802 silio
427 3756 480 3801 et
519 3758 707 3816 rogatu
733 3748 1036 3819 principum
1069 3763 1291 3803 suorum
1317 3789 1331 3813 ,
1382 3748 1511 3803 cleri
1557 3764 1772 3819 quoque
1811 3759 1867 3806 et

240 3897 242 3899 ,
277 3839 458 3908 populi
479 3840 738 3910 petitione
767 3849 823 3894 et
849 3839 1132 3908 electione,
1159 3839 1377 3896 doniino
1403 3839 1585 3895 abbati
1611 3840 1866 3898 Anscltno

276 3928 683 3986 Cantuariensis
704 3931 958 3987 Ecclesia:
979 3931 1445 4002 gubernationem.
1475 3931 1626 3999 Quod
1649 3935 1864 4003 quidem

277 4017 520 4086 piissima
551 4018 645 4074 Dei
683 4021 997 4090 operatione
1042 4032 1097 4076 et
1131 4021 1471 4078 ordinatione
1514 4021 1715 4078 factum
1746 4039 1867 4082 esse

277 4122 385 4163 non
421 4109 642 4165 dubium
668 4121 769 4165 est.
803 4112 918 4180 Qua
951 4121 1171 4183 propter
1196 4113 1474 4168 humiliter
1524 4115 1864 4181 mandamus,

277 4206 334 4252 et
381 4199 730 4254 vehementer
781 4217 1101 4271 precamur,
1161 4213 1220 4258 ut
1259 4203 1458 4258 fratres
1493 4204 1864 4272 charissimos,

275 4298 546 4360 quatenus
561 4305 772 4348 omnem
803 4293 1074 4349 tristitiam
1105 4293 1189 4350 vel
1209 4294 1389 4351 cordis
1421 4294 1864 4366 indignationem,

277 4381 451 4464 siqua
475 4391 580 4448 est,
613 4382 972 4455 deponentes,
999 4385 1194 4440 divinae
1219 4385 1503 4451 voluntati,
1536 4387 1861 4457 operationi,

274 4479 330 4526 et
359 4472 620 4527 bonorum
648 4473 889 4530 virorum
919 4474 1169 4532 electioni
1197 4491 1554 4556 nequaquam.
1575 4477 1860 4548 resistatis,

1971 3301 2181 3355 ratione
2201 3301 2448 3369 jusserit,
2477 3309 2532 3354 et
2561 3299 2693 3354 mihi
2719 3298 3011 3364 videbitur,
3043 3297 3233 3353 humili
3283 3297 3566 3353 devotione

1968 3401 2188 3461 propter
2211 3390 2460 3446 timorem
2483 3389 2577 3445 Dei
2607 3388 2926 3456 conceditis,
2954 3397 3011 3444 et
3038 3404 3126 3444 me
3153 3388 3264 3444 Deo
3296 3397 3352 3443 et
3375 3386 3564 3442 Eccle-

1969 3481 2063 3536 siae
2092 3482 2208 3551 ejus
2257 3481 2613 3537 committitis.
2655 3481 2767 3535 lloc
2809 3489 3043 3545 retento,
3073 3489 3154 3546 ut,
3209 3481 3260 3534 in
3302 3489 3562 3550 quantum
3616 3537 3620 3541 ,

1968 3574 2226 3644 possibile
2265 3573 2416 3628 vobis
2451 3573 2576 3638 erit,
2607 3581 2793 3626 nostro
2823 3587 3036 3643 semper
3057 3571 3332 3634 fruamini,
3369 3585 3562 3641 quam-

1969 3661 2057 3716 diu
2092 3662 2290 3725 vivam,
2322 3660 2573 3716 consilio.
2606 3661 2717 3716 lloe
2747 3661 2992 3730 consulo,
3023 3662 3128 3717 hoc
3157 3661 3346 3717 hortor
3373 3704 3386 3728 ,
3433 3659 3562 3732 quia

1969 3753 2047 3808 sic
2071 3763 2285 3823 oportet
2313 3753 2453 3818 ﬁeri,
2497 3763 2558 3808 ut
2587 3762 2641 3809 et
2685 3769 2780 3809 vos
2811 3755 2929 3824 plus
2959 3753 3223 3809 voluntati
3264 3753 3358 3809 Dei
3394 3769 3559 3824 quam

1968 3851 2162 3898 vestrae
2183 3843 2425 3900 subditos
2448 3859 2566 3901 esse
2591 3846 2912 3912 ostendatis;
2930 3855 2983 3899 et
3008 3845 3148 3914 regis
3173 3844 3562 3914 gratiamque:

1967 3937 2121 3992 vobis
2145 3939 2454 3994 necessaria
2485 3946 2587 4005 est,
2619 3939 2736 3993 sine
2764 3939 2908 3993 omni
2950 3938 3225 4008 prolicuo,
3270 3938 3380 3992 imo
3433 3947 3557 3991 cum

1969 4027 2166 4083 damno
2183 4029 2416 4084 maximo
2439 4045 2544 4084 non
2561 4029 2818 4098 perdatis,
2845 4037 2900 4083 et
2923 4037 3156 4082 mentem
3174 4041 3348 4110 meam
3377 4025 3562 4080 multis

1968 4118 2235 4173 molestiis
2263 4130 2552 4180 onustam,
2596 4120 2934 4174 onustiorem
2990 4119 3330 4175 dissensione
3377 4129 3558 4178 vestra

1969 4223 2075 4262 non
2118 4209 2352 4265 faciatis.
2381 4209 2684 4266 Comitissa:
2731 4211 3148 4279 Lermendensi,
3202 4228 3322 4284 qua:
3349 4213 3417 4269 ad
3448 4228 3546 4270 vos

1969 4299 2121 4366 venit
2144 4298 2211 4366 ",
2252 4308 2308 4354 ut
2338 4299 2542 4367 audivi,
2570 4301 2717 4375 larga
2747 4311 2802 4358 et
2824 4303 3057 4376 benigna
3078 4303 3357 4362 voluntate
3387 4306 3558 4361 bono-

1967 4389 2119 4448 rifice
2161 4393 2411 4449 omnibus
2445 4395 2654 4460 modis,
2704 4396 2903 4466 quibus
2936 4396 3163 4466 potestis
3187 4437 3202 4463 ,
3257 4396 3555 4453 secundum

1966 4483 2297 4539 voluntatem
2332 4483 2448 4554 ejus
2473 4485 2691 4541 servile.
2720 4486 2954 4542 Grandis
2982 4488 3128 4544 enim
3170 4494 3351 4543 vester
3379 4487 3557 4544 honor

275 4561 371 4617 sed
413 4562 523 4617 Deo
575 4565 778 4635 gratias
816 4574 1038 4636 agentes
1063 4610 1078 4637 ,
1128 4567 1272 4639 quod
1308 4566 1506 4623 factum
1559 4577 1693 4637 est,
1739 4584 1862 4625 cum
1893 4588 1940 4643 ι)
1965 4583 2066 4641 est,
2099 4585 2151 4630 et
2192 4574 2419 4629 multum
2450 4576 2552 4630 hoc
2579 4586 2779 4631 nostra:
2806 4576 3147 4647 profuturum
3172 4587 3252 4634 est
3278 4577 3554 4645 Ecclesiae,

272 4653 472 4721 gaudio
527 4665 582 4709 et
639 4655 779 4710 bona
837 4655 1113 4712 voluntate
1173 4659 1504 4714 concedatis.
1553 4659 1652 4715 Est
1694 4661 1860 4717 etiam

273 4743 417 4799 aliud
440 4747 582 4816 quod
609 4764 703 4804 vos
725 4748 894 4805 latere
921 4767 1026 4807 non
1042 4751 1224 4807 debet.
1250 4752 1499 4822 lmpediri
1531 4755 1745 4823 quidem
1777 4769 1879 4812 res

272 4837 376 4892 ista
407 4836 653 4894 fortassis
676 4841 741 4895 ad
771 4850 980 4912 tempus
1005 4852 1206 4914 potest,
1237 4844 1458 4900 omnino
1481 4853 1662 4900 autem
1688 4861 1864 4901 rema-

272 4947 404 4987 nere
441 4933 586 4989 nullo
628 4936 786 4991 modo
821 4945 1017 5007 potest.
1065 4936 1265 4994 Verum
1309 4939 1454 4994 enim
1507 4939 1630 4995 dico
1672 4939 1861 5006 vobis,

272 5022 466 5078 notitia
495 5033 550 5078 et
576 5026 860 5081 consilium
899 5028 1058 5099 hujus
1085 5029 1165 5084 rei
1201 5029 1428 5085 multum
1475 5031 1771 5101 processit,
1795 5038 1862 5087 'et

274 5113 392 5167 sine
407 5115 567 5170 dubio
589 5133 758 5188 usque
778 5121 844 5175 ad
868 5121 1051 5177 sedem
1082 5120 1433 5191 apostolicam
1451 5119 1561 5190 jam
1590 5123 1855 5191 pervenit.

274 5204 500 5261 Utimini
532 5209 694 5276 igitur
721 5213 948 5279 sapienti
994 5215 1252 5281 consilio,
1298 5225 1353 5270 et
1399 5230 1498 5285 per
1536 5215 1856 5270 charitatem

272 5298 437 5355 facite
477 5300 596 5355 sine
618 5300 910 5369 dilatione,
941 5306 1083 5374 quod
1119 5310 1446 5377 quandoque
1484 5307 1676 5364 facturi
1725 5306 1859 5362 estis

273 5391 389 5449 sine
415 5395 767 5454 dubitatione.
804 5396 1008 5454 Valete.

1964 4668 2106 4724 sicut
2127 4683 2307 4740 spero;
2338 4668 2482 4725 illam
2507 4684 2576 4724 ex
2601 4680 2785 4726 nostra
2807 4681 2964 4740 parte
2985 4672 3216 4728 dulciter
3238 4671 3470 4727 salutate
3488 4671 3554 4725 ⁸⁸.

1965 4759 2172 4818 Valete.

2425 4854 2588 4930 365
2635 4854 2972 4913 EPISTOLA
3019 4855 3087 4911 v.

2429 4965 2650 5005 osseum
2679 4965 2746 5004 an
2776 4963 3085 5022 assstnuu.

2231 5041 2301 5096 Ut
2336 5041 2584 5097 acceleret
2613 5058 2764 5096 suam
2794 5041 3271 5111 inauguratiouem.

2036 5134 2263 5189 Domino
2299 5133 2666 5195 sanctissimo,
2697 5131 2844 5186 Patri
2874 5131 3209 5198 dulcissimo,
3233 5131 3346 5203 jam
3381 5146 3552 5196 nunc,

1964 5225 2106 5294 quod
2141 5240 2248 5280 non
2279 5223 2398 5279 sine
2439 5219 2817 5292 desperatione
2842 5220 2996 5286 dico,
3033 5221 3329 5292 Anglorum
3359 5220 3547 5274 archi-

1963 5316 2214 5383 episcopo
2243 5315 2516 5380 Anssuo,
2549 5327 2736 5369 servus
2768 5321 2824 5369 et
2871 5312 3013 5369 filius
3059 5327 3190 5368 suus
3217 5310 3498 5367 Osssnnus
3526 5327 3539 5364 :

1963 5401 2167 5459 salutes
2194 5402 2338 5458 luctu
2371 5411 2428 5458 et
2456 5403 2712 5475 lacrymis
2737 5403 2943 5474 plenas.

1554 5598 1784 5658 VARIE
1818 5597 2226 5656 LECTIONES.

344 5714 400 5747 ”‘
428 5716 494 5772 Et
532 5731 640 5792 pro
670 5717 878 5792 _atl‘ectu
910 5737 1010 5775 nis.
1041 5729 1096 5777 et
1131 5722 1219 5792 pio
1255 5717 1447 5778 affectu
1521 5723 1566 5757 ὀ
1593 5719 1784 5792 vester
1813 5714 2040 5774 affectus
2074 5734 2172 5792 ms.
2207 5723 2390 5792 noster
2424 5715 2655 5792 affectus
2729 5717 2774 5752 ³⁸
2810 5715 2967 5777 Circa
3016 5729 3199 5774 meum
3221 5727 3320 5770 ms.
3350 5709 3569 5770 contra.

275 5799 454 5840 meum
530 5787 574 5819 "
601 5787 685 5843 Ad
711 5803 810 5845 nos
831 5792 1094 5847 venit‘ms.
1129 5787 1194 5848 ad
1216 5807 1310 5849 vos
1341 5792 1488 5848 venit
1563 5793 1606 5826 ³¹
1639 5790 1882 5848 Salutate
1905 5806 2004 5845 ms.
2037 5787 2287 5846 salutate.
2343 5788 2550 5846 Valete.
