4028 6302
302 381 371 437 21
1627 375 1754 433 LIB.
1795 374 1882 443 Ill,
1921 372 2137 431 EPIST.
2166 374 2289 431 Vl]-
3011 400 3018 435 τ
3508 365 3581 423 22

310 496 475 555 dilexi
524 493 635 550 Deo
676 500 727 548 et
774 491 947 559 vobis,
996 499 1059 545 et
1088 491 1353 561 meipsmn
1392 489 1564 555 vobis,
1609 503 1771 560 quam
1802 505 1898 547 vos
1924 508 1972 570 Α
2000 490 2312 549 obedientia
2353 496 2407 544 et
2448 488 2735 554 clraritate,
2785 502 2919 559 quas
2966 492 3287 558 propter-te,
3317 491 3579 555 quantum

312 590 447 645 mibi
474 590 590 643 sive
618 585 1008 657 prrelationem,
1042 594 1138 639 aut
1177 583 1623 648 dominationem,
1656 591 1748 638 aut
1774 598 1899 654 pos-

312 679 614 740 sessionem
680 686 974 737 terrenam,
1036 690 1172 744 quas
1234 676 1503 730 habebam
1562 688 1661 744 pro
1723 675 1897 730 vobis.

312 770 677 839 Quamobrem
709 768 828 837 plus
854 783 938 822 me
986 776 1177 838 gravat
1198 774 1382 822 vestra
1417 766 1637 821 tristitia
1673 767 1739 822 de
1760 781 1896 836 qua-

313 853 601 930 licunque,
643 859 687 913 si
736 854 876 928 apud
931 874 1027 913 vos
1072 866 1177 924 est,
1222 858 1327 912 mei
1366 857 1686 926 indigentia,
1737 872 1899 928 quam

313 967 402 1008 me
423 951 733 1007 consoletur
757 950 935 1019 aliqua
955 942 1169 1004 terrena
1195 949 1572 1004 celsitudo'vel
1599 949 1895 1019 opulentia.

314 1043 455 1098 Ecce
485 1057 632 1097 nunc
675 1042 728 1096 in
758 1040 858 1095 bac
890 1041 1004 1109 ipsa
1049 1039 1343 1104 locutione,
1372 1053 1476 1109 qua
1519 1038 1670 1093 vobis
1701 1039 1901 1094 absens

310 1134 504 1205 loquor
534 1134 823 1199 dictando,
879 1140 1044 1187 testes
1086 1131 1217 1185 mihi
1264 1140 1390 1186 sunt
1437 1130 1711 1201 lacrymte,
1763 1144 1899 1200 quas

310 1226 596 1282 continere
622 1232 896 1295 nequeunt
919 1222 1059 1278 oculi
1092 1224 1219 1289 mei,
1245 1230 1301 1276 et
1326 1222 1434 1277 vim
1465 1222 1598 1277 mihi
1636 1221 1900 1277 facientes

312 1316 585 1387 singultus
614 1302 853 1385 gutturis
900 1301 1008 1369 mei
1050 1306 1375 1369 inundantes
1415 1328 1445 1367 a
1476 1313 1677 1383 gemitu
1719 1312 1901 1368 cordis

314 1412 446 1476 mei,
465 1409 787 1472 obturantes
803 1417 859 1462 et
880 1406 1324 1477 iuterrumpendo
1348 1400 1626 1460 tardantes
1646 1406 1898 1475 scriptori

311 1503 483 1557 verba
514 1502 626 1556 oris
654 1500 780 1555 mei.
814 1499 1074 1567 Quamvis
1102 1500 1212 1553 sint
1240 1497 1483 1567 quidam,
1514 1506 1570 1550 ut
1590 1496 1772 1561 audio,
1807 1497 1898 1566 qui

314 1602 495 1647 autem
545 1592 673 1654 sint,
720 1590 862 1644 Deus
891 1591 982 1654 sit,
1029 1589 1121 1658 qui
1167 1597 1260 1641 aut
1303 1586 1513 1658 ﬁngunt
1542 1586 1902 1652 malitia,aut

312 1682 659 1752 suspicantur
681 1693 903 1745 errore,
942 1687 1038 1733 aut
1080 1687 1348 1749 coguntur
1376 1676 1558 1732 dicere
1606 1676 1901 1732 indiscrete

310 1772 528 1835 dolore,
581 1773 727 1843 quod
780 1772 957 1840 magis
1018 1771 1203 1825 trahar
1246 1769 1313 1824 ad
1371 1769 1900 1839 archiepiscopatum

311 1865 506 1919 vitiosa
532 1865 850 1934 cupiditate,
877 1870 1038 1933 quam
1063 1862 1284 1933 cogar“
1308 1862 1557 1931 religiosa
1583 1861 1897 1916 necesitate.
1933 1851 1974 1909 B

313 1954 523 2020 Quibus
556 1946 1044 2022 nescio‘quomo‘do
1068 1953 1273 2023 possim
1306 1951 1639 2021 persuadere
1669 1964 1790 2019 quas
1831 1951 1901 2005 sit

315 2044 370 2098 in
399 2043 502 2097 hac
550 2058 608 2098 re
637 2043 976 2098 conscientia
1014 2056 1155 2110 mea,
1194 2042 1240 2097 si
1277 2041 1383 2097 illis
1429 2056 1536 2095 non
1565 2040 1898 2096 satisfacit“

311 2136 425 2191 vita
467 2143 520 2191 et
564 2135 729 2208 366
759 2136 1103 2191 conservatio
1149 2148 1289 2189 mea.
1340 2132 1432 2188 Sic
1464 2132 1608 2187 enim
1654 2133 1761 2188 vixi
1783 2132 1898 2201 jam

310 2241 411 2297 per
464 2226 685 2296 triginta
738 2236 852 2282 tres
904 2239 1077 2281 annos
1130 2224 1182 2279 in
1236 2223 1422 2279 habitu
1472 2224 1794 2279 monachico
1828 2224 1895 2290 ⁸⁸,

312 2317 494 2372 tribus
533 2317 744 2372 scilicet
777 2317 895 2373 sine
926 2316 1269 2386 praelatione,
1302 2314 1610 2385 quindecim
1656 2315 1711 2369 in
1756 2316 1899 2386 prio-

310 2418 456 2476 ratu,
492 2402 715 2465 totidem
748 2410 801 2463 in
850 2408 1067 2463 abbatia
1111 2408 1290 2471 annis,
1331 2416 1391 2461 ut
1419 2422 1609 2463 omnes
1642 2407 1767 2463 boni
1812 2423 1899 2462 me

310 2498 611 2567 deligerent
642 2492 852 2568 quifme
879 2507 1162 2565 noverunt,
1195 2512 1302 2552 non
1329 2512 1448 2552 mea
1480 2498 1772 2562 industria,
1800 2498 1898 2552 sed

311 2591 487 2660 gratia
521 2590 615 2645 Dei
642 2589 907 2655 faciente,
938 2598 993 2644 et
1028 2590 1202 2659 magis
1236 2586 1319 2642 illi
1347 2589 1439 2656 qui
1477 2602 1565 2653 me
1592 2589 1822 2642 interius
1844 2596 1901 2643 et

313 2680 639 2735 familiarius
678 2691 992 2745 noverunt;
1025 2695 1125 2734 nec
1170 2681 1367 2748 aliquis
1402 2680 1459 2733 in
1500 2693 1585 2733 me
1628 2680 1836 2734 videret
1854 2680 1898 2711 ⁸⁷

316 2771 543 2841 aliquod
576 2784 733 2839 opus,
764 2770 907 2824 unde
934 2784 1021 2823 me
1057 2769 1376 2840 praelatione
1423 2768 1678 2824 delectari
1705 2783 1904 2838 cogno-

313 2873 513 2918 sceret.
572 2861 712 2928 Quid
758 2876 890 2932 ergo
947 2862 1185 2916 faciam?
1243 2862 1524 2929 Quomodo
1582 2860 1904 2931 propulsabo

312 2963 368 3007 et
410 2952 752 3022 exstinguam
794 2951 938 3007 hanc
986 2951 1181 3005 falsam
1232 2960 1287 3005 et
1331 2936 1585 3006 oilibilem
1636 2948 1903 3018 suspicio-

312 3058 460 3109 nem,
502 3057 569 3098 ne
620 3043 906 3098 animabus
933 3057 1120 3098 eorum
1174 3052 1372 3098 noceat
1415 3043 1507 3112 qui
1551 3056 1637 3097 me
1680 3050 1903 3112 propter

314 3137 485 3193 Deum
534 3135 866 3208 diligebant,
919 3135 1243 3191 cbaritate‘m
1282 3135 1390 3191 illis
1436 3134 1757 3200 minuendo;
1808 3142 1903 3188 aut

314 3244 504 3284 eorum
528 3229 729 3298 quibus
757 3228 1133 3299 qualecunque
1162 3228 1446 3284 consilium
1476 3230 1568 3282 aut
1594 3228 1899 3298 exemplum

314 3322 605 3391 parvitatis
634 3323 894 3392 prodesse
935 3330 1170 3393 poterat,
1205 3337 1291 3377 me
1321 3320 1557 3392 pejorem
1596 3337 1757 3392 quam
1799 3321 1901 3377 sim

314 3416 421 3471 illis
472 3416 877 3486 persuadendo;
931 3424 1023 3471 aut
1069 3417 1234 3471 etiam
1284 3415 1473 3470 borum
1507 3425 1562 3471 et
1601 3415 1831 3470 aliorum
1856 3414 1903 3447 “

314 3507 409 3576 qui
444 3521 530 3562 me
577 3522 684 3561 non
735 3516 1004 3562 noverunt
1033 3516 1088 3561 et
1124 3508 1228 3562 hoc
1260 3507 1507 3573 audient,
1557 3507 1760 3562 malum
1797 3506 1901 3562 illis

314 3598 623 3673 exemplum
647 3602 693 3634 "
722 3592 1105 3672 proponendo?
1134 3603 1309 3667 Deus,
1343 3610 1397 3656 tu
1426 3602 1517 3671 qui
1559 3602 1738 3656 omnia
1762 3601 1898 3668 scis,

315 3707 425 3747 non
456 3707 542 3747 me
584 3678 826 3764 justiﬁco
857 3685 1153 3748 secundum
1195 3707 1422 3747 examen
1456 3692 1686 3748 districti
1713 3693 1901 3763 judicii

314 3785 416 3852 tui,
451 3786 575 3854 quia
609 3786 697 3843 ille
727 3803 955 3859 magnus
982 3790 1271 3860 Apostolus
1307 3801 1449 3858 tuus,
1482 3791 1573 3862 qui
1600 3792 1780 3846 dicere
1806 3805 1902 3862 po-

314 3877 415 3930 tttit
442 3894 454 3931 :
477 3874 630 3932 Nihil
654 3879 782 3933 milii
809 3880 1047 3935 conscius
1075 3898 1188 3936 sum
1218 3880 1267 3951 (Ι
1290 3878 1413 3935 Cor.
1439 3896 1515 3948 tv,
1539 3880 1617 3949 4),
1648 3895 1769 3937 cum
1798 3880 1899 3937 hoc

315 3969 566 4037 dixisset,
597 3972 836 4028 subdidit
870 3988 885 4028 :
921 3974 1028 4030 Sed
1063 3990 1165 4028 non
1194 3976 1248 4029 in
1276 3975 1372 4029 hoc
1404 3975 1733 4046 justiﬁcatus
1762 3990 1896 4040 sum,

313 4060 406 4126 qui
436 4070 608 4114 autem
634 4061 843 4130 judical
875 4080 956 4117 me
992 4064 1250 4119 Dominus
1281 4074 1379 4118 est.
1410 4066 1477 4118 Et
1514 4065 1597 4119 vir
1647 4064 1737 4119 ille
1764 4064 1898 4120 sim-

312 4150 439 4218 plex
469 4160 525 4205 et
552 4160 753 4218 rectus,
779 4154 979 4207 timens
1004 4155 1171 4208 Deum
1195 4164 1250 4208 et
1278 4156 1537 4210 recedens
1560 4170 1591 4208 a
1621 4154 1785 4220 malo,
1814 4154 1901 4209 cui

317 4247 371 4292 te
401 4238 519 4306 ipso
546 4248 698 4303 teste,
728 4256 833 4294 non
862 4250 979 4295 erat
1007 4242 1201 4297 similis
1230 4243 1281 4297 in
1312 4252 1478 4310 terra,
1505 4244 1659 4307 dixit,
1692 4243 1903 4298 verebar

314 4330 493 4383 omnia
532 4346 689 4399 opera
717 4324 831 4385 meo
863 4332 984 4402 (Job
1014 4349 1063 4387 ut
1085 4376 1099 4400 ,
1128 4332 1220 4405 28)
1247 4349 1261 4388 :
1295 4335 1388 4391 sed
1431 4336 1727 4391 secundum
1759 4335 1901 4406 quod

314 4419 495 4472 anima
544 4434 662 4474 mea
695 4423 1104 4491 comprehendit
1147 4426 1533 4481 conscientiam
1585 4441 1759 4491 suam,
1807 4439 1901 4481 co-

1984 584 2221 649 dedisti,
2249 581 2371 637 volo
2396 581 2693 645 custodire,
2723 580 2902 649 potius
2926 580 3180 650 eligerem
3210 580 3310 634 sub
3336 577 3579 648 praelato,

2003 677 2144 732 sicut
2168 673 2501 737 'monacbus,
2536 674 2742 727 servire
2774 682 2830 727 et
2859 674 3098 739 obedire,
3133 681 3187 727 et
3217 672 3285 727 ab
3321 671 3425 726 illo'
3449 686 3582 725 con-

2002 767 2184 821 silium
2218 765 2415 819 animre
2444 778 2578 818 meae
2608 773 2661 818 et
2696 764 3003 818 necessaria
3033 763 3278 833 corporis
3306 762 3410 817 mei
3441 760 3582 817 acci-

2001 874 2158 929 pere,
2190 873 2352 928 quam
2392 856 2512 911 aliis
2548 854 2856 910 hominibus
2884 856 3148 910 dominari
3190 865 3285 909 aut
3327 867 3581 924 praeesse,

2001 952 2116 1007 sive
2142 950 2211 1006 ad
2244 949 2550 1003 animarum
2581 946 3046 1019 gubernationem,
3084 946 3197 1000 sive
3224 945 3290 1000 ad
3321 958 3582 1014 corpora-

2001 1043 2108 1098 lem
2134 1041 2611 1105 sustentationem,
2645 1048 2739 1094 aut
2765 1050 3010 1094 terrenas
3032 1037 3247 1093 divitias
3284 1038 3581 1109 possidere.

2002 1136 2082 1193 Tu
2110 1136 2284 1201 vides,
2324 1143 2379 1191 et
2424 1144 2480 1189 tu
2528 1142 2646 1189 esto
2687 1133 2842 1188 testis
2878 1146 3051 1198 meus,
3097 1130 3245 1201 quia,
3276 1130 3417 1185 sicut
3463 1144 3583 1185 mea

2002 1229 2133 1283 mihi
2179 1226 2509 1283 conscientia
2556 1225 2716 1290 dicit,
2766 1224 2950 1279 nescio
2998 1221 3267 1293 quomodo
3324 1234 3410 1274 me
3467 1220 3585 1274 sine

2002 1332 2226 1393 peccato
2260 1320 2463 1391 possim
2494 1319 2743 1375 evolvere
2772 1319 2842 1373 ab
2883 1318 2987 1373 hac
3022 1331 3107 1373 me
3141 1314 3456 1386 eligentium
3498 1313 3584 1368 in-

2005 1413 2282 1477 tentione;
2312 1421 2369 1466 et
2412 1410 2540 1481 quia
2585 1410 2749 1465 timor
2796 1419 2938 1476 tuus,
2976 1416 3033 1464 ct
3073 1408 3343 1474 charitas,
3375 1413 3431 1461 et
3456 1404 3586 1460 obe.

2003 1505 2239 1569 dientia,
2283 1517 2419 1575 quas
2452 1502 2547 1557 tibi
2577 1510 2631 1557 et
2663 1501 2922 1558 Ecclesia:
2961 1510 3065 1556 tua:
3107 1500 3317 1565 debeo,
3363 1511 3451 1552 me
3494 1510 3587 1551 co-

2002 1606 2156 1668 gunt,
2201 1613 2289 1653 me
2331 1597 2523 1670 ligant,
2550 1602 2610 1648 ut
2637 1608 2745 1649 non
2773 1594 2999 1649 audeam
3029 1590 3297 1661 religiosis
3334 1588 3587 1659 precibus

2002 1701 2214 1753 eorum,
2252 1694 2307 1741 et
2346 1699 2541 1756 magno
2586 1684 2727 1739 sicut
2775 1682 2905 1738 mihi
2951 1681 3264 1744 ostendunt,
3316 1676 3588 1735 desiderio

2005 1778 2358 1847 pertinaciter
2393 1776 2789 1832 contradicere.
2816 1774 3063 1837 Domine,
3094 1772 3139 1828 si
3163 1770 3300 1829 fallit
3335 1786 3422 1826 me
3455 1786 3589 1826 cou-

2003 1867 2227 1921 scientia
2256 1882 2397 1933 mea,
2433 1866 2663 1921 ostende
2694 1864 2824 1919 mihi
2854 1864 3119 1933 meipsum
3148 1870 3205 1916 et
3235 1860 3447 1932 corrige
3479 1874 3587 1925 tne,

2003 1967 2057 2015 et
2097 1960 2262 2029 dirige
2304 1960 2359 2013 in
2401 1968 2675 2028 conspectu
2713 1966 2802 2011 tuo
2846 1957 2983 2010 viam
3023 1970 3191 2009 meum
3219 1950 3396 2024 (Psal.
3422 1968 3477 2021 ν,
3508 1952 3586 2023 9).

1978 2049 2069 2104 Et
2097 2050 2211 2104 sive
2252 2050 2385 2104 mihi
2426 2049 2663 2120 placeat,
2700 2056 2758 2103 ut
2787 2048 2930 2117 Quod
2958 2048 3234 2115 inceptum
3272 2054 3357 2101 cst
3386 2044 3451 2099 ab
3493 2046 3591 2101 ho-

2001 2141 2239 2196 minibus
2269 2141 2335 2196 de
2365 2140 2467 2195 hac
2489 2142 2532 2172 ⁵¹
2565 2155 2682 2195 mea
2716 2139 2981 2195 electione
3011 2137 3130 2203 fiat,
3177 2137 3293 2192 sive
3319 2137 3501 2208 potius
3534 2146 3594 2192 ut

2000 2248 2107 2288 non
2132 2232 2247 2300 fiat,
2278 2232 2457 2287 Deduc
2486 2248 2566 2286 me
2587 2231 2640 2285 in
2668 2232 2750 2287 via
2780 2238 2872 2285 tua
2890 2271 2904 2296 ,
2926 2238 2972 2284 et
3004 2228 3275 2300 ingrediar
3297 2229 3351 2282 in
3378 2228 3592 2283 veritate

1999 2334 2090 2380 tua
2121 2323 2295 2394 (Psal.
2326 2340 2525 2389 Lxxxv,
2559 2325 2669 2395 Η).
2704 2322 2951 2389 Domine,
2993 2329 3050 2377 tu
3081 2320 3253 2384 vides,
3289 2320 3430 2374 sicut
3453 2318 3589 2382 dixi,

2000 2415 2387 2472 conscientiam
2414 2415 2631 2487 lineam,
2666 2424 2722 2469 tu
2765 2423 2883 2479 esto
2922 2411 3053 2468 mihi
3086 2410 3241 2466 testis
3276 2410 3343 2465 ad
3376 2424 3469 2466 eos
3499 2410 3593 2480 qui

2000 2509 2163 2564 aliter
2196 2511 2263 2564 de
2305 2521 2393 2563 me
2422 2508 2818 2578 suscipiantur;
2862 2515 2917 2561 et
2951 2505 3178 2560 ostende
3209 2504 3317 2559 illis
3345 2518 3489 2567 eam,
3524 2519 3594 2556 ne

2000 2599 2199 2655 laedant
2223 2615 2354 2655 snas
2385 2609 2479 2655 aut
2507 2600 2735 2655 aliorum
2769 2598 2997 2664 animas,
3032 2597 3175 2653 male
3205 2612 3323 2651 eam
3344 2594 3595 2663 judican-

2003 2700 2104 2746 tes.
2155 2692 2315 2757 Ecce,
2363 2692 2706 2749 dilectissimi
2757 2691 2959 2746 fratres
3010 2688 3141 2755 mei,
3185 2687 3414 2742 audistis
3464 2699 3595 2741 vere

2004 2780 2394 2835 conscientiam
2434 2798 2617 2836 meam
2655 2783 2723 2836 de
2754 2779 3256 2850 archiepiscopatus
3301 2776 3590 2843 desiderio,

2004 2868 2119 2922 sive
2144 2877 2481 2939 contemptu.
2513 2868 2570 2923 Si
2601 2870 2745 2923 enim
2777 2870 2887 2925 Deo
2909 2871 3089 2925 sciens
3120 2869 3375 2935 mentior,
3411 2868 3594 2922 nescio

2003 2958 2090 3012 cui
2142 2971 2335 3012 verum
2383 2956 2583 3012 dicam.
2640 2955 2700 3011 Si
2745 2958 2873 3027 quis
2925 2958 3180 3028 deinceps
3228 2964 3420 3011 contra
3468 2955 3591 3020 hoc,

2004 3049 2146 3118 quod
2182 3049 2249 3105 de
2280 3049 2383 3104 bac
2412 3063 2472 3103 re
2500 3048 2603 3103 sub
2634 3048 2930 3103 testimonii
2958 3049 3052 3103 Dei
3086 3047 3431 3103 invocatione
3457 3045 3593 3111 dixi,

2006 3155 2093 3196 me
2125 3139 2356 3196 voluerit
2405 3147 2594 3210 aperte
2636 3137 2721 3193 vel
2764 3137 2955 3193 callide
2983 3136 3125 3193 male
3168 3134 3398 3195 alicui"?
3446 3152 3596 3194 com-

2008 3232 2286 3299 mendare,
2317 3240 2446 3303 puto
2470 3230 2597 3301 quia
2623 3229 2763 3284 Deus
2786 3229 2894 3283 erit
2922 3244 3132 3284 mecum
3161 3228 3422 3283 adversus
3445 3242 3594 3293 eum,

2005 3336 2057 3381 et
2085 3341 2181 3396 pro
2213 3322 2300 3382 me
2329 3323 2679 3394 reSpondebit
2709 3323 2795 3388 ei;
2840 3336 2939 3392 ego
2968 3337 3097 3377 vero
3145 3321 3469 3377 consolabor
3510 3337 3597 3377 me

2006 3419 2106 3473 sub
2134 3416 2449 3473 testimonio
2478 3415 2593 3470 Dei.
2635 3413 2831 3470 Certus
2870 3422 3051 3469 autem
3098 3428 3219 3467 sum
3264 3414 3392 3483 quia
3440 3411 3595 3482 quid-

2004 3510 2135 3581 quid
2180 3510 2297 3565 bzec
2326 3508 2477 3579 falsa
2508 3506 2747 3577 suspicio
2796 3505 2956 3561 alicui
3004 3505 3199 3560 animae
3243 3505 3328 3560 vel
3358 3504 3593 3571 nocebit,

2004 3612 2291 3673 peccatum
2345 3603 2449 3658 hoc
2494 3615 2658 3671 super
2694 3615 2753 3655 se
2783 3598 3099 3669 suscipient,
3140 3598 3186 3652 si
3234 3597 3413 3668 plures
3448 3605 3595 3662 sunt,

2005 3704 2256 3751 auctores
2293 3694 2439 3765 ejus;
2471 3704 2527 3750 et
2555 3694 2671 3750 sive
2713 3708 2851 3748 unus
2894 3679 3155 3761 sive-plus
3201 3688 3329 3754 sint,
3360 3688 3596 3744 maxime

2005 3803 2168 3860 super
2196 3804 2318 3844 eum
2348 3789 2454 3843 erit
2490 3788 2584 3858 qui
2631 3786 2867 3841 maxime
2897 3792 3085 3839 auctor
3110 3779 3229 3851 ejus
3268 3789 3373 3836 est.
3411 3780 3490 3834 Ad
3529 3794 3595 3835 ea

1972 3895 2134 3935 rvero
2181 3881 2379 3951 quibus
2427 3880 2646 3950 quidam
2686 3887 2930 3934 vestrum
2975 3884 3171 3947 putant
3216 3890 3304 3929 me
3348 3873 3595 3944 potuisse

2005 3973 2406 4028 rationabiliter
2435 3971 2685 4027 electioni
2735 3969 3005 4041 praedicta:
3038 3967 3324 4031 resistere,
3356 3964 3596 4019 breviter

1972 4064 2330 4133 respondeo.
2378 4063 2576 4118 Dicunt
2620 4062 2807 4116 enim:
2865 4058 3092 4125 Quando
3138 4064 3360 4111 coactus
3408 4064 3493 4109 est
3537 4064 3597 4111 ut

2005 4165 2192 4211 noster
2222 4156 2394 4209 abbas
2427 4154 2605 4219 fieret,
2654 4151 2878 4206 tradidit
2909 4165 2969 4206 se
2997 4148 3154 4205 nobis
3199 4149 3251 4203 in
3286 4163 3501 4203 servum
3536 4149 3593 4203 in

1974 4280 1975 4283 η
2005 4244 2226 4301 nomine
2255 4245 2489 4300 Domini.
2525 4244 2696 4311 Bene,
2722 4244 2851 4315 quia
2878 4244 2981 4300 hoc
3013 4242 3115 4298 feci
3156 4242 3209 4297 in
3238 4242 3456 4296 nomine
3484 4243 3593 4296 Do-

2004 4339 2159 4394 mini.
2200 4338 2339 4407 Quid
2375 4340 2466 4394 bic
2502 4338 2846 4407 intelligunt?
2892 4338 2974 4394 An
3022 4345 3215 4406 putant
3264 4350 3349 4391 me
3382 4334 3594 4405 juiasse

2002 4432 2157 4488 vobis
2203 4433 2520 4489 servitutem
2567 4447 2665 4501 per
2709 4446 2909 4487 nomen
2955 4430 3209 4484 Domini?
3255 4430 3440 4497 utique
3484 4444 3593 4482 non

315 4522 432 4563 ram
468 4516 517 4565 le
544 4510 666 4565 dico
700 4527 841 4578 eam,
871 4521 930 4566 ut
971 4529 1163 4569 omnes
1200 4516 1292 4585 qui
1324 4515 1464 4571 hanc
1492 4532 1668 4572 meam
1700 4517 1903 4590 cpisto-
1933 4534 1981 4591 ι)
2005 4526 2109 4582 boc
2135 4524 2258 4582 feci.
2302 4527 2384 4581 An
2422 4524 2566 4596 quod
2598 4524 2857 4579 Dominus
2889 4522 3023 4578 dicit
3052 4541 3064 4576 :
3095 4521 3157 4577 Si
3186 4521 3313 4592 quid
3341 4520 3593 4591 petieritis

312 4599 419 4654 lam
452 4599 629 4671 legent
658 4610 752 4655 aut
782 4604 1024 4669 audient,
1055 4606 1157 4660 sub
1182 4616 1273 4659 tuo
1310 4606 1619 4661 testimonio
1642 4608 1815 4663 sciant
1840 4619 1895 4665 et

313 4692 540 4746 credant
569 4708 708 4748 eam.
756 4694 857 4760 Tu,
894 4696 1141 4763 Domine,
1187 4697 1359 4764 vides,
1401 4707 1457 4754 et
1504 4708 1556 4753 tu
1585 4708 1702 4756 esto
1743 4700 1897 4757 testis

313 4800 494 4852 meus,
528 4787 655 4857 quia
683 4788 887 4853 nescio,
916 4789 1057 4845 sicut
1086 4806 1207 4846 mea
1231 4792 1715 4849 mihiconscientia
1742 4793 1895 4862 dicit,

313 4877 443 4957 quid
475 4893 562 4934 me
604 4880 848 4949 rapiat“
880 4890 973 4937 aut
1020 4881 1203 4953 alliget
1236 4885 1304 4939 ad
1354 4900 1674 4943 consensum
1716 4887 1883 4943 archi-

311 4969 686 5040 episcopatus,
733 4974 801 5029 ad
842 4988 1002 5044 quem
1049 4976 1228 5031 subito
1264 4985 1453 5047 raptus
1490 4981 1699 5049 trahor,
1747 4994 1901 5035 amor

314 5060 541 5129 alicujus
589 5065 665 5118 rei
711 5081 874 5135 quam
921 5083 1111 5123 servus
1158 5076 1280 5123 tuus
1322 5080 1664 5140 contemptor
1711 5073 1897 5129 mundi

314 5150 508 5206 debeat
549 5164 925 5224 contemnere;
955 5169 1009 5217 et
1049 5161 1199 5231 quia,
1235 5162 1279 5217 si
1309 5163 1437 5218 mihi
1471 5164 1658 5219 liceret
1686 5174 1896 5221 servata

2004 4619 2059 4671 in
2082 4618 2290 4672 nomine
2316 4634 2429 4671 meo
2461 4615 2644 4685 (Joan.
2673 4631 2785 4681 xvr,
2814 4615 2909 4685 24)
2940 4614 3019 4670 sic
3050 4612 3456 4682 intelligendum
3485 4620 3590 4675 est,

2006 4726 2071 4765 ac
2097 4710 2142 4765 si
2172 4710 2414 4764 diceret:
2449 4707 2506 4764 Si
2529 4708 2793 4778 iuraverit
2812 4707 2984 4771 Patri,
3013 4705 3244 4777 petendo
3266 4701 3469 4770 aliquid
3493 4716 3592 4770 per
3624 4732 3627 4735 »

2004 4815 2203 4857 nomen
2255 4815 2476 4866 meum;
2528 4808 2621 4854 aut
2667 4799 2886 4869 quando
2939 4797 3208 4853 dicimus:
3253 4793 3591 4862 Adjutorium

2006 4902 2243 4947 nostrum
2270 4892 2551 4946 innomine
2578 4892 2785 4947 Domim
2804 4888 2977 4961 (Psal.
2999 4901 3190 4951 cum,
3219 4884 3298 4955 8)»
3330 4892 3419 4945 aut
3453 4900 3590 4953 quo-

2006 4985 2108 5040 ties
2136 4984 2366 5039 facimus
2393 4982 2620 5053 aliquid,
2661 4983 2775 5038 sive
2822 4981 3055 5036 dicimus
3076 4978 3123 5013 ⁸¹
3150 4979 3204 5033 in
3239 4977 3459 5033 nomine
3490 4978 3582 5033 Do-

2005 5077 2161 5142 mini,
2208 5076 2389 5131 toties.
2419 5074 2665 5145 iuramus
2701 5089 2798 5143 per
2845 5087 3041 5127 nomen
3074 5071 3339 5127 Dominii
3380 5070 3588 5141 Nequa-

2006 5184 2171 5238 quam
2198 5185 2212 5224 :
2245 5169 2515 5238 quomodo
2541 5174 2721 5218 autem
2748 5162 2849 5218 .illa
2880 5162 3251 5235 intelligatur.
3285 5163 3420 5219 nihil
3451 5179 3589 5218 nunc

1620 5286 1851 5356 unus
1887 5301 2290 5357 LECTIONES.

383 5423 429 5510 ἰζ
452 5421 822 5510 Quam-cogor
847 5440 947 5508 ius.
984 5442 1151 5510 quam.
1172 5444 1333 5510 cogar
1406 5434 1450 5465 “
1472 5433 1585 5489 Non
1611 5433 1873 5489 satisfecit
1902 5452 2000 5491 ms.
2035 5434 2441 5510 nonsatisfacit
2471 5505 2481 5510 Δ
2506 5434 2559 5510 f‘
2588 5434 2781 5491 Habitu
2838 5438 3087 5492 monachi
3116 5454 3219 5510 ms.
3247 5437 3436 5510 habitu
3482 5454 3571 5491 mo

312 5493 538 5577 nacbico
594 5495 654 5577 ’ξ’
680 5493 1083 5577 Aliqui__ii_i__me'
1104 5493 1396 5577 viderunt"
1425 5516 1812 5577 cognoscerent
1841 5523 1965 5562 mss.
2001 5506 2205 5577 aliquis
2240 5508 2291 5561 in
2322 5523 2408 5562 me
2432 5505 2681 5564 videret..
2724 5517 3076 5577 cognosceret
3150 5508 3196 5539 “
3230 5508 3331 5561 Aut
3363 5508 3587 5562 aliorum

311 5564 801 5654 ruissetalior‘um'
863 5568 1386 5654 .“llludesemplum
1419 5564 1544 5654 ms}.
1576 5574 1682 5654 illis
1724 5578 2042 5654 esempluin
2094 5564 2162 5654 ’σθ’
2182 5576 2319 5645 Quid
2370 5594 2454 5634 me
2501 5564 2842 5654 rapiatums's.
2882 5579 3143 5654 qu0d_me
3174 5578 3351 5649 rapiat
3421 5577 3467 5610 "
3511 5580 3584 5632 At

280 5635 663 5723 :vornnibtisde
691 5638 792 5723 hac
844 5640 1076 5723 ψει...μῇ
1126 5635 1544 5723 honiinibus‘de
1596 5646 1698 5701 hac
1750 5647 1816 5723 A”
1844 5635 1927 5723 hic
1956 5635 2411 5723 noluerit‘aperte
2456 5649 2542 5723 vel
2565 5635 2771 5723 icallide
2810 5635 2949 5704 male
2980 5648 3153 5723 ‘alicui
3185 5635 3280 5704 et}.
3308 5667 3416 5723 ina.
3448 5650 3470 5703 1
3511 5663 3582 5723 in:

312 5702 760 5795 vgltiegrit‘aperte
784 5709 866 5790 vel
899 5709 1110 5778 callide,
1143 5712 1282 5795 male
1305 5714 1582 5795 aliquielc.
1618 5735 1721 5795 ms.
1744 5718 1778 5773 2
1803 5702 2030 5795 voluerit
2045 5760 2074 5795 _,_
2096 5702 2287 5795 aperte
2307 5702 2407 5777 vi’el—
2426 5702 2638 5787 callide,
2658 5702 2914 5777 malemc
2929 5702 3101 5775 alicui
3132 5702 3275 5775 etc.“
3305 5702 3585 5788 “Quone:

314 5773 515 5846 aliquid
553 5773 667 5832 sive
692 5780 920 5835 dicimus
951 5773 1357 5852 mssfqnoticus
1389 5784 1616 5843 facimus
1656 5788 1853 5859 aliquid
1887 5773 1999 5847 sive
2026 5773 2279 5848 dicimus
2336 5773 2376 5777 γ’
2436 5773 2471 5776 ’ἡ
2625 5773 2638 5787 ⁷
2669 5773 2674 5774 ί
2727 5773 2733 5774 “
2785 5773 2796 5775 ἡ
2830 5773 2839 5775 “
2870 5773 2908 5777 “’
2996 5822 2999 5825 η
