4028 6302
513 371 584 430 es
1058 341 1121 424 ε.
1163 363 1477 422 ANSELm
1497 360 1850 419 cuman.
1881 356 2090 418 auem

2196 397 2204 415 ρ
2233 353 2386 413 ΟΡΡ.
2417 344 2599 410 PARS
2632 353 2718 408 ΙΙΙ.
2753 383 2822 393 -
2859 349 3237 408 EPISTOLE.
3708 347 3788 404 ει

517 485 586 540 ad
622 498 739 548 me;
776 483 920 552 quod
954 496 1084 537 vero
1127 495 1226 549 ego
1263 485 1388 532 tunc
1409 474 1455 506 ⁵³
1495 472 1606 527 dixi
1639 473 1690 526 in
1736 468 1953 524 nomine
1991 468 2098 523 Do-
2125 469 2171 526 Α
2197 477 2257 524 et
2284 468 2408 538 quia
2437 478 2714 536 nunquam
2745 462 2908 520 aliam
2937 461 3308 532 praelationem
3331 457 3589 515 haberem
3615 473 3794 529 quam.

517 575 672 638 mini,
702 574 940 630 intellexi
983 580 1040 627 et
1084 569 1343 640 intelligo,
1389 567 1442 620 in
1480 563 1752 629 Domino,.
1783 564 1886 620 hoc
1911 571 1995 619 est
2041 561 2095 617 in

517 665 648 720 Deo.
695 664 827 732 Qua:
875 664 928 719 in
977 664 1088 717 Deo
1126 659 1293 724 ﬁunt,
1325 657 1619 713 secundum
1656 657 1852 719 Deum,
1903 655 1954 708 id
1987 662 2091 718 est,

515 766 664 812 recte
709 756 862 810 tiunt.
905 752 1039 808 Cum
1074 765 1206 821 ergo
1240 748 1436 804 tradidi
1483 761 1571 803 me
1613 747 1768 802 vobis
1795 747 1848 801 in
1879 759 2094 802 servum

513 849 570 906 in
611 847 830 903 nomine
885 843 1122 908 Domini,
1157 839 1360 896 tradidi
1409 853 1498 894 me
1553 837 1704 894 vobis
1758 836 1812 891 in
1857 850 2095 901 servum,

513 948 775 1011 quantum
805 936 980 1009 potui,
1017 934 1313 989 secundum
1347 931 1536 985 Deum.
1569 928 1816 985 Judicate
1847 943 2012 994 nunc,
2050 925 2107 981 si.

432 1092 437 1097 ,
511 1032 615 1086 hoc
645 1029 806 1084 modo
855 1026 1116 1095 abnegavi
1145 1040 1159 1089 ;
1191 1031 1290 1078 aut
1319 1023 1366 1077 si
1407 1020 1559 1091 potui
1592 1019 1890 1076 secundum
1927 1016 2096 1071 Deum

511 1124 784 1190 ahnegare
806 1117 1213 1189 dispositionem
1243 1115 1336 1170 Dei
1364 1114 1430 1168 de
1472 1127 1586 1176 me,
1618 1112 1704 1166 cui
1730 1110 1945 1174 vellem,
1978 1107 2096 1162 nol-

510 1215 638 1272 lem.
691 1221 838 1268 recte
873 1209 1258 1279 subjacebam;
1301 1215 1394 1261 aut
1438 1203 1837 1266 obedientiam,
1883 1201 1971 1255 cui
2013 1213 2099 1254 me

511 1305 729 1374 penitus
768 1302 1119 1357 tradiderant.
1162 1299 1298 1353 Cum
1341 1296 1484 1352 enim
1515 1293 1795 1365 professus
1824 1308 1942 1346 sum
1977 1305 2095 1345 mo-

515 1395 776 1458 nachum,
799 1391 1067 1462 abnegavi
1097 1389 1362 1460 meipsum
1391 1387 1547 1452 mihi,
1578 1393 1638 1439 ut
1665 1383 1917 1453 deinceps
1945 1397 2098 1437 meus

515 1497 620 1539 non
647 1497 848 1547 essem,
880 1481 935 1536 id
963 1490 1048 1536 est
1083 1494 1191 1535 non
1219 1479 1459 1532 viverem
1490 1475 1786 1531 secundum
1824 1472 2098 1542 propriam

495 1573 871 1634 voluntatem,
917 1571 1012 1628 Sed
1046 1569 1342 1626 secundum
1379 1565 1781 1622 obedientiam:
1833 1578 1961 1617 vera
1999 1578 2098 1617 au-

515 1677 622 1720 tem
643 1663 950 1718 obedientia
993 1670 1087 1715 aut
1134 1669 1218 1714 est
1265 1659 1402 1722 Deo,
1448 1654 1826 1711 autEchesiae
1875 1652 2001 1718 Dei,
2046 1659 2102 1707 et

515 1764 636 1823 post
667 1753 836 1808 Deum
871 1751 1107 1806 maxime
1154 1748 1412 1821 praelatis.
1448 1747 1604 1802 Hanc
1633 1761 1764 1816 ergo
1815 1759 1920 1798 non
1949 1743 2100 1812 abju-

2197 561 2544 616 Beccensem.
2575 556 2682 612 Sed
2710 557 2812 611 hoc
2833 553 3128 610 secundum
3159 551 3410 606 atl‘ectum
3439 565 3572 606 meae
3594 550 3782 607 volun-

2198 649 2700 713 tatis.dicebam,et
2731 647 3028 702 secundum
3071 647 3198 710 hoc,
3222 644 3363 714 quod
3387 643 3441 698 in
3473 642 3784 718 defensione

2195 752 2255 801 et
2282 741 2634 810 responsione
2663 753 2805 804 mea,
2833 738 2880 792 si
2918 739 2984 792 ad
3022 737 3185 792 aliam
3213 734 3587 809 praelationem
3614 751 3781 791 voca—

2199 851 2306 898 rer,
2338 832 2706 889 conlidebam.
2739 831 2853 886 Sed
2871 829 3000 900 quid
3039 828 3086 886 si
3128 829 3271 884 Deus
3295 827 3514 904 ordinat
3539 829 3780 886 utetiam

2199 927 2321 982 aliis
2345 927 2523 980 vivam
2555 935 2610 980 et
2634 924 2910 980 serviam?
2931 923 3014 978 An
3040 923 3212 977 debeo
3235 921 3465 992 superbe
3493 921 3786 979 resistere?

2197 1018 2266 1074 Et
2298 1032 2398 1088 ego
2441 1025 2498 1072 et
2538 1031 2636 1072 vos
2664 1015 2784 1086 plus
2811 1030 3000 1069 sumus
3030 1013 3126 1068 Dei
3174 1028 3335 1084 quam
3366 1027 3466 1082 ego
3495 1022 3702 1078 vester,
3730 1021 3789 1070 et

2201 1125 2298 1166 vos
2330 1109 2458 1164 mei.
2486 1107 2748 1177 Princeps
2771 1103 3141 1175 apostolorum
3178 1103 3314 1159 dixit
3344 1102 3574 1158 Domino
3608 1118 3624 1158 :
3659 1101 3788 1158 Non

2199 1203 2398 1258 lavabis
2432 1200 2559 1254 mihi
2587 1199 2741 1270 pedes
2771 1200 2828 1252 in
2865 1206 3119 1252 retentum
3149 1195 3333 1265 (Joan.
3374 1209 3497 1258 xm,
3525 1193 3604 1265 8).
3637 1192 3785 1262 'l'alis

2199 1305 2320 1350 erat
2355 1294 2606 1348 voluntas
2655 1289 2794 1361 ejus.
2829 1289 2934 1346 Sed
2975 1289 3102 1360 quid
3134 1287 3430 1344 Dominus?
3473 1285 3532 1343 Si
3571 1303 3675 1341 non
3711 1287 3789 1345 la-

2200 1403 2318 1442 vero
2356 1385 2448 1439 tibi
2487 1383 2664 1454 pedes,
2696 1399 2800 1437 non
2843 1380 3055 1436 habebis
3088 1389 3290 1450 partem
3334 1395 3538 1433 mecum
3588 1377 3787 1452 (ibid.).

2201 1477 2268 1532 Et
2297 1477 2492 1532 Petrus
2527 1475 2695 1545 quid?
2732 1473 2974 1538 Domine,
3019 1487 3125 1525 non
3167 1479 3376 1526 tantum
3405 1470 3594 1540 pedes.
3617 1471 3704 1524 sed
3737 1479 3789 1528 et

2200 1585 2389 1624 manus
2409 1577 2456 1636 et
2481 1577 2634 1638 caput
2667 1566 2847 1638 (ibid.,
2884 1564 2961 1634 9).
2979 1563 3182 1618 Tamen
3205 1577 3309 1618 non
3335 1562 3455 1618 ideo
3474 1561 3625 1616 illum
3646 1562 3790 1635 Deus

2201 1659 2506 1724 damnavit,
2537 1658 2667 1727 quia
2697 1656 3024 1714 sententiam
3069 1668 3224 1708 suam
3256 1667 3353 1723 pro
3397 1652 3577 1707 divina
3609 1661 3790 1710 muta-

2203 1752 2310 1817 vit,
2358 1750 2468 1807 imo
2515 1751 2582 1804 ad
2632 1750 2796 1819 pedes
2849 1747 2966 1816 ejus
3009 1761 3069 1802 se
3117 1742 3438 1800 humiliavit.
3483 1743 3790 1798 Praesume-

493 1845 656 1909 .ravi,
701 1858 801 1897 nec
831 1842 1124 1912 abnegavi;
1177 1841 1272 1896 sed
1309 1841 1488 1911 potius
1532 1838 1768 1904 servavi,
1811 1853 1933 1892 cum
1960 1836 2094 1903 dixi,
2127 1812 2326 1901 Βωιῆ
2351 1843 2395 1875 ³ο
2432 1841 2596 1913 367
2633 1812 2713 1897 Ide
2763 1812 3076 1896 fortitudine
3103 1848 3158 1894 et
3187 1837 3401 1909 ingenio
3437 1851 3558 1892 meo
3597 1835 3662 1890 ad
3704 1851 3790 1891 me

495 1935 572 1989 .ln
610 1935 826 1990 nomine
868 1935 1108 1989 Domini.
1151 1933 1356 1988 Discite
1387 1932 1570 2002 itaque
1607 1929 1737 2000 quid
1782 1928 1934 1983 vobis
1967 1937 2098 1983 tunc

512 2028 658 2083 dedi.
684 2028 799 2082 Hoc
825 2027 1032 2097 utique,
1062 2033 1122 2080 ut
1165 2042 1252 2080 me
1279 2035 1464 2082 vestro
1492 2039 1598 2080 non
1629 2039 1843 2093 possem
1883 2024 2098 2084 subtra-

516 2122 647 2174 here
698 2119 920 2190 propria
967 2119 1250 2174 voluntate
1306 2117 1566 2182 servitio;
1619 2131 1719 2171 nec
1766 2129 2010 2186 quaerere
2039 2122 2094 2170 ut

513 2211 895 2276 subtraherer,
944 2211 1048 2266 nisi
1093 2225 1156 2265 ea
1201 2219 1430 2280 cogente
1477 2209 1827 2279 dispositione
1869 2217 1925 2262 et
1969 2209 2098 2264 obe-

515 2303 743 2368 dientia,
771 2317 1003 2372 quarum
1027 2303 1175 2373 prius
1203 2303 1500 2357 secundum
1524 2300 1694 2357 Deum
1716 2316 1902 2356 servus
1925 2315 2094 2364 eram.

514 2393 669 2458 Quod
691 2401 873 2448 autem
904 2393 1028 2458 feci,
1055 2393 1099 2448 si
1131 2393 1288 2448 aliter
1315 2392 1563 2449 fecissem
1591 2406 1755 2462 quam
1782 2391 1915 2456 dixi,
1941 2400 2092 2446 certe

510 2500 610 2541 vos
638 2485 891 2542 monachi
933 2501 1040 2542 non
1068 2485 1281 2551 essetis,
1313 2485 1370 2541 si.
1400 2484 1546 2555 quod
1577 2493 1764 2541 contra
1801 2484 1967 2540 Deum
2003 2498 2098 2539 vo-

509 2579 598 2634 bis
648 2577 1046 2648 promisissem,
1077 2578 1400 2649 exigeretis.
1448 2577 1735 2648 Nunquam
1803 2586 2095 2646 antequam

513 2667 883 2723 concederetis
926 2683 1014 2723 me
1070 2669 1138 2724 ad
1187 2668 1711 2739 archiepiscopatum
1765 2664 2092 2736 promoveri,

514 2762 656 2814 hanc
679 2774 856 2816 meam
884 2759 1038 2816 vobis
1063 2759 1268 2816 {actam
1300 2761 1628 2817 deditionem
1656 2758 1814 2813 alicui
1844 2755 2091 2826 exposui,

507 2856 603 2910 sed
633 2855 952 2925 ohjiciebam
982 2870 1103 2911 eam
1135 2855 1289 2924 quasi
1321 2853 1694 2908 ﬁrmissimum
1724 2850 2090 2915 obstaculum,

485 2960 580 3001 ne
610 2961 993 3016 promoverer;
1048 2945 1222 3000 donec
1262 2942 1511 2998 intellexit
1555 2957 1642 2996 me
1675 2941 1918 2996 volentes
1962 2955 2098 3008 pro-.

481 3053 727 3095 xtuovere
758 3040 814 3094 in
845 3048 989 3094 tanta
1034 3053 1146 3092 sua:
1181 3035 1475 3090 voluntatis
1523 3033 1813 3104 persistere
1839 3041 2094 3088 constan-

511 3127 611 3194 tia,
653 3135 716 3181 ut
751 3136 808 3182 et
834 3127 902 3181 ad
936 3125 1104 3181 hoc“
1137 3125 1273 3179 nihil
1301 3124 1496 3179 obesse
1528 3121 1911 3194 intelligerent,
1941 3130 1997 3176 ct
2024 3121 2091 3175 ab

481 3217 728 3287 incepto
763 3232 823 3272 se
857 3215 1162 3271 nullatenus
1186 3215 1254 3280 ⁸⁵,
1303 3224 1398 3269 aut
1425 3214 1590 3282 velle,
1636 3221 1730 3268 aut
1772 3214 1968 3269 debere
2001 3213 2094 3268 de-

508 3310 707 3364 sistere
734 3317 1062 3364 assererent.
1091 3309 1289 3364 Dicunt
1317 3309 1480 3363 etiam
1510 3309 1728 3378 quidam
1759 3307 1883 3379 quia
1913 3316 1970 3363 et
1993 3323 2091 3363 vo-

507 3401 594 3456 bis
643 3402 938 3456 secundum
987 3403 1155 3457 Deum
1206 3401 1364 3456 datus
1405 3416 1585 3466 erant;
1625 3411 1682 3456 et
1725 3401 1922 3470 quibus
1947 3410 2093 3456 recte

479 3491 765 3561 praelatus
794 3508 968 3561 eram,
1000 3509 1105 3548 non
1139 3503 1288 3548 recte
1324 3509 1410 3547 me
1438 3508 1596 3562 posse
1638 3492 1835 3548 auferri
1866 3493 1934 3548 ab
1964 3493 2092 3560 illis,

508 3599 612 3640 nec
649 3599 734 3639 me
762 3585 963 3640 debere
991 3585 1294 3658 cont-edere
1314 3584 1380 3638 ⁸⁷.
1416 3584 1614 3639 Beatus
1651 3582 1915 3643 Martinus
1937 3584 1984 3616 ⁸⁸
2011 3600 2096 3640 se-

509 3677 747 3730 cundum
792 3677 960 3731 Deum
1005 3677 1174 3732 abbas
1204 3687 1340 3742 erat,
1373 3685 1426 3730 et
1467 3684 1646 3732 tamen
1686 3675 1967 3732 monachis
2007 3685 2093 3730 est

507 3767 740 3829 ablatus.
770 3776 826 3823 et
853 3767 1088 3834 clericis,
1117 3777 1176 3823 et
1223 3768 1506 3824 monachis
1538 3776 1594 3822 et
1640 3767 1792 3824 laicis
1841 3767 1997 3832 viris,
2037 3777 2094 3822 et

510 3855 837 3913 mulieribus
888 3865 972 3912 est
1025 3857 1298 3928 praelatus.
1348 3858 1544 3917 Petrus
1593 3858 1904 3928 apostolus,
1963 3869 2092 3928 puto

508 3949 636 4016 quia
664 3950 965 4006 secundum
997 3950 1165 4006 Deum
1200 3951 1503 4007 Antiochiae
1527 3951 1843 4009 cathedram
1888 3951 2091 4020 episco-

507 4040 682 4109 palem
718 4044 964 4110 tenebat;
998 4056 1100 4098 nec
1130 4052 1309 4098 tamen
1341 4044 1474 4100 dicit
1502 4043 1702 4114 aliquis
1738 4045 1864 4114 quia
1901 4059 2093 4115 pecca-

475 4132 608 4196 .vit,
667 4147 791 4187 cum
843 4134 1151 4189 deserendo
1191 4149 1337 4200 eam,
1381 4137 1562 4192 studio
1614 4136 1834 4205 majoris
1881 4136 2091 4196 fructus

506 4221 736 4276 Romam
779 4224 1052 4294 migravit.
1091 4229 1174 4281 An
1214 4227 1336 4282 idco
1384 4226 1667 4282 dicendum
1695 4237 1779 4282 est
1811 4228 1936 4298 quia
1984 4244 2088 4284 non

507 4313 810 4384 diligebant
850 4322 1062 4386 priores
1106 4319 1400 4389 discipulos
1445 4335 1593 4384 suos,
1626 4328 1719 4374 aut
1747 4321 1872 4389 quia
1903 4329 2102 4390 postea,

507 4405 694 4460 minus
721 4421 816 4462 eos
845 4408 1185 4475 dilexerunt;
1214 4419 1309 4466 aut
1339 4411 1466 4480 quia
1495 4410 1640 4466 Deus
1661 4411 2006 4481 comtempsit
2035 4421 2092 4469 et

2202 1933 2634 1998 defendendum;
2679 1932 2774 1988 sed
2815 1929 3009 1986 fortior
3043 1938 3111 1985 .et
3150 1928 3478 2000 ingeniosior
3519 1941 3606 1982 me
3651 1926 3791 1981 Deus

2203 2027 2323 2092 fuit,
2349 2038 2407 2081 et
2446 2025 2569 2080 ideo
2601 2021 2950 2092 praesumptio
2989 2037 3108 2076 mea
3150 2020 3283 2075 nihil
3317 2019 3437 2074 fuit.
3471 2019 3792 2088 [nsipienter

2200 2135 2288 2176 me
2329 2119 2566 2175 locutum
2609 2131 2730 2174 esse
2769 2115 2996 2173 forsitan
3045 2114 3189 2171 dicet
3235 2113 3462 2183 aliquis,
3499 2112 3655 2182 quasi
3701 2125 3790 2168 me

2193 2211 2542 2286 justiﬁcando
2585 2219 2641 2265 et
2685 2210 2905 2281 dignum
2957 2207 3424 2276 archiepiscopatu
3472 2204 3787 2274 probando;

2198 2305 2293 2360 sed
2343 2302 2464 2358 falsi
2517 2301 2938 2357 calumniatores
2985 2299 3088 2354 mei
3124 2314 3212 2354 me
3252 2306 3567 2368 coegerunt,
3598 2311 3668 2353 ne
3692 2311 3792 2354 vos

2200 2404 2293 2452 attt
2317 2395 2549 2464 aliquem
2577 2392 2740 2447 alium
2763 2405 2971 2446 veneno
2991 2405 3101 2447 suae
3117 2389 3367 2445 falsitatis
3391 2388 3652 2444 inﬁciunt.
3676 2387 3790 2444 Nec

2198 2488 2344 2543 nitor
2372 2501 2457 2541 me
2474 2485 2694 2554 dignum
2720 2481 3184 2553 archiepiscopatu
3203 2480 3456 2552 probare,
3471 2481 3567 2537 sed
3592 2479 3789 2536 falsum

2197 2581 2407 2636 crimeu
2453 2590 2754 2647 expurgare
2794 2573 2858 2627 ⁸⁸.
2907 2573 3014 2632 Sed
3053 2576 3120 2631 de
3165 2575 3284 2636 his.
3327 2575 3470 2635 unde
3523 2575 3792 2640 hactenus

2196 2670 2408 2726 locutus
2449 2684 2590 2736 sum,
2625 2679 2768 2721 nunc
2808 2664 2910 2719 ista
2951 2666 3240 2722 sufﬁciant.
3293 2666 3368 2721 De
3417 2664 3804 2721 consolatione.

2195 2782 2327 2823 vero
2363 2775 2543 2823 vestra
2587 2780 2760 2836 pauca
2793 2763 3042 2835 subjicio.
3083 2761 3285 2827 Precor
3319 2760 3499 2829 itaque
3527 2774 3643 2824 vos,
3672 2757 3789 2813 t‘ra-

2196 2866 2310 2913 tres
2357 2857 2462 2911 mei
2509 2856 2883 2920 dilectissimi,
2929 2863 2992 2909 ut
3036 2868 3144 2908 non
3197 2849 3594 2907 oontristemini
3646 2849 3804 2910 ultra»,

2196 2946 2416 3001 modum
2463 2955 2686 3016 propter
2733 2943 3034 2999 absentiam
3103 2956 3298 2997 meam.
3355 2940 3516 2996 Certe
3566 2939 3786 2996 tristitia

2193 3046 2376 3094 vestra
2416 3053 2536 3093 mea
2578 3044 2663 3092 est
2711 3035 2931 3092 tristitia
2983 3044 3039 3091 et
3079 3032 3379 3090 consolatio
3431 3041 3610 3086 vestra
3665 3044 3786 3086 mea

2197 3133 2496 3190 consolatio
2530 3141 2632 3188 est.
2678 3131 2794 3187 Non
2837 3131 2908 3186 sit
2952 3130 3007 3184 in
3045 3129 3260 3184 homine
3301 3140 3425 3196 apes
3460 3133 3664 3189 vestra,
3690 3124 3790 3178 sed

2198 3228 2252 3282 in
2283 3227 2427 3294 Deo;
2456 3225 2581 3296 quia
2611 3225 2653 3280 si
2687 3224 2813 3294 quid
2842 3222 2994 3277 vobis
3016 3221 3214 3292 profui,
3241 3235 3348 3274 non
3371 3232 3514 3272 ante
3538 3215 3660 3277 fuit,
3690 3215 3787 3271 sed

2195 3321 2264 3376 ab
2306 3333 2393 3374 eo.
2438 3317 2588 3378 Multi
2630 3325 2852 3386 propter
2895 3330 3010 3380 me,
3053 3321 3118 3382 et,
3154 3312 3266 3368 fere
3308 3324 3520 3378 omnes,
3553 3307 3784 3364 Beccum

2195 3411 2442 3479 venistis,
2468 3411 2562 3465 sed
2589 3408 2767 3464 nullus
2788 3417 3009 3478 propter
3033 3419 3119 3460 me
3144 3403 3441 3464 monachus
3471 3401 3644 3468 factus
3669 3409 3783 3463 est;

2166 3520 2300 3560 nec
2338 3512 2559 3573 propter
2606 3517 2756 3572 spem
2810 3497 3186 3555 retributionis
3233 3511 3365 3551 mete
3409 3509 3504 3548 vos
3545 3493 3655 3552 Deo
3689 3505 3785 3553 vo-

2195 3595 2378 3659 vistis;
2413 3594 2482 3650 ab
2512 3592 2602 3648 illo
2629 3593 2716 3647 cui
2753 3599 2921 3646 totum
2967 3587 3193 3644 dedistis
3221 3588 3363 3656 quod
3397 3582 3683 3646 habuistis,
3713 3581 3782 3635 ab

2195 3685 2289 3740 illo
2329 3691 2640 3753 exspectate
2681 3689 2849 3737 totum
2884 3693 2991 3749 quo
3021 3677 3290 3748 indigetis.
3328 3674 3541 3730 Jactate
3579 3671 3784 3741 cogita-

2199 3788 2309 3830 tum
2345 3784 2584 3832 vestrum
2615 3775 2667 3829 in
2699 3773 2950 3838 Domino,
2977 3778 3033 3826 et
3067 3769 3182 3839 ipse
3221 3782 3316 3822 vos
3348 3764 3603 3820 enutriet.
3636 3762 3780 3817 Con-

2194 3870 2393 3927 vertite
2443 3877 2622 3923 totam.
2666 3864 2851 3925 curam
2903 3865 2970 3918 ad
3017 3862 3095 3922 illi
3145 3859 3521 3923 serviendum;
3567 3865 3622 3912 et
3667 3855 3799 3925 ipse

2193 3965 2452 4034 suscipiet
2488 3970 2656 4018 totam
2685 3975 2870 4016 curam
2901 3966 3134 4014 vestram
3171 3955 3236 4023 ad
3275 3968 3370 4008 vos
3411 3949 3792 4019 nutriendum.

2194 4057 2268 4111 De
2297 4069 2384 4110 me
2421 4068 2515 4109 vos
2551 4065 2771 4122 precor,
2802 4064 2869 4102 ne
2909 4047 3087 4102 mintts
3127 4060 3214 4099 me
3261 4041 3518 4112 diligatis,
3549 4039 3593 4094 si
3641 4039 3830 4110 Deus.‘

2194 4149 2263 4203 de
2306 4161 2395 4202 me
2445 4145 2581 4200 facit
2621 4142 2952 4198 voluntatem
2993 4154 3176 4204 suam;
3229 4145 3284 4192 et
3322 4151 3390 4190 ne
3425 4139 3641 4204 propter
3677 4130 3784 4188 hoc

2191 4238 2448 4309 perdam,
2491 4236 2537 4292 si
2575 4234 2864 4306 aliquando
2905 4231 3047 4288 volui
3101 4229 3281 4284 facere
3317 4226 3650 4282 voluntatem
3689 4235 3794 4280 ve-~

2193 4341 2384 4395 stram,
2414 4329 2541 4399 quia
2592 4344 2698 4385 non
2750 4327 2955 4387 audeo,
3008 4337 3109 4378 nec
3157 4320 3357 4383 debeo,
3408 4331 3509 4374 nec
3560 4327 3781 4382 possum

2193 4423 2307 4478 Deo
2338 4421 2616 4484 resistere,
2652 4433 2752 4473 nec
2781 4416 2958 4471 adhuc
2986 4414 3144 4469 video
3170 4407 3440 4481 quomodo
3467 4419 3551 4461 me
3578 4404 3794 4474 possim,

503 4498 746 4553 deseruit
771 4513 886 4566 eos,
918 4501 1047 4573 quia
1076 4502 1162 4560 isti
1191 4517 1284 4559 eos
1312 4501 1672 4572 corporaliter
1700 4503 2088 4561 deseruerunt?
2113 4517 2166 4578 ι)
2195 4511 2449 4569 Ecclesia
2478 4508 2772 4578 Anglorum
2804 4503 3142 4567 subtrahere,
3173 4501 3276 4556 nisi
3316 4500 3425 4554 Deo
3454 4494 3779 4556 resistendo.

498 4589 690 4658 utique
723 4601 937 4647 nonest
963 4594 1281 4660 dicendum,
1309 4594 1527 4649 fratres.
1556 4593 1674 4649 Non
1704 4610 1790 4652 me
1827 4611 2084 4667 comparo

497 4681 868 4750 magnitudini
894 4698 1116 4752 eorum;
1147 4687 1240 4741 sed
1271 4695 1448 4742 tamen
1481 4702 1583 4740 non
1626 4688 1752 4746 ideo.
1777 4705 1893 4745 sum
1928 4691 2084 4745 dam-

500 4779 734 4844 nandus,
781 4780 827 4835 si
863 4781 930 4836 de
966 4795 1054 4836 me
1097 4781 1228 4838 iacit
1257 4784 1401 4840 Deus
1429 4786 1632 4857 aliquid
1676 4791 1742 4842 ad
1772 4788 2083 4843 similitudi-

499 4882 625 4922 nem
670 4884 882 4925 eorum.
932 4871 1184 4927 Forsitan
1215 4873 1346 4929 dicit
1376 4875 1610 4946 aliquis:
1644 4876 1760 4933 Non
1809 4893 1868 4933 es
1899 4880 2081 4945 homo,

501 4962 588 5015 cui
622 4972 770 5018 tanta
801 4981 888 5021 res
926 4967 1217 5023 conveniat
1237 4967 1304 5023 ⁵⁸.
1341 4967 1454 5024 lloc
1484 4970 1659 5040 ipsum
1698 4972 1766 5026 de
1808 4988 1896 5028 me
1920 4974 2083 5028 corde

498 5061 558 5108 et
583 5069 680 5109 ore
705 5055 913 5126 judico.
945 5059 1052 5115 Sed
1075 5062 1262 5116 dicunt
1291 5061 1446 5124 mihi,
1479 5063 1870 5133 qualiscunque
1901 5064 1998 5128 sis,
2031 5073 2084 5120 te

497 5143 776 5214 volumus,
805 5157 865 5206 te
893 5165 1002 5208 non
1027 5151 1369 5213 dimittimus.
1393 5152 1836 5210 Reminiscuntur
1863 5154 2081 5224 quidam

498 5235 629 5303 quia
661 5238 843 5296 dicere
884 5241 1125 5299 solebam
1159 5245 1301 5314 quod
1327 5245 1522 5301 nollem
1559 5246 1738 5302 vivere
1776 5247 1878 5303 nisi
1909 5247 2080 5314 vobis,

2259 4604 2527 4674 Appareat
2552 4600 2677 4670 quia
2709 4613 2814 4652 non
2841 4612 2927 4651 me
2947 4595 3103 4651 vobis
3127 4591 3464 4650 solummodo
3492 4586 3779 4652 dilexistis,

2189 4699 2281 4754 sed
2318 4704 2374 4751 et
2406 4695 2540 4758 Deo,
2569 4700 2624 4746 et
2663 4690 2816 4758 mihi.
2846 4686 3008 4744 Orate
3046 4701 3145 4756 pro
3174 4699 3278 4748 me,
3312 4691 3369 4736 ut
3393 4679 3656 4752 quidquid
3686 4677 3782 4732 ﬁat

2186 4792 2253 4846 de
2293 4803 2411 4852 me,
2455 4789 2598 4842 bono
2646 4785 2754 4840 ﬁne
2798 4797 2893 4852 per
2934 4781 3164 4853 gratiam
3210 4778 3304 4833 Dei
3350 4780 3777 4832 consummatur.

2185 4882 2452 4937 Abbatem
2477 4884 2715 4934 vestrum
2740 4891 2808 4932 ex
2839 4873 2941 4928 hac
2967 4873 3101 4929 hora
3132 4868 3297 4924 nolite
3321 4880 3406 4922 me
3425 4871 3776 4935 exspectare;

2193 4973 2289 5028 sed
2337 4970 2654 5026 dilectorem
2703 4975 2944 5022 vestrum
2996 4971 3054 5018 et
3103 4959 3391 5017 sollicitum
3441 4971 3550 5029 pro,
3588 4953 3780 5019 vobis,

2193 5063 2428 5133 quandiu
2462 5062 2659 5126 vivam,
2691 5059 2802 5114 Deo
2829 5067 3080 5114 servante
3100 5055 3430 5110 voluntatem
3456 5065 3616 5120 quam
3645 5048 3781 5102 mihi

2194 5155 2261 5209 de
2294 5152 2447 5210 vobis
2493 5152 2660 5218 dedit,
2701 5151 2914 5206 scitote.
2955 5149 3237 5216 Nunquam
3285 5153 3464 5198 tamen
3504 5142 3780 5196 dimittam

2192 5254 2518 5316 potestatem
2549 5243 2750 5316 ligandi
2783 5253 2838 5307 et
2877 5241 3136 5309 solvendi,
3164 5247 3220 5294 et
3256 5236 3408 5303 vobis
3437 5232 3776 5305 consulendi,

1815 5381 2049 5438 VARl/E
2088 5379 2495 5447 LECTIONES.

574 5506 620 5539 “
645 5508 797 5590 Quod
827 5525 953 5564 vero
994 5519 1120 5590 tunc
1155 5531 1280 5568 mss.
1304 5515 1614 5590 quotLvero
1640 5530 1740 5590 ego
1772 5525 1898 5571 tunc
1971 5515 2017 5548 ⁵⁵
2049 5515 2121 5570 Ut
2147 5524 2215 5590 et
2234 5517 2337 5571 hoc
2359 5526 2457 5570 etc.
2496 5531 2594 5590 ms.
2628 5513 2650 5567 Ι
2687 5514 2841 5590 atad
2863 5513 2965 5567 hoc
2989 5522 3089 5590 e!_c_.
3165 5509 3216 5544 ‘°~
3235 5510 3447 5590 lacepto
3472 5506 3779 5590 nullatqnus

500 5594 631 5660 mss.
657 5578 870 5660 incepto
897 5597 956 5637 sc
982 5581 1288 5660 nullatenus
1322 5576 1337 5584 ’
1363 5585 1407 5616 ⁵⁷
1432 5584 1517 5640 Me
1538 5576 1836 5660 coneEdere
1866 5605 1993 5660 mss:
2019 5600 2106 5640 me
2133 5585 2331 5641 debere
2357 5586 2656 5642 concedere
2725 5584 2776 5660 ξ’
2799 5581 3240 5660 Beat_us_Marcus
3263 5576 3384 5660 mss.
3420 5581 3606 5634 beatus
3627 5576 3776 5630 Mar-

500 5650 650 5705 tinus
721 5650 765 5725 '9
789 5651 895 5706 Res
915 5655 1242 5709 conveniant
1266 5671 1394 5709 mss.
1421 5667 1507 5710 res
1531 5659 1818 5711 conveniat
1890 5657 1935 5690 ⁶⁰
1963 5657 2291 5712 Pracsumam
2314 5672 2440 5711 mss.
2460 5653 2848 5726 praesumebam
2922 5653 2965 5685 ⁸⁸
2994 5652 3298 5726 Expurgavi
3320 5667 3443 5707 mss.
3470 5661 3778 5722 expurgare
