4028 6302
237 377 312 436 25
1524 373 1650 432 LlB.
1684 375 1776 440 Ill,
1803 373 2020 431 EPIST.
2057 374 2187 430 V'lll.
2843 387 2846 390 '
3451 375 3532 432 26

239 504 404 560 quam
447 487 610 545 habui
648 487 702 543 in
741 487 915 548 vobis.
947 485 1183 555 quandiu
1222 486 1412 550 abbas.
1447 488 1540 557 qui
1582 497 1704 557 post
1743 503 1829 543 me
1854 505 1907 563 Α
1932 489 2087 553 meis,
2121 491 2214 559 qui
2252 505 2340 546 me
2373 499 2593 561 propter
2623 492 2792 548 Deum
2835 505 2931 547 sua
2975 489 3150 561 gratia
3195 489 3523 547 dilexerunt.

242 583 370 648 erit,
397 590 450 638 et
475 594 597 646 vos,
621 580 711 650 qui
739 579 840 635 sub
867 578 1157 643 illoeritis,
1187 580 1290 633 hoc
1319 580 1451 634 mihi
1482 579 1790 634 concedatis
1809 596 1826 631 :

239 674 422 731 ﬂendo
445 685 503 730 et
529 674 618 728 vix
647 673 790 728 dico.
838 671 1068 743 Domino
1110 681 1297 728 nostro
1336 671 1462 728 Jesn
1503 673 1746 737 Christo,
1776 682 1832 728 et

238 767 343 836 piae
385 765 634 834 genitrici
675 763 790 832 ejus
825 763 1025 827 Mariae,
1063 774 1117 819 et
1164 766 1326 818 beato
1357 763 1544 829 Petro,
1584 764 1667 818 cui
1719 765 1832 834 ipse

238 857 638 912 commendavit.
667 871 794 911 oves
823 871 973 921 suas,
1004 864 1059 911 et
1090 857 1253 911 beato
1287 854 1580 911 Benedicto
1611 857 1830 926 (secun-

237 949 367 1004 dum
395 950 547 1020 cujus
579 949 819 1018 regulam
856 948 1222 1003 obedientiam
1259 947 1489 1018 professi
1519 948 1562 978 ⁶¹
1591 947 1743 1018 estis)
1774 955 1831 1002 et

235 1041 360 1096 aliis
392 1041 603 1096 sanctis
621 1041 723 1096 Dei
759 1053 856 1094 vos
886 1040 1227 1106 commendo,
1259 1039 1598 1095 dilectissimi
1631 1039 1830 1094 fratres

231 1132 361 1196 mei,
391 1139 446 1186 et
486 1145 677 1186 eorum
722 1129 932 1184 meritis
956 1137 1012 1184 et
1057 1128 1536 1184 intercessionibus
1583 1129 1695 1197 ipse
1735 1127 1829 1198 qui

229 1240 331 1280 vos
370 1224 601 1279 redemit
645 1223 718 1278 sit
760 1231 940 1278 vester
971 1222 1016 1253 "
1059 1221 1248 1287 abbas,
1283 1221 1354 1276 sit
1398 1228 1581 1277 vester
1622 1231 1826 1286 custos,

228 1316 538 1388 ipse‘faciat
563 1330 660 1371 vos
689 1323 809 1384 post
835 1315 977 1370 hanc
1000 1313 1168 1370 vitam
1195 1311 1355 1369 beate
1380 1314 1564 1368 vivere
1586 1312 1638 1369 in
1665 1328 1828 1384 regno

230 1423 350 1462 suo.
392 1406 466 1462 lb'i
513 1421 609 1462 sua
641 1405 842 1476 pietate
874 1405 1078 1460 tribuat
1107 1403 1238 1458 mihi
1282 1418 1380 1458 vos
1417 1403 1624 1467 videre,
1655 1412 1709 1457 et
1735 1417 1828 1458 vo-

227 1498 440 1556 biscum
467 1498 586 1554 sine
617 1497 723 1552 fine
746 1496 1004 1567 gaudere,
1028 1496 1120 1566 qui
1149 1506 1235 1551 est
1257 1496 1402 1551 Deus
1428 1496 1742 1550 benedictus
1772 1497 1826 1550 in

228 1591 446 1646 saecula.
483 1591 677 1645 Amen.
715 1588 985 1646 Mirantur
1025 1588 1177 1644 multi
1219 1604 1287 1644 ex
1323 1588 1496 1654 vobis,
1533 1604 1673 1659 quos
1717 1598 1825 1647 tam

227 1683 373 1739 dulci
409 1691 464 1738 et
495 1681 751 1738 familiari
783 1683 1071 1739 dilectione
1102 1681 1487 1750 amplectebar,
1521 1690 1580 1736 ut
1610 1681 1826 1737 unicui-

225 1788 334 1842 que
363 1773 534 1828 videri
571 1781 756 1841 posset
787 1786 873 1826 me
900 1771 1107 1826 nullum
1132 1769 1296 1825 alium
1320 1770 1524 1840 pariter
1549 1768 1822 1836 dilexisse,

1931 580 2200 649 episcopis
2228 589 2284 635 et
2309 581 2617 647 abbatibus,
2650 582 2716 638 de
2755 582 2956 652 quibus
2989 596 3076 637 me
3121 581 3296 651 magis
3339 589 3524 651 gravat

1929 672 1975 726 si
2003 673 2070 726 de
2098 687 2184 727 me
2212 673 2416 742 aliquid
2442 673 2771 744 suspicando
2795 675 2839 707 "
2877 687 3211 744 perversum,
3245 670 3524 726 falluntur.

1923 761 2068 817 .Nolo
2095 764 2238 819 enim
2270 764 2613 820 dilectionem
2641 779 2828 822 eorum
2857 766 3126 820 ullatenus
3150 763 3404 833 perdere,
3431 762 3526 817 sed

1927 869 2170 926 semper,
2200 871 2296 914 eos
2323 857 2638 913 venerando
2662 867 2718 913 et
2745 857 3041 928 diligendo,
3064 856 3211 912 illam
3239 854 3440 912 mereri
3472 862 3530 910 et

1931 949 2208 1004 custodire

2431 1059 2769 1117 EPISTOLA
2805 1059 2919 1115 Vlll
2945 1059 3011 1113 “.

2237 1167 2470 1211 ANSELIII
2502 1169 2568 1210 AD
2601 1168 2876 1208 MONACHOS
2905 1166 3216 1208 BECCENSES.

1932 1263 2000 1318 Ut
2030 1262 2365 1336 Guillrelmum
2400 1267 2494 1336 qui
2523 1268 2668 1336 apud
2703 1263 2951 1320 Pexeium
2979 1266 3123 1335 prior
3148 1263 3251 1336 fuit
3280 1264 3333 1336 in
3361 1262 3520 1336 abba;

2000 1347 2100 1388 tem
2130 1335 2359 1403 eligant;
2387 1333 2436 1391 et
2478 1347 2534 1390 ut
2557 1333 2707 1390 'hanc
2742 1352 2922 1389 curam
2961 1333 3231 1403 suscipiat,
3255 1334 3303 1387 ei
3340 1333 3510 1402 ρι’ωεί-

1999 1407 2129 1476 pit;
2157 1405 2406 1461 Baldrico
2446 1417 2625 1462 autem
2678 1423 2740 1461 ne
2781 1406 3073 1476 prioratttm
3119 1404 3374 1470 dimittat,
3417 1404 3520 1472 ipse

1997 1475 2213 1530 inhibet.
2783 1475 2789 1476 ί
2889 1538 2892 1541 τ

2000 1586 2341 1645 Dulcissimis
2385 1597 2442 1644 et
2483 1587 2850 1644 dilectissimis
2899 1587 3044 1650 suis,
3100 1587 3300 1642 domno
3352 1587 3519 1656 priori

1927 1677 2231 1747 Bswmco,
2287 1687 2342 1734 et
2391 1677 2836 1734 aliismouachis
2893 1676 3292 1742 Becceusibus,
3350 1674 3524 1733 frater

1927 1773 2230 1836 AsssLnus,
2261 1771 2352 1841 qui
2385 1771 2651 1826 hactenus
2680 1770 2760 1826 eis
2788 1771 2890 1827 sub
2916 1769 3129 1826 abbatis
3157 1770 3376 1828 nomine
3407 1784 3522 1827 ser-

225 1880 326 1919 cur
371 1881 476 1919 non
536 1863 640 1920 illis
688 1864 916 1931 singulis
966 1864 1203 1932 aliquam
1259 1871 1458 1916 nostrae
1519 1861 1824 1916 dilectionis
1856 1870 1900 1924 Β
1925 1864 2058 1918 vivit
2081 1863 2150 1928 °",
2187 1879 2217 1917 a
2243 1863 2354 1918 Deo
2385 1877 2602 1933 semper
2623 1863 2884 1918 custodiri
2913 1872 2970 1918 et
2997 1863 3227 1934 protegi.

227 1959 800 2012 commemorationem
840 1956 1044 2010 scribo.
1077 1954 1182 2009 Sed
1213 1955 1388 2009 sciant
1419 1954 1542 2022 quia
1577 1969 1681 2008 non
1716 1954 1819 2009 hoc

229 2045 360 2100 facit
389 2046 589 2101 oblivio
622 2059 762 2109 mea,
797 2046 891 2100 sed
935 2044 1224 2100 multitudo
1252 2059 1462 2100 eorum.
1492 2044 1557 2098 Et
1596 2043 1817 2100 forsitan

227 2139 448 2204 faciam,
477 2154 601 2194 cum
631 2139 805 2208 magis
837 2145 1207 2208 _opportunum
1236 2136 1377 2201 erit;
1405 2144 1459 2192 et
1489 2136 1534 2192 si
1569 2151 1674 2191 non
1702 2150 1819 2190 om-

227 2229 404 2291 nibus,
431 2227 622 2282 saltem
651 2227 942 2297 aliquibus.
972 2227 1087 2282 Hoc
1114 2236 1325 2282 tantum
1351 2228 1417 2283 ad
1446 2242 1686 2298 praesens
1713 2226 1817 2282 illis

225 2321 369 2382 dico.
400 2329 458 2374 ut
507 2319 926 2375 reminiscantnr
970 2318 1098 2390 quia
1142 2334 1247 2375 non
1298 2318 1367 2374 ob
1415 2317 1559 2373 aliud
1604 2333 1698 2373 eos
1739 2319 1818 2374 sic

225 2412 408 2476 dilexi,
441 2411 542 2467 nisi
577 2421 636 2466 ut
673 2411 772 2481 ipsi
806 2411 974 2467 Deum
1015 2420 1071 2466 et
1104 2412 1313 2468 animas
1342 2426 1469 2467 suas
1498 2409 1810 2482 diligerent.

216 2503 327 2568 ipsi
356 2513 482 2559 sunt
515 2504 645 2559 mihi
677 2511 864 2569 testes,
902 2504 1004 2558 hoc
1033 2503 1102 2560 de
1136 2503 1245 2560 illis
1273 2519 1488 2574 semper
1511 2514 1567 2560 et
1595 2505 1662 2559 de
1693 2521 1815 2560 om-

221 2592 386 2648 nibus
422 2593 578 2648 vobis
617 2593 890 2656 desidero,
933 2595 1036 2648 hoc
1073 2607 1288 2663 precor,
1321 2593 1424 2648 hoc
1465 2608 1680 2660 moneo,
1714 2594 1818 2648 hoc

225 2682 451 2737 consulo
494 2697 510 2735 :
549 2683 654 2736 hoc
694 2682 925 2748 faciant,
973 2693 1030 2736 et
1079 2683 1160 2736 sic
1211 2697 1425 2751 semper
1470 2682 1816 2737 dilectionem

222 2785 402 2829 meam
454 2770 822 2827 inviolabilem
879 2785 1010 2841 erga
1075 2784 1134 2826 se
1190 2771 1504 2827 servabunt.
1554 2772 1818 2826 Abbatem

219 2859 380 2916 vobis
424 2860 696 2916 sustinere
738 2859 1011 2928 festinate,
1045 2862 1267 2932 expedit
1312 2861 1458 2918 enim
1497 2863 1668 2918 vobis.
1712 2861 1821 2918 Va-

221 2955 349 3004 lete.
393 2948 547 3006 Hanc
574 2949 858 3020 epistolam
903 2959 1169 3019 nostram,
1210 2951 1620 3021 quibuscunque
1662 2959 1818 3022 pote-

222 3042 340 3108 stis,
358 3059 458 3114 pro
479 3043 834 3100 excusatione
855 3041 1004 3100 falsze
1024 3044 1092 3100 de
1113 3059 1200 3100 me
1221 3044 1546 3115 suspicionis
1568 3044 1613 3076 ⁸⁸
1633 3055 1818 3099 osten-

219 3133 362 3201 dite;
411 3142 468 3192 et
516 3135 755 3191 maxime
802 3135 1119 3192 reverendis
1171 3135 1404 3192 dominis
1457 3147 1513 3192 et
1564 3136 1817 3192 Patribus

1994 1954 2124 2018 Deo,
2154 1955 2221 2010 de
2249 1969 2335 2009 me
2360 1955 2501 2024 quod
2541 1955 2674 2018 vult,
2711 1955 2866 2009 ut‘de
2893 1965 3144 2010 creatura
3185 1971 3303 2018 sua,
3330 1953 3513 2021 velim,

1921 2045 2120 2111 nolim,
2169 2045 2520 2115 diSpcneute,
2581 2055 2638 2100 et
2695 2045 2994 2102 reverenda
3055 2044 3292 2100 domino'
3329 2055 3517 2101 nostro

1920 2135 2166 2204 principe
2210 2133 2710 2189 Northmaunorum
2763 2134 3002 2189 Robcrto
3048 2133 3410 2198 concedente;
3463 2141 3522 2189 et

1920 2224 2332 2295 archiepiscopo
2371 2235 2558 2280 nostro
2590 2225 2881 2280 Guillelmo
2929 2225 3294 2299 praecipiente,
3327 2237 3384 2280 et
3426 2240 3521 2279 vo-

1918 2315 2003 2370 bis
2039 2330 2070 2370 a
2121 2317 2231 2371 Deo
2275 2317 2502 2380 coactis,
2536 2315 2862 2382 faventibus,
2904 2331 2934 2368 a
2992 2325 3166 2370 vestra
3217 2330 3346 2369 cura
3397 2327 3519 2370 sum

1920 2405 2223 2467 absolutus,
2257 2415 2313 2461 et
2342 2405 2531 2474 majori
2565 2405 2859 2462 involutus.
2903 2405 2960 2461 Si
2995 2406 3135 2461 Deus
3168 2405 3319 2461 vobis
3350 2406 3515 2460 dede-

1917 2496 1991 2552 rit
2015 2513 2132 2552 eam
2174 2497 2402 2567 gratiam
2429 2497 2671 2568 praedicti
2703 2496 2907 2553 domini
2937 2497 3106 2552 nostri
3139 2496 3421 2566 principis,
3457 2505 3518 2551 ut

1919 2588 1987 2644 de
2018 2587 2260 2644 Ecclesia
2307 2599 2492 2644 nostra
2536 2587 2691 2644 vobis
2726 2587 2858 2642 velit
2883 2588 3012 2643 dare
3041 2587 3312 2652 abbatem,
3341 2597 3519 2642 et-no—

1921 2690 2093 2736 strum
2135 2681 2259 2736 inde
2299 2681 2551 2752 dignetur
2591 2681 2781 2736 audire
2817 2681 3127 2745 consilium,
3159 2679 3232 2735 illi
3267 2685 3324 2736 et
3363 2679 3517 2736 vobis

1921 2772 2044 2833 dico
2073 2773 2199 2836 quia
2230 2773 2306 2842 (2)
2334 2773 2401 2828 de
2431 2773 2578 2837 nullo
2615 2773 2748 2828 mihi
2787 2773 2980 2829 melius
3006 2773 3223 2828 videtur
3252 2787 3416 2842 quam
3448 2773 3517 2827 de

1923 2862 2122 2918 domno
2145 2861 2452 2927 Guillelmo,
2476 2864 2566 2934 qui
2593 2865 2742 2934 prior
2765 2862 2864 2918 fuit
2891 2865 3029 2934 apud
3056 2863 3338 2918 Pexeium.
3374 2864 3440 2917 Et
3469 2863 3517 2918 si

1915 2951 2090 3022 jussio
2113 2954 2335 3025 gloriosi
2363 2955 2566 3009 domini
2608 2955 2781 3010 nostri
2813 2955 3076 3026 principis
3105 2955 3158 3009 in
3191 2955 3294 3010 hoc
3323 2955 3508 3019 fuerit,

1919 3045 2065 3114 quod
2109 3045 2318 3100 utinam
2363 3045 2435 3100 ita
2481 3045 2596 3111 flat,
2625 3060 2726 3115 ego
2761 3061 2977 3116 quoque
3018 3045 3137 3111 tibi,
3168 3044 3339 3100 frater
3365 3044 3518 3102 Guil-

1910 3137 2106 3202 vlelme,
2136 3137 2190 3191 in
2231 3136 2452 3192 nomine
2481 3136 2695 3193 Domini
2733 3150 2833 3207 per
2873 3144 3120 3193 sanctam
3149 3134 3514 3192 obedientiam

1501 3295 1739 3354 VARIAE
1777 3295 2158 3353 LECTIONES

294 3404 354 3478 °'_
373 3402 630 3478 Regulam
662 3405 891 3478 professi
923 3423 1022 3478 ms.
1051 3405 1075 3460 1
1102 3406 1363 3478 Regulam
1390 3408 1756 3464 obedientiam
1790 3406 2015 3478 professi

2092 3408 2139 3439 ⁸³
2169 3407 2286 3476 lpse
2311 3407 2401 3477 qui
2433 3424 2526 3463 vos
2565 3409 2800 3466 redemit
2839 3410 3104 3479 sanguine
3150 3426 3248 3466 suo
3269 3453 3285 3480 ,
3315 3426 3506 3466 eorum

214 3475 434 3529 meritis
463 3475 520 3551 et
546 3476 1047 3551 intercessionibus
1085 3478 1164 3532 sic
1190 3475 1380 3551 vester
1411 3495 1539 3551 mss.
1571 3488 1628 3534 et
1656 3475 1842 3551 eorum
1879 3475 2704 3551 meritisetintercessionilms,
2737 3481 2852 3550 ipse
2898 3475 2988 3551 qui
3021 3497 3118 3538 vos
3157 3475 3404 3538 redemit.
3437 3484 3512 3543 sit

223 3554 401 3620 vester
472 3545 518 3578 “
543 3546 720 3620 Falsas.
741 3547 1066 3620 suspicionis
1107 3565 1237 3602 mss.
1265 3548 1415 3620 falsae
1441 3549 1510 3604 de
1553 3563 1640 3604 me
1693 3549 2016 3619 suspicionis
2088 3549 2132 3580 ⁸⁸
2177 3549 2567 3617 Suspicaudum
2618 3545 3098 3620 mssfsuspicando
3174 3553 3217 3584 ⁸⁸
3246 3552 3376 3607 Cum
3403 3554 3509 3607 eis-

218 3615 336 3679 dem
362 3629 487 3670 mss.
525 3617 720 3672 collata
793 3615 1137 3675 "Hactenus
1156 3620 1257 3675 sub
1282 3619 1508 3676 Abbatis
1542 3620 1764 3676 nomine
1791 3615 2036 3675 scrviunt
2078 3636 2204 3673 mss.
2236 3615 2497 3676 hactenus
2533 3621 2615 3676 eis
2643 3622 2742 3677 sub
2774 3615 3000 3679 Abbatis
3026 3624 3243 3679 nomine
3282 3624 3508 3679 servivit

1390 3749 1676 3808 JOANNIS
1712 3749 1984 3806 PICARDI
2025 3749 2232 3806 NOTA?

293 3859 370 3933 (‘2)
403 3859 482 3933 De
507 3858 652 3914 nullo
692 3861 822 3933 mihi
861 3861 1046 3916 melius
1075 3861 1282 3933 videtur
1307 3877 1468 3933 quam
1505 3862 1570 3917 de
1603 3861 1816 3933 domino
1847 3863 1892 3926 C
1925 3861 2068 3918 illam
2096 3869 2462 3933 converteret.
2493 3860 2632 3933 Quid

213 3929 522 3994 'Guillelmo,
573 3939 680 3986 etc.
726 3931 864 3986 Hinc
908 3939 1059 3987 certo
1103 3929 1329 3987 certius'
1356 3940 1440 3986 est
1491 3931 1813 3988 Anselmum

224 4003 372 4056 intus
400 4009 455 4054 et
485 3999 536 4054 in
570 4009 696 4056 cute
729 4001 872 4057 hunc
920 4015 1081 4057 nosse
1109 4001 1444 4056 Willelmum
1472 4043 1487 4063 ,
1529 4018 1651 4056 cum
1688 4016 1814 4070 spe-

220 4070 496 4143 ciale‘pon
525 4078 734 4143 tantum
788 4073 854 4126 de
901 4086 967 4126 eo
1011 4074 1066 4143 in
1103 4073 1186 4127 sui
1225 4071 1403 4127 locum
1451 4071 1678 4143 legendo
1725 4072 1816 4125 det

220 4140 530 4211 consilium,
568 4140 664 4194 sed
708 4152 763 4194 et
798 4149 981 4194 votum
1025 4141 1225 4211 faciat;
1258 4157 1380 4210 quas
1420 4140 1640 4211 quidem
1693 4156 1815 4195 cer-

219 4210 435 4280 tissimo
461 4218 588 4280 sunt
633 4219 953 4280 argumento
982 4210 1275 4280 probitatis
1327 4220 1383 4265 et
1437 4211 1814 4280 sanctimoniae

213 4277 812 4349 ‘Guillelmi._Agednm,
849 4277 1128 4334 videamus
1163 4279 1313 4333 illum
1346 4279 1650 4349 pusionem,
1686 4294 1811 4334 sen-

213 4351 432 4418 simque
466 4346 888 4418 adolescentem,
917 4349 1202 4406 videamus
1251 4346 1513 4414 tironem,
1565 4364 1688 4405 cum
1722 4350 1813 4406 hic

223 4416 500 4474 videamus
531 4416 772 4473 futurum
805 4434 911 4474 non
945 4420 1068 4474 dico
1105 4430 1420 4476 veteranum
1462 4419 1687 4475 militem
1716 4421 1811 4476 sed

223 4493 433 4562 ducem.
494 4489 816 4562 Anonymns
865 4490 1127 4562 Beccens.
1186 4491 1239 4545 in
1288 4491 1510 4562 prologo
1558 4490 1810 4562 Historiae

223 4559 462 4628 ejusdem
494 4559 783 4628 pollicetur
841 4575 900 4616 se
957 4561 1073 4630 ejus
1139 4559 1580 4629 successorisque
1630 4559 1808 4616 Vitam

221 4630 454 4701 posteris
490 4631 806 4685 relicturum
841 4649 855 4685 :
896 4633 1040 4687 unde
1066 4632 1322 4702 estquod
1369 4634 1574 4687 certius
1602 4633 1650 4686 ei
1691 4647 1813 4686 cre-

221 4701 409 4756 damus
439 4702 808 4756 narrationem
839 4703 940 4756 hoc
965 4701 1255 4757 verborum
1287 4702 1521 4758 stamine
1547 4703 1806 4757 ordienti.

292 4788 312 4821 ι
332 4769 671 4827 Venerabilis
693 4771 861 4827 abbas
885 4773 1038 4829 Becci
1062 4772 1400 4837 Guillelmus,
1419 4773 1581 4828 nobili
1610 4771 1808 4827 North-

222 4856 537 4896 mannorum
573 4842 820 4912 prosapia
861 4843 1125 4913 originem
1159 4844 1410 4908 trahens,
1438 4845 1490 4898 in
1519 4845 1684 4898 veteri
1712 4859 1807 4897 ca-

220 4923 333 4968 stro
363 4925 528 4980 super
573 4913 807 4976 ltullam,
836 4915 977 4982 quod
1023 4914 1225 4968 dicitur
1258 4914 1599 4979 Monsfortis,
1646 4914 1808 4968 claris

220 4981 542 5053 parentibus
573 4992 653 5037 est
677 4981 922 5039 exortus.
962 4984 1127 5040 Pater
1148 4984 1264 5052 ejus
1286 4985 1595 5048 Turstinns,
1635 4994 1808 5040 mater

219 5052 469 5124 alberet‘a
516 5052 818 5124 dicebatur,
857 5053 1074 5124 Rogcrii
1110 5056 1176 5110 de
1206 5055 1542 5111 Bellomonte
1566 5096 1580 5119 ,
1626 5053 1805 5110 Patris

221 5120 448 5196 Ruperti
497 5123 815 5196 comi_lis_ex
852 5120 1038 5180 sorore
1092 5127 1289 5195 neptis.
1349 5127 1448 5194 Qui
1501 5141 1637 5196 puer
1676 5125 1803 5180 dum

2709 3862 2862 3935 iura?
2902 3864 3107 3920 Annuit
3162 3866 3406 3935 petitioni
3449 3875 3507 3925 et

1918 3941 2046 3988 volo
2073 3933 2227 3987 bona:
2256 3932 2446 4005 matris
2468 3932 2639 4005 gratia
2674 3932 2970 3991 Salvatoris
2998 3932 3189 4001 nostri,
3220 3939 3503 4005 pietasque

1919 4005 2048 4073 ejus
2069 4004 2428 4073 sanctissimae
2468 4003 2760 4059 Geuitricis
2785 4045 2799 4067 ,
2853 4020 2952 4059 nec
2984 4021 3087 4058 non
3118 4016 3172 4060 et
3202 4003 3506 4065 beatissimi

1919 4072 2535 4144 confessorisGermani
2566 4117 2580 4139 ,
2631 4083 2684 4127 et
2721 4073 2899 4144 infans
2939 4075 3164 4144 integra:
3211 4076 3500 4133 restitutus

1917 4142 2305 4215 est‘sospitati;
2356 4151 2583 4215 matrem
2601 4158 2740 4215 vero
2772 4142 3368 4215 inﬁrmitas'corripuit.
3400 4163 3500 4204 nec

1918 4210 2086 4267 multo
2123 4210 2244 4280 post
2273 4211 2551 4284 exstinxit.
2587 4212 2772 4268 Crevit
2810 4229 2968 4284 puer,
3006 4225 3058 4270 et
3107 4210 3248 4270 cum'
3269 4217 3335 4270 ad
3365 4233 3500 4273 con.

1917 4296 2109 4354 gruum
2140 4281 2476 4354 pervenisset
2517 4291 2755 4354 aetatem,
2801 4281 3029 4339 traditus
3061 4295 3144 4340 est
3191 4285 3504 4348 litterarum.

1915 4351 2108 4410 studiis
2133 4351 2475 4424 imbuendus.
2513 4352 2687 4424 Cmpit
2715 4353 2897 4422 itaque
2941 4355 3095 4408 home
3123 4355 3318 4410 indolis
3346 4373 3485 4424 esse,

1915 4439 2102 4479 amore
2131 4421 2224 4476 Dei
2258 4421 2486 4484 fervere,
2521 4437 2640 4475 cum
2673 4421 2914 4479 honestis
2933 4425 3209 4492 incedere,-
3238 4427 3306 4480 ab
3339 4421 3497 4482 inito—-

1914 4493 2088 4568 uestis
2115 4492 2352 4568 animum
2404 4507 2677 4548 revocare.
2712 4494 2832 4568 Jam
2884 4496 3068 4568 iil‘lllldi
3101 4497 3306 4568 fluxum
3347 4513 3498 4568 sper-

1914 4565 2100 4627 nebat,
2126 4563 2238 4631 jam
2266 4576 2535 4628 sermone,
2569 4573 2692 4620 actu
2733 4574 2787 4620 et
2822 4566 3004 4620 habitu
3043 4567 3202 4622 talem
3243 4581 3303 4622 se
3337 4563 3495 4623 eihi-

1911 4634 2074 4688 bebat
2111 4643 2165 4686 ut
2214 4633 2327 4702 jam
2376 4642 2501 4688 tunc
2549 4637 2702 4704 quasi
2773 4639 3071 4690 monachus
3122 4639 3190 4692 ab
3240 4639 3494 4693 omnibus

1911 4704 2238 4778 haberetur,
2286 4715 2545 4778 quamum
2573 4707 2639 4758 ad
2669 4707 2802 4778 ivitze
2848 4721 3170 4778 morumque
3213 4709 3494 4778 spectabat

1909 4773 2377 4848 informationet_n_.
2412 4773 2467 4827 Si
2501 4777 2714 4848 quando
2745 4793 2773 4830 a
2818 4773 3166 4848 cognatis'et
3196 4773 3387 4832 anticis
3427 4782 3494 4836 ad

1909 4843 2124 4918 scholas
2165 4843 2370 4918 aliquid
2404 4845 2644 4918 pecuniae
2681 4848 2780 4902 sibi
2815 4843 3144 4913 miiteretur,
3169 4848 3324 4918 quasi
3376 4864 3488 4902 rem

1909 4914 2108 4990 malum
2157 4914 2718 4990 vitabatsuscipere;
2777 4919 2915 4990 sicut
2950 4914 3314 4990 condiscipuli
3370 4919 3488 4990 ejus

1909 4986 2053 5059 soliti
2107 4993 2264 5059 erant
2319 4984 2524 5059 referre
2555 5026 2570 5049 ,
2617 4985 2715 5059 ita
2771 4989 3050 5042 avaritiam
3106 4984 3483 5059 perhorrebat.‘

1906 5057 2152 5125 Cumque
2176 5056 2786 5127 vicesimnmgqnintum
2837 5067 3018 5127 ageret
3043 5056 3215 5116 aetatis
3259 5077 3485 5127 annum,

1909 5127 2224 5183 desiderans
2273 5141 2460 5181 vocem
2494 5125 2722 5198 Dumini
2773 5126 3015 5198 implere,
3047 5131 3276 5185 dicentis
3319 5151 3332 5186 :
3382 5125 3487 5198 Qui

219 5190 397 5272 adhuc
421 5191 487 5277 Ain
510 5193 690 5277 .cu‘ni’s‘
711 5192 943 5277 jacerel,
981 5197 1133 5277 gravi
1163 5190 1414 5277 molestia
1454 5190 1632 5251 ta'ctus
1663 5212 1800 5277 pene
1827 5216 1880 5277 Β
1907 5214 2010 5251 non
2042 5198 2306 5277 renuntin
2338 5197 2576 5276 omnibus
2602 5212 2719 5277 qum
2748 5190 2997 5277 possidet.
3023 5214 3125 5252 non
3151 5213 3314 5277 potest
3339 5190 3484 5259 ηιξκιε

205 5261 391 5338 visum
417 5258 620 5338 amisit.
647 5258 860 5338 Territa
889 5258 1179 5338 maluerpro
1205 5267 1312 5321 lilio
1340 5267 1530 5338 lugens
1555 5258 1800 5323 cucurrit

209 5330 284 5386 ad
308 5327 599 5400 quamdam
629 5330 914 5386 ecclesiam
947 5331 1006 5387 S.
1033 5327 1286 5390 Germani
1321 5337 1370 5391 in
1398 5327 1589 5392 Eodem
1617 5347 1798 5390 castro

203 5399 396 5474 'sitain,
445 5408 500 5455 et
536 5400 732 5474 obtulit
765 5399 910 5474 illum
945 5418 1107 5472 super
1145 5403 1313 5474 altare
1342 5407 1585 5474 ejusdem
1616 5405 1798 5459 eccle-

214 5472 330 5540 siae,
355 5472 717 5544 vovens_Deo,
746 5482 801 5527 et
822 5471 1154 5544 beatissime
1183 5472 1275 5529 Dei
1308 5471 1555 5544 genitrici
1594 5475 1794 5540 marite,

217 5545 516 5615 sanetoque
542 5541 815 5615 Germano
835 5585 849 5608 ,
899 5544 1044 5615 quod
1077 5544 1123 5598 si
1143 5541 1285 5615 puer
1314 5541 1456 5598 illam
1492 5542 1804 5615 ἰηροιῃηιο-⁵

215 5612 440 5678 ditatem
489 5612 790 5678 oculorum,
821 5612 1009 5670 eorum
1061 5612 1264 5670 ausilio
1320 5616 1597 5680 evaderet,
1646 5614 1793 5670 illum

215 5681 463 5756 servitio
497 5683 586 5756 Dei
631 5686 877 5750 nutriret,
925 5685 1229 5756 litterisque
1279 5686 1626 5742 imbuendqu
1680 5693 1798 5739 trn-

216 5753 389 5816 tleret,
422 5753 690 5826 simulque
719 5757 925 5825 rogavit
963 5753 1168 5822 Deum,
1210 5767 1270 5812 ut
1299 5759 1343 5812 si
1377 5757 1536 5812 aliter
1568 5771 1793 5826 puerum

216 5837 408 5896 sanare
441 5823 624 5892 nollet,
657 5826 708 5881 in
742 5823 819 5888 εὖ,
851 5827 900 5880 id
941 5837 1022 5881 est
1055 5827 1106 5881 in
1148 5839 1374 5884 matrctn
1425 5823 1796 5883 infirmitatem

1901 5284 2016 5321 esse
2050 5267 2338 5346 discipulus
2365 5283 2383 5320 :
2406 5267 2524 5346 et
2553 5268 2668 5346 quis
2709 5265 2816 5320 vult
2851 5277 2963 5336 post
2994 5284 3076 5320 me
3100 5265 3293 5335 venire,
3323 5275 3487 5327 (Λυκίη

1906 5347 1986 5403 get
2015 5336 2385 5411 semetipsum,
2431 5345 2478 5388 et
2509 5336 3102 5411 tollatft‘ucentauam,
3150 5350 3196 5392 et
3237 5354 3484 5411 sequatur

1905 5420 2017 5469 me,
2050 5405 2373 5458 renuntians
2397 5406 2596 5460 mundo
2617 5447 2632 5471 ,
2655 5406 2811 5463 Becci
2855 5409 3031 5464 factus
3070 5419 3156 5462 est
3187 5405 3483 5467 monachus

1901 5476 2004 5536 sub
2029 5474 2377 5546 sanctissimo
2419 5473 2615 5531 abbate
2653 5479 2928 5534 Anselmo.
2975 5481 3252 5546 Ingressus
3294 5498 3481 5536 moum

1903 5547 2130 5623 sterium
2172 5545 2537 5623 intentissime
2566 5548 2822 5623 religioni
2887 5552 3201 5623 monasticzn
3257 5567 3479 5623 operam

1906 5617 2071 5672 dabat
2115 5634 2128 5670 :
2173 5615 2390 5671 lectioni
2432 5625 2487 5672 et
2536 5615 2748 5674 silentio
2807 5621 3059 5676 assiduus
3116 5615 3479 5677 vitam'suam

1905 5688 2135 5744 honeste
2174 5686 2448 5761 custodire
2470 5688 2757 5761 admodum
2783 5689 3053 5744 studebat.
3090 5691 3164 5745 Ita
3211 5692 3321 5747 Deo
3360 5694 3476 5761 pla-

1908 5773 2034 5828 cere
2066 5757 2312 5828 cupiens,
2355 5759 2666 5815 hominibus
2685 5761 2899 5823 charus,
2930 5762 2981 5815 in
3025 5762 3222 5816 castris
3261 5757 3477 5818 Domini

1907 5827 2167 5896 Sabaoth,
2191 5829 2308 5899 ejus
2349 5829 2502 5906 signa
2545 5844 2793 5899 sequens.
2820 5847 2916 5902 per
2960 5831 3265 5904 quindecim
3307 5845 3483 5891 annos
