4028 6302
555 347 624 398 27
1205 349 1261 405 S.
1297 348 1595 406 ANSELMI
1626 349 1983 408 CANTUAR.
2020 347 2338 405 ARClllEP.
2389 347 2539 406 OPP.
2574 347 2756 404 PARS
2793 347 2879 403 lli.
2920 344 3406 403 —EPISTOLE.'

3805 343 3900 400 28

557 455 839 528 pra-cipio,
863 468 926 514 ut
970 459 1110 516 hanc
1147 474 1335 515 curam
1379 460 1432 514 in
1475 475 1570 532 spe
1618 459 1805 516 auxilii
1841 461 1960 526 Dei,
1997 469 2144 516 tuam
2173 481 2224 538 Δ
2254 469 2357 514 tuae
2403 458 2710 516 dilectionis
2747 459 2802 513 in
2839 457 2970 522 Deo,
3002 468 3058 513 ut
3105 473 3207 513 nec
3241 447 3424 528 putem
3461 469 3548 512 me
3591 455 3896 530 indigem

557 557 894 620 postponens
935 551 1205 620 requiem,
1242 565 1342 620 pro
1385 551 1616 606 fratrum
1661 561 1874 607 tuorum
1919 551 2150 608 utilitate

563 640 844 698 humiliter
879 641 1160 712 suscipias.
1207 643 1344 698 lstas
1371 643 1580 708 litteras
1609 657 1848 714 congruo
1887 653 2146 714 tempore,

559 741 622 787 et
645 732 864 786 domino
901 740 1108 800 nostro,
1137 743 1208 788 et.
1233 733 1660 805 congregationi,
1691 743 1748 788 et
1772 733 1970 804 quibus
1993 749 2152 805 opor-

561 824 720 890 tebit,
747 823 1236 896 voloprt'esentari.
1269 825 1388 880 Tibi
1431 841 1666 896 quoque,
1696 824 1944 882 Baldrice
1979 827 2148 896 prior,

561 930 660 986 per
700 925 947 972 sanctam
991 917 1356 972 obedientiam
1405 917 1688 988 praecipio,
1731 925 1791 970 ut
1843 917 2152 987 quicunque

561 1004 633 1060 sit
662 1006 848 1072 abbas,
886 1007 1188 1078 prioratum
1221 1023 1330 1062 non
1366 1009 1604 1078 deseras,
1627 1007 1748 1063 nisi
1781 1006 1902 1078 ejus
1937 1017 1996 1066 et
2031 1023 2152 1064 meo

561 1111 856 1165 consensu,
889 1098 1017 1155 dum
1045 1099 1202 1162 vivo.
1233 1097 1438 1154 Valete.
1524 1141 1528 1146 .
1683 1139 1686 1142 .
1795 1117 1802 1124 -

1015 1235 1018 1238 Α
1081 1189 1416 1247 EPISTOLA
1453 1189 1602 1246 1X“.

925 1296 1152 1338 ANSELII
1181 1298 1250 1336 AD
1275 1299 1523 1339 BOGEDUH
1549 1299 1814 1340 ΔΒΒΛΤΕΙΙ.

907 1411 934 1420 .-
971 1373 1368 1438 Commendatio
1399 1375 1754 1430 Becceusium.
1883 1417 1885 1420 ι
1960 1445 1964 1450 _

638 1470 868 1525 Domino
915 1469 1064 1525 Patri
1110 1471 1434 1536 reverenda,
1479 1470 1654 1525 abbati
1697 1469 1943 1536 Roceno,
1985 1470 2157 1526 frater

565 1563 871 1625 Ansetuos,
897 1561 950 1614 in
983 1561 1086 1616 hac
1116 1561 1226 1616 vita
1259 1559 1516 1632 prospere
1541 1560 1726 1616 vivere
1755 1561 1810 1615 in
1843 1560 2152 1629 sanctitate,

563 1652 622 1706 in
657 1651 836 1706 futura
867 1649 1100 1707 feliciter
1129 1652 1181 1706 in
1217 1652 1538 1707 aeternitate.

555 1767 560 1772 -
643 1742 736 1798 Sic
779 1741 936 1798 nobis
965 1743 1196 1800 invicem
1227 1743 1429 1799 conscii
1471 1758 1660 1800 sumus
1698 1759 1800 1816 ego
1826 1752 1881 1802 et
1911 1757 2006 1799 vos
2041 1759 2158 1798 tnu-

2252 551 2526 623 prccibus,
2557 557 2620 604 ut
2645 550 2760 620 ipsa
2799 563 3014 619 semper
3049 548 3104 603 in
3135 548 3313 614 nobis,
3345 547 3583 618 quandiu
3615 549 3888 615 vivatis,

2249 644 2429 710 vivat;
2479 657 2578 697 nec
2623 656 2720 698 vos
2757 640 3001 712 indigere
3039 641 3500 712 persuasionibus,
3547 641 3706 711 quia,
3739 639 3889 696 Deo

2253 745 2546 798 annuente,
2577 731 2814 804 quandiu
2862 732 3066 800 vivam,
3102 732 3157 787 in
3199 747 3288 788 me
3329 748 3434 788 non
3481 732 3730 788 deﬁciet.
3787 733 3886 789 De

2253 825 2493 882 Ecclesia
2529 823 2686 880 Βεροί
2713 821 2861 895 (quia
2899 823 3034 878 nihil
3065 823 3108 854 ⁶⁹
3153 823 3208 879 in
3256 825 3360 881 hoc
3405 825 3606 880 mundo
3649 825 3884 895 purius

2253 917 2435 984 dilexi,
2469 932 2570 972 nec
2597 916 2804 986 diligo),
2837 915 2884 970 si
2913 915 3094 970 vestra
3131 915 3403 971 Sanctitas
3433 916 3884 988 supplicationi-

2251 1007 2354 1064 bus
2390 1008 2677 1079 indigeret,
2708 1005 2896 1076 utique
2940 1007 3108 1062 corde
3153 1016 3210 1064 et
3255 1007 3474 1074 litteris,
3504 1008 3628 1077 quia
3657 1009 3880 1064 verbis

2253 1113 2494 1170 prazsens
2559 1115 2800 1170 nequeo,
2855 1097 3118 1171 quantum
3175 1114 3390 1170 possem
3449 1099 3876 1170 supplicarem,

2251 1203 2521 1262 quatenus
2549 1193 2626 1248 illi
2654 1202 2834 1250 vestra
2861 1192 3186 1259 consolatio,
3209 1201 3264 1247 et
3283 1201 3524 1248 vestrum
3555 1194 3878 1250 consilium

2253 1285 2618 1344 etauxilium
2669 1299 2777 1340 non
2828 1285 3072 1352 deesset,
3119 1293 3177 1340 et
3217 1293 3280 1340 ut
3323 1284 3650 1356 filiosejus,
3703 1285 3876 1342 velut

2255 1375 2648 1449 primogenitus
2689 1389 2742 1434 et
2787 1377 2958 1449 major
2989 1379 3162 1432 frater
3191 1393 3402 1442 eorum,
3433 1387 3657 1449 paterna
3695 1379 3874 1435 solli-

2256 1464 2498 1524 citudine
2532 1477 2586 1524 et
2625 1463 2872 1526 materna
2915 1469 3200 1526 dulcedine
3245 1470 3526 1526 foveretis.
3567 1469 3676 1528 Sed
3719 1487 3878 1541 quo-

2257 1560 2404 1616 niam
2449 1569 2629 1617 vestra
2669 1556 2978 1631 prudentia,
3011 1570 3066 1618 et
3087 1570 3296 1618 “vestrae
3339 1563 3627 1618 charitatis
3665 1563 3876 1618 since-

2241 1653 2396 1708 q‘itas
2439 1653 2544 1708 hoc
2588 1653 2738 1710 vobis
2773 1654 3102 1723 persuadere
3147 1655 3268 1708 sine
3311 1653 3430 1708 mea
3473 1651 3878 1708 exhortatione

2259 1742 2553 1812 subiciunt,
2583 1755 2639 1800 et
2684 1759 2784 1817 ego
2819 1741 3260 1818 propter'cordis
3308 1745 3693 1800 abundantiam
3737 1759 3874 1800 om—

1851 1853 2086 1960 nium
2123 1853 2548 1960 moriones:

669 2019 718 2053 ⁸⁸
745 2021 876 2076 Cum
899 2019 1104 2075 duobus
1131 2019 1368 2092 pi‘refatis
1389 2033 1516 2072 mss.
1543 2018 1758 2072 collata.

1837 2016 1880 2058 ⁸ο
1907 2015 2042 2083 Quia
2063 2015 2196 2070 nihil
2213 2033 2339 2071 mss.
2371 2031 2476 2086 qua
2506 2015 2638 2071 nihil

555 2225 560 2230 _
733 2216 741 2230 ._
907 2141 912 2150 '
1017 2137 1020 2140 ’
1295 2147 1302 2153 ·
1471 2145 1478 2230 ‘_
1748 2147 2036 2205 JOANNIS
2059 2129 2589 2206 PlCARDtNOTA-I.

571 2267 784 2352 strenui
802 2263 1229 2352 Imilitisqo‘llic'io
1256 2263 1517 2352 functus,
1557 2263 1684 2318 huic
1711 2247 1930 2352 'niilitiae
1969 2263 2030 2318 Β.
2054 2263 2160 2318 An—
2190 2239 2698 2352 B_vel_vestitutum
2739 2267 3108 2352 pertinentes,_
3137 2269 3445 2352 ubicunque
3474 2271 3733 2352 monachi
3769 2287 3872 2330 es-

567 2338 739 2394 seltuo
783 2337 921 2390 duce
961 2334 1220 2388 militavit
1255 2341 1366 2388 tam
1425 2344 1646 2390 strenue
1687 2344 1744 2388 ut
1781 2348 1972 2388 omnes
2033 2347 2158 2388 eum

569 2409 858 2476 diligerent
885 2446 915 2476 ,ί
961 2414 1014 2459 et
1047 2404 1236 2476 nullus
1279 2406 1345 2460 de
1388 2419 1454 2459 eo
1482 2413 1926 2476 Vcenqttet'eretur
1949 2444 1964 2468 ,
1990 2402 2157 2476 fama

565 2473 834 2534 bonitatis
872 2475 989 2546 ejus
1010 2475 1434 2546 circumquaque
1477 2475 1676 2546 bonum
1699 2473 1900 2546 Chriin
1939 2474 2159 2529 odorem

567 2550 726 2603 deice
756 2544 980 2606 ferebat.
1007 2545 1179 2616 Igitur
1221 2545 1282 2600 Β,
1311 2546 1566 2616 ᾼιιεθιιηο
1589 2545 1642 2616 in
1675 2544 1925 2616 Angliam
1972 2553 2160 2616 trans-

565 2618 713 2681 lato,
754 2626 810 2672 et
855 2613 1264 2686 arelticpisc0po
1307 2615 1482 2682 facto,
1519 2613 1673 2685 cujus
1695 2613 1970 2686 fastigium
1997 2615 2162 2686 virga:

574 2689 872 2760 prmdictus
909 2685 1215 2760 Willelmus
1247 2685 1415 2760 antea
1453 2702 1576 2760 ctnn
1619 2685 2158 2760 veneratusﬁfuissg,

597 2767 760 2814 tostea
813 2756 1097 2826 sscipcre
1157 2757 1372 2811 meruit.
1424 2775 1442 2808 ι
1488 2755 1634 2812 Huc-
1665 2771 1836 2826 usque
1897 2753 2157 2812 Chronic.

617 2842 846 2885 eccense
887 2826 1234 2884 deWilleluti
1277 2827 1644 2895 incunabulis,
1687 2827 1920 2896 pueritia
1955 2836 2017 2882 .et
2047 2841 2162 2882 mo-

569 2901 891 2964 nachismo;
941 2899 1274 2967 insequentia
1320 2901 1564 2964 etenim,
1633 2898 1888 2966 quoniam
1939 2897 2066 2950 hinc
2108 2897 2160 2948 in

566 2979 823 3040 quartum
866 2969 1103 3040 Auselmi
1149 2967 1300 3040 fuere
1323 2968 1617 3040 traducta,
1643 2967 1880 3040 elogium
1915 2967 2160 3040 reticeo,

569 3035 792 3094 interim
819 3038 1174 3108 mirabundus
1197 3037 1304 3106 q'ui'
1331 3035 1662 3108 biographus
1691 3035 1794 3092 iste
1831 3035 2165 3108 praeterierit

569 3113 728 3180 quod
743 3107 1235 3180 Willelnnisfuerit
1257 3108 1410 3180 prior
1433 3106 1757 3180 Brixiensis,
1783 3106 1848 3163 ut
1872 3106 2164 3180 A‘nselmus

573 3177 933 3250 peculiariter
955 3178 1276 3246 designavit.
1303 3177 1412 3250 Sed
1439 3187 1494 3250 ut
1521 3178 1844 3250 coniungam
1868 3177 2161 3250 disiuncta,

575 3247 794 3304 tandem
831 3248 1207 3302 universorum
1233 3247 1422 3303 calculi
1469 3249 1522 3304 in
1549 3247 1804 3304 Willelini
1841 3247 2162 3302 electionem

573 3319 880 3402 conglobati
923 3328 1070 3402 sunt.
1097 3318 1224 3400 Post
1253 3319 1404 3402 haec,
1441 3320 1528 3402 ait
1567 3317 1839 3402 Chronic;
1877 3311 2165 3402 {vocatus
2211 3315 2214 3318 ⁴

2263 2345 2407 2409 sent,
2454 2337 2520 2392 ad
2545 2333 2774 2409 quorum
2807 2354 2936 2394 usus
2974 2333 3315 2408 emebantur,
3349 2333 3552 2406 sivein
3589 2341 3864 2409 claustro,

2264 2408 2377 2482 sive
2403 2419 2558 2482 extra
2591 2407 2887 2482 claustrum
2931 2410 2986 2464 in
3009 2409 3256 2482 negotiis
3297 2407 3616 2482 monasterii
3654 2407 3872 2482 quietae

2263 2478 2442 2550 forent
2465 2479 2704 2550 ahiomni
2727 2478 3140 2543 consuetudine,
3199 2495 3320 2550 qua:
3346 2481 3540 2536 telouei
3567 2482 3649 2537 vel
3673 2478 3868 2539 trans-

2263 2549 2295 2622 i_
2290 2558 2374 2622 tus
2394 2548 2480 2602 vel
2501 2548 3233 2622 a_l_i_o_nntnine_nuncupatur1
3251 2549 3373 2610 Hoc
3393 2551 3524 2607 fecit
3545 2569 3644 2622 pro
3666 2569 3868 2614 amore

2265 2618 2366 2674 Dei
2416 2627 2472 2674 et
2519 2617 2772 2692 Willelmi
2815 2619 3029 2692 abbatis
3056 2617 3495 2692 'Becciicognati
3527 2617 3638 2692 sui.
3684 2623 3868 2680 Multa

2263 2705 2482 2815 quoque
2526 2689 2628 2744 alia
2677 2689 2946 2746 beneficia
3002 2689 3260 2746 BeCceusi
3323 2691 3574 2747 ctenobio'
3620 2693 3868 2749 contulit

2301 2775 2389 2814 um
2441 2760 2614 2815 vixit.
2659 2775 2824 2815 causa
2863 2760 3106 2815 eiusdem
3158 2761 3390 2815 abbatis.
3443 2761 3631 2815 ltaoue
3679 2779 3864 2815 novus

2301 2775 2389 2832 um
2441 2760 2614 2824 vixit,
2659 2775 2824 2816 causa
2863 2760 3106 2832 ejusdem
3158 2761 3390 2816 abbatis.
3443 2761 3631 2832 Itaque
3679 2779 3864 2820 novus

2263 2830 2469 2886 electus
2499 2837 2730 2900 accepto
2763 2847 2793 2885 a
2817 2832 2966 2886 .duce
2997 2831 3256 2896 Roberto,
3285 2841 3344 2885 ut
3375 2830 3580 2887 dictum
3619 2843 3723 2896 est,
3751 2834 3862 2888 ab-

2264 2900 2429 2976 batite
2459 2900 2626 2976 dono,
2679 2909 2734 2954 et
2783 2916 2813 2955 a
2866 2900 3140 2956 Willelmo
3170 2901 3864 2976 Rotliomagensiarchie-

2266 2971 2487 3046 piscopo
2519 2971 2823 3046 animarum
2848 2986 3010 3046 _c_ura,
3036 2987 3160 3026 cum
3194 2973 3366 3046 gratia
3395 2971 3670 3046 principis
3692 2975 3860 3030 rediit

2267 3054 2296 3092 a
2329 3040 2480 3115 curia
2517 3055 2640 3115 cum
2679 3041 2814 3115 suis.
2848 3039 3012 3096 Venit
3044 3039 3235 3115 autem
3285 3039 3516 3115 Becenm
3545 3039 3702 3115 sero
3732 3049 3860 3115 post

2267 3110 2706 3178 completorium.
2737 3112 2824 3166 die
2859 3121 2988 3167 ante
3036 3111 3392 3166 festivitatem.
3444 3110 3854 3170 Dedicationise

2267 3195 2388 3250 quae
2424 3180 2694 3237 festivitas
2738 3190 2823 3238 est
2863 3199 2895 3236 x
2934 3181 3160 3237 Kalend.
3194 3181 3479 3249 Novemb.,
3517 3193 3572 3238 et
3611 3199 3675 3240 eo
3711 3199 3856 3239 anno

2269 3251 2549 3325 Dominica
2585 3252 2670 3306 die
2719 3255 2919 3325 evenit.
2970 3253 3209 3325 Surgens
3259 3254 3323 3306 ad
3357 3255 3662 3325 matutinas
3705 3257 3856 3309 venit

2267 3336 2441 3394 novus
2491 3320 2697 3394 electus
2747 3324 2808 3388 in,
2850 3320 3104 3394 chorum;
3137 3333 3210 3394 et
3243 3324 3392 3394 stetit
3442 3323 3496 3394 in
3541 3324 3662 3380 loco
3699 3325 3852 3394 juxta

573 3387 744 3454 venit,
771 3397 819 3443 et
845 3389 898 3443 in
923 3390 1113 3443 ordine
1135 3397 1233 3443 Suo
1256 3389 1413 3443 s'edit.
1441 3390 1594 3443 Tunc
1617 3389 1769 3457 prio:-
1787 3387 1928 3442 dixit.
1949 3388 1996 3442 ei
2021 3387 2166 3457 quod

573 3461 644 3514 ad
686 3460 925 3532 regimen
950 3458 1244 3532 ﬁeccensis
1289 3459 1540 3516 Ecclesiae
1579 3460 1744 3526 illum,
1771 3459 2090 3532 eligerent;’
2113 3465 2168 3512 et
2270 3477 2398 3516 num
2423 3470 2477 3516 et
2503 3462 2758 3517 diurnum
2789 3463 3048 3518 decenter
3071 3471 3131 3517 ut
3170 3463 3341 3518 abbas
3375 3458 3690 3532 complevit.
3715 3465 3848 3519 Acta

575 3539 637 3584 ut
665 3527 874 3604 abbatis
907 3527 1162 3604 cilicium,
1204 3538 1258 3584 et
1291 3545 1477 3604 cnram
1522 3531 1828 3604 animarum
1855 3527 2167 3604 susciperet
2198 3590 2233 3604 η
2271 3533 2543 3604 sunthaec
2563 3547 2708 3604 anno
2733 3527 3626 3590 Dominicmlncarnationis1095.
3659 3535 3718 3589 ln‘
3737 3535 3848 3604 ipsa

571 3614 643 3656 ex
668 3609 820 3670 parte
845 3600 959 3666 Dei,
992 3608 1048 3654 et
1091 3590 1289 3654 sancta:
1332 3599 1532 3664 Mariae,
1569 3609 1746 3674 atque
1770 3590 2168 3674 oniniiiin'san-
2193 3590 2236 3648 C
2270 3602 2701 3674 dieWillclmus
2737 3604 2946 3658 electus
2973 3644 2986 3668 ,
3041 3604 3180 3658 sedit
3224 3605 3459 3674 primum
3508 3614 3566 3658 ut
3601 3590 3770 3660 abba's'
3795 3605 3848 3660 in

574 3677 811 3744 olorum,
838 3685 1064 3744 necnon
1098 3686 1160 3744 ex
1199 3679 1368 3744 parte
1387 3669 2032 3730 reverentlissitniPatris
2055 3669 2166 3723 An-
2271 3672 2529 3744 capitulo,
2561 3673 2744 3744 abillo
2767 3674 2852 3730 die
2877 3675 3171 3743 disponens
3209 3669 3392 3728 omnia
3437 3675 3584 3730 intus
3619 3685 3674 3731 et
3700 3685 3846 3729 extra

577 3742 753 3804 selmi,
795 3740 1072 3810 prmcepit.
1098 3741 1167 3794 At
1200 3740 1316 3805 ille,
1357 3741 1409 3795 in
1447 3750 1647 3795 terram
1685 3751 2012 3810 prostratus,
2045 3755 2168 3807 prc-

571 3829 694 3880 cor,
737 3811 972 3882 Domini,
997 3820 1114 3882 iaut
1133 3811 1327 3882 deboc
1357 3813 1502 3880 quod
1523 3811 1724 3881 jubetis
1751 3811 1974 3882 omnino
2003 3811 2214 3882 abso--_

571 3879 748 3940 lutum
787 3879 1247 3952 'dimiltite'itue‘,
1301 3879 1396 3952 aut
1456 3879 1729 3952 quomodo
1770 3881 1822 3952 id
1875 3879 2186 3952 adimplere

571 3955 799 4026 possim,
831 3954 1058 4026 docete.
1083 3951 1239 4022 Prior
1277 3951 1350 4022 ad,
1377 3949 1516 4026 hate,
1554 3961 1632 4026 ut_
1655 3950 1999 4026 dimittamini
2020 3989 2034 4015 ,
2067 3949 2164 4026 ait,

575 4021 682 4082 non
707 4021 791 4081 est
815 4041 950 4094 opus
994 4021 1389 4088 laliorare,setl
1434 4023 1695 4091 suscipite
1737 4025 2086 4094 hanccuratn
2113 4021 2166 4074 iu

575 4098 796 4152 nomine
848 4090 1084 4160 Domini,
1126 4105 1180 4150 et
1215 4111 1311 4150 nos
1348 4090 1596 4158 vobisex
1641 4095 1824 4162 animo
1854 4090 2168 4146 obedienles

575 4166 799 4236 erimus.
829 4165 1022 4236 Statim
1048 4167 1172 4236 ipsa
1204 4167 1289 4220 die
1324 4166 1491 4222 abbas
1516 4163 1784 4236 Bogei'itis
1813 4163 1969 4236 (a)_e|
1995 4162 2164 4236 prior,

574 4245 630 4290 et
652 4235 870 4304 quidam
911 4235 998 4288 alii
1040 4233 1238 4289 fratres
1281 4251 1402 4290 cum
1445 4233 1526 4292 eis
1553 4233 1832 4306 assumpto
1857 4233 2031 4306 electo
2069 4233 2167 4287 suo

519 4303 901 4370 radicuriam
955 4315 1357 4375 properarunt,
1400 4315 1456 4360 et
1492 4303 2166 4362 Roberto'Northmanno-

577 4391 698 4432 rum
747 4375 866 4430 duci
909 4384 1320 4445 prteseutarunt.
1372 4376 1542 4444 Quem
1603 4377 1898 4445 alacriter,
1948 4382 2006 4427 et
2044 4387 2167 4426 cum

571 4461 777 4514 magno
801 4444 1009 4514 (honore
1045 4446 1369 4514 suscipiens,
1413 4447 1562 4502 dedit
1602 4449 1650 4503 ei
1694 4444 1969 4504 abbatiam
2017 4457 2169 4498 more

575 4526 985 4586 antecesserunt
1041 4531 1294 4580 suorum.
1341 4517 1583 4572 Aderant
1648 4518 1792 4574 enim
1848 4514 2166 4586 principes,

2267 3391 2451 3446 sedem
2474 3392 2710 3456 abbatis,
2733 3401 2788 3448 et
2813 3401 2985 3448 totum
3003 3391 3244 3449 "cilicium
3275 3393 3607 3459 festivitatis,
3635 3391 3852 3451 noctur-

2269 3813 2374 3884 etis
2415 3813 2557 3882 quod
2599 3814 2758 3880 talem
2794 3813 2936 3884 Deus
2956 3814 3213 3884 Anselmo
3241 3813 3637 3884 successorem,
3660 3825 3712 3871 et
3743 3814 3846 3874 sibi

2270 3883 2490 3956 dederat
2519 3893 2812 3956 pastorem.
2837 3883 3064 3956 LTamen
3105 3883 3233 3940 ante
3277 3883 3707 3956 benedictionem
3743 3899 3846 3956 nec

2271 3953 2324 4006 in
2359 3953 2543 4026 sedem
2580 3955 2799 4026 abbatis
2843 3955 3093 4026 intravit,
3133 3971 3234 4026 nec
3273 3953 3478 4026 virgam
3523 3955 3843 4026 pastoralem

2309 4022 2532 4077 ortavit.’
2575 4023 2678 4078 Sed
2724 4033 2776 4078 et
2806 4026 2872 4080 de
2905 4025 3283 4080 benedictione
3331 4022 3704 4090 acceleranda,
3732 4023 3846 4079 nul-

2294 4109 2400 4166 am,
2432 4101 2493 4147 ut
2523 4094 2833 4159 videbatur,
2873 4110 3064 4166 curam
3095 4096 3358 4166 habebat;
3391 4111 3512 4166 qua:
3541 4097 3845 4166 benedictio

2269 4163 2435 4218 dilata
2479 4173 2563 4232 est
2604 4180 2773 4234 usque
2820 4165 2886 4219 ad
2929 4163 3231 4235 August-um
3264 4161 3503 4234 mensem
3537 4162 3662 4220 anni
3707 4167 3843 4225 inse-

2270 4237 2507 4306 quentis.
2545 4235 3071 4306 VerumﬂAnselmus
3115 4249 3221 4290 non
3265 4236 3468 4291 oblitus
3497 4238 3641 4305 quod
3683 4236 3846 4291 incre-

2271 4304 2448 4376 jierat,
2494 4304 2704 4376 rogavit
2733 4305 3063 4360 Willelmum
3099 4304 3594 4376 Rothotnagensem
3645 4307 3848 4374 archie-

2273 4375 2478 4448 piscop.
2505 4375 2572 4429 de
2609 4375 2989 4448 benedictione
3024 4375 3238 4448 abbatis
3265 4375 3446 4446 Becci,
3469 4388 3525 4432 et
3550 4379 3652 4432 hoc
3679 4377 3846 4448 ipsum

2271 4457 2372 4510 per
2403 4445 2613 4499 litteras
2633 4443 2811 4514 ‘priori
2857 4443 3131 4510 Baldrico,
3183 4455 3237 4500 et
3267 4443 3556 4502 conventui
3611 4443 3849 4502 notitiea-

2271 4516 2368 4569 vit.
2400 4513 2912 4586 intranteAugusto
2940 4531 3129 4571 mense
3155 4515 3432 4572 Baldricus
3459 4520 3652 4586 prior,
3673 4527 3724 4572 et
3756 4516 3848 4572 alii

2270 3743 2666 3815 convenienter
2697 3745 3012 3815 monasterii
3059 3745 3291 3815 negotia,
3337 3745 3695 3815 gaudentibus
3719 3760 3848 3815 cunf
3943 3795 3960 3808 ,
3993 3787 3995 3806 ,

580 4585 851 4642 Robertus
900 4602 1084 4642 comes
1135 4587 1371 4648 Mellenti
1401 4628 1416 4653 ,
1459 4597 1514 4643 et
1557 4583 2167 4644 Robertus'Anscbitilli

577 4657 888 4712 consobrini
935 4657 1177 4725 ejusdem
1209 4658 1666 4722 Willelmielecti
1709 4657 1866 4720 Becci
1894 4697 1910 4722 ,
1937 4657 2052 4725 ,qui
2103 4656 2168 4709 de

575 4728 716 4800 ejus
739 4729 1082 4800 promotione
1120 4727 1275 4800 v_alde
1319 4737 1450 4800 sunt
1487 4727 1950 4800 gratulatin'tlr‘unc
1982 4741 2167 4781 comes

579 4797 818 4853 Mcllcnti
854 4798 1111 4868 praecepit
1135 4797 1372 4854 Roberto
1401 4797 1510 4854 lilio
1531 4798 1838 4854 Anscltitilli
1863 4807 2162 4860 utnovum

577 4869 816 4924 electum
839 4869 996 4924 Becci
1023 4867 1090 4922 ad
1115 4871 1503 4936 monasterium
1532 4867 1874 4932 conduceret,
1903 4869 2166 4924 mandans

2271 4587 2490 4654 quidam
2521 4584 2718 4640 fratres
2755 4584 2874 4641 cum
2919 4602 2985 4642 eo
3039 4599 3398 4656 perrexerunt
3437 4584 3846 4656 Rothomagum,

2272 4671 2396 4710 eum
2424 4657 2840 4727 archiepiscopo
2869 4657 3098 4712 locuturi
3123 4657 3188 4711 de
3213 4655 3597 4714 benedictione
3619 4655 3844 4727 abbatis.

2271 4727 2374 4792 Qui
2405 4728 2546 4782 diem
2575 4725 2972 4798 benedicuonis
3017 4728 3302 4798 constituit
3339 4730 3391 4782 in
3435 4729 3682 4798 proxima
3705 4725 3846 4790 festi-

2273 4798 2458 4853 vitatis
2498 4799 2670 4852 sancti
2717 4797 3014 4866 Laurentii.
3052 4797 3324 4852 Reversus
3371 4797 3520 4868 prior
3557 4799 3691 4868 dixit
3721 4811 3847 4868 con.-

2269 4869 2611 4938 ventuiqua:
2653 4868 2722 4922 ab
2743 4869 3150 4938 archiepiscopo
3193 4867 3494 4938 acceperat.
3529 4869 3626 4924 Die
3650 4867 3848 4938 festivi-

577 4939 832 5009 omnibus
855 4937 1118 4994 ministris
1141 4937 1254 4992 suis
1279 4933 1616 5009 nequisipsi
1658 4939 1838 4995 abbati
1877 4938 1961 5002 vel
1987 4939 2164 5009 h_omi-
2193 4933 2244 4994 D
2275 4941 2400 4996 tatis
2428 4933 2604 5009 sancti
2636 4933 3552 5009 Laurentii;cum'arcltiepiscopus
3585 4939 3651 4994 ad
3675 4937 3849 5009 altare

581 5009 741 5063 nibus
761 5007 878 5076 ejus
905 5010 961 5080 in
977 5009 1161 5080 aliquo
1185 5009 1444 5080 molestus
1465 5007 1582 5065 esse
1605 5015 1979 5080 praesumeret.
2000 5007 2167 5080 Dedit

583 5087 714 5148 tunc
733 5093 924 5144 comes
945 5077 1179 5134 Mellenti
1221 5079 1484 5145 Roberto,
1519 5089 1578 5134 ut
1602 5077 1690 5136 res
1717 5094 1838 5148 qua:
1869 5079 1935 5134 ad
1961 5077 2164 5134 victum

579 5147 813 5220 fratrum
855 5150 1194 5218 emebantur,
1241 5152 1438 5220 quieta:
1460 5159 1642 5207 essent
1666 5147 1900 5212 ab’omni
1941 5164 2167 5220 consue-

583 5219 803 5292 tudine;
837 5233 1186 5292 quzeusque
1221 5219 1288 5275 ad
1338 5222 1468 5277 illud
1521 5232 1734 5292 tempus
1783 5223 1850 5276 de
1893 5219 2055 5274 rebus
2099 5221 2167 5276 ad
2215 5233 2224 5238 '

579 5287 762 5344 cibum
793 5287 1185 5361 monachorum
1231 5287 1974 5361 pertinentibusubicunque
2019 5307 2168 5346 etne-

581 5369 798 5430 rentur,
855 5360 1021 5415 etiam
1072 5361 1124 5414 in
1156 5363 1384 5430 coquiua
1424 5364 1577 5424 Becci
1631 5379 1662 5418 a
1691 5360 1972 5426 ,minist’ris
2007 5361 2164 5430 Brio7

581 5429 712 5502 dum
752 5432 914 5486 castri
957 5429 1989 5502 exigebantur.Procedentetemporc
2017 5432 2166 5502 dedit

582 5499 726 5566 idem
765 5516 952 5557 comes
993 5499 1225 5566 lllellenti
1255 5519 1353 5572 per
1395 5513 1563 5568 totam
1601 5501 1804 5560 terram
1835 5499 2013 5565 suam,
2045 5501 2170 5554 υὺὶα

581 5585 799 5646 cunque
829 5587 996 5646 suum
1027 5586 1175 5646 erat,
1203 5573 1308 5629 hoc
1347 5576 1566 5646 exigere
1587 5615 1624 5639 ,,
1648 5575 1732 5646 ιρι
1762 5573 2058 5646 dimittere,
2105 5585 2172 5624 ne

581 5643 804 5698 omnino
829 5642 1118 5708 Dominica:
1141 5659 1230 5700 res
1251 5641 1644 5702 monachorum
1667 5643 1850 5710 Bccci,
1874 5641 1943 5697 ad
1969 5643 2172 5696 victum

2269 5021 2446 5067 staret
2472 5007 2749 5080 infulatus,
2779 5017 2942 5080 atque
2979 5007 3184 5080 electus
3213 5007 3370 5065 BeCci
3417 5007 3565 5064 esset
3617 5007 3846 5080 vestibus

2273 5084 2446 5148 sacris
2469 5083 2713 5144 indutus,
2746 5089 2800 5134 et
2827 5079 3055 5134 instaret
3087 5079 3216 5134 hora
3257 5089 3318 5134 ut
3341 5081 3408 5134 ad
3434 5079 3846 5149 benedicendum

2273 5160 2698 5220 praesentaretur
2721 5189 2738 5216 ,
2777 5149 2981 5221 audivit
3005 5165 3034 5220 a
3084 5149 3441 5221 referentibus
3471 5151 3615 5221 quod
3646 5147 3848 5221 archie-

2273 5219 2530 5292 piscopus
2575 5236 2681 5276 non
2737 5219 3085 5292 benediceret
3115 5219 3259 5288 eum,
3303 5220 3405 5290 nisi
3465 5219 3847 5292 professionem

2273 5291 2539 5364 faceret;
2577 5296 2672 5364 sed
2726 5291 3112 5364 responditse
3159 5291 3516 5364 nulloinodo
3569 5291 3845 5364 facturum.

2267 5363 2438 5418 -Tunc
2464 5361 2796 5434 priorBecci
2818 5361 3134 5434 ’Baldricus
3164 5377 3294 5434 cum.
3329 5361 3638 5434 aliquantis;
3667 5363 3848 5431 mona-

2269 5433 2410 5504 .chis_
2433 5429 2672 5504 perrexit
2701 5433 2768 5488 ad
2801 5429 3055 5504 comitem
3095 5429 3500 5504 Northmanniae
3542 5429 3844 5504 Bobertu'm,

2285 5497 2546 5575 iutiufans
2567 5507 2615 5560 ei
2643 5504 2784 5575 quod
2817 5499 3529 5574 archiepiscopusexigeret
3563 5503 3642 5575 ab.
3663 5497 3847 5570 abbate

2287 5574 2444 5646 Βερεί
2471 5570 2906 5646 professionem,
2935 5570 3123 5646 jquani
3155 5570 3568 5646 antecessores,
3595 5570 3706 5646 ejus
3743 5585 3845 5624 non

2289 5641 2563 5702 fecerant.
2584 5641 2731 5702 Illico
2761 5641 2868 5702 dux
2897 5641 3042 5702 misit
3065 5641 3506 5714 Guillelmumde
3523 5641 3754 5706 ~Britolio,
3795 5649 3849 5695 ct

646 5777 723 5848 (α)
763 5779 804 5829 ls
830 5793 890 5828 ex
921 5781 1149 5833 monacho
1175 5781 1416 5831 Beccens.
1445 5779 1601 5831 factus
1628 5749 1784 5828 fuerat
1807 5779 1953 5830 abbas
1973 5753 2198 5828 coenobii.
