4028 6302
218 314 290 369 55
1104 324 1107 325 ν
1506 309 1632 365 LIB.
1676 307 1763 377 ill,
1801 308 2017 371 EPIST.
2048 313 2134 368 XI.
2860 374 2861 377 η
3424 330 3496 386 δι

216 422 528 477 Belvacensn
576 419 833 488 FULCONI,
890 420 1059 478 frater
1106 423 1391 480 Aassmus
1421 440 1432 475 :
1464 432 1664 479 aeterna
1713 421 1806 479 Dei
1840 416 1885 465 Α
1916 424 2155 480 bitanter
2187 426 2374 483 didicit
2404 436 2458 484 et
2486 426 2717 485 credidit
2739 429 2804 485 de
2826 430 3102 491 saecularis
3132 434 3355 494 honoris
3377 452 3494 493 am—

215 517 551 587 protectione
579 522 634 569 et
656 513 1025 572 consolatione
1052 516 1309 585 gaudere.

290 604 438 671 Scio,
468 605 541 660 mi
562 603 732 660 dulcis
760 605 951 672 amice,
985 614 1245 675 quantum
1278 606 1494 662 dilectio
1533 621 1709 662 vestra
1741 610 1809 665 de

218 696 364 754 illius
392 699 573 766 (quem
613 711 778 765 super
800 712 988 752 omnes
1028 698 1277 753 homines
1318 698 1493 768 diligit
1522 699 1592 767 ll'*)
1627 700 1807 770 inspe-

220 799 339 844 rata
367 788 635 859 corporali
663 788 957 845 omissione
1008 790 1447 854 contristaretur,
1478 791 1579 845 nisi
1612 807 1671 846 se
1718 808 1805 848 sa-

214 883 431 952 pienter
457 883 653 937 divina:
681 882 1054 952 dispositionis
1083 884 1518 940 consideratione
1560 886 1807 941 conseia.

220 986 389 1030 retur.
422 975 574 1031 Sicut
598 977 743 1031 enim
774 978 829 1031 in
865 978 1120 1033 cordibus
1144 978 1481 1050 diligentium
1510 994 1629 1035 sese
1668 980 1807 1035 iuvi-

217 1067 401 1123 cem”
447 1074 572 1139 spes
620 1078 676 1123 et
718 1070 1096 1139 opportunitas
1148 1070 1471 1127 confruendi
1529 1087 1587 1127 se
1633 1073 1808 1129 nutrit

215 1158 508 1227 quamdam
542 1158 913 1215 delectabilem
954 1161 1318 1229 dulcedinem,
1358 1161 1429 1218 ita
1461 1161 1699 1231 ejusdem
1726 1165 1803 1219 rei

216 1249 521 1320 desperatio
575 1251 772 1322 ingerit
813 1252 1095 1309 molestam
1128 1255 1583 1310 amaritudinema
1599 1257 1675 1310 De
1698 1272 1805 1326 qua

217 1356 276 1398 re
300 1352 481 1399 vestra
504 1344 552 1378 “
576 1344 869 1401 Prudentia
897 1360 1073 1400 meam
1111 1356 1290 1415 potest
1318 1362 1648 1417 cognoscere
1676 1364 1805 1403 con-

215 1432 518 1488 scientiam.
547 1433 643 1489 Sic
664 1435 806 1490 enim
823 1450 1103 1506 .cognosco
1126 1446 1316 1494 vestra:
1344 1438 1649 1494 dilectionis
1673 1454 1801 1511 erga

214 1524 717 1590 mesinceritatem,
759 1534 821 1580 ut
862 1536 1046 1583 certus
1092 1528 1195 1583 sim
1240 1544 1338 1583 vos
1392 1543 1497 1583 non
1552 1531 1804 1597 ignorare

215 1630 350 1671 mea:
389 1616 696 1673 dilectionis
732 1633 863 1689 erga
912 1634 1011 1673 vos
1058 1628 1116 1673 et
1168 1635 1295 1691 erga
1344 1620 1463 1675 illos
1486 1622 1554 1684 ⁸⁷,
1605 1623 1802 1692 quibus

214 1707 358 1762 illam
392 1710 865 1778 ostendebam,'et
899 1711 1135 1765 maxime
1162 1726 1289 1782 erga
1321 1714 1619 1768 monachos
1669 1714 1800 1771 Bcc-

210 1813 401 1856 censes
423 1802 492 1867 ⁸⁸,
516 1802 820 1857 veritatem.
855 1802 987 1857 Nam
1013 1803 1191 1858 nullus
1211 1805 1291 1858 sic
1316 1806 1596 1874 cognoscit
1628 1807 1799 1860 animi

210 1895 323 1948 veri
354 1895 765 1958 conscientiam,
804 1895 947 1949 sicut
992 1894 1082 1949 ille
1114 1895 1205 1963 qui
1234 1910 1418 1949 veram
1450 1898 1589 1965 gerit
1611 1898 1801 1961 amici-

210 1983 361 2036 tiam.
386 1982 740 2039 Considerate
762 1998 892 2055 ergo
915 2000 1037 2055 qua!
1053 1985 1223 2055 possit
1251 2000 1371 2041 esse
1404 1987 1456 2040 in
1484 1990 1649 2042 corde
1679 2003 1800 2046 meo

205 2071 421 2141 integra
442 2074 649 2139 lastitia,
674 2088 834 2145 quem
860 2077 1251 2131 totamicorum
1265 2091 1352 2131 me
1376 2078 1796 2133 desiderantium

199 2172 253 2219 et
310 2179 338 2217 a
397 2181 485 2220 me
533 2166 965 2223 desideraturum
1017 2169 1305 2224 contristat
1364 2170 1799 2240 irreparabiliter

199 2257 420 2325 perdlta
455 2258 505 2312 in
544 2254 647 2313 hac
678 2259 787 2313 vita
829 2261 1135 2329 praesentia.
1170 2260 1553 2332 Unusquisque
1603 2278 1793 2319 eorum

202 2350 270 2404 (ο
301 2351 406 2405 mei
437 2350 604 2407 solius
643 2352 942 2408 amissione
981 2354 1252 2422 carporali
1302 2355 1466 2421 dolet,
1514 2365 1569 2411 et
1614 2358 1794 2414 anima

204 2453 325 2497 mea
381 2443 447 2498 de
474 2442 749 2509 omnibus,
795 2445 923 2513 quia
965 2446 1033 2500 ab
1065 2461 1252 2500 eorum
1279 2449 1567 2517 prresentia
1624 2451 1794 2506 invita

208 2540 318 2585 tam
353 2533 625 2603 inopinate
651 2535 935 2601 scinditur,
966 2534 1132 2590 dolet.
1166 2535 1300 2590 Nam
1329 2539 1429 2593 etsi
1455 2538 1630 2608 major
1660 2540 1798 2594 mul-

207 2621 381 2676 titudo
416 2623 647 2678 similem
696 2624 1067 2679 exhibentium
1105 2626 1450 2682 dilectionem
1499 2630 1554 2683 in
1602 2632 1795 2702 Anglia

206 2724 292 2764 me
324 2712 574 2766 videatur
610 2712 905 2777 laetificare,
940 2713 1247 2769 nullatenus
1275 2726 1455 2772 tamen
1485 2727 1594 2773 tam
1638 2719 1798 2790 longo

206 2809 451 2869 tempore
482 2801 781 2856 radicatam
810 2810 867 2857 et
895 2802 1154 2857 nutritam
1185 2804 1420 2873 priorem
1451 2807 1796 2864 dilectionem

209 2889 272 2943 de
291 2891 455 2946 corde
500 2907 621 2947 meo
668 2896 809 2949 valet
851 2897 1151 2953 eradicare.
1196 2894 1333 2949 Vera
1374 2896 1517 2951 enim
1558 2897 1797 2954 charitas

209 2992 312 3032 non
339 2979 513 3051 diligit
555 2982 737 3040 minus
785 2985 997 3055 priores
1040 2986 1246 3040 amicos
1282 2985 1532 3051 interius,
1581 2988 1795 3045 etiamsi

208 3072 441 3128 exterius
474 3075 679 3143 pariter
707 3085 942 3146 nequeat
965 3077 1203 3147 operari,
1241 3092 1363 3131 cum
1398 3078 1465 3131 ad
1490 3078 1674 3148 plures
1701 3064 1796 3135 ex?-

209 3162 472 3228 tenditur;
509 3166 653 3222 sicut
682 3180 783 3224 nec
817 3185 845 3224 a
877 3170 1173 3241 prioribus,
1222 3168 1266 3223 si
1292 3169 1405 3224 veri
1456 3172 1615 3228 amici
1646 3182 1792 3237 sunt,

209 3254 385 3310 minus
412 3270 514 3310 non
542 3257 697 3313 timet
740 3260 914 3330 diligi,
938 3276 1062 3316 cum
1098 3276 1129 3315 a
1172 3258 1418 3330 pluribus
1445 3261 1703 3334 diligitur.
1732 3265 1797 3321 Et

206 3344 421 3414 quidem
452 3348 495 3402 si
522 3364 628 3418 qua
664 3351 793 3405 mihi
822 3353 1122 3410 consolatio
1142 3362 1228 3411 est
1264 3353 1620 3411 multitudinis
1656 3357 1794 3411 ami-

205 3450 386 3492 corum
411 3442 761 3508 praesentium
790 3444 855 3498 ad
903 3459 1159 3516 angorem
1189 3458 1350 3518 quetn
1378 3462 1509 3518 gero
1543 3448 1609 3503 de
1648 3450 1795 3517 prio-

206 3538 319 3580 rum
352 3527 617 3595 absentia,
660 3530 791 3585 illud
834 3534 1020 3603 utique
1065 3536 1280 3593 eflicere
1324 3539 1534 3610 nequit,
1574 3547 1634 3594 ut
1682 3553 1792 3594 non

202 3622 495 3678 contrister
540 3622 607 3679 de
651 3624 861 3681 illorum
884 3628 976 3698 qui
1000 3639 1204 3698 quanto
1236 3647 1324 3688 me
1344 3634 1517 3706 magis
1542 3633 1789 3703 diligunt,

202 3718 352 3768 tanto
385 3716 562 3786 magis
586 3718 981 3776 contriStantur
1023 3723 1091 3777 de
1122 3725 1369 3780 absentia
1400 3727 1582 3782 dilecti
1622 3738 1678 3782 et
1710 3729 1792 3784 di-

202 3802 416 3863 lectoris
466 3808 515 3841 ⁸⁹
565 3809 645 3864 sui
683 3812 919 3867 tristitia.
974 3813 1216 3872 Delectat
1252 3832 1369 3882 me,
1422 3819 1616 3873 cum”
1647 3820 1789 3874 dulci

203 3900 376 3956 amico
404 3918 526 3958 meo
579 3904 758 3961 scribo
794 3908 862 3960 de
904 3908 1193 3971 charitatis
1240 3912 1580 3977 sinceritate,
1617 3922 1673 3968 et
1724 3914 1790 3969 de

201 3996 315 4065 ejus
348 3996 589 4051 efficacia
619 3997 711 4053 diu
739 4008 1003 4067 tractare;
1048 4002 1144 4057 sed
1177 4009 1434 4074 quoniam
1480 4006 1788 4077 epistolaris

199 4087 434 4143 brevitas
464 4090 570 4145 hoc
600 4104 705 4149 non
742 4093 967 4160 patitur,
992 4108 1115 4149 cum
1137 4104 1189 4149 et
1219 4096 1364 4151 aliud
1389 4097 1550 4152 velim
1581 4097 1786 4163 dicere,

200 4194 418 4235 necesse
444 4190 530 4238 est
560 4195 648 4234 me
688 4182 800 4250 jam
842 4186 1129 4239 materiam
1168 4197 1404 4243 mutare.
1446 4189 1695 4255 Quidam,
1730 4201 1789 4246 ut

199 4273 397 4340 audivi,
438 4274 791 4343 suspicantur
839 4290 927 4329 me
970 4276 1480 4348 archiepiscopatus
1530 4262 1788 4351 concupi-

190 4364 421 4429 scentia,
450 4366 515 4419 ad
541 4360 707 4434 quem
737 4365 928 4421 dolens
962 4376 1019 4422 et
1057 4369 1252 4424 timens
1294 4370 1501 4438 trahor,
1530 4372 1781 4429 detineri.

1910 515 2116 570 bitione
2165 518 2577 574 conscientiam.
2627 521 2800 588 Quam
2832 531 2983 579 tanto
3021 526 3202 581 verius
3239 529 3495 598 cognovi-

1909 608 2027 672 stis,
2084 618 2291 678 quanto
2337 612 2581 668 securius
2631 628 2729 668 vos
2762 624 3005 670 ettotam
3041 617 3206 672 vitam
3255 629 3492 675 vestram

1908 702 2088 754 sensui
2121 716 2241 755 meo
2269 702 2582 772 judicioque
2628 720 2748 760 meo
2779 709 3151 763 commisistis.
3205 709 3310 764 Sed
3350 712 3491 779 apud

1907 806 2000 844 eos
2029 804 2113 844 me
2156 808 2377 859 excuso,
2407 795 2718 864 quicunque
2761 796 2900 852 hanc
2931 798 3121 854 lecturi
3148 808 3271 856 sunt
3298 803 3492 873 episto-

1908 880 2035 947 lam,
2063 891 2119 934 ut
2148 883 2321 937 sciant
2352 884 2480 953 quid
2520 885 2649 938 mihi
2692 886 2835 941 dicat
2873 891 3203 946 conscientia
3236 908 3352 946 mea
3399 909 3493 948 co-

1910 986 2021 1025 ram
2076 972 2216 1038 Deo;
2265 982 2319 1027 et
2369 974 2489 1028 aliis
2549 975 2946 1045 ignorantibus,
2999 994 3119 1033 cum
3172 997 3307 1050 opus
3361 984 3488 1048 erit,

1906 1065 2267 1133 respondeant
2298 1080 2392 1136 pro
2424 1081 2531 1130 me,
2558 1067 2601 1120 si
2635 1082 2740 1121 non
2783 1077 3007 1138 propter
3032 1085 3138 1139 me,
3160 1072 3242 1127 vel
3271 1083 3492 1144 propter

1905 1144 2094 1230 Deum:
2116 1157 2341 1212 Multum
2381 1159 2525 1213 enim
2558 1168 2716 1214 nocet
2748 1161 2977 1216 infirmis
3027 1162 3079 1217 in
3118 1163 3355 1219 Ecclesia
3395 1166 3489 1221 Dei

1902 1247 2085 1316 opinio
2114 1248 2343 1316 alicujus
2384 1250 2521 1313 vitii,
2556 1249 2672 1303 sive
2700 1265 2849 1315 vera,
2876 1253 2989 1305 sive
3019 1251 3152 1307 falsa
3178 1254 3269 1321 sit,
3299 1256 3363 1309 de
3394 1256 3492 1310 alio

1902 1354 2011 1411 quo
2047 1340 2293 1406 homine;
2324 1350 2378 1395 et
2404 1340 2640 1395 maxime
2668 1342 2734 1397 de
2759 1357 2824 1397 eo
2854 1342 2942 1412 qui
2974 1343 3051 1399 sic
3082 1355 3165 1399 cst
3204 1346 3256 1400 in
3298 1347 3491 1403 Eccle-

1902 1436 1981 1489 sia
2033 1434 2301 1490 catholica
2356 1436 2705 1497 constitutus,
2746 1448 2804 1491 ut
2848 1446 2902 1491 et
2954 1438 3119 1495 verbo
3141 1441 3491 1512 et-exemplo

1900 1526 2025 1579 vitae
2056 1524 2176 1579 aliis
2196 1524 2388 1580 debeat
2413 1535 2465 1581 et
2485 1528 2655 1595 possit
2695 1529 2970 1596 prodesse.
3012 1528 3199 1584 Sciant
3220 1546 3350 1602 ergo
3373 1547 3489 1587 om-

1900 1633 2020 1683 nes,
2064 1619 2207 1676 sicut
2254 1635 2373 1676 mea
2422 1620 2745 1674 conscientia
2782 1620 2912 1675 mihi
2957 1621 3086 1676 dicit
3141 1637 3323 1678 coram
3354 1624 3489 1692 Deo,

1900 1725 2060 1779 quem
2115 1711 2369 1767 invocare
2400 1719 2591 1766 testem
2635 1712 2899 1765 mendacii
2936 1711 2978 1742 ⁸⁸
3022 1711 3173 1766 nefas
3202 1728 3323 1768 esse
3352 1716 3488 1777 scio,

1903 1803 2028 1871 quia
2055 1820 2163 1859 non
2191 1818 2276 1858 me
2309 1803 2448 1873 rapit
2490 1810 2581 1856 aut
2628 1802 2814 1872 alligat
2858 1803 2925 1857 ad
2971 1804 3489 1875 archiepiscopatum

1900 1895 2198 1966 Anglorum
2239 1895 2508 1965 cupiditas
2537 1894 2769 1964 alicujus
2824 1896 2923 1961 rei,
2965 1912 3126 1965 quam
3163 1913 3354 1954 servus
3399 1898 3492 1953 Dei

1901 1993 2243 2052 contemptor
2290 1982 2476 2038 mundi
2525 1995 2876 2040 contemnere
2923 1986 3139 2049 debeat,
3180 1988 3274 2042 sed
3329 1988 3491 2043 timor

1903 2076 1996 2130 Dei
2051 2091 2138 2131 me
2175 2078 2317 2146 cogit
2343 2077 2479 2146 pati,
2529 2085 2589 2129 ut
2614 2076 2861 2145 quamvis
2891 2076 3077 2132 dolens
3102 2087 3155 2133 et
3187 2079 3381 2133 timens
3423 2078 3492 2133 ab

1900 2167 2140 2235 Ecclesia
2179 2168 2272 2222 Dei
2309 2168 2493 2221 trahar
2516 2168 2594 2233 9’;
2625 2176 2680 2223 et
2709 2170 2835 2237 quia
2867 2169 2910 2222 si
2935 2168 3064 2222 mihi
3093 2169 3279 2225 liceret
3305 2170 3351 2202 ³⁸
3377 2186 3490 2225 ser-

1897 2266 2020 2311 vata
2047 2258 2355 2313 obedientia
2376 2266 2428 2311 et
2457 2257 2743 2324 charitate,
2778 2272 2912 2328 quas
2944 2258 3054 2313 Deo
3100 2260 3269 2316 debeo
3312 2272 3366 2316 et
3391 2263 3488 2317 Ec-

1898 2350 2077 2407 clesiat
2102 2349 2219 2419 ejus
2246 2349 2411 2405 matri
2440 2363 2574 2403 mea:
2602 2357 2825 2419 propter
2853 2338 3001 2415 eum,
3026 2350 3206 2419 potius
3227 2358 3283 2405 et
3318 2351 3489 2406 liben-

1899 2428 2003 2498 tius
2035 2441 2288 2512 eligerem
2314 2440 2415 2496 sub
2438 2439 2634 2496 abbate
2655 2450 2710 2495 et
2731 2441 2831 2495 sub
2855 2441 3091 2511 regulari
3124 2441 3407 2512 disciplina
3434 2445 3490 2496 in

1900 2534 2215 2590 monachica
2241 2542 2559 2602 paupertate
2584 2541 2641 2588 et
2667 2532 2973 2589 humilitate
2996 2550 3134 2599 esse,
3168 2543 3221 2589 et
3247 2536 3488 2603 obedire,

1896 2634 1952 2691 et
1972 2625 2200 2691 servire,
2226 2641 2387 2695 quam
2418 2638 2646 2694 regnare
2672 2625 2724 2680 in
2765 2625 2867 2680 hoc
2894 2626 3094 2681 mundo
3132 2626 3488 2692 smculariter,

1898 2717 2301 2781 autdominari,
2341 2725 2435 2770 aut
2478 2716 2999 2786 archiepiscopatum
3056 2716 3185 2772 sive
3220 2718 3487 2789 episcopa-

1902 2816 2010 2862 tum
2041 2807 2339 2877 possidere,
2371 2808 2453 2860 vel
2478 2806 2773 2871 abbatiam,
2802 2817 2894 2861 aut
2923 2808 3232 2864 hominibus
3261 2810 3488 2878 quibus-

1897 2900 2030 2955 libet
2078 2899 2378 2968 praeesse"
2408 2898 2475 2952 ad
2508 2899 2811 2952 animarum
2858 2898 3325 2970 gubernationem,
3374 2901 3489 2954 sive

1896 2992 1962 3047 ad
2001 3006 2288 3061 corporum
2317 2990 2794 3056 sustentationem,
2822 2991 2874 3043 in
2908 3006 3100 3060 magna
3140 2999 3406 3045 terrarum
3435 2999 3488 3047 et

1821 3097 1863 3154 (ζ
1899 3101 2078 3141 rerum
2131 3096 2469 3141 terrenarum
2524 3086 2866 3155 possessione
2910 3096 2963 3141 et
2996 3086 3288 3157 opulentia.
3335 3086 3488 3161 Quod

1898 3193 1997 3247 ego
2051 3178 2163 3247 ipse
2224 3190 2328 3232 non
2387 3177 2594 3247 imputo
2660 3177 2801 3232 mihi
2849 3186 3053 3232 tantmn
3092 3177 3159 3232 ad
3207 3177 3488 3244 virtutem,

1897 3277 2157 3338 quantum
2199 3266 2266 3322 ad
2318 3266 2443 3329 hoc,
2490 3266 2614 3334 quia
2665 3266 2827 3320 talem
2875 3280 2962 3320 me
2994 3266 3108 3322 scio
3154 3274 3261 3322 tam
3292 3282 3485 3337 parum

1896 3359 2103 3425 utilem,
2160 3373 2353 3428 parum
2419 3356 2638 3421 fortem,
2686 3371 2874 3428 parum
2927 3367 3229 3424 strenuum,
3292 3375 3491 3429 parum,

1895 3449 2236 3517 prudentem,
2267 3463 2459 3518 parum
2492 3445 2718 3515 justum,
2758 3457 2815 3500 ut
2846 3447 3023 3514 potius
3054 3448 3182 3502 mihi
3221 3460 3487 3517 congruat

1893 3539 2226 3609 etcxpediat
2273 3538 2472 3611 eligere
2517 3539 2740 3594 subesse
2783 3538 2828 3570 ³⁵
2877 3538 3123 3608 praelato,
3172 3553 3333 3608 quam
3362 3539 3485 3593 aliis

1894 3644 2162 3700 praeesse,
2204 3629 2424 3685 obedire
2465 3644 2627 3699 quam
2688 3626 3011 3698 praecipere,
3063 3627 3268 3683 servire
3321 3616 3483 3697 quam

1894 3720 2179 3783 dominari,
2224 3700 2535 3775 mitiistrare
2584 3734 2750 3789 quam
2799 3707 3120 3773 ministrari.
3148 3717 3322 3790 Cogor
3368 3720 3482 3779 hinc

1892 3813 2065 3867 deme
2090 3811 2368 3876 confiteri;
2398 3810 2490 3867 sed
2532 3810 2675 3865 malo
2702 3810 2816 3865 haec
2848 3810 2900 3864 in
2949 3810 3295 3879 simplicitate
3339 3826 3478 3877 mea,

1886 3911 1955 3961 ut
1978 3914 2126 3972 puto,
2173 3903 2291 3958 sine
2320 3902 2468 3957 omni
2515 3902 2829 3973 duplicitate
2857 3902 2923 3955 de
2955 3917 3040 3957 me
3084 3903 3282 3969 dicere,
3316 3920 3480 3973 quam

1890 3998 2001 4067 pati
2034 4007 2091 4053 ut
2136 3996 2225 4050 alii
2269 3996 2516 4051 homines
2557 4003 2787 4065 peccent
2832 3995 2885 4048 in
2915 4008 3022 4057 me,
3056 4003 3148 4047 aut
3178 4004 3235 4048 ut
3279 3996 3478 4049 malum

1888 4088 2196 4159 exemplum
2229 4096 2448 4142 sumant
2473 4101 2569 4156 per
2601 4087 2962 4152 ignorantiam
2986 4085 3031 4116 "
3074 4100 3226 4139 suam
3250 4094 3305 4139 et
3325 4100 3481 4140 erro-

1890 4194 2004 4234 rem
2057 4194 2214 4233 suum
2246 4179 2314 4233 de
2354 4191 2459 4232 me.
2504 4176 2606 4244 Qui
2643 4177 2772 4232 mihi
2807 4177 2924 4232 haec
2970 4178 3036 4232 de
3079 4191 3168 4232 me
3198 4177 3477 4234 confitenti

1891 4267 2065 4324 credit
2092 4266 2159 4333 ’⁷,
2192 4275 2371 4323 certus
2415 4267 2486 4321 sit
2511 4266 2634 4337 quia
2668 4265 2769 4320 hoc
2798 4263 3069 4320 credendo
3112 4280 3216 4319 non
3248 4264 3475 4332 fallitur,

1889 4355 1935 4410 si
1961 4370 2079 4410 mea
2106 4370 2192 4410 me
2215 4353 2544 4409 conscientia
2571 4351 2618 4386 ’⁸
2641 4366 2825 4407 coram
2850 4350 2960 4406 Deo
2990 4366 3096 4405 non
3126 4350 3280 4416 l'allit,
3307 4360 3361 4404 et
3381 4351 3476 4421 qui

195 4451 365 4524 Quod,
404 4458 519 4514 sive
550 4473 650 4513 ευρ
683 4473 891 4524 εισι-οπερ,
922 4460 1036 4514 sive
1081 4460 1256 4517 aiiem
1306 4465 1656 4533 persuasione
1705 4466 1782 4521 η.-
1811 4452 1861 4511 D
1888 4462 1993 4501 non
2014 4446 2205 4513 credit,
2232 4459 2419 4499 verum
2446 4452 2529 4498 est
2548 4443 2592 4476 9°
2617 4444 2742 4511 quia
2775 4442 2888 4513 ipse
2930 4442 3070 4498 falso
3098 4452 3153 4498 et
3189 4442 3478 4533 temerarie

194 4547 367 4615 ciant,
405 4562 597 4620 parcat
643 4551 752 4607 illis
783 4552 925 4609 Deus
946 4593 961 4616 ,
993 4553 1087 4622 qui
1121 4554 1266 4609 videt
1291 4556 1417 4625 quia
1447 4556 1705 4613 falluntur
1728 4568 1787 4615 et

195 4650 436 4708 peccant.
480 4642 599 4698 Non
644 4656 731 4697 me
762 4657 968 4699 excuso
1013 4646 1155 4715 apud
1187 4656 1424 4701 vestram
1465 4648 1781 4703 fraternita-

200 4738 304 4785 tem
332 4735 463 4791 mihi
511 4737 949 4803 dilectissimam,
977 4753 1098 4806 quae
1146 4754 1210 4791 ex
1270 4754 1377 4809 quo
1400 4751 1486 4794 me
1530 4741 1786 4811 cognovit

200 4817 612 4881 familiarissima
662 4839 718 4882 et
748 4828 907 4899 longa
952 4830 1388 4898 conversatione,
1421 4846 1594 4886 meam
1631 4832 1785 4887 indu-

1886 4540 1951 4595 de
1982 4554 2069 4594 me
2107 4537 2403 4606 judicando
2430 4553 2488 4592 se
2526 4535 2684 4589 fallit.
2714 4535 3067 4606 Omnipotens
3100 4535 3362 4591 Dominus
3393 4532 3477 4588 fa-

1884 4633 1994 4689 ciat
2021 4648 2115 4687 vos
2163 4631 2215 4687 in
2272 4630 2375 4685 hac
2424 4631 2535 4684 vita
2584 4638 2639 4684 et
2686 4645 2739 4682 tn
2779 4630 2957 4683 futura
3012 4628 3342 4683 indeficicnti
3376 4642 3475 4681 sua

1882 4725 2218 4797 protectione
2249 4730 2301 4777 et
2323 4721 2691 4777 consolatione
2713 4721 2948 4793 gaudere
2980 4720 3069 4774 ¹⁰⁰.
3096 4723 3289 4773 Amen.

1439 5053 1484 5107 V
1499 5051 1673 5109 \RlAE
1703 5051 2107 5111 LECTIONES.

268 5195 314 5228 ”
340 5195 564 5254 Omnem
587 5184 759 5273 diligit
783 5204 1059 5259 hominem
1088 5223 1213 5260 mss.
1243 5217 1289 5260 et
1319 5206 1463 5261 Edit.
1494 5224 1684 5264 omnes
1724 5208 1972 5263 homines
2000 5206 2088 5260 dili
2132 5207 2173 5261 it
2245 5205 2290 5237 ⁸⁸
2338 5204 2408 5259 Se
2463 5203 2691 5257 invicem
2719 5217 2817 5254 ms.
2852 5199 2953 5255 Bd.
2998 5201 3064 5257 18
3092 5210 3138 5255 et
3171 5201 3316 5257 Edit.
3350 5215 3475 5256 srse

268 5267 425 5325 vicem
501 5269 547 5301 ⁸⁸
579 5271 652 5326 De
682 5290 785 5330 una
831 5285 1007 5328 vestra
1043 5292 1168 5328 mss.
1199 5287 1245 5329 et
1278 5275 1425 5330 Edit.
1459 5280 1522 5330 de
1553 5297 1658 5330 oua
1691 5294 1747 5330 re
1777 5287 1955 5330 vestra
2029 5277 2072 5307 ⁸⁷
2096 5224 2169 5330 iit
2193 5291 2321 5330 erea
2350 5276 2468 5329 illos
2499 5290 2597 5326 ms.
2628 5271 2729 5324 Bd.
2772 5272 2838 5327 18
2881 5274 3030 5326 omit.
3106 5273 3152 5306 ³⁸
3180 5274 3469 5327 Monachos

198 5267 425 5350 iuvicem
501 5269 547 5301 ⁸⁸
579 5271 652 5326 De
681 5267 785 5350 qua
807 5285 1007 5350 vestra
1043 5292 1168 5350 mss.
1199 5287 1249 5350 et
1278 5275 1425 5350 Edit.
1459 5280 1522 5333 de
1553 5297 1658 5350 qua
1691 5294 1752 5350 re
1768 5287 1955 5350 vestra
1986 5345 1997 5350 Δ
2029 5277 2072 5307 ⁸⁷

2152 5286 2321 5345 terga
2350 5276 2468 5329 illos
2499 5290 2608 5345 ms.
2628 5271 2729 5345 Bd.
2753 5272 2838 5345 18
2863 5274 3030 5345 omit.
3106 5273 3469 5345 8"Monachos

197 5334 490 5396 Beccenses
532 5358 628 5397 ms.
672 5334 774 5397 Bd.
800 5343 865 5398 18
892 5345 1185 5400 monachos
1237 5347 1325 5401 hic
1370 5334 1666 5404 existen'tes
1740 5348 1786 5379 ⁸⁸
1809 5345 2000 5402 Dilecti
2032 5355 2084 5400 et
2115 5334 2390 5400 dilecioris
2427 5360 2550 5397 mss.
2580 5342 2763 5396 dilecti
2801 5343 3077 5399 dilectoris
3150 5344 3195 5375 ’³⁸³
3228 5344 3469 5399 Delectat

201 5422 285 5461 me
313 5425 433 5465 cum
474 5430 570 5467 ms.
601 5416 622 5467 1
653 5415 884 5470 delecmt
914 5430 1035 5469 cum
1111 5414 1155 5445 "
1182 5413 1397 5471 Testem
1444 5418 1708 5472 mendacii
1743 5432 1842 5470 ms.
1888 5419 1913 5470 1
1947 5426 2138 5472 testem
2191 5416 2472 5470 monachis
2546 5415 2590 5445 ⁹²
2618 5412 2823 5469 Trabat
2867 5432 2994 5469 mss.
3024 5425 3072 5468 et
3105 5412 3246 5467 Edit.
3282 5414 3469 5468 trahar

200 5473 247 5507 ⁸³
276 5478 403 5535 Mihi
438 5482 615 5539 licebit
645 5502 766 5539 mss.
810 5496 859 5541 et
886 5485 1033 5539 Edil.
1066 5485 1197 5540 mihi
1235 5485 1426 5541 liceret
1495 5490 1540 5520 ”

1570 5485 1902 5555 Quibuslibet
1933 5503 2166 5556 praeesse
2184 5503 2290 5558 ms.
2318 5484 2421 5539 Bd.
2464 5483 2529 5540 18
2575 5485 2901 5558 quibusdam
2958 5500 3192 5558 praeesse
3264 5484 3310 5517 "
3357 5484 3467 5540 Ex-

237 5550 619 5629 ediatsubesse
654 5573 778 5629 mss.
808 5566 856 5611 et
886 5554 1050 5629 Edit._
1069 5557 1321 5629 expediat
1348 5557 1547 5627 eligere
1569 5550 1789 5614 subesse
1812 5627 1827 5629 A
1846 5558 1908 5629 7"
1935 5550 2323 5629 ignorantiam,
2368 5566 2423 5610 et
2445 5572 2559 5629 _ms.
2582 5550 2707 5629 i'Bd.
2740 5550 3195 5629 lSignoi-antiam
3232 5570 3386 5629 suam
3415 5562 3468 5629 et

220 5616 245 5671 7"
269 5618 518 5687 Confiteri
551 5628 720 5681 credit
765 5644 887 5682 mss.
920 5638 967 5681 el
1004 5616 1153 5681 Edit:
1180 5616 1462 5683 confitenti
1492 5629 1663 5684 credit
1688 5678 1698 5687 .
1736 5631 1783 5663 ⁸⁸
1810 5627 1925 5684 Mea
1951 5616 2281 5685 cvonscientia
2310 5616 2409 5685 ins.
2434 5627 2537 5681 ΒΔ.
2572 5628 2638 5683 18
2665 5639 2710 5682 et
2746 5616 3000 5681 Edimea
3029 5641 3116 5682 me
3137 5624 3451 5684 conscienti:

203 5683 249 5719 ”
276 5686 467 5747 Verum
494 5705 590 5761 est,
623 5705 674 5751 et
719 5698 842 5765 quia
879 5716 976 5752 ms.
1017 5698 1118 5754 Bd.
1162 5699 1228 5756 l8
1259 5713 1443 5756 verum
1483 5683 1720 5773 estquia
1800 5683 2258 5757 “iGaudereims.
2290 5683 2485 5755 Bd.ﬁl8
2504 5700 2760 5772 gaudere.
2785 5702 2957 5754 Amen
