4028 6302
523 285 595 353 3'9
1111 292 1172 351 S.
1203 290 1505 349 ANSELMI
1546 287 1895 346 CANTUAR.
1929 281 2246 341 ARCHIEP.
2279 279 2428 338 OPP.
2469 277 2650 335 PARS
2684 277 2770 334 Ill.
2796 275 2881 318 ’--
2910 269 3295 331 EPISTOLIE.
3737 265 3814 323 ιθ

597 410 698 468 Diu
733 416 816 466 est
839 406 982 480 quod
1010 390 1206 463 litteris
1232 406 1430 462 vestris
1488 405 1554 461 de
1578 402 1866 475 elingendo
1914 401 2113 456 abbate
2141 406 2190 467 Α
2221 407 2434 474 testate,
2489 395 2729 466 quandiu
2787 407 2908 448 meo
2949 389 3176 445 consilio
3199 385 3368 457 agetis
3395 389 3450 438 et
3474 379 3690 437 vivetis.
3748 377 3808 435 Si

500 507 582 561 in
639 502 895 558 Beccensi
935 499 1174 555 Ecclesia
1227 497 1513 567 respondi;
1568 495 1685 561 sed,
1735 495 1878 549 sicut
1922 492 2115 560 audio,

525 597 666 650 sator
722 605 964 646 mearum
1012 590 1317 644 litterarum
1361 589 1417 642 in
1463 586 1599 642 mari
1636 595 1861 655 captus,
1907 584 1975 638 ad
2023 595 2121 638 vos

527 686 714 744 venire
755 677 1068 754 prohibitus
1111 691 1214 736 est.
1273 680 1426 748 Quod
1485 678 1637 734 tarde
1698 679 1874 734 sciens
1923 678 2120 732 iterum

527 775 726 829 mando
751 771 970 827 domino
1008 779 1199 826 nostro
1237 767 1425 823 comiti
1447 775 1503 820 et
1529 767 1681 821 vobis
1703 765 1769 820 de
1793 781 1855 820 ea
1898 779 1956 820 re
1983 779 2124 834 pra:-

527 866 670 922 dicta
694 872 964 927 nostrum,
989 861 1286 916 sectandum
1312 859 1614 929 jussionem
1639 858 1779 928 ejus,
1806 856 2118 912 consilium.

526 959 604 1013 De
631 957 776 1012 nullo
796 956 1026 1009 fratrum
1063 953 1305 1021 ejusdem
1332 951 1586 1006 Ecclesiae
1620 949 1737 1004 volo
1777 959 1868 1003 aut
1897 949 2122 1004 censulo

531 1060 739 1104 -.antum
766 1056 825 1102 ut
860 1047 1030 1102 abbas
1089 1045 1180 1098 ﬁat
1239 1044 1294 1098 in
1344 1042 1456 1108 illa,
1503 1051 1766 1112 quantum
1821 1041 1886 1097 de
1926 1043 2124 1095 domno

529 1140 822 1206 "Willelmo,
845 1139 935 1208 qui
959 1137 1108 1209 prior
1134 1133 1234 1191 fuit
1263 1135 1403 1206 apud
1425 1133 1708 1198 Pexeium,
1734 1132 1983 1204 quamvis
2006 1132 2124 1203 plu-

529 1249 620 1288 res
651 1234 720 1271 ἰι
750 1231 839 1285 alii
867 1231 976 1286 sint
1004 1230 1148 1284 inter
1179 1243 1297 1294 eos,
1324 1227 1419 1282 Dei
1450 1227 1648 1298 gratia,
1686 1226 1787 1281 hac
1809 1223 2124 1295 prmlatione

534 1341 640 1382 non
678 1322 902 1394 indigni.
942 1321 1108 1377 Vobis
1133 1331 1312 1375 autem
1352 1319 1556 1390 gratias
1595 1332 1713 1390 ago,
1743 1325 1976 1387 quantas
2003 1330 2126 1386 pos-

532 1432 675 1482 sum,
699 1423 761 1470 ut
791 1413 1081 1468 verissimo
1119 1411 1319 1476 amico,
1379 1425 1478 1482 pro
1511 1408 1852 1479 eleemosyua
1909 1415 2123 1472 vestra,

529 1515 585 1564 et
608 1508 826 1579 propria
853 1521 984 1562 cura
1002 1519 1166 1576 quam
1184 1504 1394 1558 habetis
1421 1504 1484 1557 de
1497 1500 1738 1556 Ecclesia
1765 1499 2126 1569 Becci,quam

529 1599 685 1655 vobis
711 1599 1033 1654 commendo
1061 1596 1202 1652 sicut
1220 1594 1454 1650 animam
1482 1608 1681 1658 meam,
1709 1592 1834 1662 quia
1861 1591 1981 1662 plus
2007 1603 2127 1644 eam

531 1693 694 1761 diligo
729 1705 892 1762 quam
915 1696 1238 1760 praesentem
1289 1686 1455 1740 vitam
1511 1699 1712 1739 meam.
1783 1683 1924 1737 Nulli
1980 1672 2126 1738 enim

2222 469 2404 545 autem
2437 487 2568 543 illud
2597 484 2944 556 spreveritis,
2974 482 3027 535 in
3080 479 3172 533 illo
3205 474 3507 547 proﬁcuum
3553 487 3662 526 non
3710 469 3811 525 ιη-

2218 580 2438 637 bebitis.
2466 577 2600 633 Cum
2630 590 2696 631 ex
2728 584 2910 630 vestra
2965 580 3119 642 parte
3159 569 3340 636 aliqua
3392 564 3530 620 mihi
3575 561 3813 617 mittitur

2219 671 2467 743 epistola,
2490 677 2698 725 secrete
2724 675 2781 724 et
2800 665 2929 722 mihi
2960 664 3060 720 soli
3110 660 3335 730 legenda
3358 698 3373 724 ,
3405 672 3525 711 non
3545 654 3710 710 nimis
3739 653 3812 688 ³⁸⁸

2220 762 2292 817 sit
2323 760 2542 832 gracilis
2570 758 2860 829 scriptura.
2892 755 3186 822 Postquam
3212 749 3355 805 eniut
3380 746 3510 802 illud
3529 785 3544 809 ,
3567 743 3711 814 quod
3742 743 3814 799 de

2221 867 2310 906 me
2337 852 2614 919 inceptum
2669 863 2791 904 esse
2838 860 3050 902 mecum
3098 842 3317 906 doletis,
3347 838 3592 908 contigit,
3629 834 3815 891 mulue

2218 943 2430 999 diurnae
2449 952 2506 997 et
2528 949 2810 997 nocturna:
2857 939 3110 1008 lacryma:
3145 933 3282 990 visui
3327 943 3450 986 meo
3496 929 3662 984 nimis
3711 941 3817 982 no-

2223 1045 2472 1092 cuerunt.
2499 1034 2616 1090 Non
2663 1033 2808 1089 enim
2829 1030 3095 1088 celsitudo
3123 1036 3218 1083 aut
3265 1023 3544 1094 opulentia
3597 1023 3821 1079 archie-

2221 1130 2534 1202 piseopatus
2567 1142 2663 1184 eas
2693 1135 2902 1181 tantum
2930 1123 3220 1178 valuerunt
3237 1135 3334 1174 sua
3359 1115 3732 1173 consolatione
3745 1114 3821 1148 ιιι

2226 1222 2547 1293 reprimere,
2569 1229 2832 1290 quantum
2861 1217 3024 1270 timor
3044 1224 3100 1270 et
3122 1211 3336 1268 taedium
3352 1207 3481 1278 ejus
3503 1222 3597 1263 eas
3628 1216 3823 1276 potueo

2228 1323 2353 1368 runt
2379 1326 2474 1368 sua
2503 1308 2916 1377 perturbatione
2943 1307 3272 1377 exprimere.
3301 1298 3477 1354 Amici
3509 1299 3634 1361 mei,
3661 1313 3823 1354 eom-

2219 1405 2469 1476 patimini
2493 1403 2646 1469 mihi,
2668 1401 2795 1471 quia
2822 1413 2923 1469 ego
2959 1394 3262 1465 compatior
3290 1391 3468 1446 vobis.
3499 1389 3666 1444 Orate
3713 1401 3823 1459 pro

2226 1514 2336 1565 me,
2359 1498 2482 1569 quia
2507 1510 2626 1568 ego,
2655 1495 2701 1550 si
2740 1505 2982 1564 possum,
3015 1503 3114 1544 oro
3136 1499 3235 1558 pro
3261 1484 3434 1539 vobis.
3463 1481 3824 1539 Consecutio

2228 1608 2347 1648 mea
2379 1592 2627 1648 ordinata
2645 1595 2728 1644 est
2745 1586 2860 1643 ﬁeri
2887 1585 3064 1655 prima
3089 1581 3176 1635 die
3200 1575 3481 1634 Dominica
3513 1581 3636 1644 post
3661 1571 3824 1627 festio

2228 1686 2453 1741 vitalem
2487 1691 2690 1739 sancta:
2722 1680 2975 1743 Andreae,
2997 1673 3174 1746 pridie
3199 1669 3454 1728 videlicet
3479 1665 3662 1723 Nonas
3713 1665 3824 1721 De-

531 1785 889 1841 contidentius
919 1781 1238 1838 commendo
1266 1796 1382 1836 rem
1408 1790 1516 1836 tam
1548 1780 1771 1834 charam
1797 1778 1948 1833 cordi
1978 1791 2124 1843 meo,
2155 1779 2201 1840 Β
2225 1777 2482 1835 cemhris.
2503 1773 2808 1830 Praevenite
2836 1785 2954 1825 eam
2985 1765 3181 1822 vestris
3201 1759 3635 1823 orationibus,et
3665 1771 3824 1811 mam

530 1892 691 1947 quam
715 1889 841 1930 vere
870 1873 1065 1930 dilecto
1095 1869 1345 1927 dilectori
1376 1885 1516 1927 meo.
1544 1870 1765 1936 Precor,
1789 1869 2036 1932 obsecro,
2063 1875 2126 1922 ut

530 1984 637 2022 non
666 1967 839 2021 solum
867 1979 964 2036 per
1010 1979 1104 2018 vos
1156 1977 1277 2016 eam
1313 1971 1496 2017 vestro
1547 1959 1772 2016 consilio
1818 1969 1875 2015 et
1926 1957 2126 2014 auxilio

532 2057 829 2128 adjuvetis,
878 2058 1050 2110 sedet
1075 2053 1211 2107 alios
1241 2053 1308 2084 ¹³⁶
1340 2053 1403 2106 ad
1457 2051 1575 2122 ejus
1629 2049 2129 2117 miserationemjet

530 2146 982 2203 Sustentationem
1054 2153 1112 2199 et
1139 2142 1506 2207 dilectionem,
1563 2150 1822 2210 quantum
1876 2138 2128 2209 potestis,

531 2238 923 2302 convertenda,
961 2251 1084 2292 eam
1139 2233 1487 2290 sustentetis.
1519 2231 1589 2287 Et
1637 2232 1682 2287 si
1728 2230 2020 2302 contigerit
2070 2235 2132 2286 ut

532 2327 823 2400 aliquando
851 2327 1011 2383 aliter
1039 2325 1220 2394 alique
1257 2325 1418 2379 modo
1451 2339 1570 2378 sese
1592 2322 1961 2393 habeat,quod
1987 2321 2134 2376 Deus

535 2429 772 2485 avertat,
805 2433 969 2490 quam
993 2424 1226 2488 oportet,
1266 2414 1603 2470 conﬁdenter
1657 2428 1799 2478 eam,
1851 2420 1915 2466 ιιι
1969 2425 2132 2466 verus

536 2512 770 2575 amicus,
799 2508 1058 2580 corripite
1093 2516 1149 2562 et
1173 2505 1414 2577 arguite,
1466 2514 1523 2559 et
1566 2505 1751 2559 donec
1803 2503 2130 2574 corrigatur,

535 2601 1131 2671 charitativejinsistitc.
1151 2598 1500 2654 Dilectionem
1528 2611 1703 2651 meam
1727 2604 1782 2650 et
1797 2595 2130 2658 ﬁdelitatem,

537 2714 674 2768 quas
695 2712 828 2768 erga
859 2710 958 2750 vos
993 2693 1180 2758 habui,
1211 2708 1280 2747 ex
1323 2705 1431 2760 quo
1477 2704 1574 2744 vos
1629 2689 1879 2758 cognovi,
1928 2695 1982 2743 et
2012 2701 2133 2757 qua;

539 2800 692 2847 tanto
729 2788 902 2858 magis
933 2787 986 2842 in
1015 2786 1184 2842 corde
1211 2797 1333 2839 meo
1353 2789 1675 2845 creverunt,
1712 2792 1918 2851 quanto
1962 2777 2134 2848 magis

535 2895 771 2939 veStram
793 2894 920 2949 erga
947 2893 1032 2934 me
1066 2875 1408 2931 dilectionem
1438 2872 1706 2926 veriorem
1753 2869 1996 2940 probavi,
2024 2870 2132 2922 sci-

537 2982 668 3037 tote,
697 2971 805 3025 Deo
841 2977 1140 3032 annuente,
1165 2967 1404 3038 quandiu
1436 2966 1640 3026 vivam,
1667 2969 2132 3030 perseveraturas.

536 3062 895 3132 Omnipotens
919 3058 1182 3113 Dominus
1213 3072 1309 3112 vos
1359 3056 1460 3109 sub
1498 3069 1592 3109 sua
1641 3053 1900 3109 continua
1953 3059 2135 3120 prote-

2226 1872 2351 1928 datc
2379 1871 2483 1926 hoc
2513 1866 2798 1924 monachis
2829 1877 2884 1918 et
2909 1853 3415 1917 sanctimonialihns
3459 1865 3561 1923 per
3617 1847 3824 1904 North;-

2227 1961 2501 2018 manniam
2530 1957 2771 2020 inclusis,
2797 1963 2854 2011 et
2882 1949 3289 2014 claustralibus,
3310 1955 3369 2001 et
3394 1943 3586 2000 amicis
3604 1939 3828 1997 nostris

2227 2054 2285 2111 in
2328 2051 2576 2108 Francia.
2597 2049 2802 2105 Valete.

2743 2196 3082 2257 EPISTOLA
3111 2191 3231 2250 XVI
3260 2193 3345 2246 ιδ’.

2550 2311 2771 2354 ANSELMI
2796 2311 2863 2349 AD
2895 2303 3173 2348 MONACHOS
3200 2297 3515 2342 BECCENSES.

2233 2388 2344 2464 Ipsi
2376 2391 2549 2464 abbati
2579 2408 2612 2444 a
2637 2386 2984 2464 Beroenaibus
3013 2384 3070 2464 in
3111 2395 3281 2464 suum.
3304 2376 3508 2464 locum:
3528 2373 3827 2464 subrogare-

2303 2461 2624 2534 gratulutur,
2659 2457 2966 2534 principia:
2992 2463 3048 2534 ut
3061 2447 3342 2534 monachis
3371 2448 3438 2501 sit
3481 2455 3648 2511 pater,
3681 2454 3728 2497 et
3764 2453 3828 2497 ut

2306 2522 2549 2588 ἶηοηαςΙιὶ
2571 2522 2670 2601 ipsi
2697 2522 2940 2582 obediant
2965 2533 3021 2578 ut
3049 2522 3174 2591 ﬁlii.

2302 2626 2588 2679 Amemus
2631 2634 2823 2676 servus
2871 2627 3151 2672 servorum
3186 2609 3301 2676 Dei,
3326 2615 3553 2662 vocatus
3603 2602 3829 2660 archie-

2235 2717 2512 2790 piscopus,
2558 2707 3010 2769 dilectissimisin
3050 2703 3270 2772 Christo
3323 2699 3458 2756 ﬁliis.
3491 2698 3829 2768 WILLch),

2238 2809 2419 2865 abbati
2441 2814 2503 2863 et
2526 2804 2740 2860 czeteris
2762 2797 3052 2856 Beceensis
3085 2793 3343 2862 Ecclesia:
3386 2790 3692 2868 monachis,
3729 2803 3829 2854 ea:

2235 2901 2424 2956 lutem.

2307 2991 2488 3048 Gloria
2513 2987 2566 3043 in
2587 2983 2818 3041 excelsis
2848 2981 2978 3048 Deo,
3002 2989 3058 3034 et
3079 2979 3134 3034 in
3159 2975 3399 3034 Ecclesia
3425 2973 3682 3030 Beccensi
3715 2986 3833 3041 pax

2236 3083 2498 3140 fratribus
2518 3082 2672 3136 bona}
2694 3075 3008 3132 voluntatis.
3041 3071 3237 3127 Grates
3276 3069 3552 3124 immensae
3589 3065 3833 3118 elemen-

539 3157 723 3211 ctione
751 3154 902 3210 sicin
935 3154 1038 3208 hac
1061 3153 1172 3206 vita
1197 3149 1567 3213 custodiat,ut
1595 3148 1664 3202 ad
1681 3146 1848 3201 vitam
1871 3155 2128 3200 aeternam
2159 3157 2205 3222 ο
2239 3176 2328 3230 me
2354 3173 2470 3235 Dei.
2498 3185 2622 3240 qum
2646 3168 2788 3224 sic“,
2811 3165 2967 3222 vobis
2985 3161 3245 3233 pastorali
3291 3158 3487 3214 solum
3544 3155 3830 3217 desumus

540 3245 825 3318 perducat.
857 3243 1051 3298 Amen.

1062 3375 1395 3433 EPISTOLA
1425 3375 1519 3432 XV
1548 3377 1636 3430 ¹³⁶.

856 3487 1082 3528 Αδεεωιι
1109 3487 1178 3526 ΔΙ)
1209 3484 1484 3526 UONACHOS
1514 3483 1822 3526 BECCENSES.

544 3565 625 3623 De
648 3548 1196 3620 suavissimis'liueris
1219 3561 1432 3616 Roberti
1459 3561 1950 3615 Northmannorum
1987 3557 2137 3612 ducis

619 3637 690 3692 ad
717 3652 775 3690 se
797 3635 1004 3698 missis;
1029 3633 1236 3702 etquod
1264 3632 1376 3701 ejus
1423 3630 1748 3686 consecratio
1796 3629 1979 3697 futura
2005 3637 2134 3682 esset

618 3706 791 3777 pridie
815 3722 980 3759 nonas
1005 3703 1322 3759 Decembris.

620 3814 1001 3872 Dilectissimis
1053 3814 1168 3870 suis
1230 3812 1430 3868 domno
1477 3811 1647 3882 priori
1705 3811 1980 3865 BALDRICO
2007 3850 2022 3875 ,
2083 3816 2139 3864 et

549 3908 674 3965 aiiis
728 3907 1032 3976 monachis.
1065 3904 1257 3971 Becci,
1313 3903 1485 3958 frater
1525 3904 1810 3959 Ausncuus
1859 3920 1875 3956 :
1924 3916 2140 3971 semper

546 4001 703 4145 Zeus,
728 4010 786 4122 ﬁt
810 3999 992 4058 facere
1013 4019 1135 4074 quae
1175 4005 1288 4062 Deo
1313 4006 1552 4076 placent,
1574 4012 1629 4060 et
1653 4018 1773 4074 quae
1821 4001 1922 4058 sibi
1968 4016 2137 4072 expe-

589 4093 704 4145 iunt
774 4092 818 4144 ⁷.

589 4093 704 4146 iunt
728 4091 818 4144 "7.

621 4181 809 4240 Gratia
823 4183 916 4239 Dei
931 4183 1449 4249 faciente,dominus
1472 4196 1657 4243 noster
1679 4187 1929 4258 princeps
1942 4183 2141 4241 North-

550 4292 870 4331 mannorutn
913 4277 1061 4332 misit
1108 4279 1240 4333 mihi
1281 4280 1490 4335 litteras
1527 4281 1714 4350 plenas
1760 4296 1952 4350 magna
1986 4280 2141 4335 beni-

547 4366 756 4436 gnitate
782 4379 838 4422 et
881 4370 1234 4425 excusatione
1257 4371 1361 4436 sui,
1390 4371 1434 4426 si
1479 4371 1606 4441 quid
1635 4379 1729 4425 aut
1772 4371 2004 4426 credidit
2047 4379 2188 4425 aut“

2169 4507 2221 4567 D

547 4459 687 4513 dixit
710 4458 775 4514 de
799 4474 886 4514 me
916 4459 1072 4516 aliter
1095 4477 1257 4534 quam
1282 4466 1484 4528 decuit,
1516 4478 1702 4519 amore
1719 4479 1860 4526 meo,
1882 4472 1937 4518 ct
1957 4463 2141 4518 dolore

548 4550 620 4606 de
658 4551 950 4607 amissione
978 4569 1119 4621 mea,
1144 4566 1391 4627 cogente,
1423 4557 1493 4612 ob
1542 4572 1718 4611 meam
1757 4557 1824 4612 ad
1873 4556 2144 4625 archiepi-

551 4651 834 4711 scopatum
863 4642 1203 4701 electionem.
1233 4647 1288 4700 lu
1319 4647 1518 4716 quibus
1538 4646 1732 4703 litteris
1752 4648 1819 4702 de
1851 4646 1920 4679 ⁸³⁸
1948 4647 2145 4703 abbate

553 4730 709 4786 vobis
733 4735 1113 4790 constituendo
1139 4737 1293 4811 petiit
1343 4737 1576 4806 benigne
1603 4752 1781 4791 meum
1822 4736 2142 4803 consilium;

551 4823 698 4894 quod
726 4839 836 4881 non
877 4826 1050 4882 solum
1076 4829 1128 4882 in
1153 4829 1254 4884 hac
1292 4844 1376 4894 re,
1416 4829 1510 4884 sed
1546 4839 1602 4886 et
1641 4830 1694 4884 in
1723 4828 1843 4884 aliis
1879 4829 2042 4884 rebus
2089 4843 2148 4884 se

553 4911 785 4969 libenter
799 4924 1146 4987 accepturum
1169 4918 1440 4988 promisit.
1453 4919 1750 4976 Consilium
1768 4928 1948 4974 autem
1969 4932 2150 4974 meum

552 5006 624 5062 de
653 5005 756 5061 hac
781 5007 850 5038 ¹³⁹
870 5024 931 5064 re
950 5009 1022 5063 illi
1043 5011 1266 5076 mando,
1287 5012 1510 5068 etvobis
1540 5013 1819 5076 remando,
1833 5011 1975 5082 quod
1997 5025 2147 5066 man~

555 5097 680 5152 davi
727 5113 825 5168 per
861 5100 1116 5157 domuum
1162 5103 1452 5161 Girardum
1477 5105 1699 5161 fratrem
1723 5113 1988 5160 nostrum.
2028 5102 2146 5158 Rex

556 5192 849 5264 Anglorum
880 5194 1033 5250 vobis
1061 5198 1279 5253 mandat
1306 5199 1630 5266 salutem,et
1669 5197 1931 5253 auxtlium
1959 5211 2143 5262 suum,

555 5290 614 5336 et
641 5284 945 5340 custodiam
979 5276 1158 5342 rerum
1200 5300 1504 5345 vestrarum
1537 5305 1657 5359 quae
1683 5298 1807 5345 sunt
1834 5288 1886 5342 in
1917 5303 2015 5343 sua
2048 5301 2146 5356 po-

2235 3265 2566 3324 visitationis
2589 3277 2701 3325 sua:
2721 3261 2950 3332 gratiam
2971 3257 3140 3314 voluit
3169 3252 3467 3324 impertire,
3482 3251 3554 3304 ita
3577 3249 3836 3313 eamdem

2237 3361 2402 3431 longa
2427 3373 2608 3414 rerum
2637 3352 3042 3425 exspectatione
3073 3348 3250 3406 noluit
3292 3344 3584 3415 protelare.
3625 3341 3834 3398 lterum

2238 3469 2340 3524 ago
2369 3460 2548 3523 grates
2577 3447 2881 3508 clementiae
2911 3444 3076 3507 illius,
3105 3439 3247 3511 quod
3275 3439 3405 3494 licet
3452 3451 3559 3491 non
3603 3433 3837 3500 Otnninq

2239 3545 2383 3601 sicut
2400 3540 2815 3609 vellem,aliquo
2845 3546 3025 3591 tamen
3049 3531 3209 3588 modo
3236 3528 3396 3584 amici
3424 3527 3527 3582 mei
3557 3525 3840 3582 desiderio

2239 3634 2458 3704 dignata
2487 3638 2574 3688 est
2599 3641 2912 3690 occurrere,
2943 3625 3097 3690 dum,
3124 3637 3212 3677 me
3243 3619 3556 3690 superstite,
3571 3615 3734 3672 alium
3776 3616 3837 3672 in

2239 3727 2459 3798 praefata
2491 3722 2731 3780 Ecclesia
2759 3721 3030 3781 abbatem,
3088 3713 3383 3772 secundum
3433 3711 3566 3788 juge
3623 3708 3844 3769 deside?

2241 3820 2380 3876 rium
2411 3810 2995 3880 meum,constitue_rit.
3023 3807 3128 3864 Sed
3153 3821 3275 3860 cum
3302 3803 3432 3859 illud
3462 3800 3844 3858 imlesiueuter

2241 3908 2357 3978 ejus
2403 3904 2721 3964 intentionis
2748 3899 3118 3972 speculatione
3145 3895 3537 3958 desiderarem,
3567 3898 3624 3945 ut
3648 3900 3706 3944 et
3733 3903 3843 3944 vo-

2241 4000 2324 4057 bis
2353 4005 2479 4054 ante
2531 4003 2760 4050 mortem
2799 4006 2972 4046 meam
2995 3987 3278 4050 consultis,
3312 3984 3474 4038 ﬁnem
3527 3982 3652 4035 vitae
3699 3995 3839 4034 cum

2243 4090 2438 4164 gaudio
2459 4094 2796 4156 exspectare,
2820 4091 2875 4137 et
2901 4082 2968 4136 ab
2989 4080 3136 4136 omni
3191 4077 3591 4132 mundanarum
3646 4073 3846 4141 specie

2241 4196 2425 4238 rerum
2448 4187 2765 4250 segregatus
2801 4173 3039 4243 quietam
3088 4170 3230 4224 inter
3272 4181 3370 4221 vos
3397 4164 3562 4219 vitam
3611 4177 3846 4232 possent

2243 4289 2428 4346 agere,
2456 4272 2629 4327 noluit
2673 4269 2729 4323 in
2756 4269 2856 4323 hac
2888 4273 3042 4336 parte
3067 4277 3302 4332 superna
3344 4258 3690 4314 Providentia
3737 4258 3852 4313 de-

2245 4365 2502 4421 siderium
2536 4375 2718 4416 meum
2741 4356 3059 4426 adimplere,
3084 4354 3177 4409 sed
3201 4353 3267 4406 ad
3290 4365 3564 4418 magnum,
3591 4359 3650 4403 ut
3676 4348 3850 4405 valde

2244 4457 2594 4528 pertimesco,
2659 4450 2854 4506 anima:
2899 4459 3033 4502 meae
3105 4445 3492 4501 detrimentum
3539 4438 3855 4506 majoribus

2247 4563 2411 4618 quam
2440 4554 2566 4600 ante
2599 4557 2780 4598 rerum
2819 4539 3139 4596 tumultibus
3160 4535 3330 4590 voluit
3369 4531 3669 4603 implicare.
3702 4529 3858 4586 Pro-

2250 4636 2377 4692 inde
2411 4642 2674 4706 quantum
2699 4631 2753 4685 in
2778 4645 2906 4694 uno,
2942 4627 3085 4698 quod
3131 4640 3162 4679 a
3203 4625 3315 4679 Deo
3358 4621 3646 4678 exauditus
3688 4633 3857 4684 sum,

2249 4728 2481 4798 gaudeo,
2515 4732 2723 4778 tantum
2756 4720 2808 4774 in
2856 4718 2986 4782 alio,
3024 4713 3165 4786 qttod
3211 4713 3470 4769 exaudire
3504 4723 3591 4764 me
3638 4707 3861 4772 noluit,

2251 4797 2429 4872 doleo.
2458 4813 2748 4868 Paternam
2772 4817 2956 4864 tamen
2987 4820 3151 4870 nunc,
3189 4804 3331 4859 sicut
3385 4813 3601 4870 semper
3624 4839 3639 4864 ,
3688 4797 3864 4852 solli-

2251 4908 2546 4967 citudinem
2574 4921 2672 4977 pro
2697 4903 2852 4959 vobis
2890 4913 3115 4973 gerens,
3165 4911 3361 4954 moneo
3398 4909 3493 4951 vos
3526 4893 3662 4948 sicut
3697 4888 3866 4947 ﬁlios

2253 5017 2407 5059 meos
2434 4999 2812 5062 charissimos,
2847 5004 2904 5051 et
2945 4993 3088 5050 sicut
3113 5007 3208 5048 eos
3237 5006 3374 5060 quos
3433 4989 3487 5043 in
3537 4984 3866 5041 visceribus

2253 5093 2458 5152 Christi
2509 5090 2806 5148 tenerrimo
2854 5099 3069 5155 semper
3097 5085 3291 5140 all'ectu
3325 5081 3507 5144 dilexi,
3536 5087 3591 5133 et
3616 5076 3868 5146 diligere

2253 5185 2398 5252 volo,
2431 5192 2491 5238 ut
2515 5181 2810 5238 secundum
2843 5178 2904 5232 Β.
2928 5176 3171 5245 Apostoli
3202 5189 3392 5230 vocem
3425 5171 3660 5241 idipsum
3702 5167 3868 5222 invi-

2253 5296 2374 5337 cem
2417 5277 2686 5343 sentiatis,
2712 5275 3047 5347 propositum
3071 5270 3243 5328 animi
3263 5267 3328 5324 ad
3355 5267 3581 5324 meliora
3600 5261 3870 5333 quotidie

1840 5460 2072 5516 VARle
2114 5455 2516 5516 LECTIONES.

633 5609 702 5681 ’ξι
729 5609 1002 5680 Quatenus
1024 5609 1203 5681 plures
1218 5627 1315 5665 ms.
1333 5609 1580 5680 quamvis
1607 5608 1794 5681 plures
1869 5605 1938 5636 ’³⁸
2051 5601 2464 5681 a_da.10_sms.et
2492 5599 2635 5681 alios
2700 5597 2767 5679 "f
2789 5596 2920 5681 cum
2944 5595 3193 5681 ιζζςξιίὶειο
3209 5589 3512 5681 Exemplari
3528 5604 3627 5643 ms.
3645 5584 3868 5681 collata

561 5679 627 5713 ‘"
655 5662 784 5751 Qu;
825 5662 1420 5751 eipediiiiﬂdfqﬁm
1446 5662 1574 5734 "sibi
1603 5662 1895 5751 expediunt
1970 5673 2286 5751 ‘f‘§_l.i_tteris
2310 5681 2365 5726 et
2391 5671 2455 5725 de
2477 5669 2798 5751 ms..litteris
2825 5662 3034 5751 deni”
3067 5667 3254 5751 Autem
3291 5663 3357 5718 de
3381 5662 3482 5737 hac
3519 5677 3624 5751 eis.
3656 5663 3873 5714 autem

559 5729 737 5810 metria
774 5753 839 5809 de
861 5729 963 5808 hac
1036 5753 1103 5785 ”°
1136 5751 1250 5808 Non
1282 5729 1458 5807 niitms
1474 5729 1583 5810 ‘65.
1609 5729 1731 5803 “.{o'u'
1749 5729 1917 5802 nimis
1994 5747 2056 5777 m
2093 5742 2266 5815 Copia
2291 5758 2388 5796 ms.
2423 5739 2795 5796 consolatione
2872 5737 2938 5770 ’δ’
2962 5735 3095 5792 Cum
3126 5736 3307 5791 eodem
3337 5729 3661 5786 ms.'collata
