4028 6302
194 359 255 415 ιι
1466 357 1591 418 LIB.
1633 362 1720 430 tu,
1746 356 1962 418 ertsr.
2010 362 2191 420 xvm.
3422 378 3497 431 η

194 476 470 547 dirigatis;
520 484 575 533 et
619 476 667 535 ei
700 492 863 549 quem
907 476 1091 534 divina
1131 477 1304 548 pietas
1350 481 1505 538 vobis
1548 485 1779 553 praeesse
1810 469 1965 532 Alas
1995 494 2008 533 :
2042 479 2156 546 Dei.
2181 488 2231 536 et
2264 496 2437 550 suam.
2462 497 2721 557 quantum
2758 490 2919 563 valet.
2945 484 2991 540 si
3015 489 3144 558 quid
3179 490 3353 561 valet.
3393 495 3486 551 bc-

191 570 385 636 voluit,
415 569 671 628 humilem
702 570 754 627 in
780 570 1034 627 omnibus
1062 571 1425 629 obedientiam
1453 574 1778 643 exhibeatis,

192 677 466 718 memores
498 660 640 719 illius
665 663 947 735 praecepti,
997 680 1108 734 quo
1156 680 1256 722 nos
1308 666 1450 723 idem
1491 668 1782 738 Apostolus

189 756 469 819 ailntonet,
502 756 688 817 dicens
718 774 731 809 :
772 756 991 812 Obedite
1014 758 1312 828 praepositis
1334 761 1539 815 vestris.
1572 771 1619 815 et
1658 762 1781 816 sub-

183 845 334 914 jicite
372 863 458 909 eos
484 846 551 878 ιδ’
578 848 653 901 eis
678 845 866 917 (Hebr.
898 864 1020 913 xui,
1049 849 1166 919 i7).
1190 849 1313 906 Tibi
1340 861 1541 914 autem,
1568 853 1776 909 charis-

189 939 328 993 sime
348 938 519 994 frater
542 938 841 1006 Willeime,
870 948 927 995 et
951 941 1099 1000 omni
1126 950 1330 999 sanctae
1354 944 1632 1014 religionis
1680 946 1779 1002 ob-

189 1030 457 1084 servantia
488 1030 672 1087 animo
698 1046 820 1088 meo
843 1032 1091 1101 probate,
1124 1049 1289 1104 quem
1323 1035 1413 1090 Dei
1445 1037 1625 1107 gratia
1659 1046 1770 1093 tam

186 1128 375 1174 sancto
396 1122 787 1177 monachorum
823 1124 971 1194 gregi
1018 1135 1287 1181 rectorem
1341 1136 1465 1195 post
1514 1143 1603 1184 me
1656 1128 1773 1184 fieri

184 1209 479 1274 constituit,
512 1212 653 1267 hanc
680 1212 819 1268 facio
840 1217 1265 1286 suggestionem,
1321 1226 1378 1272 ut
1414 1221 1491 1273 ita
1532 1219 1599 1275 de
1653 1220 1777 1275 ani-

184 1304 376 1360 mabus
405 1304 635 1362 fratrum
667 1308 771 1363 sub
801 1318 892 1365 tuo
925 1313 1193 1382 regimine
1221 1314 1637 1370 consistentium
1655 1315 1767 1370 sol-

183 1392 363 1449 licitus
386 1395 613 1461 existas,
634 1408 907 1468 quatenus
933 1401 1111 1456 callidi
1161 1403 1334 1458 hostis
1369 1404 1580 1460 insidiae
1624 1407 1769 1461 nulla

180 1486 261 1543 eis
294 1497 434 1554 arte,
458 1498 776 1561 protegente
808 1492 938 1557 Deo,
970 1509 1167 1550 nocere
1190 1496 1447 1561 valeant;
1488 1498 1583 1553 sed
1627 1499 1773 1554 solli-

180 1578 437 1636 citudinis
467 1590 571 1637 tuae
596 1584 840 1640 custodia
866 1585 1064 1640 vallata
1096 1587 1221 1642 boni
1253 1591 1487 1659 pastoris
1510 1593 1770 1647 tutamina

180 1670 532 1729 seinvenissc
560 1675 844 1743 gaudeant.
906 1676 1109 1749 Sicque
1151 1688 1205 1733 te
1258 1680 1313 1735 in
1349 1681 1602 1739 omnibus
1649 1698 1770 1753 qua:

178 1761 313 1831 agis,
343 1763 681 1825 moderatum
731 1767 990 1824 exhibere
1025 1769 1269 1837 festines,
1296 1780 1356 1825 ut
1386 1785 1561 1842 neque
1604 1772 1766 1842 justi-
1805 1805 1847 1859 Β

180 1850 309 1907 tiam
335 1856 541 1919 milia,
574 1871 746 1926 neque
775 1859 1004 1929 gratiam
1026 1860 1236 1930 justitia
1258 1862 1501 1931 qualibet
1524 1879 1795 1934 unqttam‘

175 1942 387 2010 privatai
407 1947 763 2016 subreptione
806 1949 1076 2004 excludat.
1120 1949 1227 2006 Sed
1260 1960 1333 2007 ita
1357 1952 1527 2009 altero
1555 1968 1770 2024 semper

174 2030 744 2110 alterum‘conjungas,
780 2050 837 2094 ut
890 2042 942 2095 in
994 2050 1223 2113 utroque
1273 2045 1586 2101 monasterii
1632 2047 1766 2101 ordo

170 2120 339 2194 372
364 2123 618 2181 inviolata
655 2130 976 2185 rectitudine
1006 2133 1212 2187 servari
1248 2133 1446 2189 valeat.
1477 2134 1764 2207 Nunquam

167 2212 237 2265 ab
271 2214 457 2269 animo
481 2223 572 2271 tuo
607 2218 823 2277 excidat
851 2221 993 2289 quod
1026 2222 1284 2281 Dominus
1324 2225 1629 2298 negligenti
1664 2244 1762 2298 pa-

163 2303 301 2358 stori
334 2319 433 2373 per
456 2305 797 2364 Salomonem
840 2311 971 2366 dicit
999 2328 1012 2365 :
1040 2312 1149 2367 Fili
1197 2318 1288 2383 mi,
1332 2318 1379 2370 si
1422 2297 1762 2388 spoponderis

155 2409 253 2462 pro
269 2396 446 2449 amico
467 2406 578 2465 tuo,
593 2398 826 2467 deﬁxiin
850 2402 991 2471 apud
1012 2416 1320 2460 extraneum
1351 2423 1567 2463 manum
1589 2420 1760 2473 mam;

158 2483 484 2554 illaqueatus
503 2505 556 2543 es
580 2492 747 2545 verbis
769 2494 876 2551 oris
898 2493 996 2558 tui,
1026 2505 1073 2548 et
1096 2506 1277 2565 captus
1315 2499 1762 2567 propriissermo-

163 2576 321 2629 nibus
364 2578 465 2632 tuis
512 2579 695 2647 (Prov.
722 2598 799 2645 vt,
825 2582 899 2653 l).
934 2583 1093 2638 Plura
1129 2600 1213 2639 me
1254 2586 1398 2657 loqui
1441 2588 1756 2657 delectaret,

162 2665 211 2721 si
240 2678 336 2722 aut
363 2670 669 2737 epistolaris
694 2674 931 2729 brevitas
965 2676 1326 2745 permitteret,
1360 2688 1455 2736 aut
1484 2689 1572 2734 tua
1614 2682 1758 2736 San-

165 2756 332 2812 ctitas
362 2760 550 2815 melius
576 2761 755 2818 facere
772 2779 935 2833 quam
959 2779 1059 2832 ego
1080 2765 1263 2822 direre
1290 2768 1760 2828 nesciret.0mnes

163 2854 350 2901 tamen
381 2864 478 2903 vos
510 2850 611 2905 hac
636 2860 906 2920 postrema
938 2853 1331 2923 supplicatione
1377 2858 1663 2924 convenio,
1703 2866 1761 2913 ut

157 2948 448 3009 expertum
478 2958 694 3014 semper
720 2944 1015 3001 dulcedinis
1035 2955 1229 3002 vestrae
1250 2961 1491 3003 amorem
1514 2962 1641 3018 erga
1673 2964 1758 3005 me

159 3046 445 3105 tepescere
473 3052 580 3092 non
608 3038 822 3106 sinatis,
875 3040 1131 3109 quoniam
1174 3054 1305 3110 ego,
1352 3042 1453 3096 etsi
1484 3041 1754 3112 corporali

155 3130 449 3198 praesentia
470 3131 744 3186 vobiscum
764 3146 885 3187 esse
914 3147 1142 3202 nequeo,
1160 3133 1341 3189 cordis
1359 3142 1540 3190 tamen
1568 3150 1753 3191 amore
1780 3164 1826 3226 ο

153 3219 439 3274 vobiscum
473 3235 694 3277 manere
720 3237 993 3293 nunquam
1023 3223 1247 3279 desisto.
1294 3223 1560 3281 Memores
1586 3225 1751 3281 etiam

149 3319 329 3365 estote
358 3326 466 3381 qua
496 3312 704 3368 ratione
727 3328 942 3385 semper
963 3313 1222 3370 Ecclesiae
1251 3314 1511 3371 Beccensi
1548 3317 1753 3373 amicos

148 3402 442 3472 acquirere
473 3403 751 3467 consuevi,
813 3412 870 3459 et
905 3406 1010 3461 hoc
1059 3406 1307 3476 exemplo
1364 3407 1571 3462 amicos
1599 3406 1751 3462 vobis

148 3493 520 3563 undecunque
541 3494 827 3564 acquirere
852 3493 1121 3561 festinate,
1139 3497 1523 3568 hospitalitatis
1546 3498 1747 3552 bonum

144 3586 433 3649 sectanda,
463 3586 853 3657 benignitatem
880 3588 1132 3643 omnibus
1161 3587 1635 3659 impendendo,et,
1660 3588 1749 3644 ubi

141 3676 383 3732 facultas
411 3680 601 3748 operis
628 3678 893 3745 defuerit,
926 3678 1154 3735 affabilis
1201 3682 1470 3737 sermonis
1517 3683 1747 3753 gratiam

137 3769 500 3841 porrigenda.
515 3768 625 3826 Nec
652 3787 887 3843 unquam
914 3774 1050 3829 satis
1073 3788 1170 3829 vos
1182 3773 1386 3831 habere
1408 3776 1614 3832 amicos
1628 3792 1751 3833 ere.-

135 3863 301 3930 datis,
339 3864 436 3918 sed
484 3862 602 3918 sive
633 3864 847 3929 divites,
877 3865 990 3921 sive
1016 3855 1304 3937 pauperes,
1364 3883 1556 3926 omnes
1594 3870 1749 3927 vobis

131 3953 187 4010 in
221 3971 416 4011 amore
442 3956 809 4011 fraternitatis
831 3957 1216 4028 conglutinate,
1245 3968 1514 4029 quatenus
1560 3962 1665 4018 hoc
1691 3971 1747 4019 et

131 4047 197 4100 ad
224 4059 425 4101 vestrae
469 4046 732 4102 Ecclesiae
756 4048 1045 4104 utilitatem
1076 4051 1357 4119 proficere,
1384 4061 1438 4109 et
1459 4054 1526 4111 ad
1557 4069 1745 4111 eorum

129 4152 273 4206 quos
301 4137 539 4206 diligitis
568 4136 796 4190 salutem
821 4139 997 4193 valeat
1026 4140 1353 4212 pertingere.
1406 4143 1483 4197 De
1525 4142 1747 4198 benedi-

126 4229 316 4283 ctione
347 4236 465 4292 tua,
494 4226 670 4282 frater
692 4226 985 4295 Willelme,
1013 4231 1220 4297 comiti,
1252 4241 1307 4286 et
1336 4233 1744 4305 archiepiscopo

122 4319 387 4377 mandavi
420 4328 595 4391 atque
625 4329 683 4374 ut
715 4321 896 4376 omnia
934 4322 1192 4378 decenter
1250 4323 1476 4394 fierent,
1529 4327 1737 4399 rogavi.

118 4409 347 4470 Litteris
379 4414 514 4479 tuis,
533 4427 675 4483 quas
699 4428 793 4483 per
821 4413 1076 4470 domuum
1105 4413 1557 4486 Gislebertum,et
1586 4418 1739 4473 dom-

1882 573 2267 630 nedictioncm.

1952 661 2078 733 Legi
2113 664 2165 718 in
2204 664 2403 723 litteris
2459 672 2652 729 vestris
2695 673 3108 733 dilectissimum
3137 680 3196 735 et
3221 672 3475 735 dtIICissio

1882 767 2030 807 mum
2058 753 2313 811 affectum
2370 769 2614 815 vestrum
2662 777 2790 832 erga
2848 767 3104 823 dilectum
3159 769 3477 828 dilectorem

1879 854 2118 900 vestrum
2151 864 2164 900 :
2194 864 2330 919 quas
2356 866 2496 921 saepe
2526 852 2625 924 legi
2656 862 2710 909 et
2737 870 2879 925 saepe
2916 858 3175 915 interiora
3207 863 3273 895 “°
3295 852 3475 922 cordis

1883 938 2013 1002 mei,
2052 949 2247 995 vestra:
2268 941 2575 999 dilectionis
2596 947 3053 1016 consideratione,
3100 955 3186 1023 pie
3226 972 3470 1015 commo-

1880 1038 2093 1094 verunt,
2118 1041 2171 1087 et
2194 1032 2387 1089 faciem
2412 1051 2586 1090 meam
2639 1038 2892 1110 lacrymis
2933 1042 3224 1102 fluentibus
3254 1049 3319 1082 "'
3349 1067 3473 1120 per-

1880 1117 2156 1175 fuderunt.
2187 1123 2265 1175 Ad
2288 1124 2429 1192 quod
2461 1141 2584 1179 cum
2607 1128 2769 1182 unius
2798 1141 3037 1186 vestrum
3064 1134 3176 1188 sola
3206 1117 3473 1198 sufﬁceret

1879 1208 2125 1279 dilectio,
2156 1218 2305 1268 tanto
2346 1214 2557 1284 plenius
2613 1228 2792 1273 tamen
2844 1230 2898 1275 et
2948 1222 3317 1282 vehementius
3368 1230 3471 1289 hoc

1878 1297 2146 1367 fecerunt,
2177 1312 2380 1371 quanto
2406 1305 2459 1359 in
2490 1307 2684 1362 vestris
2735 1309 2894 1364 dictis
2944 1312 3174 1368 similem
3225 1316 3468 1374 animum

1876 1398 1931 1445 et
1969 1390 2218 1449 allectum
2253 1396 2481 1451 aliorum
2509 1400 2834 1470 cogitabam,
2874 1405 2965 1472 qui
2994 1404 3204 1464 litteras
3230 1425 3336 1465 non
3370 1412 3470 1468 mi-

1874 1492 2085 1537 serunt.
2110 1483 2199 1539 Sic
2228 1486 2371 1540 enim
2396 1487 2622 1545 Dilectio
2647 1500 2825 1547 vestra
2844 1494 3211 1566 conglutinata
3239 1511 3323 1557 est
3349 1503 3469 1558 ani-

1876 1589 1978 1628 ma:
2004 1590 2162 1642 mete,
2214 1586 2272 1631 ut
2295 1593 2413 1633 eam
2441 1580 2649 1638 intente
2672 1585 2913 1655 cogitare
2935 1599 3167 1657 nequeat
3190 1592 3305 1647 sine
3329 1609 3465 1663 qua»

1875 1662 1998 1716 dam
2022 1679 2217 1736 magna
2240 1667 2323 1722 sui
2349 1669 2743 1740 vulneratione,
2776 1676 2844 1730 de
2872 1676 3194 1736 dilectorum
3226 1662 3458 1743 filiorum

1875 1768 2095 1809 suorum
2114 1757 2346 1814 violenta
2369 1762 2642 1820 ablatione
2656 1776 2711 1820 et
2732 1769 3091 1835 separatione.
3106 1772 3258 1839 Quod
3281 1786 3464 1833 autem

1873 1846 2192 1917 significatis
2218 1850 2283 1882 “3
2318 1868 2416 1909 vos
2454 1870 2665 1911 mecum
2690 1856 3001 1914 desiderare
3060 1878 3274 1934 semper
3316 1882 3458 1934 esse,

1872 1947 2021 1993 certe
2051 1949 2103 1994 et
2125 1955 2227 2012 ego
2252 1943 2520 2009 desidero.
2571 1946 2678 2002 Sed
2715 1950 2971 2019 quoniam
3016 1952 3175 2009 ali1er
3226 1957 3464 2029 disponit

1871 2027 2012 2083 Deus
2041 2044 2203 2099 quam
2230 2032 2621 2101 desideremus,
2654 2051 2754 2092 nec
2776 2040 2932 2094 video
2950 2027 3325 2112 opportunum
3340 2064 3463 2106 esse

1870 2118 2155 2175 animabus
2210 2125 2429 2189 vestris,
2469 2142 2606 2196 quas
2653 2131 2796 2185 sicut
2827 2147 3033 2201 meam,
3091 2143 3227 2195 teste
3282 2150 3460 2197 vestra

1867 2212 2226 2277 conscientia,
2256 2216 2443 2286 diligo,
2480 2228 2537 2271 ut
2575 2235 2788 2275 mecum
2835 2226 3057 2293 possitis
3103 2233 3457 2289 conversari:

1864 2314 2081 2369 precor,
2113 2320 2326 2371 moneo,
2356 2311 2598 2375 consuto,
2624 2322 2890 2380 quatenus
2925 2331 3136 2375 mecum
3166 2336 3460 2393 supernam

1864 2389 2272 2461 dispositionem
2297 2397 2566 2466 patienter
2594 2400 2853 2470 toleretis,
2904 2414 2961 2459 et
3001 2389 3248 2467 vestram
3286 2413 3460 2469 tristi-

1866 2482 1996 2537 tiam
2029 2485 2307 2542 tolerando
2332 2488 2667 2558 mitigantes,
2694 2508 2869 2550 meam
2903 2511 3119 2569 quoque
3156 2501 3454 2575 mitigetis:

1863 2583 2045 2628 vestra
2083 2591 2319 2647 namque
2371 2580 2594 2635 tristitia
2632 2598 2751 2639 mea
2813 2596 2943 2655 est,
2985 2598 3041 2645 et
3093 2603 3275 2649 vestra
3329 2610 3471 2653 conor

1862 2664 2053 2722 solatio
2083 2684 2201 2724 mea
2237 2680 2340 2725 est.
2391 2672 2546 2740 Quod
2599 2691 2705 2730 non
2735 2678 2910 2734 solum
2954 2682 3104 2738 vobis
3152 2686 3314 2754 dico,
3358 2690 3455 2747 filii

1862 2755 2157 2812 dulcissimi
2224 2760 2290 2791 “’
2326 2800 2342 2826 ,
2417 2764 2513 2817 sed
2591 2774 2647 2819 et
2716 2769 2968 2825 omnibus
3042 2775 3134 2842 qui
3202 2780 3454 2836 eamdem

1861 2843 2165 2900 molestiam
2204 2848 2482 2904 vobiscum
2536 2850 2719 2907 ferunt
2751 2870 2851 2925 pro
2897 2858 3139 2915 absentia
3176 2863 3454 2924 dilectoris

1859 2934 1943 2989 sui
1976 2934 2339 2993 dilectissimi.
2392 2940 2519 2997 Scio
2563 2944 2689 3013 quia
2746 2946 2790 3001 si
2814 2951 3108 3017 speraretis
3135 2967 3233 3009 vos
3271 2958 3451 3014 adhuc

1857 3029 1912 3084 in
1982 3031 2084 3087 hac
2140 3033 2250 3088 vita
2296 3032 2579 3106 aliquanto
2633 3048 2873 3111 tempore
2933 3058 3143 3101 mecum
3226 3063 3456 3108 converc

1858 3131 2075 3180 saturos
2100 3165 2116 3192 ,
2144 3140 2351 3198 magnae
2400 3130 2789 3188 consolationis
2842 3134 2993 3191 vobis
3030 3148 3196 3195 esset.
3234 3139 3453 3208 Quanto

1857 3230 1989 3287 ergo
2044 3217 2305 3287 majorem
2380 3222 2803 3278 consolationem
2871 3226 3073 3283 habere
3150 3232 3475 3302 debemus,

1856 3306 1902 3361 si
1952 3306 2008 3361 in
2066 3306 2247 3363 futura
2311 3312 2421 3365 vita
2478 3326 2578 3366 nos
2627 3312 2681 3368 in
2730 3321 2991 3370 aeternum
3048 3318 3208 3374 simul
3275 3324 3449 3380 victu-

1856 3410 1947 3452 ros
1965 3406 2023 3452 et
2052 3398 2526 3469 congratulaturos
2576 3405 2903 3472 speramus?
2947 3404 3311 3468 Consolamini
3350 3415 3449 3484 igi-

1855 3497 1967 3556 tur,
1996 3489 2090 3544 filii
2122 3492 2252 3559 mei,
2282 3491 2661 3559 consolamini,
2688 3501 2741 3548 et
2771 3509 2869 3550 vos
2903 3496 3152 3566 subjicite
3176 3502 3445 3561 voluntati

1854 3579 1974 3648 Dei,
2004 3583 2095 3652 qui
2123 3582 2320 3639 melius
2349 3586 2455 3639 scit
2477 3585 2607 3655 quid
2639 3586 2795 3643 vobis
2819 3590 3091 3658 expediat,
3130 3608 3293 3662 quam
3348 3612 3447 3654 vos

1852 3673 1988 3743 ipsi;
2016 3683 2284 3745 quatenus
2308 3676 2512 3747 aliquid
2560 3677 2735 3749 major
2780 3681 2933 3735 vobis
2985 3683 3249 3739 retribuat
3302 3688 3445 3744 Dens

1851 3778 1949 3833 pro
1981 3764 2082 3821 hac
2108 3766 2390 3835 patientia,
2411 3783 2573 3838 quam
2604 3769 2758 3823 vobis
2810 3772 3099 3839 provenire
3146 3787 3333 3844 posset
3374 3791 3444 3833 ex

1850 3874 1968 3913 mea
1994 3860 2301 3929 praesentia.
2335 3860 2480 3917 Certi
2505 3870 2681 3917 estote
2724 3861 2849 3930 quia
2894 3862 3041 3917 nulla
3083 3864 3324 3922 locorum
3356 3869 3442 3924 di-

1848 3951 2082 4019 stantia,
2132 3952 2276 4007 nulla
2344 3962 2648 4023 temporum
2703 3954 3035 4009 diuturnitas
3093 3957 3438 4014 dulcedinem

1846 4044 2049 4099 amoris
2077 4046 2263 4111 vestri,
2291 4048 2607 4116 sicut'spero
2638 4046 2690 4099 in
2718 4045 2849 4111 Deo,
2879 4062 2908 4099 a
2940 4046 3101 4099 corde
3135 4062 3255 4102 meo
3284 4062 3437 4118 pote-

1846 4137 1919 4190 rit
1942 4151 2219 4206 separare.
2249 4137 2315 4190 Et
2359 4136 2461 4191 illis
2504 4136 2596 4204 qui
2652 4150 2829 4190 meam
2879 4135 2931 4189 in
2976 4136 3172 4191 litteris
3227 4141 3339 4195 suis
3378 4157 3439 4199 se

1845 4225 2287 4294 significaverunt
2310 4225 2444 4281 velle
2468 4224 2888 4293 absolutionem,
2910 4234 2964 4281 et
2990 4225 3097 4281 illis
3117 4230 3231 4299 qui,
3247 4246 3438 4301 quam-

1842 4316 1924 4371 vis
1945 4331 2065 4371 eam
2082 4331 2180 4388 per
2203 4316 2415 4373 litteras
2434 4331 2542 4371 non
2573 4317 3050 4388 petierunt,tamen
3074 4334 3196 4375 eam
3224 4323 3431 4388 volunt,

1842 4407 2039 4462 mando
2059 4422 2235 4462 meam
2259 4422 2440 4463 coram
2470 4408 2581 4463 Deo
2604 4407 2997 4463 absolutionem
3024 4419 3080 4463 et
3102 4409 3435 4469 benedictio-

118 4521 249 4563 num
276 4506 582 4564 Jotl‘ridum
608 4506 823 4573 misisti,
854 4506 977 4562 ideo
1027 4522 1133 4562 non
1185 4509 1461 4580 respondi,
1517 4510 1641 4580 quia
1682 4519 1737 4566 et

1863 4512 1986 4565 tem,
2013 4506 2069 4554 et
2112 4513 2211 4554 oro
2257 4509 2315 4555 ut
2347 4499 2488 4555 Deus
2514 4500 2861 4568 omnipotens
2890 4498 3012 4555 illos
3055 4501 3126 4557 ab
3178 4505 3433 4562 omnibus

114 4597 235 4654 istae
259 4600 460 4656 littera:
495 4607 668 4653 antea
698 4598 911 4669 scriptae
940 4597 1176 4668 fuerunt,
1200 4611 1256 4655 et
1286 4600 1521 4671 portitor
1545 4615 1731 4657 earum

114 4690 342 4747 multum
374 4688 694 4748 festinavit.

630 4798 965 4856 EPISTOLA
994 4800 1133 4857 XVII
1166 4803 1253 4857 ⁸³⁸.

434 4906 671 4948 Ακεειιίι
704 4906 771 4945 AD
801 4908 1079 4947 MONACHOS
1102 4908 1412 4949 BECCENSES.

120 4980 333 5037 Horum
356 4983 554 5039 litteris
586 4982 904 5049 respondens
928 4999 1015 5038 eos
1045 4983 1345 5039 consolatur
1388 4986 1453 5040 de
1495 5002 1593 5041 sua
1628 4986 1724 5041 ab-

190 5054 411 5119 sentia;
452 5067 653 5123 eosque
690 5053 906 5107 absolvit
936 5071 967 5107 a
1004 5056 1261 5125 peccatis,
1290 5065 1344 5109 ut
1373 5058 1651 5125 petierant.

189 5149 489 5202 Anseuws
510 5152 744 5199 vocatus
788 5147 1247 5221 archiepiscopus,
1295 5149 1623 5209 dulcissimis
1672 5160 1728 5209 et

115 5238 436 5299 dilectionis
462 5235 596 5291 filiis
621 5236 734 5289 suis
748 5234 1037 5303 juvenibus
1056 5250 1110 5297 et
1137 5241 1574 5299 adolescentibus
1594 5242 1729 5300 Buc-

1838 4591 2076 4660 peccatis
2098 4590 2366 4658 absolvat,
2397 4591 2532 4647 etin
2577 4591 2741 4645 vitam
2792 4601 3055 4647 teternam
3119 4593 3427 4650 benedicat.

1837 4684 2028 4741 Amen.

2300 4771 2631 4828 EPISTOLA
2675 4771 2839 4829 XVIII
2875 4774 2969 4828 ¹⁸⁰.

2207 4878 2432 4919 Αωεῑιιη
2472 4879 2540 4917 ΔΙ)
2564 4877 2884 4918 οοηιτιεεη
2915 4878 3067 4917 ΙυΑΙ.

1836 4960 2101 5018 Hortatur
2128 4960 2449 5016 comitissam
2480 4958 2549 5011 ad
2572 4958 2932 5012 sanctimonia'
2959 4960 3419 5026 perseverantiam.

1901 5057 2208 5119 Asssauus,
2232 5066 2421 5109 servus
2448 5064 2730 5105 servorum
2753 5049 2873 5110 Dei,
2897 5056 3124 5106 vocatus
3153 5053 3422 5126 archiepi-
3453 5094 3456 5101 .

1831 5162 2045 5219 scopas,
2071 5143 2381 5203 reverendae
2401 5149 2457 5198 et
2482 5139 2765 5211 diligenda;
2793 5139 2921 5196 vita:
2949 5142 3147 5200 merito
3171 5146 3419 5203 comitis-

1830 5240 2031 5298 eaelna:
2063 5254 2077 5291 :
2113 5238 2191 5293 sic
2222 5237 2274 5291 in
2298 5237 2402 5290 hac
2452 5231 2563 5286 vita
2608 5230 2722 5286 Deo
2766 5233 2997 5303 servire,
3040 5246 3103 5292 ut
3139 5237 3192 5293 in
3236 5237 3417 5297 futura

115 5336 401 5402 censibus,
432 5329 531 5404 qui
554 5326 609 5384 ei
640 5342 766 5384 suas
788 5329 857 5362 ¹⁸⁸
881 5332 936 5386 in
962 5333 1205 5404 Angliam
1238 5335 1503 5392 miserunt
1522 5337 1729 5407 episto-
1832 5337 2109 5387 mercatur
2129 5342 2250 5383 cum
2276 5327 2387 5381 Deo
2431 5334 2681 5395 regnare.

1148 5424 1157 5427 κέ
1428 5466 1661 5524 vitam
1701 5462 2102 5524 LECTIONES.

177 5599 545 5675 “USubﬁch
579 5614 681 5675 vos
711 5616 789 5656 ms
816 5600 1089 5669 subjacete
1119 5617 1215 5675 vos

114 5673 398 5734 interiora
419 5693 501 5751 ius
526 5673 685 5751 legi}
708 5682 761 5725 et
794 5687 937 5751 saepe
969 5674 1227 5751 interiora

111 5750 182 5804 sti
216 5766 295 5805 ms
322 5747 686 5818 signiﬁcastis

406 5843 691 5900 Parnm.
717 5834 930 5893 CLIX.

1324 5602 1392 5635 ’⁸⁸
1413 5603 1548 5658 Cum
1584 5605 1762 5661 eodem
1798 5622 1877 5661 ms
1904 5602 2094 5659 collata

1346 5676 1411 5708 “7
1441 5675 1722 5747 Lacrymis
1750 5677 1888 5732 meis
1915 5673 2203 5747 fluentibus
2226 5690 2301 5747 rus
2335 5674 2589 5746 laerymis
2623 5673 2911 5736 fluentibus

794 5742 859 5773 “’
889 5742 1113 5801 Fratres
1140 5746 1433 5804 dulcissimi
1462 5766 1539 5804 me
1576 5742 1669 5803 filii
1702 5747 2003 5805 dulcissimi

2205 5600 2271 5636 “'
2299 5600 2399 5669 Qui
2433 5612 2487 5659 et
2518 5620 2645 5661 suas
2670 5624 2748 5663 ms
2775 5607 2865 5689 qui
2890 5624 2939 5665 et
2962 5624 3090 5667 suas
3201 5609 3412 5683 “‘Legi

2226 5690 2301 5727 ms
2335 5674 2589 5740 laerymis
2623 5676 2911 5736 ﬂuentibus
3024 5682 3095 5739 m.
3118 5679 3410 5740 Sit’lliﬁca-

3118 5701 3410 5736 ΜΕΙΙΗΜῚΙ-

2118 5689 2203 5729 Jus
2226 5690 2301 5727 ms
2335 5684 2589 5746 taerymis
2623 5684 2911 5736 liuentibus
3024 5684 3095 5739 "'.
3118 5684 3345 5747 Similia

2118 5745 2184 5776 ¹⁸⁰
2216 5742 2345 5799 Cum
2378 5746 2557 5801 eodem
2589 5764 2665 5801 ms
2694 5747 2887 5803 collata

3047 5846 3088 5903 2
