4028 6302
584 311 649 366 ιδ
1113 308 1165 364 S.
1211 306 1503 361 ANSEUH
1543 304 1888 361 CANTUAH.
1932 306 2151 361 ARCllli

2287 307 2437 365 ΟΙῚ).
2474 307 2656 362 PARS
2681 308 2773 362 lli.
2800 338 2867 346 —
2900 306 3278 361 El‘lS'l‘OlJE.
3592 310 3595 313 ’
3761 308 3845 365 ιι

554 434 561 437 ‘
656 426 800 487 Scio,
829 432 882 477 et
903 430 1081 476 certus
1111 436 1227 474 sum
1257 419 1493 489 (domina
1526 418 1655 472 mihi
1695 418 1747 470 in
1801 419 1909 473 Deo
1936 419 2153 473 'charis-
2183 401 2227 456 Α
2256 431 2311 475 ιιι
2333 420 2485 491 pauci
2528 421 2637 477 sint
2657 419 2853 489 quibus
2885 419 2993 473 vita
3020 426 3109 472 tua
3152 416 3345 471 debeat
3387 414 3691 485 comparari
3724 436 3742 472 :
3777 428 3842 476 ct

583 519 743 580 sima,
767 529 921 569 soror
940 511 1310 575 dilectissima,
1336 509 1443 563 ﬁlia
1472 509 1802 577 dulcissima)
1822 510 1943 579 quia
1968 520 2152 565 sancta

560 618 563 621 ‘
585 617 676 663 tua
705 605 939 669 dilectio,
963 618 1065 672 qua
1090 617 1175 657 me
1196 616 1413 670 semper
1437 600 1487 653 in
1512 601 1672 655 corde
1702 610 1791 655 tuo
1816 611 2153 670 praesentem,

584 698 734 768 quasi
768 695 980 749 Patrem
1012 692 1368 762 spiritualein,
1399 704 1711 745 reverenter
1752 701 1805 745 et
1858 692 2153 747 delectabi-

585 789 707 843 liter
736 785 1099 855 amplecteris,
1126 783 1457 837 incessanter
1487 782 1757 838 desiderat
1803 798 1867 837 ea
1925 800 2044 853 qua:
2088 785 2155 839 de

584 893 669 933 me
697 886 751 932 et
780 890 907 946 erga
939 889 1027 929 me
1060 884 1183 929 sunt
1209 889 1568 945 cognoscere;
1612 883 1668 929 et
1721 890 1787 930 ex
1833 889 1950 929 mea
2006 884 2155 944 parte

557 968 785 1037 aliquid
811 954 997 1020 audire
1024 974 1117 1019 aut
1141 965 1316 1035 legere
1344 964 1430 1031 ἐι,
1463 974 1729 1034 quatenus
1778 966 1907 1020 mihi
1960 982 2152 1029 secun-

582 1059 710 1113 dum
735 1072 875 1110 verae
899 1055 1177 1109 charitatis
1215 1055 1455 1125 regulam
1484 1055 1822 1125 congaudeat
1868 1064 1961 1110 aut
2008 1071 2153 1111 eom-

564 1136 838 1219 patiatur.
876 1147 975 1203 Cui
1025 1158 1127 1201 tuae
1164 1146 1434 1201 dilectioni
1486 1147 1551 1178 ¹⁸²
1594 1161 1689 1202 eor
1737 1162 1914 1202 meum
1967 1149 2154 1217 utique

583 1237 743 1292 simul
769 1236 1053 1307 respondet
1074 1235 1290 1291 aﬁ‘eetu.
1311 1235 1573 1303 Quoniam
1596 1251 1724 1306 ergo
1751 1244 1805 1291 et
1833 1250 1929 1304 per
1955 1238 2152 1304 episto-

584 1328 689 1382 lam
715 1342 1008 1397 congruum
1041 1342 1147 1381 non
1174 1335 1257 1380 est
1286 1326 1353 1357 ¹⁸³
1376 1342 1601 1381 narrare
1632 1342 1772 1381 nunc
1794 1342 1913 1397 quae
1949 1328 2016 1381 de
2066 1342 2153 1381 me

582 1420 726 1475 facta
767 1427 893 1472 sunt
915 1406 1220 1486 hocanno,
1251 1419 1366 1473 sive
1407 1419 1638 1488 qualiter
1680 1432 1776 1473 cor
1827 1434 2006 1474 meum
2062 1420 2150 1475 illa

563 1509 895 1565 sustineat:
926 1517 980 1563 et
1030 1507 1259 1564 domnus
1307 1509 1597 1564 Rainerius
1669 1511 1897 1564 dilectus
1948 1510 2152 1566 amicus

570 1607 785 1665 ‘noster,
812 1594 1036 1651 clericus
1063 1609 1234 1652 vester
1260 1598 1427 1652 multa
1449 1612 1545 1669 per
1594 1612 1651 1653 se
1691 1599 1843 1663 vidit,
1889 1606 1944 1653 et
1970 1598 2147 1669 plura,

582 1707 668 1747 me
695 1700 965 1753 narrante,
1000 1690 1215 1756 didicit;
1269 1690 1418 1745 illum
1442 1698 1692 1761 precatus
1715 1705 1831 1745 sum
1856 1697 1913 1745 ut
1945 1704 2006 1745 ea
2030 1706 2148 1761 quae

2256 527 2377 567 cum
2410 520 2460 566 te
2496 512 2549 565 in
2575 525 2798 565 numero
2826 523 3118 579 paucorum
3143 521 3261 561 csse
3290 507 3624 577 cognoveris,
3654 506 3839 564 adhuc

2258 598 2557 667 time;quia
2584 598 2759 652 adhuc
2783 597 3002 651 dubium
3037 595 3207 650 eritsi
3243 595 3381 649 inter
3406 608 3605 663 paucos
3628 595 3839 653 electos

2256 688 2441 754 fueris,
2465 689 2638 743 donec
2678 696 2731 742 te
2780 688 2845 742 de
2892 687 2996 741 illis
3026 686 3215 756 paucis
3239 686 3443 750 videas,
3483 685 3551 740 de
3597 701 3834 755 quorum

2256 780 2515 835 electione
2544 778 2686 833 nulla
2717 788 2897 832 manet
2917 778 3179 834 dubietas.
3206 776 3467 843 Quienim
3498 777 3656 843 dixit,
3675 780 3832 846 pauci

2254 879 2375 923 sunt
2403 869 2572 935 electi,
2599 883 2702 922 non
2735 868 2922 937 utique
2948 867 3107 932 dixit,
3137 882 3298 936 quam
3329 866 3513 936 pauci:
3562 876 3619 920 ut
3661 882 3836 936 quan-

2258 968 2582 1030 tumcunque
2606 960 2762 1015 nobis
2787 960 3067 1014 videamur
3091 958 3413 1028 proiecisse,
3445 972 3659 1026 semper
3680 956 3829 1026 judi-

2256 1067 2443 1108 cemus
2467 1066 2565 1107 nos
2589 1051 2825 1105 nondum
2859 1050 2960 1105 nisi
2999 1050 3066 1105 ad
3101 1049 3314 1104 initium
3361 1047 3674 1117 proﬁciendi
3711 1064 3834 1117 per-

2255 1143 2484 1197 venisse.
2515 1141 2710 1198 llortor
2739 1142 2903 1221 igitur
2923 1152 2981 1195 et
3007 1140 3231 1195 consulo
3262 1139 3386 1193 ﬁlia:
3418 1153 3575 1211 mete,
3605 1153 3727 1208 qua:
3774 1153 3834 1195 se

2254 1249 2374 1290 meo
2414 1235 2685 1290 commisit
2741 1234 2989 1299 consilio,
3033 1243 3094 1288 ut
3130 1235 3267 1288 bene
3319 1233 3531 1287 vivendi
3572 1234 3828 1305 studium,

2253 1326 2395 1397 quod
2417 1327 2547 1382 olim
2575 1325 2793 1395 incepit,
2821 1325 3129 1380 nullatenus
3157 1324 3499 1394 languescat;
3525 1326 3641 1388 sed,
3671 1324 3831 1393 quasi

2253 1415 2489 1484 quotidie
2512 1414 2751 1484 incipiat,
2774 1429 2868 1483 per
2890 1413 3132 1491 singulos
3152 1412 3269 1467 dies
3301 1412 3592 1468 fervescat.
3648 1411 3843 1466 Omni-7

2254 1513 2443 1576 potens
2473 1505 2613 1559 Deus
2639 1502 2707 1556 ab
2732 1504 2983 1559 omnibus
3007 1502 3245 1573 peccatis
3298 1512 3349 1557 te
3390 1503 3685 1559 clementer
3730 1501 3831 1555 ab-

2252 1594 2448 1660 solvat,
2478 1602 2533 1651 et
2560 1594 2842 1650 benedicat
2884 1594 2939 1649 in
2982 1602 3277 1660 mternum;
3309 1604 3364 1649 et
3392 1606 3654 1664 quantum
3690 1595 3827 1649 mihi

2253 1677 2435 1739 divina
2486 1685 2659 1755 gratia
2687 1684 2956 1749 concedit,
2987 1697 3161 1739 meam
3192 1698 3405 1755 semper
3431 1683 3634 1740 habeas
3661 1683 3829 1739 abso-

580 1784 646 1837 de
668 1798 753 1838 me
782 1784 1008 1839 interius
1030 1790 1085 1837 et
1110 1781 1349 1836 exterius
1369 1781 1644 1851 cognovit,
1677 1780 1816 1835 sicut
1840 1781 1930 1849 qui
1959 1781 2024 1835 ad
2048 1780 2150 1837 hoc
2184 1773 2225 1827 Β
2253 1776 2509 1831 lulionem
2532 1785 2588 1833 et
2627 1776 3081 1832 benedictionem.
3106 1778 3299 1833 Amen.

578 1874 749 1942 ipsum
773 1889 885 1928 sea
915 1884 1093 1927 vestra
1132 1872 1437 1926 reverentia
1484 1871 1707 1926 missum
1755 1870 1971 1938 fatetur,
2027 1871 2146 1925 viva

579 1978 707 2018 voce
730 1964 865 2017 vivis
894 1964 1116 2017 vocibus
1146 1962 1409 2016 notiﬁeet.
1452 1960 1519 2015 Et
1558 1961 1808 2030 quoniam
1851 1959 1965 2028 jam
2022 1960 2146 2015 olim

576 2054 876 2109 certissime
897 2063 1153 2123 expertus
1188 2068 1328 2116 sum,
1365 2052 1471 2105 ﬁlia
1522 2051 1574 2105 in
1607 2052 1716 2105 Deo
1740 2051 1869 2105 mihi
1910 2052 2149 2108 dilectis-

576 2145 734 2208 sima,
757 2145 1102 2198 monitamea
1136 2158 1229 2197 cor
1257 2153 1405 2195 tuum
1439 2142 1828 2197 delectabiliter
1856 2145 2151 2213 suscipere,

576 2242 739 2303 atque
776 2232 1010 2287 animam
1075 2240 1217 2285 tuam
1269 2247 1410 2286 curse
1444 2246 1575 2286 mere
1612 2233 1824 2302 penitus
1849 2241 1903 2288 te
1924 2234 2149 2289 commi-

574 2320 716 2378 sisse
738 2324 975 2388 memini,
1001 2323 1199 2392 aliquid
1224 2337 1445 2377 necesse
1495 2332 1594 2389 est,
1626 2323 1767 2395 quod
1797 2326 1863 2378 ad
1891 2324 2148 2380 exhorta-

568 2415 779 2469 aionem
815 2423 956 2468 tuam
980 2416 1267 2484 pertineat,
1311 2417 1655 2486 subiungere.
1706 2417 1892 2473 Amica
1944 2418 2155 2474 charis-

567 2505 712 2560 sima
735 2504 788 2560 in
816 2506 944 2561 Deo.
978 2507 1233 2562 Dominus
1255 2508 1423 2563 dicit:
1452 2508 1609 2562 Multi
1628 2519 1749 2564 sunt
1774 2512 1940 2565 uocati
1954 2528 1976 2577 ;
1996 2515 2150 2582 pauci

574 2596 868 2651 ceravelocti
891 2597 1104 2667 (Matth.
1133 2614 1222 2665 xx,
1251 2599 1656 2670 £6).Nunquam
1683 2616 1812 2671 ergo
1839 2616 2026 2658 secura
2075 2602 2151 2658 sis

579 2697 631 2743 te
674 2686 815 2744 inter
851 2688 1048 2745 electos
1078 2690 1374 2761 computari
1409 2690 1625 2759 debere,
1659 2693 1829 2749 donec
1874 2692 1947 2748 ita
1978 2694 2151 2761 vivas,

2638 1887 2801 1958 373
2830 1887 3160 1943 EPISTOLA
3190 1888 3312 1943 XIX
3343 1889 3431 1943 ιιι.

2324 1994 2545 2034 Ακεειιιι
2570 1995 2635 2033 AD
2673 1960 2984 2034 ινιετλκωί
3004 1995 3407 2035 WIBGONIENSEI
3448 1994 3758 2036 Εριδεορωι.

2257 2066 2395 2143 Petit
2416 2070 2911 2143 consiliumucontra
2945 2069 3356 2143 Londonieusem
3386 2074 3705 2143 episcopum,
3732 2074 3828 2143 qui

2327 2141 2467 2193 intra
2489 2156 2641 2193 suam
2670 2139 2931 2193 dioecesim
2961 2142 3203 2195 dedicare
3227 2139 3423 2196 colebat
3452 2139 3699 2197 ecclesias
3730 2139 3833 2197 ril-

2326 2210 2497 2263 larunt
2524 2208 2895 2279 archiepiscopi
2917 2209 3330 2266 Cantuariensis.

2324 2323 2627 2390 ANSBL‘MUS,
2684 2339 2871 2379 servus
2919 2339 3200 2380 servorum
3242 2324 3462 2391 Christi,
3492 2334 3715 2381 vocatus
3735 2342 3832 2381 ar-

2255 2416 2650 2486 chiepiscopus,
2674 2416 2871 2471 dilecto
2909 2425 2964 2471 et
2994 2416 3289 2471 reverenda
3332 2416 3588 2486 episcopo
3612 2415 3832 2486 Wigor-

2256 2510 2427 2565 niensi
2478 2510 2545 2541 ¹⁸⁸
2592 2508 2866 2563 Wcsnuo
2911 2507 3010 2579 (5),
3068 2509 3147 2564 sic
3178 2508 3230 2562 in
3264 2518 3481 2579 arrepto
3526 2507 3835 2563 sanctitatis

2258 2602 2536 2673 proposito
2562 2615 2931 2672 perseverare,
2957 2610 3015 2655 ut
3044 2610 3315 2659 mereatur
3338 2602 3391 2658 in
3417 2611 3622 2659 aeterna
3649 2602 3834 2658 beati-

2264 2696 2446 2751 tudine
2472 2694 2587 2751 sine
2616 2693 2720 2749 ﬁne
2749 2708 2997 2766 regnare.

1859 2827 2089 2884 VARUE
2127 2828 2530 2886 LECTIONES.

682 2934 746 3008 1"
783 2934 851 2989 Et
896 2948 1056 3008 egere
1102 2951 1181 2990 ins
1221 2944 1313 3008 aut
1354 2936 1531 3008 legere

574 3001 646 3035 ι’*
673 3002 803 3057 Cum
830 3001 1050 3073 pra'Tato
1072 3020 1150 3059 ms
1184 3004 1376 3060 collata

1640 2937 1706 2969 ⁸⁸³
1754 2936 1851 2993 Cui
1899 2938 2169 2995 dilectioni
2216 2958 2293 2995 ms
2331 2941 2414 2996 cui
2462 2950 2564 2997 tuae
2603 2938 2877 2996 dilectioni

1484 3006 1552 3038 ⁸⁵⁸
1574 3004 1860 3064 Gorniensi
1884 3024 1960 3063 ms
1993 3008 2350 3081 Wigornicnsi

2988 2938 3057 2981 "-'
3112 2939 3229 2997 Non
3274 2948 3417 2996 esset
3465 2957 3542 2996 ms
3585 2952 3693 2995 non
3746 2950 3834 2997 est

1734 3098 2017 3156 JOANNIS
2048 3098 2317 3157 PICARDI
2358 3099 2591 3158 ΝΟΤᾸΞ.

645 3236 724 3308 (5)
770 3236 1045 3308 Vulstauo.
1094 3237 1211 3294 Non
1254 3253 1440 3308 parum
1492 3238 1831 3308 dissentanea
1862 3236 2057 3308 legitur
2092 3237 2143 3291 id
2174 3231 2217 3293 C
2249 3237 2356 3291 lum
2400 3234 2757 3308 marmoribus
2803 3236 2876 3290 ita
2910 3234 3257 3308 iunxissent
3300 3247 3399 3288 nec
3438 3249 3467 3288 a
3497 3233 3834 3308 Lanl‘rancn,

572 3306 826 3373 nominis,
860 3307 1145 3377 aliquando
1212 3306 1512 3370 Vulstauus.
1569 3308 1701 3363 alias
1749 3306 2054 3377 Wolstauus
2093 3316 2147 3361 et

578 3377 860 3439 Ulstanus;
893 3375 983 3433 sed
1010 3379 1337 3434 creberrime
1367 3377 1651 3432 Vulstanus
1684 3388 1741 3433 ut
1770 3377 1855 3431 hic
1876 3386 1929 3431 et
1954 3375 2007 3430 in
2040 3393 2141 3431 ms.

576 3448 774 3501 tabulis
800 3447 1248 3519 Wigornensium
1275 3446 1644 3519 episc0porum
1702 3456 1898 3501 nostra:
1957 3445 2147 3519 biblio—

569 3520 766 3589 thecae.
796 3515 1172 3589 itaiﬂldrctlus
1212 3515 1563 3589 Vigbrniensis
1584 3519 1851 3585 episcopus
1873 3515 2143 3589 ecclesiam

568 3589 627 3639 iu
653 3588 849 3640 civitat.
865 3586 1191 3641 Glavoruiaa
1210 3586 1562 3656 fundamentis
1577 3589 1887 3649 construxit,
1910 3595 1955 3639 et
1982 3586 2033 3638 in
2053 3590 2148 3638 Iw-

572 3672 751 3709 norem
772 3656 1125 3726 apostolorum
1153 3658 1399 3726 principis
1425 3656 1565 3710 Petri
1582 3656 1880 3724 azdiﬁcavit,
1901 3666 1946 3709 et
1966 3665 2146 3723 postea

577 3726 715 3795 regis
740 3723 969 3793 licentia,
1011 3723 1330 3795 vulstanum
1358 3723 1738 3795 Vigorniensem
1769 3727 2075 3778 monac/ium
2112 3742 2145 3777 α

572 3809 630 3847 se
660 3795 958 3847 ordinatum
1004 3794 1236 3848 abbatem
1274 3794 1561 3850 constituit.
1608 3795 1809 3849 Ibidem
1858 3795 1995 3848 1062
2024 3812 2147 3848 san-

571 3873 685 3918 ctus
736 3862 1019 3933 Yulstanus
1064 3863 1124 3931 ﬁt
1175 3864 1445 3933 episcopus
1489 3867 1552 3919 ab
1597 3866 1844 3929 Aldredo,
1897 3868 2143 3933 prwdicto

569 3947 694 3987 tunc
719 3931 1038 4003 Eboracensi
1062 3931 1463 4003 are/tigiiswpo.
1493 3934 1743 4003 Stigando
1771 3931 2137 3988 (Ianiuariensi

569 3951 694 3987 tunc
719 3951 1036 3987 cooracensi
1062 3951 1236 3986 arcme
1272 3951 1463 4003 iscopo.
1493 3951 1743 4003 attganao
1771 3951 2136 3988 hanzttarienst

567 4004 863 4074 interdicto.
902 4000 1176 4074 llujus__S_.
1221 3951 1457 4074 {nataui
1484 4014 1625 4074 gesta
1662 4004 1935 4057 habentur.
1978 4004 2143 4074 Cujus

568 4070 756 4139 festum
805 4083 876 4125 est
916 4070 1006 4125 m
1059 4070 1284 4126 Kalend.
1347 4070 1502 4127 Febr:
1547 4072 1775 4127 Tantum
1828 4074 1933 4128 ille.
1984 4070 2141 4129 Plura

568 4155 699 4195 vero
727 4140 1025 4215 Willelmus
1058 4140 1394 4215 Malmesher.
1415 4144 1521 4215 lib.
1560 4158 1613 4197 tv
1632 4144 1727 4215 ‘De
1752 4145 1915 4213 gestis
1944 4146 2141 4215 Anglo-

568 4225 687 4263 rum
718 4212 1073 4281 pontilicum._
1096 4211 1377 4281 obiterque
1414 4212 1507 4267 lib.
1541 4228 1598 4266 ιιι
1630 4213 1683 4268 in
1714 4211 2142 4270 Eboracensibus

566 4279 1009 4353 archiepiscopis;
1043 4279 1634 4353 Rogerus'lioucdeuus
1662 4284 1943 4337 Annalium
1975 4286 2140 4353 priori

563 4360 719 4417 parte
743 4351 807 4404 ad
843 4351 1204 4423 annumlOtiS
1237 4352 1526 4422 singularia
1557 4368 1781 4423 quaeque
1809 4351 2140 4409 commemo-

566 4431 652 4472 rat
682 4429 734 4473 et
764 4421 896 4474 satis
941 4420 1180 4489 prolixe;
1222 4432 1275 4478 et
1312 4420 1449 4477 {095
1479 4420 1706 4477 senatus
1726 4424 2021 4478 Bravonius
2054 4425 2141 4479 V‘i-

564 4489 880 4564 gorniensis
903 4494 1196 4564 monachus
1223 4494 1564 4564 concinnavit
1606 4495 1837 4564 epitome
1865 4503 2135 4563 gestorum

2249 3323 2350 3363 nec
2381 3307 2486 3361 alio
2518 3321 2839 3375 quocunque
2871 3305 2971 3359 nisi
2999 3304 3113 3375 solo
3138 3303 3396 3358 Vulstano
3426 3305 3583 3358 evelli
3613 3310 3836 3371 posset?

2249 3378 2352 3431 Ista
2401 3374 2581 3431 omnia
2603 3376 2959 3446 antiquitatis
2997 3374 3182 3429 deliria
3211 3389 3536 3446 cognoscere
3567 3375 3713 3428 salus
3745 3389 3836 3432 est

2251 3444 2682 3501 adolescentulis.
2709 3464 2726 3494 ι
2757 3443 2828 3497 Et
2854 3453 2965 3514 post
2989 3462 3177 3514 pauca,
3210 3443 3447 3497 lectorem
3474 3461 3687 3499 monens
3716 3448 3793 3499 ait
3814 3466 3834 3501 :

2253 3536 2270 3568 ι
2315 3517 2424 3570 Nec
2448 3516 2849 3586 antiquissimas
2879 3517 3011 3586 istas
3030 3516 3217 3582 patriar
3246 3524 3348 3569 tum
3382 3515 3634 3570 historias
3670 3532 3833 3586 pro:-

2247 3602 2340 3641 sus
2372 3587 2603 3653 reiieias,
2636 3584 2887 3655 quoniam
2918 3586 2969 3639 in
3003 3585 3108 3639 illis
3140 3586 3273 3640 falsa
3302 3586 3559 3639 miracula
3588 3584 3833 3656 prudun-

2248 3667 2355 3712 tur.
2394 3676 2412 3709 ι

2316 3724 2360 3781 Ο
2391 3726 2658 3781 hominem
2707 3732 2971 3779 emunctae
3022 3724 3166 3779 naris
3209 3734 3262 3780 et
3309 3724 3483 3796 lyncei
3520 3724 3686 3796 visus,
3729 3728 3828 3792 qui

2289 3798 2416 3851 robe
2445 3796 2656 3850 noverit
2687 3810 2975 3865 purpuram
3002 3795 3155 3861 juxta
3187 3792 3473 3865 purpuram
3505 3792 3826 3861 djudicare,

2289 3812 2416 3851 roue
2445 3812 2656 3850 noverit
2687 3812 2975 3863 purpuram
3002 3812 3155 3861 juxta
3187 3812 3473 3865 purpuram
3505 3812 3826 3861 uqumcare,

2245 3812 2485 3935 Falsaque
2512 3864 2765 3920 miracula
2796 3881 2824 3918 a
2854 3865 2995 3919 veris
3020 3880 3301 3920 secernere
3328 3865 3339 3918 !
3372 3864 3581 3919 Utinam
3612 3872 3667 3918 et
3690 3867 3830 3917 ado-

2245 3936 2574 3997 lescentulis,
2619 3952 2845 4005 qum‘tun
2873 3935 3030 3990 saluti
3084 3937 3290 4001 metuit,
3323 3935 3663 4002 explanasset
3708 3934 3830 3989 dis-

2244 4009 2471 4071 crimen
2509 4004 2765 4060 falsatum
2810 4013 2865 4059 et
2905 4021 3278 4076 germanorum
3320 4004 3720 4066 miraculorum,
3754 4021 3829 4062 ne

2245 4094 2341 4147 pro
2384 4077 2496 4131 sole
2532 4077 2989 4145 amplecterentur
3029 4076 3255 4147 nubem!
3304 4076 3440 4147 Quid
3487 4076 3632 4127 enim
3668 4077 3825 4147 velit,

2242 4145 2500 4217 proﬁteor
2545 4162 2630 4201 me
2680 4158 2805 4199 non'
2833 4153 3036 4210 tenere,
3081 4145 3181 4217 nisi
3224 4162 3317 4215 per
3354 4145 3499 4205 falsa
3536 4146 3825 4217 miracula,

2243 4214 2509 4287 signiﬁcet
2530 4232 2613 4280 ea,
2639 4232 2758 4287 qua:
2786 4226 2909 4269 ante
2934 4217 3108 4287 verbis
3130 4214 3366 4287 ejusdem
3397 4214 3824 4287 descripsimus;

2242 4285 2595 4356 in'quibusgsi
2624 4285 2896 4355 quidpiam
2928 4285 3174 4338 falsitatis
3204 4285 3502 4348 deliteScat,
3532 4289 3678 4356 solus
3702 4286 3828 4353 ipse

2242 4353 2445 4411 detexit
2478 4374 2490 4409 :
2524 4353 2580 4409 Si
2610 4353 2754 4409 enim
2809 4356 2999 4409 horum
3051 4360 3283 4423 optimus
3334 4357 3497 4423 judex
3553 4354 3831 4424 planeque

2241 4428 2383 4495 quod
2425 4426 2528 4500 dici
2585 4425 2987 4500 sole_t,__iipax).ia_t
3014 4426 3495 4500 liyogapponatur
3535 4426 3829 4500 Scriptura

2241 4494 2427 4551 sancta
2480 4498 2661 4568 (quam
2689 4495 2762 4551 illi
2801 4494 3117 4567 'cwterisqiie
3147 4496 3497 4568 Calviuitanis
3537 4504 3630 4568 aut
3686 4494 3831 4550 Pro-

562 4558 883 4645 ejusLap‘ud
932 4559 1147 4645 Surittm
1183 4569 1311 4645 tom.
1343 4562 1391 4643 Ιζ
1416 4558 1663 4645 Polydori
1697 4558 1892 4645 vergil'.
1932 4564 2133 4645 llistor.
2167 4585 2214 4645 ο
2243 4558 2583 4645 testantibus,
2615 4582 2719 4620 non
2753 4576 2942 4645 tamen
2992 4558 3145 4621 nobis
3181 4566 3428 4645 sullicere
3474 4566 3828 4645 exploratum

559 4628 770 4696 Anglic.
808 4628 900 4682 lib.
933 4643 1051 4694 vni,
1082 4644 1155 4693 ιιι,
1188 4644 1221 4683 x
1255 4632 1451 4699 passim
1496 4628 1550 4686 et
1583 4628 1871 4689 boiioritiize
1908 4637 2139 4690 sanctis-

561 4700 682 4751 simi
734 4699 993 4753 antistitis
1041 4700 1304 4763 meminit,
1359 4712 1458 4756 περ
1502 4716 1606 4755 non
1656 4703 1936 4759 Matthaaus
1982 4706 2136 4761 Paris

559 4767 800 4842 historiae
825 4768 1046 4842 majoris
1067 4784 1207 4842 anno
1232 4770 1369 4826 1088
1394 4778 1449 4825 et
1476 4772 1648 4842 {095,
1669 4774 1756 4826 ubi
1782 4774 2132 4842 prolixiorem

560 4839 732 4908 texuit
752 4839 1112 4893 narrationem
1139 4839 1261 4895 vitce
1290 4849 1344 4894 et
1369 4856 1576 4895 morum
1608 4839 1868 4908 ejusdem.
1899 4844 2137 4901 Thomas

556 4904 1022 4980 Walsinghamus,
1051 4910 1152 4962 etsi
1191 4911 1257 4964 de
1288 4925 1352 4965 eo
1392 4904 1906 4980 narrarit'paucula,
1939 4914 2135 4969 dicitur

558 4985 740 5030 tamen
782 4977 974 5051 deliria_
1019 4987 1078 5051 et
1114 4980 1396 5051 prtestigia
1438 4983 1490 5034 in
1538 4977 1781 5034 historiis
1824 4983 2131 5051 reliquisse,

555 5059 664 5122 non
688 5058 852 5122 meo,
887 5049 979 5122 sed
1016 5048 1250 5122 Matthxi
1280 5048 1509 5122 Parkeri.
1536 5048 2131 5122 pseudoarchiepiscoiii

554 5116 1001 5192 Eﬁltllial'ieﬂSiS,
1058 5127 1111 5192 et
1156 5120 1380 5192 Anglo-
1408 5116 1704 5192 Calviuiani
1746 5116 1989 5192 judicio;
2041 5116 2130 5191 qui

555 5182 963 5264 )Yalsingharno
988 5182 1602 5264 conjungiiblatthmum
1636 5182 1883 5245 Paridem
1918 5182 2135 5262 inpr-{e-

553 5256 852 5334 i’atiotieﬁd
876 5256 1144 5334 iiistorias
1173 5256 1583 5334 Weisinghami,
1616 5276 1709 5334 sua
1740 5277 1867 5334 cura
1893 5273 1947 5317 et
1968 5256 2130 5334 opera

550 5322 780 5379 Londini
823 5327 995 5382 editas
1029 5344 1171 5383 anno
1198 5329 1354 5382 1574.
1383 5322 1456 5384 Et
1479 5346 1545 5384 ne
1571 5322 1888 5385 adversario
1920 5322 2130 5388 ine'au-

552 5395 740 5470 da_c_ius
775 5395 1053 5470 imponere
1075 5400 1198 5466 quis
1221 5399 1514 5470 existimet,
1542 5400 1681 5470 legat
1710 5401 1982 5470 ipsissima
2014 5404 2131 5470 ejus

552 5465 619 5540 :_i_d
648 5464 786 5518 hanc
816 5464 1159 5540 sententiam.
1201 5486 1218 5519 ι
1263 5468 1393 5536 Quis
1426 5464 1619 5540 hodie;
1641 5464 1835 5539 inquit,
1872 5482 2021 5540 putat
2041 5464 2129 5526 ιρι

553 5532 883 5608 Dunstanum
915 5532 1399 5607 archiepiscopum,
1428 5538 1696 5593 diabolum
1710 5532 1859 5608 operi
1872 5532 2024 5596 illius
2049 5544 2128 5595 in-

550 5603 837 5673 sidiantem
871 5610 1000 5660 naso
1030 5603 1347 5673 suspensum
1378 5608 1614 5662 tenuisse
1635 5650 1649 5673 ,
1694 5603 1776 5664 vel
1815 5609 2127 5665 Vulstanum

550 5671 1006 5742 Wigorniensem,
1040 5671 1190 5743 juxta
1224 5676 1283 5729 D.
1321 5677 1551 5731 Eduardi
1582 5671 1909 5748 sepulcrum,
1962 5684 2128 5736 liacuo

2241 4639 2343 4705 est)
2373 4636 2504 4690 nihil
2538 4647 2710 4691 tamen
2747 4635 2854 4690 luci
2894 4644 2984 4690 aut
3036 4637 3297 4691 mendacii
3335 4633 3607 4707 arguetur.
3653 4633 3829 4707 Nam,

2240 4718 2363 4760 uta
2403 4706 2748 4761 sanctissimo
2798 4708 3074 4760 Dunstano
3129 4706 3493 4769 exordiamur,
3545 4706 3829 4760 neminem

2240 4776 2396 4847 fugit.
2424 4776 2561 4831 sicut
2588 4777 2653 4830 ad
2678 4777 3019 4846 decipiendos
3042 4778 3244 4846 primos
3272 4788 3524 4846 parentes
3547 4777 3830 4847 serpentis

2239 4845 2444 4916 organo
2473 4856 2527 4901 et
2560 4846 2759 4901 malitia
2790 4845 2916 4900 usus
2947 4845 3323 4910 cst’diabolus,
3355 4850 3426 4900 ita
3460 4848 3526 4899 ad
3558 4845 3831 4916 delinien-

2240 4915 2337 4970 dos
2388 4916 2672 4985 quoslibet,
2728 4917 3173 4987 potissimumque
3224 4920 3366 4970 viros
3408 4915 3712 4987 sanctitatis
3767 4926 3831 4970 et

2240 4987 2511 5055 pudicitiae
2562 4987 2829 5042 studiosos
2871 4986 3147 5042 assumere
3197 4987 3352 5040 i'allax
3406 4986 3647 5039 nmlieris
3694 4999 3827 5053 spe-

2239 5067 2437 5109 ctrutn.
2477 5056 2595 5111 Jam
2642 5072 2769 5110 vero
2823 5058 2867 5111 si
2916 5058 3307 5111 contrariorum
3362 5056 3631 5110 contraria
3688 5065 3821 5109 sunt

2235 5126 2638 5197 consequentia,
2674 5136 2739 5197 ut
2769 5136 2914 5192 sunt,
2960 5130 3080 5197 quis
3107 5129 3203 5181 ibit
3228 5127 3453 5189 inﬁcias,
3486 5142 3608 5181 cum
3639 5125 3823 5178 Abra-

2235 5195 2359 5249 ham
2392 5196 2561 5249 bonos
2589 5196 2808 5267 angelos
2838 5195 3043 5251 virilem
3076 5199 3333 5252 habentes
3360 5198 3621 5267 speciem,
3654 5206 3823 5249 excea

2272 5267 2375 5319 erit
2421 5265 2683 5332 hospitio,
2739 5265 2956 5330 laverit,
3016 5266 3279 5321 allocutus
3326 5265 3399 5323 sit
3434 5265 3587 5337 (Gen.
3624 5266 3824 5333 xvm);

2234 5280 2375 5388 [erit
2421 5280 2680 5332 nospttto,
2739 5280 2956 5330 laverit,
3016 5280 3279 5321 allocutus
3326 5280 3395 5323 sit
3434 5280 3587 5337 (ben.
3624 5280 3822 5333 XVIII);

2239 5407 2249 5417 .
2281 5345 2336 5387 ot
2380 5340 2692 5421 quoquehin
2727 5338 3013 5421 hospitium
3042 5353 3196 5421 suum
3221 5338 3539 5421 compulerit
3562 5337 3822 5421 (Gemit);

2238 5407 2345 5477 imo
2374 5405 2540 5461 Jacob
2576 5407 2639 5461 sit
2673 5422 2794 5460 cum
2821 5408 3009 5476 angelo
3040 5407 3270 5460 luctatus
3298 5405 3448 5476 (Gen.
3477 5405 3669 5477 xxx"),
3698 5405 3829 5476 plu-

2236 5476 2475 5547 rimaque
2518 5478 2618 5529 alia
2652 5478 2824 5547 sacris
2873 5477 3066 5529 litteris
3105 5481 3354 5531 mandata
3407 5476 3653 5541 homines
3684 5495 3824 5533 eum

2184 5570 2187 5575 -
2236 5545 2854 5617 binisangelis_virilcm
2882 5548 3276 5601 ostentantibus
3306 5549 3536 5616 speciem
3562 5556 3825 5617 egerant,

2230 5630 2344 5665 non
2374 5628 2611 5684 potuisse
2633 5615 2693 5667 D.
2724 5615 3052 5686 Dunstanum
3080 5615 3387 5686 eompresSo
3416 5633 3546 5672 naso
3568 5615 3829 5672 detinere

2239 5688 2459 5751 victum,
2488 5686 2833 5752 vinctumque
2861 5685 3153 5754 diabolum,
3200 5685 3242 5741 Si
3295 5687 3459 5743 Jaeob
3512 5689 3695 5742 datum
3741 5689 3828 5743 sit
