4028 6302
172 410 237 467 ts
1316 361 1321 367 ’
1484 400 1606 456 Lm.
1648 400 1731 463 Ill,
1772 399 1985 455 t~:r;s'r.
2026 398 2158 452 xxx.
3364 402 3432 461 ιε

220 518 521 575 Sanctitas
572 525 627 572 et
677 517 943 588 sapientia
998 523 1199 579 vestra,
1256 530 1375 584 qum
1418 517 1469 569 in
1499 518 1750 570 diuturna
1785 501 1824 554 Α
1864 513 1953 567 ria:
1988 512 2166 566 villam
2196 520 2287 565 aut
2319 512 2603 567 ecclesiam
2638 530 2755 583 qum
2778 514 3019 582 ejusdem
3045 515 3435 587 at°chicpisc0pi

175 618 337 666 :etate
370 623 471 678 per
526 606 619 661 Dei
662 606 888 677 gratiam
923 605 975 658 in
1006 603 1157 658 vobis
1187 602 1412 657 multum
1447 611 1754 669 creverunt,

172 708 227 754 et
254 696 523 752 certitudo
546 694 862 750 Dilectionis
889 702 1104 760 vestrae,
1135 707 1297 762 quam
1328 706 1453 762 erga
1488 705 1571 745 me
1598 691 1757 745 indu-

178 791 420 844 bitanter
450 787 695 857 cognovi,
722 786 1012 841 hortantur
1033 801 1119 840 me
1148 796 1207 839 ut
1236 784 1288 839 in
1313 785 1541 855 negotiis
1561 785 1761 840 nostris

178 883 323 947 (cum
350 896 437 934 res
461 878 649 947 exigit)
671 878 738 933 ad
768 887 963 932 vestra:
994 877 1310 933 reverentia:
1335 892 1609 932 recurram
1632 892 1761 932 con-

181 971 385 1023 silium.
422 969 761 1037 Quapropter
790 969 856 1023 de
877 969 1107 1039 quadam
1130 969 1421 1034 calumnia,
1454 984 1614 1038 quam
1642 969 1762 1039 qui-

183 1062 311 1133 dam
329 1062 685 1130 coepiscOpus
709 1070 915 1125 noster,
947 1060 1307 1116 Londinensis
1326 1061 1553 1125 scilicet,
1572 1072 1762 1116 contra

180 1150 456 1218 antiquam
487 1150 937 1204 consuetudinem
960 1165 1122 1220 quam
1140 1150 1381 1207 Ecclesia
1414 1160 1603 1207 nostra
1631 1152 1765 1207 libe-

186 1255 243 1295 re
267 1247 320 1294 et
348 1240 532 1309 quiete
589 1239 830 1309 possedit
854 1240 907 1294 in
948 1240 1237 1309 praeteritis
1267 1250 1321 1295 et
1348 1242 1590 1311 antiquis
1619 1252 1757 1297 tem-

183 1333 407 1402 poribus
447 1347 622 1401 usque
675 1331 743 1385 ad
782 1346 1023 1401 praisens
1070 1340 1311 1401 tempus,
1354 1333 1552 1402 ingerit
1606 1334 1762 1400 mibi,

181 1432 420 1476 vestrum
472 1438 658 1492 quaero
713 1421 1021 1478 consilium.
1080 1424 1307 1493 Quippe,
1365 1432 1595 1479 testante
1619 1425 1765 1479 omni

185 1528 385 1585 genere
433 1514 713 1569 hominum
760 1515 852 1583 qui
885 1523 1011 1568 sunt
1036 1513 1085 1568 in
1115 1514 1491 1571 Cantuaricnsi
1519 1517 1765 1582 iliwcesi,

183 1617 239 1661 et
286 1608 341 1661 in
402 1607 525 1661 aliis
580 1606 1009 1678 episcopalibus,
1050 1608 1139 1678 qui
1186 1619 1315 1665 sunt
1350 1610 1494 1664 circa
1521 1610 1766 1664 eamdem

185 1697 491 1761 dimcesim,
548 1712 766 1767 semper
792 1697 1233 1769 archiepiscopus
1295 1698 1599 1754 Cantuariae
1629 1699 1768 1754 hanc

184 1790 377 1844 habuit
399 1800 724 1860 potestatem
753 1799 804 1845 et
840 1791 1305 1854 consuetudinem,
1344 1801 1402 1846 ut
1428 1793 1564 1846 intra
1588 1790 1769 1859 cujus-

183 1897 399 1954 cunque
435 1883 673 1955 episcopi
703 1882 980 1938 dioecesim
1015 1884 1243 1938 haberet
1273 1884 1511 1939 Ecclesia
1537 1883 1772 1936 Cantua-

1861 604 2061 675 proprii
2110 602 2250 671 juris
2302 612 2483 657 essent
2516 605 2609 672 qui
2634 605 2776 674 lqnid
2829 609 2894 660 de
2952 605 3142 661 eadem
3195 606 3321 661 villa
3352 608 3437 663 vel

1862 694 2091 750 ecclesia
2116 695 2409 764 pertineret
2445 694 2511 748 ad
2541 697 2844 765 episcopale
2865 697 3120 763 oflicium,
3152 699 3264 754 sive
3286 700 3437 755 dedi-

1862 789 2025 853 catio,
2060 789 2175 843 sive
2207 789 2409 859 aliquid
2440 790 2604 845 aliud.
2638 792 2828 846 Adhuc
2857 795 3043 849 vivunt
3067 792 3436 852 innumerabi-

1863 879 1940 934 les
1988 881 2236 937 homines
2282 882 2358 951 (6)
2407 882 2496 951 qni
2531 882 2783 938 viderunt
2808 893 3207 943 antecessorem
3232 905 3434 955 meum,

1863 972 2188 1027 venerabilis
2238 975 2512 1030 memoriae
2564 974 2932 1031 Lant‘rancum
2974 979 3438 1050 archiepiscopum

1866 1062 2117 1118 dedicare
2169 1064 2426 1119 ecclesias
2479 1065 2725 1120 villarum
2759 1083 2979 1121 suarum
3011 1068 3151 1123 intra
3182 1070 3445 1127 dimceses

1865 1152 2091 1206 aliorum
2119 1154 2515 1224 episcoporum,
2537 1156 2667 1227 ipsis
2691 1156 2984 1213 scientibus
3015 1159 3130 1213 sine
3152 1159 3441 1214 calumnia.

1867 1241 2018 1308 Quod
2045 1243 2208 1298 etiam
2239 1256 2461 1301 sanctus
2513 1246 2844 1312 Dunstanus,
2885 1257 2939 1302 et
2964 1248 3052 1302 alii
3080 1251 3444 1319 praedecesso-

1867 1348 1955 1389 res
1985 1334 2088 1388 mei
2120 1336 2312 1391 fecisse
2335 1338 2652 1407 probantur,
2677 1339 2807 1407 ipsis
2830 1339 3094 1404 ecclesiis,
3128 1357 3265 1410 quas
3291 1343 3440 1397 dedi-

1868 1433 2155 1491 caverunt,
2205 1427 2381 1481 adhuc
2428 1428 2715 1482 stantibus.
2748 1427 2899 1482 Hanc
2925 1429 3244 1498 dignitatem
3271 1439 3326 1486 et
3348 1447 3447 1502 po-

1873 1524 2121 1570 testatem
2145 1517 2331 1570 tandiu
2364 1516 2683 1573 inconcusse
2704 1517 2773 1571 ab
2793 1518 3032 1573 Ecclesia
3067 1518 3446 1576 Cantuariensi

1870 1622 2173 1677 possessam
2221 1617 2450 1661 conatur
2506 1608 2607 1663 hoc
2651 1619 2836 1664 nostro
2889 1620 3128 1680 tempore
3162 1612 3451 1680 praedictus

1871 1702 2181 1770 episcopus,
2226 1699 2598 1770 snﬂ’raganeus
2655 1700 2882 1766 scilicet,
2942 1704 3352 1775 archiepiscopo
3397 1713 3452 1759 et

1878 1792 2094 1861 primati
2153 1807 2271 1855 suo,
2304 1793 2443 1847 titius
2469 1793 2627 1847 matri
2662 1808 2772 1848 sua:
2800 1794 2866 1825 "‘
2891 1792 3129 1861 auferre,
3152 1805 3207 1852 et
3231 1796 3448 1850 annilii-

1882 1884 2013 1938 lare.
2046 1883 2404 1949 Quamobrem
2432 1884 2483 1940 ia
2512 1886 2611 1940 hac
2637 1898 2694 1940 re
2742 1893 2980 1940 vestrum
3010 1896 3134 1955 peto
3167 1886 3450 1943 consilium

1486 1992 1716 2050 VARle
1755 1992 2153 2050 LECTIONES.

298 2109 366 2143 ¹⁸⁸
398 2108 579 2163 Matris
607 2124 719 2165 sua:
749 2126 824 2163 ms
869 2109 1024 2164 matri
1058 2123 1169 2163 suae

1387 2199 1669 2257 JOANNIS
1708 2198 1980 2257 PICARDI
2024 2198 2251 2257 501113.

185 2317 494 2373 arctissime
521 2316 719 2370 bonum
751 2315 999 2385 angelum
1031 2315 1423 2384 constringere.
1460 2316 1538 2369 Ad
1569 2315 1771 2369 Vulsta-
1810 2320 1853 2374 B
1879 2315 2131 2385 poderem
2174 2312 2464 2385 reinduens
2509 2314 2814 2370 sacerdotio
2860 2317 2927 2371 ab
2958 2316 3209 2373 Eduardo
3256 2321 3454 2378 collato

186 2405 315 2443 num
350 2388 565 2453 festino,
597 2386 749 2456 cujus
774 2386 1090 2454 prmclarum
1125 2387 1357 2452 facinus,
1391 2386 1491 2440 etsi
1524 2401 1644 2441 meo
1676 2400 1773 2440 uec

226 2458 457 2512 neconio
508 2474 609 2512 nec
668 2458 968 2526 patrocinio
1002 2457 1265 2527 indigeat;
1329 2456 1517 2510 saltem
1560 2456 1770 2527 illatam

226 2472 457 2512 necomo
508 2474 609 2512 nec
668 2472 968 2526 patrocinio
1003 2472 1265 2527 mulgeat;
1329 2472 1517 2510 sanem
1567 2472 1770 2509 utatam

186 2472 430 2583 Breviter
477 2528 800 2595 retorquebo
852 2527 1212 2590 calumniam,
1262 2542 1291 2580 a
1342 2542 1445 2594 qua
1492 2524 1770 2580 inferemla

190 2614 295 2651 non
340 2597 486 2665 potui
527 2597 848 2664 sacrilegam
904 2597 1157 2649 hacretico
1194 2612 1410 2648 manum
1462 2598 1768 2664 prohibere.

191 2668 245 2719 In
296 2669 400 2721 hoc
430 2666 594 2734 igitur
635 2666 814 2718 divino
850 2666 1165 2733 emit-suque
1214 2680 1378 2732 opere
1417 2666 1544 2733 quid
1580 2667 1771 2733 depre-

193 2737 357 2789 hendi
385 2744 478 2787 aut
514 2735 689 2789 delirii
719 2744 811 2787 aut
836 2736 1122 2801 pra‘stigii,
1152 2736 1338 2787 forsm
1369 2736 1508 2801 quod
1538 2750 1776 2787 marmor

193 2806 379 2859 eodem
411 2819 544 2873 pene
585 2818 824 2872 tempore
865 2813 920 2855 et
962 2804 1118 2856 molle
1157 2812 1211 2857 et
1254 2804 1445 2856 durum
1478 2804 1661 2857 fuerit.
1708 2804 1775 2857 At

193 2875 335 2944 quis,
375 2874 477 2928 nisi
524 2875 827 2944 divinarum
861 2873 1162 2944 litterarum
1178 2888 1409 2944 expers,
1454 2876 1566 2939 non:
1598 2873 1775 2927 videat

189 2941 309 2998 esse
328 2946 496 2998 sacris
519 2943 761 2998 historiis
785 2942 1113 2995 simillimmn
1134 2941 1155 2994 τ’
1176 2942 1342 2996 Evodi
1366 2959 1419 2995 ιχ
1449 2957 1772 2996 enumeran-

192 3025 279 3066 tur
324 3015 527 3082 aliquot
578 3013 762 3082 plagze,
808 3013 1005 3082 quibus
1049 3012 1311 3082 nltionnm
1347 3012 1483 3064 Deus
1513 3012 1774 3077 percussit

189 3081 527 3154 Egyptum;_
561 3084 624 3136 iis
668 3081 844 3154 tamen
874 3081 1075 3154 Gesscn
1110 3081 1326 3154 Aﬂgypti
1366 3082 1510 3151 regio
1542 3082 1641 3136 t'uit
1673 3083 1773 3136 itit-

192 3152 391 3208 nuinis.
418 3153 481 3206 IV
516 3152 591 3206 Re
634 3194 646 3206 .
679 3167 754 3216 vi,
783 3152 922 3205 idem
954 3152 1155 3206 ferrum
1182 3153 1370 3205 eodem
1401 3166 1536 3221 pene
1563 3161 1770 3221 tempo-

192 3225 267 3275 ris
301 3233 572 3275 momento
596 3170 699 3275 iuit
725 3238 887 3275 arave
924 3233 980 3275 ut
1010 3224 1225 3275 caderet
1259 3222 1309 3275 in
1340 3222 1561 3275 fundum
1586 3238 1768 3275 antire:

190 3225 267 3277 ris
301 3233 572 3279 momento
603 3222 699 3276 fuit
725 3238 887 3292 grave
924 3233 980 3275 ut
1010 3224 1225 3277 caderet
1259 3222 1309 3276 in
1340 3222 1561 3276 fundum
1586 3238 1768 3291 aqure;

191 3293 336 3355 leve,
388 3303 447 3347 ut
501 3305 727 3346 enataus
778 3308 991 3345 sursum
1041 3294 1376 3346 ascenderet.
1434 3292 1619 3346 Daniel
1674 3308 1767 3357 ιιι,

192 3363 331 3417 idem
361 3362 517 3432 ignis,
534 3365 720 3418 eodem
746 3371 1004 3431 tempore,
1022 3373 1076 3416 et
1100 3362 1267 3415 Nabm
1289 3363 1641 3417 hodonosoris
1664 3374 1773 3416 tor-

191 3445 337 3487 tores
368 3434 625 3497 incendit,
661 3442 715 3487 et
763 3441 978 3487 sanctos
1014 3448 1210 3500 pueros
1241 3433 1291 3485 in
1325 3434 1598 3489 fornicem
1637 3448 1769 3487 eon-

184 3504 360 3573 jectos
401 3504 672 3558 levissime
717 3503 932 3573 quidem
969 3504 1164 3573 attigit,
1209 3503 1315 3556 imo
1344 3503 1487 3573 velut
1530 3518 1617 3557 ros
1653 3520 1768 3556 ma-

194 3575 399 3627 tutinus
454 3574 641 3627 leviter
690 3572 945 3642 perfudit.
984 3572 1232 3640 Ejusdem
1278 3572 1443 3626 tuaris
1487 3588 1678 3642 aquam
1716 3584 1772 3627 et

192 3642 437 3696 sLbilem
465 3641 703 3704 Christo,
736 3655 789 3695 et
822 3641 980 3695 l’etro
1012 3644 1317 3697 instabilem
1359 3641 1547 3695 narrat
1577 3642 1766 3697 Matth.

192 3729 303 3767 xw.
344 3712 482 3778 Quid
520 3730 648 3783 ergo
702 3713 785 3766 his
831 3723 1031 3783 sanctze
1079 3714 1375 3782 Scriptura:
1407 3713 1537 3767 locis
1565 3714 1767 3777 obstat,

194 3799 435 3836 marmor
479 3782 776 3851 septtIm'aIe
814 3790 867 3836 et
909 3782 1188 3838 mollitiem
1232 3783 1389 3837 simul
1433 3789 1481 3837 et
1518 3784 1768 3838 duritiem

195 3854 488 3921 praebuisse
528 3854 831 3916 mollitiem,
881 3868 1000 3905 cum
1036 3854 1197 3907 lituus
1227 3854 1534 3923 pontilicius
1563 3853 1771 3908 defixus

192 3933 297 3987 est,
328 3923 601 3985 duritiem,
636 3940 757 3977 cum
788 3922 983 3991 aliquis
1016 3922 1557 3991 pt-tetcr'Vulstannm
1593 3932 1767 3977 tenta-

194 3994 270 4045 vit
311 3994 601 4049 revellere?
633 3993 740 4047 llas
773 4009 899 4047 vero
932 3993 1377 4047 refutatinnculas
1406 4004 1461 4045 ιιι
1490 3993 1661 4048 lector
1690 3994 1769 4047 fa-

192 4064 350 4116 cilius
376 4063 625 4131 accipiat,
664 4065 811 4119 brevi
840 4064 1121 4131 utriusque
1147 4080 1363 4118 causam
1390 4065 1508 4116 dico
1536 4081 1548 4115 :
1575 4064 1771 4117 Beatus

190 4132 499 4187 Dunstauus
552 4134 840 4203 aliquando
889 4134 1164 4201 qnidpiatn
1246 4133 1523 4187 artilieiosi
1596 4135 1772 4201 operis

192 4204 419 4266 eudens,
456 4203 588 4256 vidit
616 4202 677 4255 ex
707 4203 999 4270 iutpt'Oviso
1021 4203 1287 4255 diabolum
1316 4202 1537 4270 puellari
1568 4203 1766 4271 specie;

190 4273 282 4341 qui
314 4282 367 4325 et
393 4272 637 4326 muliebri
668 4272 774 4325 risu
801 4282 853 4325 et
882 4273 1202 4339 procacibus
1233 4272 1413 4326 verbis
1438 4273 1664 4325 adorsus
1688 4281 1773 4326 est

191 4344 368 4396 virum
412 4342 525 4395 Dei.
561 4341 892 4396 Petulantior
922 4352 1103 4395 autem
1146 4356 1325 4397 sermo
1368 4342 1577 4395 hostem
1630 4341 1770 4395 iudi-

191 4413 356 4468 cavit.
398 4414 759 4479 Quamobrcm
787 4411 859 4484 de
889 4422 1109 4484 repente
1135 4413 1316 4484 ignitis
1351 4410 1644 4484 forcipibus
1671 4427 1768 4484 na-

192 4499 311 4537 sum
368 4486 695 4551 crispantem
748 4482 1041 4537 cachinnos
1091 4482 1200 4537 tam
1252 4482 1465 4537 fortiter
1510 4483 1771 4550 corripuit

192 4552 503 4607 Dunstauns
556 4562 614 4605 ut
665 4552 975 4606 horribilem
1029 4553 1285 4623 ejulatum
1334 4553 1535 4608 doloris
1584 4552 1766 4607 inllicti

195 4632 387 4677 testem
436 4623 681 4677 diabolus
734 4623 907 4676 daret.
964 4624 1036 4677 At
1084 4625 1127 4677 si
1175 4623 1410 4677 Parkcro
1434 4624 1681 4677 videatur
1718 4624 1768 4677 id

193 4694 372 4759 eperis
428 4693 712 4747 ridiculum
765 4702 985 4761 propter
1015 4694 1329 4759 novitatem,
1378 4694 1569 4748 saltem
1600 4694 1769 4762 persi-

196 4763 319 4816 Inile
342 4763 507 4816 multa
538 4763 737 4817 canitie
765 4766 1125 4827 venerandam
1157 4766 1441 4832 quamdam
1464 4764 1770 4818 conciliavit

200 4836 575 4902 reverentiam.
616 4832 745 4887 lllttd
787 4833 958 4900 ipsum
989 4834 1053 4888 de
1104 4834 1321 4902 Appelle
1358 4834 1509 4888 fabro
1541 4833 1769 4888 ferrario

195 4900 585 4973 Fitriensisque
613 4904 777 4957 eremi
810 4904 982 4957 incola
1014 4900 1250 4959 referunt
1279 4904 1475 4967 llistor.
1509 4903 1768 4958 Lausiaca

196 4971 445 5046 Palladii,
472 4971 590 5042 cap.
614 4974 713 5046 60;
747 4973 1069 5046 '[ripa_r.lih.
1097 4990 1215 5037 vnt,
1244 4990 1362 5046 cap.
1394 4977 1441 5046 l,
1471 4974 1766 5046 eiSozom.

193 5040 285 5095 lib.
338 5058 412 5109 vt,
465 5040 719 5112 cap.28;
772 5040 1175 5099 DIVulstanus
1232 5040 1374 5100 anno
1422 5044 1558 5099 1078
1603 5046 1773 5098 adfuit

192 5112 653 5185 synodo_Londin_i
680 5114 965 5185 habitagin
992 5130 1095 5184 qua
1115 5115 1384 5171 Willelmo
1408 5129 1530 5185 rege
1555 5123 1769 5185 agente,

192 5192 247 5235 et
280 5182 587 5256 Lanfranco
620 5182 846 5256 jubente
861 5184 936 5256 ob
967 5182 1290 5256 imperitiam
1323 5186 1446 5256 (etsi
1472 5182 1653 5256 'aliter
1687 5201 1771 5239 se-

194 5264 353 5305 natus
424 5252 750 5317 Bravonius,
830 5252 1169 5308 Malmesber.
1244 5252 1557 5309 et'Matth.
1619 5255 1773 5310 Paris

197 5322 507 5392 loquantur)
531 5332 750 5375 coactus
768 5331 852 5393 est
875 5322 1102 5393 insignia
1129 5324 1451 5393 episcopalia
1479 5326 1769 5391 deponere.

196 5393 263 5445 lit
294 5391 758 5461 revera’deposuit
787 5392 973 5445 dicens
1002 5410 1015 5445 :
1052 5391 1263 5445 Honore
1289 5391 1335 5447 et
1370 5410 1523 5455 onere
1564 5392 1644 5445 me
1691 5396 1773 5445 in-

196 5465 407 5531 ilignum
443 5463 721 5532 proﬁteor;
754 5478 932 5516 rerum
964 5480 993 5513 ιι
1031 5478 1132 5532 quo
1166 5465 1361 5531 nrrepi,
1394 5464 1557 5515 eidrm
1590 5463 1770 5514 reddo.

202 5533 295 5585 Vix
323 5550 383 5587 ea
406 5534 550 5588 fatus
574 5540 692 5587 erat
719 5549 841 5589 cum
874 5547 931 5587 se
958 5533 1279 5588 vestimenta
1308 5534 1578 5601 poutilicia
1604 5532 1770 5595 exuit,

194 5614 244 5657 et
289 5604 353 5657 ad
390 5603 454 5657 Ι).
492 5603 723 5658 Eduardi
770 5603 1160 5657 monimentum
1193 5605 1484 5673 profectus,
1530 5612 1635 5655 tam
1669 5602 1775 5656 alte

195 5675 388 5743 pedum
428 5674 479 5727 in
512 5673 740 5742 lapidem
773 5675 969 5741 inlisit,
1004 5684 1061 5728 ut
1090 5673 1286 5729 nullius
1321 5674 1367 5727 vi
1416 5677 1651 5743 potuerit
1680 5688 1776 5727 ex-

197 5742 338 5827 irahi
372 5744 474 5798 nisi
511 5742 629 5811 ejus
669 5745 1019 5827 quilixisset.
1055 5744 1167 5799 lloc
1198 5742 1555 5827 miraculo_et
1599 5761 1689 5800 rex
1719 5756 1770 5798 et

194 5813 535 5871 Lanfraucus
562 5813 735 5871 territi
756 5814 1036 5886 jusserunt
1070 5827 1125 5873 ut
1156 5832 1437 5874 resumens
1479 5815 1687 5883 lituum,
1722 5827 1773 5871 et

1900 2384 2163 2459 iotiretur.
2192 2382 2333 2459 Ecce
2375 2385 2769 2459 u_tr_i_usqne__rei
2818 2388 3207 2459 summarium;
3246 2390 3455 2459 judieet

1876 2401 2163 2508 potiretur.
2200 2401 2333 2438 tsi-ee
2375 2401 2656 2453 utriusque
2694 2401 2769 2439 ret
2818 2401 3207 2455 summarium;
3246 2401 3455 2459 jttdieet

1897 2456 2203 2526 ectoriqnid
2232 2454 2362 2526 insit
2391 2454 2590 2526 delirii.
2628 2454 2841 2511 Liberet
2866 2458 3079 2526 quidem
3119 2460 3456 2517 manifestius

1876 2524 2165 2579 ostendere
2211 2524 2399 2596 deliria
2434 2524 2575 2596 illius
2625 2524 2905 2596 scriptoris
2942 2528 3020 2582 sic
3061 2529 3363 2593 delirantis,
3397 2541 3455 2585 ut

1877 2603 2069 2649 Caetera
2106 2593 2655 2666 qtnelibetprmclare
2709 2593 2861 2664 gesta
2908 2598 3181 2653 existimet
3226 2599 3450 2666 deliria;

1876 2680 2062 2718 verum
2096 2665 2315 2717 minime
2355 2663 2499 2718 licet.
2542 2664 2675 2717 Nam
2704 2663 2856 2721 extra
2887 2669 3110 2723 chorum
3144 2663 3452 2727 saltandum

1877 2732 2039 2790 foret.
2096 2734 2483 2809 l’rreterqualm
2515 2733 2655 2799 quod
2686 2734 2834 2809 idem
2881 2737 2986 2792 illic
3042 2738 3293 2809 pleraque
3348 2743 3451 2796 alia

1877 2810 2094 2876 enarret
2141 2802 2345 2876 somnia
2393 2803 2491 2870 (ut
2526 2803 2716 2876 vocat)
2770 2805 2835 2856 ad
2875 2820 2994 2873 quze
3028 2802 3339 2876 explicanda
3399 2826 3456 2865 et

1876 2872 2119 2943 pluribus
2166 2871 2374 2943 paginis
2411 2880 2463 2924 et
2512 2871 2905 2943 vigiliisopus
2949 2871 3129 2930 fuerit}
3187 2878 3452 2943 Quoniam

1876 2941 2058 2995 autem
2086 2941 2344 2995 Dunstani
2373 2942 2621 3007 superius
2643 2949 2695 2993 et
2724 2942 2808 2995 hic
2838 2943 3024 2999 incidit
3046 2961 3165 3000 cum
3194 2941 3452 3003 Vulstano

1876 3012 2096 3085 mentio,
2133 3011 2305 3085 visum
2341 3021 2423 3085 est
2452 3026 2629 3085 Operm
2676 3014 2928 3085 pretium,
2982 3024 3074 3068 aut
3128 3018 3304 3085 potius
3354 3036 3451 3073 ne-

1875 3097 2028 3136 cesse
2069 3082 2307 3136 breviter
2340 3082 2452 3136 lucc
2482 3082 2754 3136 discutere
2815 3081 2986 3139 Porro
3016 3081 3141 3139 cum
3166 3088 3455 3145 Anselmus

1869 3152 1981 3221 jam
2014 3151 2455 3221 archiepiscopus
2485 3151 2662 3206 factus
2696 3153 2973 3222 scripserit
3006 3155 3071 3209 ad
3112 3156 3448 3219 Vulstanmn,

1874 3221 2248 3276 crassissimus
2276 3236 2450 3288 error,
2501 3222 2591 3290 qui
2633 3221 2686 3275 in
2731 3221 2846 3288 ejus
2881 3224 3052 3279 Vitam
3096 3224 3239 3280 Surii
3271 3236 3400 3282 tom.
3434 3231 3451 3284 Ι

1877 3292 2134 3365 insertam
2179 3292 2418 3365 irrepsit,
2472 3290 2626 3347 facile
2666 3292 3105 3365 deprehenditur,
3155 3296 3452 3365 deprehen-

1876 3376 2075 3434 susque
2099 3361 2509 3434 facilinspotest
2525 3362 2837 3434 emendari,
2860 3365 3065 3419 scilicet
3087 3361 3236 3434 quod
3255 3369 3456 3423 obierit

1876 3430 2017 3487 anno
2049 3430 2183 3485 1067
2226 3431 2641 3486 reclamantibus
2682 3432 2888 3486 Thoma
2939 3430 3345 3492 Walsinnhamo
3398 3439 3451 3492 in

1877 3501 2262 3572 [lypodigmate
2325 3501 2617 3567 Neustriaa,
2666 3499 2855 3572 Matth.
2912 3503 3102 3569 Paris,
3151 3499 3453 3572 Florentio,

1880 3518 2262 3624 Ite'poutgmate
2325 3518 2617 3567 neuSIrue,
2666 3518 2855 3557 mauu.
2912 3518 3102 3569 rarts,
3151 3518 3442 3572 Florentio,

1878 3566 1907 3624 Ὦ
1952 3587 2272 3647 ιςρηιιυιωιε
2302 3572 2503 3647 Chron.
2530 3571 2821 3647 pagum?
2857 3572 2967 3647 (qui
2998 3586 3151 3629 antea
3194 3592 3315 3647 pag.
3346 3578 3442 3631 HI

1876 3640 2106 3710 amplius
2137 3642 2200 3695 de
2240 3656 2303 3696 eo
2336 3640 2546 3709 scribit)
2576 3640 2639 3712 et
2675 3640 3226 3712 Rogero'llonedeno',
3260 3640 3457 3711 nempe

1876 3722 2143 3765 mortuum
2174 3726 2295 3765 esse
2321 3726 2463 3765 anno
2495 3711 2650 3766 1695.
2706 3711 2856 3777 Quod
2901 3724 3046 3767 certe
3086 3711 3452 3770 necessarium

1877 3790 1980 3845 est,
2021 3797 2140 3835 cum
2195 3781 2317 3835 alibi
2364 3781 2757 3835 ostenderimus
2794 3783 3107 3838 Anselmum
3154 3786 3253 3840 sub
3288 3788 3449 3841 linem

1871 3852 1998 3925 anni
2030 3852 2166 3906 1095
2204 3863 2575 3925 consecratum
2604 3851 2771 3905 fuisse
2800 3852 3283 3925 archiepiscopum.
3333 3857 3459 3923 Quo

1873 3922 2087 3994 quidem
2120 3932 2437 3994 argumento
2465 3922 2587 3994 licet
2613 3936 2937 3994 careremus,
2977 3922 3165 3979 tamen
3191 3926 3293 3978 alia
3338 3922 3458 3994 ple-

1872 4006 2038 4060 raque
2073 3992 2124 4046 in
2156 3992 2449 4062 Anglorum
2483 3992 2733 4062 historias
2761 3991 2929 4044 relata
2959 4005 3316 4062 coarguerent
3338 3991 3455 4051 non

1871 4059 1992 4116 esse
2034 4062 2195 4131 hunc,
2220 4060 2451 4115 defuncti
2488 4059 2729 4114 anstani
2758 4059 3187 4131 annuuthth
3222 4064 3305 4117 his
3334 4067 3461 4131 qni-

1872 4132 1991 4184 dem
2023 4130 2365 4199 perspicuum
2398 4139 2481 4183 est
2516 4131 2729 4196 quando
2757 4130 2856 4183 has
2884 4131 2951 4184 ad
3004 4129 3321 4187 Vulstanum
3355 4129 3461 4189 lit-

1874 4198 2335 4253 teras’Anselmns
2371 4199 2599 4261 dederit,
2632 4213 2823 4268 nempe
2854 4215 2994 4255 anno
3020 4201 3178 4262 1094.
3203 4219 3325 4259 cutn
3358 4222 3455 4259 su-

1872 4268 2054 4338 perius
2094 4268 2488 4323 ostenderimus
2509 4268 2831 4338 iAnselmum
2884 4281 3103 4325 unctum
3153 4270 3323 4328 fuisse
3354 4278 3455 4330 sub

1873 4341 2036 4463 1:35:41
2098 4338 2225 4392 anni
2284 4338 2441 4405 1095,
2500 4337 2821 4394 Vulstanum
2859 4341 3139 4411 expirasse
3192 4343 3246 4398 in
3299 4346 3455 4399 initio

1977 4428 2029 4463 ἰ).

1908 4409 2029 4463 095.

1943 4480 2019 4549 (ϐ)
2062 4480 2165 4546 Qui
2194 4480 2438 4549 inviderunt
2503 4490 2881 4535 antecessorem
2926 4498 3099 4536 meum
3143 4485 3451 4539 venerandis

1872 4548 2134 4624 mentoriw
2175 4548 2550 4624 Lanfrottcum.
2600 4552 2885 4606 Anselmus
2908 4552 3123 4624 quidem
3154 4554 3451 4624 generatim

1872 4620 2007 4703 dixit
2051 4632 2106 4673 et
2146 4619 2515 4703 asseruit,mex
2550 4636 2800 4703 iuniore.
2831 4619 3117 4703 popularia
3144 4619 3453 4703 esercuisse

1872 4689 2233 4762 Lautraucum
2279 4690 2333 4762 in
2366 4690 2504 4743 villis
2541 4689 2974 4762 Cautuarie'nsis
2996 4692 3270 4762 Ecclesize,
3300 4695 3454 4762 quid»

1869 4762 1999 4827 quid
2038 4761 2104 4813 ad
2146 4760 2323 4813 munia
2368 4761 2639 4827 pontilieia
2671 4761 2919 4827 pertinet,
2958 4760 3294 4817 Lattfranetts
3318 4760 3452 4817 vero

1873 4829 1923 4883 in
1942 4830 2172 4901 epistola
2203 4829 2269 4886 ad
2300 4829 2615 4901 Stigandum
2652 4829 2933 4886 Winlonia:
2961 4832 3259 4885 antistitem
3295 4833 3454 4901 paulo

1872 4899 2121 4955 subtilius
2154 4915 2262 4954 rem
2295 4900 2433 4955 hanc
2458 4901 2725 4955 disserere
2763 4903 2992 4967 videtur,
3034 4899 3307 4968 inquiensi
3335 4904 3457 4958 Cle-

1876 4971 1972 5025 rici
2000 4970 2247 5024 villarum
2280 4980 2607 5037 nostrarum,
2649 4971 2739 5040 qui
2788 4972 2840 5023 in
2874 4981 3051 5024 vestra
3073 4971 3301 5040 dioecesi
3339 4974 3455 5027 exi-

1801 5021 1849 5080 Ι)
1878 5021 2249 5111 asinina-‘1';-
2277 5021 2417 5095 isiiiii’
2431 5021 2753 5109 ιδιίέτηδδδ
2781 5021 2960 5093 iam
2974 5021 3422 5098 submissa;
3436 5074 3453 5086 ο

1877 5112 2044 5190 periis
2093 5112 2478 5190 occasionibus
2536 5111 2791 5190 pecunias
2847 5111 3369 5190 caquisieruutket
3421 5130 3454 5169 a

1877 5178 2195 5251 quibusdam
2222 5180 2333 5249 jam
2359 5178 2704 5249 acceperunt.
2742 5178 3049 5235 Meminisse
3071 5181 3231 5236 debet
3261 5182 3456 5239 frater-

1878 5253 2019 5305 nitas
2054 5259 2233 5303 vestra
2264 5252 2390 5319 quia
2418 5261 2605 5303 contra
2644 5264 2848 5303 morem
2905 5260 3312 5308 antecessorum
3352 5270 3453 5308 no~

1878 5328 2301 5394 strornmatque
2332 5327 2632 5371 vestrorum
2650 5320 2814 5394 _nobis
2842 5323 3233 5394 concessimus,
3267 5325 3457 5394 eisque

1880 5390 2559 5473 imperavimpanuatenus
2599 5387 2947 5473 adhsynodos
2975 5402 3183 5473 vestras
3214 5387 3381 5473 irent;
3396 5405 3455 5450 et

1880 5457 1966 5517 ea.
2001 5475 2119 5527 qua!
2149 5458 2213 5533 ad
2246 5457 2566 5533 Christiana:
2602 5457 2877 5533 religionis
2907 5463 3151 5517 notitiam
3197 5457 3455 5533 prodesse

1880 5541 2122 5604 possunt,
2148 5531 2265 5604 sine
2290 5528 2726 5604 interpellatione
2748 5531 2832 5586 vel
2861 5528 3394 5604 discussitme'aliqua
3423 5554 3454 5590 a

1877 5601 2029 5655 vobis
2060 5602 2330 5673 audirent,
2366 5599 2411 5654 si
2453 5614 2570 5673 qua:
2607 5602 2658 5654 in
2697 5602 2829 5670 ipsis
2860 5604 3028 5673 culpa:
3056 5599 3453 5669 invenirentur,

1877 5686 2137 5742 suspensa
2170 5671 2387 5727 interim
2416 5671 2648 5726 vindicta
2682 5673 2748 5725 ad
2795 5671 3036 5729 nostrum
3076 5690 3305 5731 examen
3338 5692 3455 5733 ser-

1882 5752 2160 5802 varentur.
2216 5752 2271 5795 et
2314 5743 2469 5798 nobis
2500 5742 2581 5796 vel
2640 5742 2692 5796 in
2744 5743 3068 5806 miserando,
3100 5746 3184 5800 vel
3216 5746 3269 5799 in
3318 5745 3454 5800 ulcio

1878 5816 2077 5870 scendo
2106 5812 2321 5869 obnoxii
2363 5823 2692 5869 tenerentur.
2742 5811 3053 5875 Maudamus
3086 5816 3264 5891 itaque
3303 5816 3455 5877 vobis
