4028 6302
589 406 656 461 47
1148 396 1204 449 5.
1235 387 1534 458 ANSELMI
1561 385 1913 446 CANTUAB.
1943 381 2276 441 ARCHIEP.
2321 379 2470 436 OPP.
2514 377 2691 433 PARS
2737 376 2822 430 111.
2861 405 2929 414 -
2966 369 3206 428 ΕΡιὸΤο
3225 370 3359 427 ιΑε.
3512 420 3513 423 η
3769 365 3844 421 48

589 515 645 576 et
667 515 944 578 auvilium,
974 517 1243 579 quatenus
1269 515 1331 560 ut
1362 503 1535 558 ﬁdelis
1581 501 1746 566 ﬁlius,
1779 497 1942 554 matri
1970 504 2162 551 vestra:
2193 475 2240 534 Α
2267 491 2529 551 conventu
2553 491 2730 563 populi
2758 488 3014 544 auxilium
3069 483 3344 557 postulare
3368 479 3552 535 volunt
3573 479 3640 534 ad
3669 477 3846 534 eccle~

589 618 780 668 contra
821 597 1015 670 ﬁlium,
1057 615 1164 656 non
1214 597 1391 654 dicam
1438 591 1726 657 inﬁdelem,
1772 590 1866 645 sed
1896 587 2165 643 volentem

591 716 710 758 eam
737 692 1112 757 exlncredare,
1150 685 1503 749 subveniatis,
1535 690 1591 738 et
1619 683 1664 737 si
1697 681 1827 752 quid
1847 680 1998 735 scitis
2019 676 2164 749 quod

589 792 656 848 ad
708 787 1081 845 defensionem
1128 790 1372 837 nostram
1399 776 1578 831 valeat
1622 775 1715 839 ⁸⁸⁷,
1745 771 1941 828 litteris
1965 768 2164 826 vestris

589 881 744 937 nobis
771 878 1012 933 studiose
1039 872 1324 930 intimetis.
1356 867 1568 925 Valete.

1079 960 1415 1020 EPISTOLA
1448 959 1547 1014 XX
1585 957 1674 1012 ³³⁸.

591 1073 593 1076 ⁴
694 1076 918 1118 Ακεειιίι
960 1075 1026 1114 Δι’)
1066 1070 1338 1113 οειςειικωι
1373 1066 1707 1108 ειοκιειηεεκ
1743 1062 2056 1104 εριεοοιιυκ.

590 1153 656 1210 Ut
681 1153 1002 1208 Exonienses
1021 1148 1196 1202 clerici
1218 1162 1319 1200 non
1344 1145 1447 1198 sint
1469 1143 1738 1197 monachis
1757 1155 1956 1210 graves,
1980 1153 2166 1210 easque

659 1225 795 1280 sinat
845 1222 1114 1292 episcopus
1155 1216 1338 1271 divina
1394 1209 1775 1283 campanarunt
1822 1226 1951 1264 sono
1979 1209 2167 1261 distin-

659 1308 835 1364 gnere.

659 1387 946 1441 Anauros
975 1380 1069 1436 Dei
1093 1375 1450 1450 dispositione
1473 1382 1698 1430 vocatus
1727 1370 2169 1440 archiepiscopus

589 1471 1018 1538 Cantuariensis,
1051 1467 1350 1526 reverendo
1370 1465 1624 1538 episcopo
1648 1461 1940 1518 Exoniensi
1969 1457 2168 1515 Osber-

593 1581 686 1626 no,
714 1563 966 1620 salutem.

663 1650 1037 1724 Episcopalem
1066 1649 1222 1703 decet
1249 1643 1566 1717 dignitatem
1593 1654 1946 1713 quoscunque
1967 1644 2167 1708 potest,

595 1747 662 1801 ad
689 1745 969 1801 servitium
1007 1741 1100 1796 Dei
1146 1738 1398 1802 invitare,
1439 1742 1495 1791 ct
1531 1733 1777 1789 volentes
1805 1731 1917 1786 Deo
1938 1729 2166 1790 servire,

2269 586 2363 641 siae
2413 600 2524 639 suze
2572 579 3048 642 constructionem,
3083 576 3387 631 nullatenus
3423 571 3841 642 prohibeantur.

2268 675 2479 730 lfalcte.

2763 757 3098 816 EPISTOLA
3113 755 3231 812 XXI
3253 754 3341 809 “°.

2268 870 2490 910 assem
2537 855 2606 910 ab
2651 865 2975 907 WILLsLuuu
3023 862 3268 903 annum
3321 861 3390 900 ετ
3444 859 3512 897 an
3561 858 3838 901 IONACHOS

2961 935 3109 974 BECCI
3120 957 3133 970 .

2376 1013 2479 1082 Qui
2499 1013 2690 1079 valeat,
2711 1027 2775 1066 ex
2795 1027 2882 1066 ore
2904 1011 3207 1065 nuntiorum
3228 992 3590 1075 acéipiendum
3607 1019 3735 1056 esse.

2338 1103 2582 1158 Dominis
2624 1110 2679 1157 et
2726 1092 3363 1158 fratribus'ebarissimis,
3405 1090 3603 1145 domno
3657 1088 3858 1144 abbati

2267 1193 2598 1258 WILLsLuo,
2658 1200 2714 1247 et
2764 1189 2936 1246 servis
2980 1176 3091 1242 Dei'
3126 1185 3288 1240 Becci
3337 1180 3841 1245 commanentibus,

2270 1289 2435 1343 frater
2464 1287 2764 1349 Aasstuus,
2825 1289 3048 1338 vocatus
3083 1277 3544 1346 archiepiscopus,
3575 1273 3764 1328 deduci
3787 1273 3846 1327 in

2269 1382 2352 1437 via
2381 1379 2497 1447 Dei,
2530 1387 2584 1433 et
2611 1375 2816 1449 ingredi
2847 1374 2901 1429 in
2925 1373 3154 1428 veritate
3174 1368 3313 1438 ejus.

2341 1473 2489 1536 Scio,
2532 1465 2870 1526 dilectissimi
2893 1464 3018 1529 mei,
3050 1462 3180 1534 quia
3207 1474 3424 1530 semper
3455 1473 3576 1528 quas
3602 1470 3730 1524 erga
3755 1470 3845 1509 me

2272 1573 2424 1631 sunt,
2456 1559 2779 1618 desideratis
2806 1569 3171 1627 cognoscere:
3227 1566 3330 1608 nec
3367 1561 3498 1622 puto
3519 1564 3640 1606 esse
3669 1549 3723 1603 in
3744 1547 3850 1602 hac

2269 1657 2408 1722 vita,
2469 1654 2562 1725 qui
2608 1650 2741 1706 mihi
2783 1648 3000 1705 ﬁdelius
3053 1644 3457 1716 compatiantur
3488 1650 3582 1697 aut
3611 1655 3849 1712 congau-

2273 1749 2455 1804 deant.
2509 1743 2618 1800 Sed
2667 1740 2923 1812 quoniam
2964 1753 3061 1809 per
3097 1737 3352 1792 domuum
3381 1732 3715 1789 Willelmum
3744 1731 3850 1785 fra-

593 1836 789 1908 quibus
843 1831 1006 1894 valet,
1061 1826 1392 1886 consulendo
1416 1831 1473 1880 et
1501 1821 1804 1894 adjuvando
1832 1818 2163 1874 confortare.
2198 1826 2242 1885 Β
2273 1851 2409 1896 "em
2432 1845 2700 1900 nostrum,
2751 1841 2804 1888 et
2831 1847 2926 1904 per
2946 1828 3260 1886 And-fidum
3294 1828 3360 1860 ω
3395 1827 3720 1883 servientem
3753 1839 3850 1879 ηο,

594 1928 706 1984 llac
744 1925 906 1996 igitur
927 1921 1124 1978 ﬁducia
1152 1917 1512 1976 reverentiam
1563 1923 1796 1970 vestram
1829 1911 2076 1974 obsecro,
2110 1918 2172 1962 ut

591 2015 888 2072 monachos
915 2014 982 2068 de
1007 2009 1355 2074 monasterio,
1393 2005 1537 2076 quod
1562 2002 1719 2074 vulgo
1746 2001 1946 2057 dicitur
1972 2001 2039 2054 de
2066 1997 2171 2052 Ba-

587 2105 766 2172 tailla,
799 2106 852 2157 in
887 2110 1070 2156 vestra
1099 2101 1320 2154 civitate
1342 2103 1641 2158 morantes,
1663 2099 1888 2163 propter
1911 2091 2102 2155 Deum,
2120 2097 2174 2144 et

596 2204 818 2264 propter
847 2198 1115 2253 nostrum,
1147 2187 1191 2242 si
1215 2185 1345 2256 quid
1368 2185 1434 2239 ad
1464 2185 1568 2238 hoc
1586 2183 1769 2237 valere
1793 2189 1992 2252 potest,
2020 2195 2172 2235 amo-

600 2300 716 2340 rem
774 2291 998 2354 paterna
1049 2287 1104 2335 et
1150 2275 1441 2349 episcopali
1487 2275 1690 2345 pietate
1715 2272 1998 2342 adiuvetis,
2029 2270 2175 2326 etab

600 2376 853 2431 omnibus
906 2369 1256 2435 adversariis,
1284 2383 1382 2438 pro
1416 2365 1774 2437 possibilitate
1807 2372 1987 2419 vestra
2012 2361 2177 2433 (sicut

592 2455 698 2524 stes
748 2464 924 2534 decet)
972 2460 1298 2524 defendatis,
1331 2466 1598 2528 quatenus
1651 2455 1698 2510 si
1727 2454 1854 2524 quid
1881 2452 2006 2509 boni
2033 2452 2176 2508 Deus

601 2573 698 2628 per
727 2557 845 2611 illos
872 2551 1087 2624 operari
1116 2548 1442 2622 dignabitur,
1468 2562 1590 2603 cum
1610 2546 1717 2602 illis
1747 2561 1776 2600 a
1799 2537 1910 2600 Deo
1938 2543 2172 2600 retribu-

601 2652 801 2706 tionem
832 2643 1124 2714 recipiatis.
1148 2640 1340 2697 Audivi
1373 2638 1516 2696 enim
1547 2638 1693 2710 quod
1715 2637 1936 2709 quidam
1971 2636 2038 2691 de
2065 2634 2174 2692 cle-

599 2739 729 2794 ricis
776 2737 972 2792 vestris
1019 2733 1269 2790 fecerunt
1320 2731 1423 2788 illis
1471 2731 1714 2799 quzedam
1761 2743 1882 2800 qua:
1919 2718 2034 2784 ﬁeri
2065 2742 2173 2783 non

599 2828 854 2900 oportuit.
887 2825 1038 2882 Unde
1085 2837 1278 2893 precor
1303 2828 1363 2875 ut
1391 2819 1665 2890 praedictis
1693 2816 2027 2873 monachicis
2053 2831 2174 2871 eam

589 2917 828 2987 iubeatis
855 2913 972 2969 ﬁeri
1002 2910 1430 2968 satisfactionem
1457 2947 1472 2974 ,
1501 2917 1561 2962 ut
1589 2907 1846 2976 deinceps
1868 2905 2016 2973 juste
2041 2921 2175 2960 con-

597 3009 882 3080 queri'non
914 3004 1124 3074 possint
1149 3003 1217 3057 de
1241 2999 1563 3056 clericorum
1582 3006 1889 3055 vestrorum
1914 2997 2176 3053 indiscre-

599 3102 766 3158 tione.
792 3097 1019 3154 Eosdem
1047 3108 1262 3166 quoque
1287 3091 1518 3148 clericos
1548 3081 1786 3146 fraterna
1817 3089 2088 3146 charitate
2122 3100 2178 3146 et

2273 1942 2445 1988 strum
2493 1929 2706 2000 plenius
2737 1924 2962 1996 potestis
2990 1923 3199 1979 discere
3237 1921 3365 1990 quid
3392 1921 3523 1975 mihi
3557 1919 3652 1983 sit,
3683 1933 3850 1988 quam

2273 2037 2370 2092 per
2419 2021 2641 2075 brevem
2687 2015 2998 2085 epistolam,
3030 2021 3084 2066 et
3108 2019 3237 2082 puto
3269 2009 3395 2080 quia
3414 2007 3526 2076 jam
3557 2019 3756 2076 magna
3780 2021 3845 2062 ex

2275 2117 2430 2180 parte
2471 2105 2700 2163 audistis
2739 2119 2837 2175 per
2885 2103 3141 2157 domnum
3189 2098 3578 2163 Farmannum,
3628 2107 3684 2150 et
3714 2095 3854 2150 alios

2274 2201 2366 2272 qui
2398 2214 2570 2268 nuper
2591 2212 2622 2252 a
2643 2210 2730 2250 me
2758 2194 2827 2250 ad
2866 2207 2962 2248 vos
2994 2197 3281 2254 venerunt,
3313 2188 3565 2244 existimo
3588 2201 3693 2241 non
3715 2201 3855 2256 opus

2275 2305 2396 2346 esse
2417 2289 2470 2344 in
2500 2284 2754 2358 praesenti
2778 2281 3065 2354 epistolam
3093 2279 3306 2351 longius
3342 2279 3408 2333 de
3437 2278 3540 2357 hac
3564 2293 3621 2332 re
3645 2261 3864 2346 perdu-~

2276 2394 2423 2438 cere.
2482 2355 2549 2434 tit
2593 2384 2774 2432 autem
2805 2389 2906 2446 pro
2935 2389 3020 2430 me
3048 2372 3246 2429 dilecto
3285 2355 3544 2425 dilectore
3567 2376 3772 2430 vestro,
3797 2368 3852 2420 in

2275 2468 2469 2541 majori
2517 2481 2681 2538 quam
2723 2479 2963 2535 unquam
3014 2451 3174 2518 habui
3217 2459 3558 2524 necessitate,
3612 2465 3852 2528 utputo,

2277 2560 2468 2626 oretis,
2499 2571 2660 2628 spero
2685 2556 2812 2626 quia
2838 2551 3090 2625 precibus
3121 2568 3226 2606 non
3265 2547 3539 2621 indigetis.
3591 2548 3672 2602 Ad
3702 2549 3854 2618 quo.l

2278 2650 2409 2706 mihi
2433 2643 2683 2706 sufﬁcere
2714 2647 2950 2711 videtur,
2984 2651 3044 2698 ut
3069 2641 3256 2697 sciatis
3283 2641 3408 2710 quia
3432 2639 3593 2693 nimis
3611 2637 3855 2709 indigeo.

2277 2742 2637 2799 Dulcissimos
2679 2739 2839 2802 ﬁlios,
2895 2745 3022 2790 ante
3075 2743 3287 2804 tempus
3340 2730 3639 2786 ablat-latos
3684 2731 3861 2798 (meos

2281 2833 2652 2888 adolescentes
2679 2828 2823 2899 dico)
2870 2827 2961 2896 qui
2993 2833 3215 2896 propter
3241 2822 3416 2877 aetatis
3439 2821 3860 2876 teneritudinem

2275 2933 2335 2980 et
2379 2921 2688 2982 naturalem
2743 2917 3120 2983 mobilitatem,
3147 2928 3290 2984 saepe
3328 2912 3411 2968 sui
3434 2913 3695 2967 memoria
3729 2911 3860 2966 affe-

2281 3023 2472 3069 ctuose
2521 3017 2743 3067 movent
2784 3024 2884 3065 cor
2925 3023 3127 3076 meum,
3155 3005 3274 3060 illos
3304 3003 3611 3074 specialiter
3643 3018 3860 3065 moneo,

2281 3119 2496 3176 precor,
2527 3111 2583 3160 et
2609 3104 2838 3158 obsecro
2875 3106 2937 3154 ut
2967 3099 3032 3154 in
3067 3111 3178 3152 tota
3209 3095 3316 3149 vita
3359 3112 3452 3150 sua
3485 3095 3610 3158 mei,
3644 3103 3697 3148 et
3730 3094 3859 3148 dile-

597 3197 826 3260 paterna
879 3185 1075 3242 ﬁducia
1118 3183 1393 3255 precando
1427 3195 1656 3246 moneo,
1707 3190 1976 3251 quatenus
2009 3183 2087 3237 sic
2114 3195 2174 3238 se

2279 3195 2475 3252 ctionis
2495 3209 2658 3263 quam
2688 3207 2815 3261 erga
2848 3190 2915 3222 ⁸⁸⁸
2939 3204 2998 3246 se
3023 3205 3079 3253 in
3113 3202 3198 3242 me
3225 3186 3432 3255 experti
3465 3184 3621 3244 sunt.
3655 3198 3864 3238 mcmo~

599 3281 836 3336 habeant
855 3291 982 3349 erga
1019 3274 1238 3332 eosdem
1265 3273 1462 3329 fratres
1487 3282 1546 3329 ut
1571 3274 1684 3344 ipsa
1719 3272 2005 3329 charitatis
2025 3273 2176 3329 exhi-

601 3370 806 3428 bitione
831 3378 887 3425 et
913 3369 1146 3439 benigna
1171 3365 1553 3439 {familiaritate
1579 3365 1809 3436 probent
1834 3365 1934 3420 sibi
1959 3365 2179 3436 placere

596 3459 902 3532 profectum
949 3458 1165 3514 illorum
1211 3465 1268 3511 et
1300 3456 1536 3511 studium
1565 3457 1631 3512 ad
1673 3457 2014 3513 serviendum
2043 3458 2173 3515 Deo.

599 3549 754 3617 Quod
790 3555 968 3603 autem
996 3545 1294 3619 prohibetis
1315 3559 1408 3602 eos
1433 3545 1652 3615 pulsare
1675 3546 1828 3618 signa
1859 3562 1953 3602 sua
1981 3557 2178 3604 secuné-

601 3640 730 3696 dum
755 3639 1001 3696 ordinem
1048 3653 1228 3704 suum,
1262 3653 1525 3710 nusquam
1561 3648 1709 3694 recte
1732 3638 1872 3694 solet
1900 3638 2040 3705 ﬁeri,
2071 3639 2176 3695 nisi

598 3731 692 3788 ubi
738 3730 992 3787 monachi
1046 3730 1100 3786 in
1161 3738 1338 3784 matre
1364 3729 1433 3761 ¹⁸⁹
1457 3729 1688 3786 ecclesia
1736 3729 1976 3785 civitatis
2001 3731 2179 3786 deser-

601 3821 775 3876 viunt.
802 3819 906 3876 Ubi
933 3819 1078 3875 enim
1112 3818 1362 3874 canonici
1411 3818 1465 3874 in
1506 3819 1697 3890 majori
1723 3820 1951 3876 ecclesia
1973 3821 2039 3876 ad
2065 3835 2181 3876 ser-

600 3913 853 3969 viendum
901 3912 1014 3969 Deo
1069 3919 1197 3968 sunt
1247 3911 1550 3979 constituti,
1601 3913 1973 3984 unusquisque
2021 3913 2176 3979 ordo,

600 3995 984 4056 canonicorum
1025 3999 1238 4057 scilicet
1298 4008 1355 4056 et
1403 4000 1828 4067 monachorum,
1880 4004 2178 4058 secundum

599 4093 1059 4160 opportunitatem
1118 4092 1332 4148 servitii
1389 4093 1489 4148 sibi
1551 4091 1777 4162 iniuncti
1834 4094 2050 4150 tardant
2095 4095 2181 4149 vel

599 4182 862 4240 festinant
885 4196 1036 4254 signa
1074 4183 1313 4253 pulsare,
1345 4183 1549 4254 absque
1575 4199 1723 4240 omni
1762 4196 1908 4242 recta
1935 4186 2178 4258 prohibi-

601 4273 767 4330 tione.
801 4273 1140 4345 Quapropter
1161 4274 1374 4330 ratione
1395 4275 1508 4344 ipsa
1534 4278 1872 4342 commoniti,
1906 4292 2000 4334 eos
2024 4279 2177 4349 signa

601 4380 701 4420 sua
735 4365 1031 4422 secundum
1062 4365 1308 4420 ordinem
1336 4368 1494 4420 suum
1520 4365 1739 4434 pulsare
1768 4355 2026 4438 deinceps
2052 4384 2180 4440 pro-

600 4458 790 4513 hibere
816 4473 884 4513 nc
909 4456 1106 4513 velitis.
1137 4456 1251 4513 Hoc
1270 4470 1485 4527 quoque
1511 4465 1703 4526 petunt
1747 4457 1846 4527 ipsi
1877 4457 2094 4524 fratres,
2126 4468 2184 4514 et

2280 3300 2402 3352 res,
2456 3285 2598 3340 nulla
2671 3297 2908 3353 unquam
2972 3279 3330 3351 perversitate
3387 3277 3712 3332 contristent
3767 3291 3870 3330 cor

2281 3390 2495 3441 meum;
2551 3383 2606 3430 et
2637 3373 2812 3429 sciant
2841 3385 2942 3442 pro
2968 3378 3118 3425 certo
3148 3369 3294 3437 quia,
3320 3368 3363 3422 si
3391 3366 3688 3422 secundum
3718 3366 3866 3420 desi-

2281 3467 2489 3523 derium
2538 3479 2741 3529 meum,
2787 3471 2843 3517 et
2872 3458 3168 3516 secundum
3211 3456 3604 3511 admonitiones
3628 3453 3696 3485 “’
3725 3469 3868 3523 quas

2281 3571 2311 3611 a
2333 3571 2420 3611 me
2441 3560 2819 3627 perceperunt,
2863 3545 3130 3613 vixerint,
3157 3547 3209 3600 in
3241 3545 3484 3614 qualibet
3513 3541 3870 3598 tribulatione

2281 3647 2509 3703 multum
2556 3643 2982 3700 consolabuntur
3023 3638 3263 3694 animant
3298 3651 3500 3700 meam;
3531 3643 3586 3688 et
3611 3634 3657 3689 si
3700 3634 3872 3688 aliter

2281 3737 2528 3801 fecerint,
2557 3734 2718 3789 nimis
2749 3732 3068 3803 peccabunt,
3117 3725 3488 3783 contristaudo
3514 3739 3658 3779 eam.
3686 3723 3874 3795 Spero

2284 3831 2452 3895 enim,
2509 3825 2798 3895 adjuvaute
2841 3825 2972 3890 Deo,
3004 3822 3127 3892 quia
3167 3837 3273 3876 non
3309 3836 3393 3874 me
3421 3818 3608 3872 latebit
3639 3818 3752 3870 vita
3778 3833 3876 3870 eo-

2283 3937 2426 3985 rum,
2478 3921 2735 3990 quoniam
2783 3931 2996 3986 semper
3023 3913 3287 3970 sollicitus
3313 3928 3406 3966 ero
3433 3910 3712 3979 inquirere
3735 3925 3874 3964 con-

2283 4013 2642 4068 vcrsationem
2689 4009 2925 4064 illorum.
2977 4005 3334 4075 Omnipotens
3367 4003 3508 4056 Deus
3533 4002 3613 4055 sic
3646 4015 3746 4055 vos
3773 4002 3877 4055 de-

2281 4104 2443 4158 ducat
2495 4110 2556 4154 ut
2589 4098 2655 4153 ad
2685 4105 3032 4167 conspectum
3055 4094 3238 4165 gloria:
3264 4106 3374 4146 sum
3404 4091 3685 4161 perducat.

2633 4208 2796 4282 374
2846 4205 3177 4262 EPISTOLA
3231 4202 3372 4258 xxu
3419 4201 3508 4254 ιιι.

2759 4313 2984 4356 ΔΝΞΕΙΔΙΙ
3015 4315 3081 4353 AD
3109 4312 3365 4353 BOSONEII.

2286 4396 2410 4451 Non
2452 4411 2562 4450 esse
2604 4393 2830 4464 pigritia:
2875 4391 3175 4513 vertenéhtlm
3203 4389 3340 4470 quod
3367 4388 3436 4442 ad
3463 4388 3634 4456 ipsum
3664 4385 3891 4442 litteras

2893 4479 2998 4513 non
3074 4478 3100 4513 ε
3139 4471 3260 4513 cru.

2893 4479 2998 4516 ηοη
3037 4471 3260 4514 dederit.

599 4564 702 4622 ego
744 4565 868 4607 cum
920 4549 1030 4607 illis
1083 4559 1139 4606 et
1173 4525 1448 4621 pro—illis,
1500 4525 1634 4606 utsi
1665 4525 1883 4621 quando
1913 4551 1965 4606 in
2001 4551 2180 4622 aliquo
2212 4525 2261 4588 θ
2356 4557 2638 4611 Aussmus
2689 4551 3128 4622 archiepiscopus
3183 4557 3436 4613 vocatus,
3503 4546 3888 4604 dilectissimo

1889 4685 2113 4744 νΔΒΙλΕ
2151 4688 2554 4748 LECTIONES.

707 4821 775 4855 ⁸⁸⁷
808 4819 891 4876 Ad
917 4827 1159 4876 nostram
1187 4819 1366 4874 valeat
1406 4835 1486 4873 ms
1529 4816 1595 4872 ad
1625 4816 1992 4878 defensionem
2017 4832 2257 4882 nostram
2282 4825 2462 4881 valeat

598 4891 790 4961 majori
831 4907 909 4944 ms
932 4889 1269 4961 Monachiin
1323 4898 1496 4961 matre
1604 4887 1672 4919 ¹⁶⁰
1699 4886 1831 4943 Cum
1859 4893 2038 4948 eodem
2089 4912 2168 4950 ms
2202 4897 2396 4950 collata

597 4957 986 5032 mstomnum
1029 4959 1358 5032 Willelmum
1390 4957 1630 5032 fratrem
1655 4969 1921 5032 nostrum
1941 4977 2040 5032 per
2082 4965 2395 5022 Ansfridnm

600 5031 859 5086 nitionem
899 5045 1034 5101 quas
1073 5046 1154 5107 ms
1185 5028 1580 5085 admonitiones
1623 5043 1758 5100 quas

2567 4823 2637 4855 ⁸⁵⁸
2663 4821 2794 4877 Cum
2819 4821 2997 4875 eodem
3021 4836 3099 4873 ms
3128 4818 3318 4874 collata
3431 4819 3499 4850 ¹⁸⁹
3526 4818 3790 4876 Monachi
3830 4822 3892 4876 in

2460 4953 2462 4956 ,
2509 4893 2574 4925 ¹⁸¹
2616 4892 2902 4946 Dominum
2950 4889 3280 4953 Wil1elmum
3310 4897 3365 4942 et
3410 4904 3508 4955 per
3550 4891 3933 4956 Austridnm-

2509 4964 2576 4995 η’
2614 4962 2784 5030 Quem
2827 4976 2954 5030 erga
2985 4975 3064 5014 ms
3107 4976 3270 5029 quam
3311 4953 3442 5030 erga
3555 4953 3640 4990 ¹⁶⁸’
3665 4959 3902 5016 Admo-

1865 5031 2099 5089 m’Cum
2127 5038 2308 5091 eodem
2339 5051 2416 5088 ms
2452 5031 2645 5087 collata

1769 5164 2053 5222 JOANNIS
2094 5165 2373 5224 PICARDI
2413 5163 2646 5220 ΝΟΤᾸΕ.

597 5304 659 5379 ut
685 5296 825 5380 male
849 5304 1069 5380 accepta
1097 5297 1227 5380 sine
1244 5297 1502 5380 dilatione
1527 5299 1674 5356 reddi
1699 5299 1959 5371 iubeatis,
1985 5309 2042 5356 et
2068 5299 2171 5380 mi-

594 5367 788 5451 nistris
809 5368 1131 5451 vestrishne
1156 5369 1380 5451 ulte-rius
1405 5367 1466 5451 id
1494 5367 1845 5451 praesumant,
1888 5370 2170 5451 servanda:

596 5435 882 5520 citat-italis
909 5439 1089 5520 studio
1119 5439 1470 5520 prohibeatis.
1494 5435 1636 5520 'Nos
1667 5454 1797 5520 vero
1833 5435 2171 5520 presbyteris

599 5509 818 5590 nostris,
853 5509 946 5578 qui
983 5509 1137 5590 extra
1170 5510 1417 5566 Cantiam
1445 5510 1727 5590 constituti
1769 5509 1918 5590 sunt,
1948 5509 2172 5590 omnino

597 5578 941 5650 praecipimus
967 5593 1033 5635 ne
1052 5581 1118 5634 ad
1143 5590 1374 5636 vestram
1397 5580 1479 5650 vel
1510 5580 1737 5650 alicujus
1751 5578 1987 5650 episcopi
2011 5593 2173 5650 syno-

599 5649 725 5719 dum
769 5649 998 5719 amplius
1027 5659 1171 5714 cant,
1227 5665 1325 5704 nec
1363 5649 1534 5713 vobis,
1578 5647 1678 5703 nec
1716 5647 1984 5717 aliquibus
2015 5647 2175 5719 mini-

596 5714 726 5798 stris
756 5714 948 5775 vestris
988 5719 1379 5798 pro__qualibet
1421 5719 1576 5788 culpa
1608 5714 2005 5798 _re5pondean_t.
2066 5717 2174 5798 lﬂos

593 5787 740 5841 enim
773 5805 896 5856 cum
936 5787 1011 5845 ad
1033 5787 1190 5846 villas
1238 5797 1452 5842 nostras
1501 5787 1800 5854 veniemus,
1849 5789 2035 5858 quales
2073 5789 2172 5859 ipsi

2277 5297 2363 5354 vel
2410 5297 2465 5371 in
2503 5297 2762 5371 moribus,
2793 5299 2874 5354 vel
2905 5300 2956 5354 in
2985 5305 3067 5355 sui
3110 5298 3315 5371 ordinis
3343 5299 3564 5371 scientia
3596 5299 3732 5364 sint,
3785 5316 3905 5371 pa-

2279 5367 2467 5451 storali
2498 5369 2820 5451 auctoritate
2856 5371 3126 5451 vestigare
3156 5369 3431 5451 debemus.
3462 5370 3713 5451 tiliristna
3753 5367 3902 5426 tan-

2280 5449 2393 5493 tum
2417 5454 2446 5492 a
2475 5439 2629 5495 vobis
2653 5442 2922 5510 accipiant
2950 5439 3114 5508 et'ea,
3137 5454 3256 5506 quas
3279 5439 3578 5510 antiquitus
3618 5441 3903 5495 instituta

2283 5517 2432 5573 sunt,
2466 5523 2565 5578 pro
2613 5509 2926 5565 chrismatis
2972 5512 3282 5579 acceptione
3329 5509 3658 5579 persolvant.
3717 5511 3909 5566 Sicut

2281 5593 2514 5646 namque
2542 5594 2603 5633 ea
2630 5595 2748 5648 qua:
2774 5579 3073 5650 antiquitus
3115 5596 3282 5650 usque
3308 5580 3374 5634 ad
3409 5588 3589 5650 nostra
3623 5590 3908 5649 tempora

2281 5645 2662 5727 antecessores
2677 5649 2844 5704 nostri
2882 5645 3210 5727 habuerunt;
3236 5651 3422 5727 solerti
3459 5645 3760 5727 vigilantia
3781 5666 3906 5705 cn-

2282 5718 2459 5798 pimus
2490 5717 2689 5771 illibata
2722 5734 2964 5798 servare,
2998 5720 3069 5773 ita
3111 5720 3436 5798 aliis_debita
3468 5717 3632 5790 (quod
3667 5717 3910 5792 absit!)

2283 5787 2463 5856 aliqua
2495 5789 2844 5858 usurpatione
2869 5790 3137 5859 denegare
3170 5791 3436 5844 nolumus.
3476 5787 3497 5842 “›
