4028 6302
210 374 279 431 53

1520 371 1647 427 LIB.
1682 372 1767 439 Ill,
1791 370 2006 428 El'lST.
2046 372 2227 429 XXIV.

3406 379 3474 433 Si

212 502 313 543 nec
369 486 438 543 ab
494 484 603 541 ullo
652 482 906 555 episc0p0
956 484 1254 540 reordinari
1290 484 1469 541 debet.
1512 487 1588 541 De
1623 488 1795 540 altero
1823 484 2139 545 Abreviter
2188 486 2400 557 loquar,
2456 489 2706 558 audistis,
2760 498 2818 545 ut
2856 497 3005 560 puto,
3036 490 3267 560 qualiter
3296 494 3475 547 subito

211 592 339 632 vero
376 576 566 639 fratre,
614 575 705 645 qui
764 573 961 630 herbas
1009 575 1259 645 quaesivit
1304 575 1539 641 mulieri,
1596 576 1792 645 quibus

212 672 389 725 virum
413 686 569 725 suum
600 668 949 733 interficeret,
972 669 1219 739 quamvis
1243 683 1409 740 prope
1432 684 1528 724 vos
1550 668 1793 725 habeatis

211 763 280 819 de
301 764 403 818 hac
420 778 478 818 re
501 762 553 817 in
580 760 974 817 Northmannia
997 761 1265 817 suliiciens
1284 761 1591 827 consilium,
1611 770 1790 815 tamen

212 855 339 924 quia
365 872 395 910 a
436 869 521 909 me
566 855 668 909 hoc
696 854 905 924 petitis,
939 864 1184 908 nostrum
1236 868 1437 925 negare
1482 869 1590 909 non
1622 854 1792 909 dcbeo

210 960 452 1000 sensum.
483 944 541 999 Si
592 943 893 997 monachus
921 953 1107 998 noster
1144 954 1311 1011 esset,
1337 954 1391 999 et
1414 944 1498 999 vir
1521 944 1611 999 ille
1641 942 1795 1012 cujus

211 1038 370 1092 morti
394 1036 641 1106 qmesivit
674 1037 896 1101 herbas,
946 1036 1076 1105 ipsis
1105 1036 1423 1091 interfectus
1454 1044 1630 1099 esset,
1657 1053 1795 1089 nun-

210 1144 373 1200 quam
425 1129 494 1182 ad
536 1128 886 1182 diaconatum
926 1141 1023 1197 per
1076 1142 1182 1193 me,
1210 1127 1292 1182 vel
1326 1128 1395 1183 ad
1424 1126 1792 1183 sacerdotium

208 1220 549 1276 ascenderet.
596 1219 760 1275 Multa
790 1220 1067 1275 dilectioni
1120 1228 1334 1287 vestra),
1375 1222 1420 1277 si
1451 1222 1634 1279 cordis
1661 1219 1793 1277 alic-

208 1321 356 1368 ctum
414 1327 698 1383 sequerer,
734 1312 1053 1368 scriberem.
1092 1312 1197 1368 Sed
1224 1314 1480 1385 quoniam
1533 1316 1614 1387 (ut
1642 1316 1792 1386 puto)

209 1403 316 1459 illis
367 1402 581 1473 loquor,
627 1404 718 1473 qui
769 1418 836 1457 ex
885 1405 1223 1459 conscientia
1254 1422 1350 1461 sua
1382 1421 1557 1460 meam
1590 1422 1793 1478 cognoo

207 1503 389 1559 scunt,
441 1494 679 1549 breviter
734 1494 856 1549 dico
903 1495 1159 1563 quoniam
1187 1497 1327 1551 sicut
1359 1505 1580 1567 propter
1626 1499 1795 1553 Deum

208 1597 309 1639 nos
370 1583 600 1639 invicem
647 1584 966 1650 dileximus,
999 1584 1073 1639 ita
1120 1586 1370 1642 desidero
1394 1598 1450 1641 et
1472 1603 1571 1643 oro
1602 1589 1795 1653 Deum,

206 1681 264 1729 et
301 1689 399 1730 vos
446 1690 576 1747 rogo
624 1685 686 1731 ut
737 1677 789 1732 in
818 1678 1006 1735 eadem
1056 1678 1349 1735 dilectione
1378 1689 1601 1751 propter
1626 1682 1794 1736 Deum

208 1776 638 1833 perseveremus.
689 1765 991 1834 Quatenus,
1039 1769 1179 1824 sicut
1200 1783 1364 1823 causa
1391 1779 1791 1839 propterquam

206 1853 446 1911 charitas
469 1855 583 1923 ipsa
608 1856 841 1927 incoepta
869 1867 971 1923 est,
999 1874 1271 1929 nunquam
1294 1858 1531 1925 deficiet,
1561 1859 1633 1912 ita
1664 1860 1792 1914 cha-

208 1944 343 1999 ritas
374 1946 627 2001 inviolata
658 1958 996 2017 permaneat.
1041 1950 1119 2004 De
1144 1958 1286 2004 statu
1311 1950 1436 2005 vita:
1460 1962 1659 2005 nostra:
1683 1951 1796 2007 scio

207 2036 335 2105 quia
392 2038 713 2093 desideratis
764 2048 822 2093 ut
866 2041 1025 2095 amici
1054 2056 1405 2113 cognoscere.
1444 2040 1638 2096 Nescio
1668 2041 1795 2110 quid

207 2129 263 2183 in
308 2130 494 2186 futuro
540 2131 680 2187 Dens
708 2133 773 2188 de
805 2148 890 2189 me
929 2135 999 2189 sit
1044 2135 1317 2201 facturus;
1350 2135 1442 2191 sed
1479 2135 1656 2191 adhuc
1689 2150 1793 2191 non

204 2221 375 2285 sensi,
399 2237 463 2277 ex
490 2237 597 2291 quo
626 2223 837 2293 suscepi
863 2239 1057 2279 nomen
1100 2226 1514 2297 archiepiscopi,
1538 2226 1677 2282 unde
1702 2241 1796 2282 cor

206 2325 390 2367 meum
432 2314 628 2369 audeat
672 2314 957 2386 gratulari.
992 2315 1334 2389 Quapropter
1360 2333 1458 2374 oro
1486 2318 1709 2390 supplex
1741 2329 1797 2374 et

201 2405 456 2473 obsecro,
516 2415 577 2462 ut
638 2408 772 2463 mihi
823 2408 875 2463 in
928 2410 1250 2465 necessitate
1301 2426 1420 2466 mea
1460 2411 1794 2467 orationibus

203 2497 412 2552 vestris
453 2498 811 2565 subveniatis,
846 2500 1039 2564 donec,
1070 2500 1136 2555 ad
1158 2502 1285 2569 quid
1313 2501 1455 2556 Deus
1482 2516 1567 2556 me
1588 2517 1617 2557 a
1640 2502 1796 2557 vobis

203 2598 262 2642 et
284 2588 406 2643 aliis
429 2590 616 2644 amicis
648 2591 849 2646 nostris
887 2591 977 2661 qui
1010 2592 1062 2646 in
1095 2592 1483 2647 Northmaunia
1514 2602 1659 2658 sunt,
1687 2609 1794 2649 non

207 2679 331 2733 sine
385 2680 535 2749 gravi
562 2680 747 2735 dolore
798 2681 974 2737 adhuc
1005 2690 1408 2751 perseverante,
1439 2685 1793 2752 separaverit,

211 2769 576 2837 cognoscatis.
627 2768 982 2840 Omnipotens
1012 2771 1271 2826 Dominus
1292 2785 1388 2825 sua
1426 2786 1521 2825 vos
1546 2772 1717 2843 gratia
1744 2781 1797 2827 et

208 2858 806 2930 benedictionesemper
827 2860 1084 2927 laetiticet,
1122 2860 1252 2917 etin
1283 2860 1570 2917 animabus
1602 2861 1800 2919 vestris
1832 2870 1833 2873 ‘

206 2949 437 3005 virtutes
464 2949 806 3021 multiplicet.

673 3042 1008 3100 EPISTOLA
1053 3044 1215 3099 XXIV
1248 3046 1335 3099 ‘9‘.

206 3150 433 3191 ANSELHI
482 3152 548 3191 ,ιιι
603 3152 851 3194 HUGONEM
902 3128 1282 3194 ιυδουὲιέδιδειι
1325 3152 1793 3193 ΑΒΟΙΙΙΕΙῚΞΟΟΡΠΜ.

1895 582 2085 644 raptus
2122 575 2223 631 sim
2253 576 2321 630 ad
2355 576 2902 648 archiepiscopatum.
2941 578 3243 649 Antequam
3272 580 3476 649 [inube-

1895 681 2009 721 rem
2037 678 2341 745 assensum,
2388 667 2569 739 palam
2597 670 2709 725 dixi
2739 686 2824 727 me
2866 671 3053 729 favere
3081 672 3299 729 domino
3324 674 3476 745 papa:
3530 696 3531 699 η

1898 744 2145 825 Urbano,
2168 769 2223 815 et
2256 760 2517 817 Guiberto
2567 761 2845 818 adversari
2872 782 2885 818 :
2909 773 2961 819 et
2990 764 3115 832 feci,
3154 774 3208 821 et
3244 765 3354 821 dixi
3382 744 3477 838 pcr
3530 796 3531 801 η

1897 866 1988 906 sex
2022 867 2255 919 menses,
2287 854 2430 923 quod
2460 855 2607 923 potui
2635 854 2753 910 sine
2792 865 3037 925 peccato,
3062 865 3123 913 ut
3144 858 3474 914 dimitterer.

1898 939 2139 995 Tandem
2188 942 2384 999 timore
2442 942 2559 1008 Dei,
2612 944 2682 999 ob
2726 942 2923 1000 multas
2970 947 3228 1015 rationes,
3256 956 3479 1003 coactus
3528 974 3531 975 ν

1900 1031 2111 1087 subdidi
2169 1048 2256 1090 me
2312 1033 2501 1090 dolens
2539 1035 3230 1108 praeceptoarchiepiscopi
3258 1040 3386 1103 mei,
3424 1047 3480 1093 et

1899 1123 2149 1179 electioni
2203 1126 2365 1181 totius
2423 1126 2652 1197 Anglite,
2700 1134 2755 1181 et
2787 1136 3031 1191 sacratus
3068 1128 3478 1185 sum:forsitan

1901 1213 2008 1269 illic
2037 1215 2297 1285 trepidavi
2329 1216 2543 1281 timore,
2574 1217 2663 1270 ubi
2691 1232 2796 1271 non
2819 1227 2940 1273 erat
2964 1218 3158 1284 timor;
3188 1220 3283 1274 sed
3307 1220 3482 1274 nesci-

1899 1307 1974 1371 vi,
2000 1306 2139 1362 Deus
2177 1307 2314 1375 scit,
2345 1316 2400 1363 et
2422 1308 2599 1364 adhuc
2622 1309 2825 1364 nescio.
2847 1309 3013 1365 Paulo
3030 1318 3154 1381 post
3176 1325 3271 1367 rex
3298 1320 3484 1367 noster

1852 1440 1863 1443 π
1902 1401 2089 1455 iturus.
2127 1401 2182 1455 in
2227 1399 2709 1470 Northmanniam,
2756 1402 2923 1457 multa
2971 1403 3198 1473 pecunia
3228 1402 3480 1475 indiguit.

1898 1493 2202 1563 Antequam
2244 1509 2274 1548 ιι
2302 1508 2389 1548 me
2416 1495 2709 1568 quidquam
2750 1502 2980 1563 peteret,
3023 1494 3251 1551 consilio
3280 1496 3484 1551 amico—
3530 1522 3533 1527 λ

1902 1598 2020 1636 rum
2046 1583 2271 1653 promisi
2305 1582 2380 1638 illi
2402 1584 2688 1653 pecuniam
2721 1599 2827 1640 non
2853 1599 3073 1655 parvam
3104 1601 3120 1642 :
3148 1584 3300 1643 novit
3320 1585 3484 1651 Deus,

1900 1686 2005 1741 qua
2057 1671 2380 1728 intentione.
2434 1670 2653 1742 Sprevit
2712 1674 2871 1743 quasi
2920 1675 3213 1742 modicam,
3265 1683 3324 1730 ut
3362 1673 3527 1746 ριιιεΔ

1869 1748 2120 1827 ’όιιι-θηη
2161 1764 2257 1817 sed
2283 1761 2449 1816 nolui.
2482 1761 2704 1819 Gratias
2742 1763 2873 1827 Deo,
2906 1780 3011 1833 quo
3035 1766 3330 1821 miserante
3355 1765 3488 1819 sim-

1826 1840 1869 1894 Β
1896 1849 2191 1917 plicitatem
2227 1850 2409 1905 cordis
2463 1852 2570 1907 mei
2613 1853 2715 1909 hoc
2766 1852 2971 1908 factum
3001 1864 3105 1918 est,
3148 1870 3242 1920 ne,
3276 1855 3320 1911 si
3350 1854 3531 1909 nihil~

1902 1948 1995 1993 aut
2047 1956 2236 2009 parum
2288 1943 2679 2011 promisissem,
2718 1943 2922 2014 justam
2974 1946 3252 2001 videretur
3289 1947 3489 2001 habere

1900 2046 2119 2086 causam
2169 2032 2468 2099 irascendi;
2523 2042 2617 2091 aut
2664 2035 2710 2089 si
2734 2036 3034 2107 accepisset
3072 2037 3158 2100 ηδ.
3187 2046 3497 2092 verteretur.

1899 2120 2030 2175 mihi
2056 2122 2107 2174 in
2131 2136 2448 2189 gravamen,
2473 2132 2528 2178 et
2546 2123 2595 2176 in
2616 2124 2979 2193 suspicionem
2995 2125 3243 2180 nefanda:
3258 2125 3529 2195 emptio-m

1900 2212 2005 2265 nis.
2063 2210 2142 2267 Ex
2198 2210 2282 2265 illa
2317 2211 2446 2265 hora
2476 2212 2625 2267 visus
2651 2222 2734 2268 est
2760 2227 3005 2281 quat-rere
3030 2216 3347 2270 occasiones
3379 2216 3478 2269 ad-

1898 2317 2116 2359 versum
2174 2318 2260 2357 me
2303 2302 2391 2355 ιδ’.
2423 2302 2660 2359 Locutus
2710 2319 2831 2359 sum
2881 2306 2949 2360 de
2996 2305 3196 2376 pallio;
3230 2305 3506 2361 noluitnt

1901 2392 2031 2447 illud
2084 2401 2349 2463 peterem,
2404 2394 2642 2463 quandiu
2670 2396 2788 2465 ipse
2823 2395 3027 2452 tmllum
3060 2398 3323 2470 reciperet
3356 2413 3489 2469 apo—

1899 2485 2153 2541 stolicmu
2176 2502 2191 2550 ;
2217 2494 2312 2540 aut
2347 2495 2407 2540 ut
2440 2486 2633 2542 saltem
2678 2488 2837 2559 hujus
2868 2487 3141 2546 dilationis
3178 2490 3492 2545 excusatio.

1899 2591 2024 2629 nem
2073 2575 2292 2631 domino
2334 2592 2485 2648 papa:
2535 2578 2868 2641 intimarem.
2925 2580 3170 2651 Sustinui
3212 2582 3508 2654 'usque.""

1903 2683 2072 2735 nunc,
2136 2670 2365 2725 consilio
2398 2671 2798 2742 episcoporum,
2832 2682 3053 2744 propter
3088 2675 3369 2731 vitandam
3403 2675 3509 2731 in-r

1901 2756 2238 2815 fructuosam
2262 2760 2678 2824 dissensionem.
2726 2765 2772 2818 si
2801 2764 2942 2822 forte
2966 2768 3106 2822 Deus
3127 2768 3331 2839 aliquid
3354 2768 3494 2823 inte-

1902 2847 2005 2904 r'un
2068 2858 2406 2918 operaretur,
2462 2852 2605 2907 unde
2658 2854 2733 2908 illi
2782 2857 2984 2910 domini
3030 2871 3184 2928 papa:
3246 2860 3493 2931 receptio

1901 2940 2344 3007 persuaderetur.
2388 2938 2560 2996 Petivi
2607 2952 2668 2997 ut
2719 2944 3009 3000 concilium
3068 2956 3525 3012 convocaretur,'

1900 3032 2044 3101 quod
2076 3045 2173 3101 per
2209 3030 2408 3087 multos
2438 3048 2610 3089 annos
2632 3035 2685 3090 in
2708 3036 2899 3104 Anglia
2923 3036 3123 3093 factum
3154 3054 3261 3095 non
3288 3038 3486 3107 fuerat,
3520 3052 3525 3057 ·

1902 3134 2172 3194 quatenus
2222 3127 2631 3198 corrigerentur
2692 3132 2939 3201 quaedam
2983 3132 3035 3189 in
3082 3132 3489 3205 eodemfregno,

208 3227 351 3293 Quid
397 3229 449 3283 in
499 3229 675 3283 multis
729 3230 957 3283 aduersis
986 3230 1094 3282 suis
1125 3229 1265 3297 facto
1303 3229 1368 3281 sit
1394 3246 1542 3297 opus,
1570 3227 1792 3297 consulit
1821 3198 1862 3256 Ο
1895 3232 2016 3287 f111113
2053 3216 2361 3274 nllllalenlls
2390 3218 2669 3274 lolel‘anda
2703 3198 3044 3277 timebantur.
3072 3222 3250 3293 Ipsum
3272 3237 3515 3293 quoque-

278 3297 677 3370 Lugduuensem
723 3300 1017 3370 primatem.
1057 3296 1132 3352 De
1157 3300 1435 3370 schismate
1457 3300 1593 3352 inter
1621 3296 1794 3370 Urba-g

279 3367 426 3434 nunt,
484 3372 569 3423 cui
606 3370 830 3437 favebat,
881 3381 926 3422 et
975 3369 1303 3423 Guibertum.
1372 3367 1638 3422 l’romittit
1687 3369 1794 3437 regi

280 3440 494 3493 inultam
522 3440 813 3508 pecuniam,
850 3456 1006 3510 quant
1040 3439 1148 3494 Deo
1182 3440 1459 3501 miserante
1484 3455 1586 3493 non
1609 3437 1793 3492 solvit:

279 3510 418 3563 unde
440 3525 531 3563 rex
558 3510 827 3564 irascitur.

280 3601 534 3666 Domino,
564 3609 620 3656 et
646 3601 822 3657 amico
848 3600 1190 3670 charissima,
1235 3600 1535 3658 reverendo
1566 3598 1790 3672 Lugdu-

210 3690 365 3743 ncusi
417 3692 823 3761 archiepiscopo
881 3690 1111 3756 HCGONI,
1154 3691 1322 3747 frater
1350 3691 1657 3756 Assscuus,
1684 3693 1797 3746 sive

206 3779 431 3849 iubente
459 3782 587 3846 Deo,
614 3782 730 3837 sive
770 3783 1136 3852 permittente,
1179 3793 1402 3839 vocatus
1427 3784 1799 3854 archiepisco-

207 3885 309 3939 pus
363 3871 671 3927 Cantuariae
708 3872 838 3927 :diu
884 3874 936 3928 in
968 3873 1070 3929 hac
1119 3875 1223 3929 vita
1260 3874 1457 3941 lucere,
1494 3884 1550 3930 et
1581 3889 1799 3946 semper

208 3960 262 4015 in
295 3959 476 4016 futura
506 3963 761 4033 gaudere.

279 4050 337 4106 Si
380 4053 561 4107 omnia
590 4052 834 4110 facienda
864 4064 990 4111 sunt
1015 4071 1135 4111 cum
1164 4056 1411 4123 consilio,
1439 4057 1527 4112 illa
1556 4056 1795 4111 maxime
1832 4072 1835 4075 ·

208 4137 461 4195 facienda
515 4151 643 4196 sunt
696 4158 818 4197 cum
847 4144 1091 4214 diligenti
1133 4146 1384 4212 consilio,
1414 4146 1466 4201 in
1489 4146 1689 4216 quibus
1714 4147 1794 4200 ni-

209 4228 312 4295 hil,
365 4230 468 4285 nisi
520 4232 663 4300 quod
711 4233 929 4288 obediat
981 4234 1243 4289 voluntati
1275 4236 1391 4301 Dei,
1446 4235 1797 4306 quaerendum

207 4328 314 4374 est.
368 4320 573 4377 Precor
608 4322 773 4393 igitur
823 4324 1167 4380 sanctitatem
1199 4334 1457 4391 vestram,
1495 4334 1556 4380 ut
1580 4325 1645 4358 ¹⁶⁷
1676 4342 1799 4396 pro-

206 4419 329 4481 pter
358 4411 550 4478 Demn,
583 4423 639 4469 et
660 4423 881 4484 propter
923 4416 1261 4481 charitatem,
1297 4432 1460 4487 quam
1493 4417 1606 4473 scio
1627 4418 1680 4473 in
1706 4419 1797 4474 illo

204 4519 333 4576 erga
385 4522 492 4573 me,
550 4516 695 4578 petat
744 4524 772 4562 a
808 4509 916 4564 Deo
946 4510 1228 4565 consilium
1260 4509 1403 4580 quod
1428 4510 1559 4565 mihi
1584 4512 1697 4566 det.
1722 4510 1793 4568 Ut

1897 3310 2083 3364 monui
2140 3319 2200 3363 ut
2229 3311 2499 3380 quaedam,
2526 3328 2648 3383 quae
2677 3312 2808 3367 mihi
2838 3312 2996 3369 aliter
3021 3329 3183 3384 quam
3209 3324 3487 3387 oporteret

1897 3400 2079 3458 facere
2125 3402 2433 3468 videbatur,
2490 3403 2830 3473 corrigeret:
2858 3419 2929 3460 ex
2973 3404 3057 3461 his
3098 3414 3287 3477 aperte
3314 3407 3491 3461 iratus

1899 3512 1986 3553 me
2011 3514 2257 3555 amorem
2281 3514 2439 3555 suum
2464 3500 2765 3569 perdidisse
2797 3501 3182 3557 manifestavit.
3212 3501 3490 3573 Respondi

1899 3602 1987 3642 me
2011 3588 2170 3645 malle
2192 3599 2249 3644 ut
2267 3589 2380 3660 ipse
2401 3591 2532 3645 mihi
2562 3591 2909 3660 irasceretur,
2941 3607 3102 3663 quam
3132 3602 3194 3659 ut
3221 3594 3363 3649 Deus
3387 3594 3485 3659 illi,

1897 3688 1953 3736 et
1998 3681 2077 3736 sic
2117 3698 2147 3736 a
2182 3682 2473 3754 priesentia
2498 3681 2615 3751 ejus
2643 3684 2891 3740 discessi.
2918 3684 3140 3741 Postera
3165 3686 3253 3742 die
3276 3686 3491 3743 rediens

1898 3774 1969 3830 ad
1994 3790 2142 3840 eum,
2172 3775 2283 3829 dixi
2308 3790 2395 3831 me
2423 3776 2653 3832 libenter
2674 3776 2944 3834 facturum
2974 3778 3049 3833 illi
3079 3779 3485 3844 rectitudinem,

1897 3867 1944 3921 si
1994 3881 2096 3937 qua
2155 3866 2313 3936 culpa
2368 3866 2423 3922 in
2471 3883 2559 3924 me
2605 3869 2870 3926 adversus
2922 3870 3073 3926 illum
3124 3870 3486 3934 inveniretur,

1904 3975 2067 4029 quam
2128 3966 2311 4014 tamen
2343 3973 2445 4029 ego
2489 3959 2829 4027 nesciebam;
2874 3971 2928 4016 et
2952 3961 3134 4031 rogavi
3162 3970 3219 4015 ut
3247 3973 3487 4014 amorem
3522 3980 3523 3983 η

1900 4067 2054 4106 suum
2081 4051 2215 4105 mihi
2248 4050 2518 4105 redderet.
2569 4051 2869 4122 Respondit
2898 4067 2957 4107 se
2983 4066 3084 4107 nec
3106 4050 3511 4107 rectitudinem.

1903 4150 2031 4197 tunc
2058 4150 2426 4210 recepturum,
2445 4155 2546 4197 nec
2573 4157 2814 4197 amorem
2840 4142 3199 4209 redditurum,
3217 4143 3329 4199 nisi
3344 4142 3488 4200 dioe-

1901 4248 2014 4288 rem
2044 4233 2206 4305 375
2232 4232 2505 4289 curvillum
2534 4234 2665 4289 mihi
2690 4234 2915 4291 reddere
2944 4236 3183 4292 deberet.
3216 4237 3377 4292 Visus
3399 4247 3488 4292 est

1902 4326 2033 4383 mihi
2067 4326 2203 4382 velle
2232 4324 2518 4396 pecuniam
2560 4342 2721 4397 quam
2760 4327 2892 4384 dare
2940 4329 3111 4396 nolui,
3137 4344 3203 4385 ne
3250 4328 3483 4399 culpam,

1900 4434 2020 4489 qua:
2045 4433 2150 4474 non
2171 4427 2311 4485 erat,
2361 4418 2585 4474 viderer.
2605 4419 2760 4475 fateri
2789 4419 2877 4473 ‘7‘.
2907 4418 3083 4475 Iratus
3110 4420 3378 4475 intentum
3421 4428 3484 4473 ut
3522 4430 3523 4433 ‘

1901 4511 2107 4567 diceret
2136 4527 2258 4583 qua:
2280 4527 2386 4568 non
2413 4511 2708 4579 debuisset,
2769 4522 2826 4569 et
2872 4510 3143 4584 quasdam
3167 4522 3339 4570 terras
3378 4527 3482 4568 non
3518 4533 3525 4539 ·

1486 4664 1571 4720 VA
1582 4665 1720 4723 ΒΙΑΣ
1758 4666 2157 4733 LECTlONES.

310 4799 381 4883 f“
408 4798 831 4883 Cum‘nrc‘cdicto
855 4816 951 4856 ms.
985 4799 1197 4883 collata.

207 4880 441 4939 cepisset
550 4880 616 4902 “'
643 4880 995 4928 Occasionem
1046 4881 1234 4925 contra

210 4938 276 4973 ⁸¹¹
306 4940 523 4997 Videtet
546 4939 698 4997 fateri
728 4959 805 4997 ms
853 4944 1065 4999 viderer
1090 4941 1245 4997 fateri

1315 4802 1379 4834 ¹⁶⁷
1411 4802 1767 4858 δθηριίιιιιθηι
1800 4810 1857 4856 ιιι
1882 4819 1958 4856 ms
1987 4802 2332 4858 sanctitatem
2374 4811 2607 4857 vestram
2639 4810 2701 4857 ut

550 4872 616 4902 ¹⁶⁹
643 4870 995 4928 Occasionem
1046 4881 1234 4925 contra
1268 4886 1353 4927 me
1397 4888 1474 4925 ms
1499 4874 1821 4939 occasiones,
1842 4876 2128 4935 advorsum
2160 4888 2255 4931 me.

2811 4802 2879 4835 ⁸⁸⁸
2908 4802 3251 4869 Accepissem
3283 4817 3363 4855 ms
3391 4815 3481 4855 ac-

2359 4873 2425 4907 "°
2450 4874 2720 4930 Sustinuit
2744 4888 2913 4945 usque
2935 4890 3011 4926 ms
3038 4872 3268 4927 sustinui
3314 4887 3485 4942 usque

590 5104 591 5107 γ
720 5106 721 5109 γ
1384 5036 1671 5097 JOANNIS
1707 5038 1992 5099 PICARDI.
2012 5036 2245 5096 sons.
2992 5108 2995 5109 ί

202 5146 351 5220 vavi,
374 5147 519 5220 quod
548 5146 804 5204 lectorem
831 5165 1104 5218 moneam,
1134 5150 1341 5206 scilicet
1378 5153 1443 5206 de
1469 5166 1609 5207 anno
1640 5165 1791 5207 mor-
1826 5142 1870 5196 Ι)
1900 5151 1998 5220 bus
2028 5166 2057 5203 a
2087 5150 2317 5220 Rogerio
2346 5148 2712 5220 Mougnmerio
2742 5144 2962 5220 Roberti
2989 5144 3525 5220 Belesinensis_(_e_u~»

206 5221 277 5274 tis
298 5216 558 5287 ejusdem,
585 5233 896 5287 iquemrcsse
928 5222 1065 5275 1122
1089 5216 1299 5278 dicunt
1330 5238 1433 5276 una
1477 5238 1607 5277 voce
1651 5220 1786 5274 Mal-

204 5288 376 5343 mesb.
413 5286 621 5342 Honeil.
664 5297 717 5343 et
758 5286 945 5343 Matth.
985 5291 1159 5346 Paris.
1212 5291 1279 5345 Et
1333 5292 1536 5345 librarii
1580 5291 1823 5355 incuria.

206 5357 454 5428 suspicor
489 5371 609 5413 esse
634 5356 902 5429 additum
930 5360 1143 5429 tertium
1173 5400 1188 5425 ,
1242 5370 1302 5415 ut
1336 5360 1788 5429 quemadmodum

205 5427 409 5500 legerat
469 5444 568 5500 _XIII
626 5427 962 5500 Kalend.ita
1016 5428 1277 5485 festinans
1321 5427 1600 5500 scripserit
1659 5444 1790 5500 ann.

206 5499 368 5570 1‘85,
388 5498 674 5554 utfacilius
702 5508 756 5570 et
787 5498 948 5570 citius
966 5500 1237 5570 obtineret
1264 5497 1508 5570 pallium.
1543 5498 1637 5553 Est
1658 5497 1784 5570 lvon

208 5568 393 5641 Carn._
442 5571 599 5637 epist.
658 5569 793 5641 252A,
821 5569 886 5641 ad
921 5568 1343 5641 Ριιδῡιιιιιηβὸι).
1399 5568 1783 5641 Monasterium

202 5653 336 5710 vero
364 5639 618 5709 Sagiense
648 5641 733 5695 cui
764 5638 1022 5694 liadulfus
1076 5638 1361 5710 praefectus
1410 5641 1548 5708 fuit,
1594 5640 1785 5709 opinor

208 5707 335 5764 illud
364 5707 676 5781 esse..quod
702 5710 969 5781 Gemmet.
1000 5707 1093 5765 lib.
1122 5727 1219 5776 vn,
1253 5728 1376 5781 cap.
1408 5712 1477 5767 22
1501 5754 1517 5776 ,
1553 5707 1785 5766 testatur

204 5781 440 5851 positum
467 5779 628 5839 fuisse
658 5779 718 5836 D.
772 5780 1001 5837 Martiuo
1056 5781 1108 5836 in
1146 5779 1469 5839 suburbanis
1509 5782 1783 5854 Sagiensi-

1889 5219 1979 5287 jus
2012 5215 2496 5339 sngra'memoria'
2516 5220 2659 5272 facta
2684 5218 2790 5285 est)
2840 5224 3029 5285 patre,
3073 5228 3315 5286 tempore
3346 5215 3486 5273 Wil-

1898 5289 2042 5339 lelmi
2126 5289 2236 5339 othi
2271 5291 2423 5339 ducis
2477 5287 2930 5339 Northmannim:
2992 5289 3058 5339 ad
3110 5288 3263 5339 cuius
3300 5301 3485 5339 exciu-

1898 5289 2042 5342 lclmi
2078 5287 2236 5341 Nothi
2271 5291 2423 5344 ducis
2477 5287 2930 5352 Northmanniaa;
2992 5289 3058 5342 ad
3110 5288 3263 5356 cujus
3300 5301 3485 5341 exom-

1895 5360 2040 5428 plmu
2064 5358 2132 5428 (is
2165 5358 2306 5412 enim
2336 5360 2396 5412 Ι).
2430 5358 2689 5427 Stephani
2721 5357 3170 5428 nomineCadomi
3198 5366 3481 5411 exstrueno

1896 5426 2022 5483 dum
2070 5426 2358 5484 enraverat
2404 5429 2735 5500 cmuobium)
2792 5429 3033 5485 universi
3077 5426 3484 5500 Northmannia:

1899 5499 2067 5582 reguli
2095 5514 2215 5582 sese
2246 5509 2687 5582 composuerunt,
2716 5498 2775 5556 et
2802 5498 3278 5582 satietaqmedain
3313 5513 3482 5553 temu-

1900 5569 2099 5626 latione
2153 5570 2414 5639 plurimas
2454 5572 2761 5629 excitavere
2812 5569 3116 5634 Ecclesia’s,
3163 5583 3298 5639 quas
3357 5582 3481 5638 per-

1898 5642 2115 5710 stringit
2147 5638 2413 5698 Gcnunet.
2445 5643 2621 5706 adhuc
2668 5641 2948 5710 Sagiensis
2997 5639 3184 5697 abbas.
3226 5638 3477 5695 Eadmer.

1895 5729 2105 5783 quoque
2132 5714 2371 5770 meminit
2397 5713 2488 5770 lib.
2528 5731 2541 5768 t
2569 5712 2702 5769 Vita:
2734 5711 2991 5769 Ansehui.
