4028 6302
535 353 605 411 εδ
1082 355 1142 411 S.
1184 354 1480 411 ANSELMI
1523 356 1876 413 CANTL’AR.
1924 358 2125 414 ARCIH

2233 398 2243 412 .
2285 357 2435 416 OPP.
2472 358 2653 415 PARS
2692 357 2780 414 Ill.
2826 389 2896 401 —
2921 358 3195 416 EPISTOI
3212 358 3304 416 ὦ.
3734 355 3817 418 56

534 481 751 539 parvas,
807 480 942 537 quas
989 466 1426 537 archiepiscopus
1479 468 1820 527 Lanfrancus
1875 480 2115 541 tempore
2144 453 2186 508 Α

531 558 706 629 patris
733 556 869 626 ejus,
898 568 953 613 et
984 569 1226 627 tempore
1248 558 1416 628 ipsius
1438 562 1622 632 quiete
1665 576 1835 632 usque
1882 564 1936 618 in
1971 564 2113 619 diem

535 648 619 704 sui
641 649 820 705 obitus
842 649 1031 716 tenuit,
1062 651 1325 707 militibus
1350 653 1547 722 partim
1568 654 1741 720 daret,
1764 655 1962 724 partim
1984 656 2116 712 dare

535 741 916 813 disponat,suh
938 743 1227 798 occasione
1246 743 1521 811 cujusdam
1547 746 2114 816 voluntarimjustit‘te,

533 832 825 887 secundum
852 847 1012 900 quam
1037 834 1103 889 de
1127 835 1290 890 terris
1313 835 1514 892 eisdem
1544 851 1630 893 me
1673 838 1785 892 vult
1817 837 2076 909 placitare
2098 856 2121 892 εκ

533 936 655 977 cum
680 936 778 992 ego
800 923 975 978 dicam
1000 925 1124 995 quia
1158 941 1264 981 non
1281 942 1365 982 me
1388 928 1545 984 debet
1571 930 1638 984 ad
1661 929 2025 1000 placitandum
2050 932 2117 963 ⁸⁷³

532 1026 727 1083 cogere
784 1014 853 1069 de
904 1016 1064 1072 terris
1116 1031 1251 1086 quas
1299 1020 1738 1092 archiepiscopus
1802 1033 2119 1080 antecessor

532 1117 688 1157 meus
714 1105 898 1158 tandiu
924 1106 1102 1176 quiete
1135 1110 1338 1172 tenuit;
1369 1118 1427 1165 et
1476 1111 1591 1181 ipse
1628 1112 1761 1169 mihi
1785 1113 1952 1179 dedit,
1980 1114 2129 1169 sicut

532 1190 624 1245 ille
652 1193 842 1248 tenuit.
872 1192 998 1250 Haec
1025 1205 1203 1252 autem
1234 1207 1316 1254 est
1347 1199 1435 1254 illa
1483 1216 1646 1271 quam
1676 1202 1784 1258 dixi
1817 1203 2119 1259 voluntaria

529 1280 760 1349 iustitia.
802 1284 1065 1352 Quoniam
1110 1298 1283 1346 terras
1327 1293 1566 1358 easdem,
1611 1304 1899 1367 antequam
1924 1295 2123 1352 North-

534 1374 721 1433 manui
748 1376 994 1446 Angliam
1033 1378 1379 1449 invaderent,
1415 1384 1615 1440 milites
1644 1385 1801 1458 Angli
1825 1388 1896 1443 ab
1941 1387 2122 1442 archi-

535 1467 789 1537 episcopo
817 1462 1123 1527 Cantu'aria:
1148 1475 1384 1531 tenuisse
1404 1476 1675 1546 dicuntur,
1690 1488 1745 1535 et
1774 1481 1971 1536 mortui
1995 1492 2123 1537 sunt

535 1557 656 1621 sine
686 1560 988 1617 hmredihus
1009 1602 1028 1629 ,
1080 1562 1191 1617 vult
1223 1580 1466 1622 asserere
1513 1582 1573 1623 se
1618 1583 1777 1639 posse
1806 1569 1954 1638 juste
1987 1586 2123 1641 quos

534 1650 653 1705 vult
716 1665 903 1710 eorum
950 1654 1209 1711 haeredes
1243 1659 1595 1716 constituere.
1650 1660 1900 1718 Intendat
1961 1664 2123 1735 igitur

536 1743 823 1812 prudentia
880 1756 1062 1802 vestra
1113 1756 1167 1803 et
1206 1752 1526 1808 consideret
1581 1752 1709 1823 quid
1756 1770 1823 1810 ex
1851 1757 2123 1826 praedictis

536 1836 792 1903 sentiam,
823 1848 1087 1908 quatenus
1106 1844 1432 1911 sententiam
1479 1858 1657 1901 meam
1699 1846 1895 1905 litteris
1928 1850 2122 1905 vestris

537 1933 633 1979 aut
656 1928 987 1995 approbetis,
1018 1939 1113 1985 aut
1136 1941 1354 1987 ostensa
1392 1934 1459 1966 ¹⁷³
1486 1936 1694 1992 ratione
1720 1938 2038 2006 inﬁrmetis;
2068 1949 2123 1996 et

535 2031 624 2072 me
645 2016 699 2072 in
721 2033 785 2073 eo
809 2020 953 2088 quod
977 2022 1149 2092 magis
1179 2025 1470 2081 tenendum
1499 2037 1600 2093 est,
1624 2029 1978 2086 coniirmetis.
1999 2031 2125 2087 Hmc

534 2108 679 2162 enim
701 2117 786 2173 est
804 2111 1060 2180 cogizatio
1090 2129 1207 2169 mea
1238 2132 1249 2168 :
1290 2116 1404 2170 Rex
1432 2118 1563 2173 mihi
1596 2120 1742 2176 dedit
1762 2123 2124 2191 archiepisco-

532 2206 724 2269 patum
780 2202 920 2255 sicut
986 2217 1110 2257 eum
1167 2207 1608 2279 archiepiscopus
1667 2210 2003 2269 Lanfrancus
2058 2215 2125 2248 ⁸⁷³

536 2302 712 2359 usque
740 2289 795 2343 in
826 2290 987 2346 finem
1016 2308 1125 2348 suae
1145 2296 1497 2366 vitretenuit;
1538 2310 1593 2356 et
1636 2318 1780 2358 nunc
1828 2304 2003 2360 aufert
2025 2305 2126 2361 Ec-

538 2375 719 2431 clesite
744 2386 797 2431 et
823 2379 956 2434 mihi
978 2384 1120 2451 quod
1144 2383 1231 2439 illa
1247 2396 1300 2441 et
1333 2387 1470 2444 idem
1491 2392 1927 2464 archiepiscopus
1946 2396 2126 2465 quiete

541 2469 729 2523 tandiu
752 2472 945 2538 lenuit,
972 2483 1027 2529 et
1050 2476 1164 2545 ipse
1187 2478 1315 2535 mihi
1345 2481 1509 2538 dedit.
1542 2483 1734 2541 Certus
1773 2501 1950 2542 autem
2006 2504 2124 2543 sum

539 2561 667 2648 quia
716 2565 1214 2638 archiepiscopatus
1259 2572 1362 2628 iste
1404 2577 1532 2632 nulli
1584 2579 1801 2635 dabitur
1848 2592 1969 2652 post
2017 2597 2122 2651 me,

536 2640 643 2707 nisi
662 2658 1118 2724 quemadmodum
1163 2677 1263 2732 ego
1305 2664 1452 2722 illum
1484 2668 1538 2723 in
1574 2669 1663 2724 die
1704 2640 1884 2728 obitu-3
1916 2674 2019 2729 mei
2047 2640 2125 2730 te;
2156 2676 2159 2677 ⁷

538 2746 713 2811 nebo;
745 2764 849 2805 nec
871 2751 917 2806 si
947 2752 1086 2808 alius
1116 2770 1229 2820 rex,
1265 2772 1350 2813 me
1380 2761 1615 2828 vivente,
1660 2766 1888 2824 venerit.
1931 2781 2123 2822 conce-

537 2835 630 2890 det
677 2839 808 2895 mthi
858 2843 962 2897 nisi
1008 2846 1150 2914 quod
1206 2856 1478 2906 tenentem
1508 2853 1763 2911 inveniet.
1799 2857 1857 2912 Si
1891 2873 2021 2928 ergo
2049 2859 2123 2914 ita

537 2937 761 2983 tenuero
788 2933 1310 3007 archiepiscopatum
1342 2942 1682 2999 imminutum
1725 2962 1896 3017 usque
1915 2950 1980 3003 ad
2004 2950 2123 3005 obi-

539 3024 649 3079 tum
675 3035 874 3087 meum,
902 3024 1006 3080 hoc
1027 3026 1187 3083 modo
1202 3032 1389 3098 perdet
1412 3033 1649 3090 Ecclesia
1670 3052 1768 3105 per
1789 3053 1893 3095 me.
1914 3038 1975 3095 Si
2003 3042 2123 3110 quis

536 3108 690 3216 enirn
711 3113 870 3216 alius:
900 3117 967 3170 ad
997 3132 1157 3187 quem
1187 3121 1439 3180 Ecclesiae
1462 3129 1704 3184 custodia
1741 3146 1845 3187 non
1887 3108 2123 3202 pertine-
2153 3153 2198 3216 ς

539 3208 647 3264 ret,
677 3202 818 3259 hanc
843 3204 1048 3264 faceret
1075 3213 1124 3266 ei
1153 3214 1483 3281 violentiam,
1517 3230 1611 3274 aut
1634 3220 1828 3277 factam
1858 3226 2128 3294 patienter

537 3291 856 3360 sustineret,
882 3298 1058 3366 palam
1089 3312 1234 3358 esset
1254 3306 1379 3374 quia
1407 3308 1458 3362 in
1483 3308 1663 3365 futuro
1687 3313 1821 3368 nihil
1843 3291 1947 3370 dici
1996 3331 2123 3387 pos-

539 3390 624 3436 set
663 3398 764 3438 cur
802 3401 892 3443 res
939 3390 1195 3449 Ecclesiae
1253 3397 1320 3451 ad
1347 3414 1465 3453 eam
1511 3402 1689 3458 redire
1718 3421 1821 3460 non
1847 3407 2122 3464 deberent.

536 3466 693 3531 Nunc
719 3486 899 3534 autem
925 3495 1047 3536 cum
1074 3493 1128 3538 et
1169 3485 1285 3556 ipse
1323 3504 1414 3543 rex
1444 3492 1739 3551 advocatus
1787 3496 1904 3566 ejus
1933 3499 2027 3564 sit,
2070 3509 2126 3555 et

539 3578 866 3638 egocustos,
893 3572 1023 3642 quid
1052 3576 1261 3632 dicetur
1282 3580 1334 3634 in
1362 3581 1545 3639 futuro
1568 3586 1671 3642 nisi
1691 3588 1817 3657 quia
1850 3605 1942 3646 rex
1975 3592 2119 3657 fecit,

537 3669 597 3714 et
643 3662 1080 3735 archiepiscopus
1134 3672 1455 3729 sustinendo
1507 3676 1883 3747 confirmavit,
1943 3694 2122 3741 ratum

537 3764 661 3806 esse
698 3753 882 3844 debet.
938 3756 1129 3816 Melius
1173 3761 1338 3833 igitur
1376 3766 1506 3822 mihi
1553 3779 1638 3828 est
1683 3786 1865 3827 coram
1893 3777 2026 3844 Deo,
2065 3786 2125 3833 ut

536 3841 937 3908 possessionem
970 3854 1238 3905 terrarqu
1271 3853 1527 3912 Ecclesiae
1574 3874 1681 3915 non
1709 3862 1787 3918 sic
1812 3841 2048 3931 teneam,
2071 3876 2125 3923 et

537 3931 776 3991 officium
804 3939 1063 4011 episcopi,
1087 3959 1238 3999 more
1267 3948 1659 4018 apostolorum,
1686 3969 1889 4025 pauper
1927 3956 2121 4014 faciam

535 4025 590 4078 in
627 4028 992 4087 testimonium
1022 4033 1180 4090 illata:
1208 4037 1509 4106 violentiae,
1536 4058 1699 4114 quam
1730 4054 1790 4100 ut
1810 4056 1811 4061 ‘
1835 4046 1980 4102 illam
2024 4050 2126 4104 im-

535 4116 803 4174 minutam
832 4124 1084 4188 tenendo,
1132 4129 1594 4188 irrestanrabilem
1627 4134 1824 4192 faciam
1857 4137 1972 4207 ejus
2022 4140 2125 4194 im-

536 4208 919 4269 minutionem.
948 4213 1045 4269 Est
1078 4225 1130 4271 et
1154 4217 1298 4273 aliud
1328 4224 1475 4290 quod
1517 4225 1772 4281 similiter
1819 4230 2023 4301 cogito.
2064 4230 2121 4286 Si

535 4299 984 4368 metropolitanus
1004 4316 1251 4362 sacratus
1262 4312 1551 4381 episcopus
1570 4330 1668 4384 per
1694 4326 1863 4372 totum
1889 4299 2124 4389 primum

536 4403 748 4447 unnum
774 4403 873 4447 nec
899 4407 1095 4466 papam
1136 4401 1429 4468 viventem,
1476 4420 1577 4460 nec
1616 4406 1839 4477 pallium
1882 4413 2122 4480 requiro,

2702 470 3045 529 'EPISTOLA
3075 470 3221 528 XXV
3251 469 3345 528 "‘.

2693 601 2921 641 ANSELMI
2956 602 3023 640 AD
3063 599 3321 640 BOSONEII.

2217 676 2371 744 Quod
2420 692 2523 731 non
2562 676 2755 732 scribat
2789 676 3111 746 frequentius
3165 675 3224 746 ob
3252 675 3385 726 iram
3429 671 3811 746 dimidiumque

2285 749 2507 817 regium.
2541 746 2606 800 Et
2635 742 2890 817 aeiibro,
2911 745 3021 801 Cur
3052 745 3195 800 Deus
3209 745 3560 813 homo,quem
3576 742 3813 798 Eadm:-

2286 816 2376 871 ru’s
2405 816 2805 871 transcribebat.

2287 907 2439 976 Quod
2467 917 2623 980 pater
2662 907 2791 975 ﬁlio,
2826 907 2997 963 frater
3029 907 3209 972 fratri,
3242 904 3626 962 dilectissimus
3671 903 3813 960 dile—

2217 1000 2483 1067 ctissimo,
2506 1002 2573 1055 A.
2599 1000 2661 1056 B.
2690 1001 2832 1071 quod
2854 1000 2962 1066 ille,
2992 1000 3088 1055 illi.

2288 1089 2637 1161 Gratiasago,
2660 1092 2803 1146 sicut
2830 1105 2931 1162 ego
2960 1090 3193 1160 tibi,pro
3211 1089 3482 1160 epistolari
3502 1087 3816 1143 visitatione

2218 1190 2332 1250 tua,
2360 1197 2457 1252 pro
2477 1182 2723 1247 consilio,
2753 1197 2851 1252 pro
2880 1181 3268 1243 consolatione,
3298 1195 3395 1250 pro
3410 1181 3676 1236 desiderio
3696 1190 3812 1234 tuo.

2219 1272 2287 1326 Et
2311 1273 2588 1342 quoniam,
2619 1273 2868 1343 quamvis
2890 1288 3056 1343 super
3078 1272 3258 1326 omnia
3281 1272 3551 1326 mundana
3584 1287 3669 1325 me
3711 1271 3814 1326 de-

2219 1362 2448 1429 sideres,
2477 1362 2598 1431 plus
2620 1372 2800 1418 tamen
2830 1362 3028 1432 pendet
3047 1377 3143 1419 cor
3179 1370 3327 1416 tuum
3371 1360 3439 1416 ad
3488 1362 3817 1416 consolatio-

2219 1467 2344 1507 nem
2386 1451 2744 1507 tribulationis
2776 1466 2928 1518 metu,
2966 1466 3128 1521 quam
3156 1450 3372 1516 novisti,
3414 1465 3578 1521 quam
3626 1450 3693 1504 ad
3722 1465 3817 1505 sa-

2222 1541 2464 1597 tietatem
2510 1542 2765 1598 desiderii
2820 1543 2919 1610 tui,
2975 1542 3120 1613 quod
3178 1540 3352 1610 majus
3396 1542 3539 1597 inter
3574 1556 3654 1601 ea
3690 1556 3818 1611 qua:

2223 1633 2409 1688 mundi
2436 1640 2564 1689 sunt
2608 1632 2796 1688 babes.
2844 1632 3005 1687 Novit
3059 1632 3283 1689 dulcedo
3337 1630 3645 1686 dilectionis
3708 1639 3819 1697 tuae

2224 1739 2351 1793 erga
2380 1739 2471 1781 me
2493 1723 2831 1779 dulcedinem
2855 1722 3160 1779 dilectionis
3206 1737 3341 1778 mete
3384 1737 3512 1792 erga
3543 1729 3613 1789 te,
3640 1731 3696 1777 et
3720 1735 3819 1776 no-

2153 1803 2199 1862 Β
2227 1818 2304 1872 vit
2332 1815 2556 1872 affectus
2587 1831 2738 1872 meus
2766 1830 2896 1888 erga
2925 1824 2979 1872 te
3015 1814 3265 1872 affectum
3320 1824 3471 1870 tuum
3523 1828 3651 1884 erga
3702 1826 3816 1869 me.

2226 1908 2379 1965 Alter
2407 1908 2632 1964 alterius
2658 1907 2845 1962 intima
2878 1922 2944 1962 ex
2968 1906 3174 1962 intimis
3212 1907 3324 1962 suis
3363 1905 3661 1976 cognoscit,
3685 1904 3817 1974 quia

2230 2015 2353 2055 vera
2377 1998 2664 2054 sinceritas
2710 2012 2895 2053 veram
2947 1997 3316 2053 sinceritatem
3346 1995 3612 2067 intelligit,
3642 2003 3695 2051 et
3720 2009 3820 2051 ex-

2226 2090 2590 2161 perimentum
2637 2099 2846 2145 certum
2901 2090 2955 2144 in
3007 2102 3200 2145 neutro
3251 2088 3641 2145 dubitationem
3681 2088 3818 2144 oriri

2230 2180 2514 2251 permittit.
2542 2178 2685 2235 Vera
2715 2180 2897 2249 itaque
2924 2189 2980 2236 et
3022 2195 3090 2236 ex
3117 2180 3228 2236 Deo
3256 2188 3443 2235 nostra
3497 2179 3717 2235 dilectio
3745 2178 3815 2215 ⁸⁷⁷

2230 2281 2414 2328 mutua
2446 2272 2635 2328 habuit
2662 2272 3017 2343 principium;
3063 2280 3120 2329 et
3176 2268 3230 2328 in
3274 2273 3378 2328 hoc
3402 2287 3509 2329 non
3537 2288 3734 2343 precor
3758 2282 3822 2329 ut

2230 2365 2284 2421 in
2317 2380 2422 2436 quo
2444 2365 2709 2421 hactenus
2733 2366 3122 2437 perseveravit,
3148 2373 3479 2436 perseveret,
3521 2365 3615 2421 sed
3640 2365 3692 2419 in
3720 2380 3821 2436 spe

2232 2459 2326 2515 Dei
2359 2458 2680 2515 fiducialiter
2700 2458 2993 2529 pronuntio
3018 2459 3143 2528 quia
3166 2458 3553 2529 perseverabit.
3581 2456 3819 2514 Litteras

2232 2568 2338 2607 non
2363 2552 2459 2607 tibi
2479 2566 2621 2622 smpe
2646 2552 2940 2607 secundum
2966 2551 3302 2607 desiderium.
3342 2565 3522 2606 meum
3570 2558 3627 2605 et
3666 2559 3818 2605 tuum

2230 2645 2446 2701 mittere
2483 2658 2721 2716 possum,
2755 2643 2884 2714 quia
2911 2643 3125 2699 etiamsi
3161 2642 3624 2714 opportunitatem
3654 2643 3823 2697 habe-

2230 2752 2369 2804 rem,
2394 2736 2705 2793 scandalum
2730 2745 2909 2793 tamen
2936 2735 3116 2808 aliqua
3145 2734 3432 2791 occasione
3471 2750 3502 2788 a
3533 2749 3679 2804 rege,
3725 2733 3821 2804 qui

2229 2821 2411 2885 omnia
2440 2843 2561 2897 qum
2585 2843 2616 2882 a
2645 2842 2730 2882 me
2769 2836 2896 2882 sunt
2945 2838 2999 2882 et
3054 2842 3176 2898 quae
3222 2841 3308 2881 me
3333 2825 3563 2898 diligunt
3591 2825 3727 2892 odit,
3765 2834 3822 2881 et

2231 2919 2492 2973 adversus
2520 2917 2817 2973 Ecelesiam
2845 2926 3089 2974 nostram
3130 2928 3222 2972 aut
3274 2918 3534 2973 adversus
3570 2916 3817 2983 latorem,

2229 3008 2277 3064 si
2304 3024 2412 3079 quo
2448 3011 2606 3065 modo
2629 3018 3070 3080 cognosceretur,
3106 3010 3376 3064 timerem.
3407 3008 3628 3064 Librum
3656 3024 3816 3078 quem

2231 3100 2394 3167 edidi,
2442 3100 2595 3171 cujus
2640 3101 2827 3155 titulus
2852 3108 2979 3155 est:
3021 3098 3130 3154 Cur
3174 3098 3317 3154 Deus
3365 3099 3542 3164 homo,
3589 3100 3819 3153 domnus

2231 3191 2528 3247 Eadmerus
2559 3191 2650 3258 ⁸⁷⁸,
2674 3191 3026 3247 charisslmus
3054 3190 3198 3246 filius
3225 3206 3400 3258 meus,
3424 3199 3477 3245 et
3497 3189 3723 3244 baculus
3750 3189 3819 3221 ³⁷⁸

2228 3283 2524 3340 senectutis
2548 3299 2696 3347 meae,
2725 3284 3023 3341 monachus
3050 3283 3229 3350 Becci,
3269 3283 3355 3337 cui
3387 3290 3593 3336 tantum
3620 3280 3820 3335 debent

2228 3376 2388 3431 amici
2419 3375 2522 3431 mei
2544 3385 2804 3446 quantum
2845 3389 2931 3430 me
2992 3373 3241 3443 diligunt,
3288 3373 3521 3428 libenter
3561 3369 3821 3426 Ecclesiae

2224 3467 2499 3532 Beccensi,
2538 3474 2597 3521 ut
2622 3466 2763 3521 filius
2791 3464 2926 3535 ejus,
2957 3463 3292 3521 transcribit.
3323 3462 3588 3530 Quoniam
3617 3461 3819 3517 domno

2224 3560 2403 3615 abbati
2430 3559 2685 3616 Ecclesia:
2728 3568 2929 3616 nostra;
2969 3567 3192 3629 propter
3237 3572 3456 3612 causam
3504 3555 3818 3627 praedictam

2226 3654 2464 3711 scribere
2494 3654 2638 3720 nolo,
2667 3654 2762 3709 tibi
2787 3652 3109 3709 commendo
3150 3650 3464 3707 memoriam
3505 3648 3632 3711 mei,
3663 3656 3723 3701 ut
3765 3647 3818 3701 in

2224 3748 2477 3803 cordibus
2510 3748 2579 3779 ¹³⁰
2610 3762 2822 3814 eorum,
2851 3761 2989 3818 quos
3010 3746 3150 3801 sicut
3170 3745 3407 3799 animam
3434 3756 3608 3797 meam
3632 3740 3819 3805 dilexi,

2226 3840 2359 3909 ipsis
2411 3842 2661 3908 testibus,
2703 3851 2758 3897 et
2802 3841 2930 3895 dum
2976 3838 3178 3903 vivam,
3213 3836 3323 3891 Deo
3351 3835 3534 3900 dante,
3574 3832 3819 3903 diligam,

2225 3931 2481 4003 frequens
2510 3944 2601 3990 tua
2630 3932 2981 3992 commonitio
3009 3938 3351 3985 veterascere
3395 3935 3450 3981 ct
3494 3938 3823 3980 evanescere

2224 4039 2341 4081 eam
2363 4042 2469 4082 non
2493 4028 2792 4098 permittat.
2807 4024 3003 4080 Audivi
3025 4024 3149 4094 quia
3173 4022 3404 4077 domnus
3424 4018 3823 4085 Folcheradus,

2224 4119 2585 4175 consobrinus
2614 4128 2815 4185 noster,
2850 4126 2934 4174 est
2956 4115 3257 4171 vobiscum.
3287 4112 3344 4167 Si
3368 4119 3476 4177 est,
3509 4123 3702 4179 precor
3724 4123 3824 4162 vos

2224 4225 2412 4267 omnes
2432 4227 2531 4283 pro
2555 4226 2641 4276 eo,
2672 4210 2832 4267 sicuti
2859 4223 2957 4281 pro
2985 4220 3152 4263 carne
3176 4219 3318 4259 mea.
3363 4202 3498 4257 Nam
3522 4201 3637 4270 ipse
3667 4200 3825 4255 exsul

2225 4314 2308 4359 est
2346 4313 2566 4374 propter
2624 4303 2825 4370 Deum,
2876 4310 2931 4357 et
2980 4299 3108 4355 olim
3159 4297 3338 4353 factus
3385 4304 3469 4351 est
3518 4294 3827 4350 monachus

2226 4393 2404 4451 Beeci.
2435 4394 2621 4450 Saluta
2644 4410 2788 4460 eum,
2826 4402 2882 4449 et
2930 4401 3051 4448 esto
3096 4390 3171 4447 illi
3198 4405 3295 4460 pro
3324 4402 3432 4444 me.
3463 4385 3827 4454 Omnipotens

534 4496 661 4535 cum
695 4496 934 4551 possum,
960 4483 1108 4554 iuste
1139 4489 1206 4521 ιη
1256 4493 1326 4547 ab
1367 4493 1482 4564 ipso
1515 4496 1722 4552 honore
1767 4477 2125 4560 removéndus
2150 4503 2202 4563 ι)
2227 4485 2367 4543 Deus
2397 4485 2634 4542 animam
2662 4493 2717 4543 et
2737 4500 2934 4558 corpus
2958 4492 3110 4540 tuum
3138 4481 3442 4538 benedicat.
3475 4477 3661 4534 Saluta
3685 4491 3830 4546 quos

536 4594 685 4633 cum.
736 4574 891 4642 Quod
925 4577 972 4633 si
998 4579 1101 4634 hoc
1131 4580 1308 4640 facere
1332 4602 1543 4658 nequeo
1571 4590 1688 4645 sine
1719 4593 2010 4650 amissione
2036 4611 2126 4650 ar»

535 4670 994 4740 chiepiscopatus,
1043 4673 1236 4729 melius
1278 4676 1406 4732 mihi
1443 4689 1530 4735 est
1570 4691 1629 4736 ut
1678 4684 1811 4739 mihi
1858 4685 2124 4744 violenter

533 4760 838 4829 auferatur,
867 4762 976 4817 imo
1000 4763 1194 4820 melius
1224 4775 1310 4822 est
1357 4774 1419 4826 ut
1457 4784 1559 4840 ego
1594 4773 2119 4847 archiepiscopatum

532 4852 777 4920 rejiciam
820 4869 986 4926 quam
1036 4857 1391 4925 apostolicum
1436 4861 1719 4933 abnegem.
1779 4866 1871 4921 Sic
1918 4869 2118 4939 cogito,

535 4954 590 4998 et
626 4945 705 5000 sic
741 4946 919 5003 facere
963 4948 1120 5018 volo,
1167 4951 1212 5007 si
1260 4952 1391 5008 mihi
1445 4969 1552 5010 non
1599 4957 1834 5014 scribitis
1882 4976 1979 5016 cur
2018 4964 2120 5020 hoc

522 5026 714 5091 facere
761 5053 870 5094 non
906 5041 1152 5098 debeam.
1180 5044 1537 5117 Omnipotens
1565 5048 1829 5107 Dominus
1880 5053 1961 5109 sic
1988 5071 2117 5111 san-

534 5126 781 5183 ctitatem
829 5140 1063 5186 vestram
1117 5135 1169 5190 in
1216 5134 1317 5191 hac
1386 5138 1495 5193 vita
1561 5155 1656 5195 sua
1710 5144 1882 5212 gratia
1938 5157 2117 5201 custo-

533 5218 667 5280 diat.
709 5229 767 5274 ut
801 5220 851 5282 ei
893 5222 945 5277 in
992 5223 1173 5289 futura
1222 5238 1482 5292 :eternam
1535 5231 1843 5293 felicitatem
1893 5237 2113 5295 tribuat.

532 5308 725 5369 Anien.

2227 4579 2335 4633 scis
2356 4586 2411 4633 et
2444 4578 2541 4633 vis.

2554 4679 2559 4682 ’
2686 4708 3021 4765 EPISTOLA
3052 4704 3225 4762 xxvr
3261 4705 3350 4758 m.

2216 4836 2217 4839 η
2306 4818 2374 4857 AD
2412 4817 2739 4859 WILLELHUM
2766 4815 3013 4863 ΔΒΒΑΤΕΙ
3043 4814 3113 4853 ΕΤ
3143 4810 3383 4853 FRATRES
3412 4806 3723 4850 BECCENSES.

2227 4917 2296 4975 Ut
2333 4936 2428 4989 pro
2457 4936 2515 4973 eo
2557 4916 2913 4973 indesinenter
2954 4923 3145 4989 orent,_
3169 4922 3215 4966 et
3247 4912 3303 4965 in
3331 4918 3515 4989 sancto
3552 4903 3826 4989 pr'oposito

2298 4975 2602 5044 constanter
2626 4995 2973 5063 peragerent,
3002 4975 3228 5039 matrima
3257 4975 3558 5063 veraextra'
3580 4975 3825 5063 claustra

2298 5077 2403 5113 non
2455 5055 2728 5129 vagentur.
2775 5055 2841 5109 Ut
2880 5055 3257 5124 eleemosyuam
3314 5055 3480 5107 minui
3546 5061 3652 5101 non
3698 5060 3824 5116 per-

2293 5132 2487 5184 mittat.

2297 5238 2422 5295 Suis
2442 5238 2810 5293 dilectissrmts
2835 5244 2890 5291 et
2912 5234 3385 5290 desideratissmts
3407 5228 3609 5287 domno
3632 5223 3821 5280 abbati

2224 5332 2549 5394 thtstuo,
2598 5338 2653 5384 et
2693 5328 2814 5385 aliis
2854 5327 3025 5383 servis
3050 5325 3144 5381 Dei
3179 5325 3230 5380 iu
3262 5320 3524 5381 Beccensi
3563 5316 3823 5376 coenobio

1846 5460 2080 5521 VARI/IS
2120 5465 2520 5523 LECTIONES.

637 5560 713 5643 λη
767 5562 937 5643 Debet
992 5565 1356 5634 placitandum
1408 5588 1487 5626 ms
1539 5574 1699 5627 debet
1731 5576 1797 5628 ad
1833 5574 2197 5643 placilﬂﬂdﬂm

634 5630 768 5713 hlium
801 5630 1133 5713 Lanfraucus
1162 5657 1239 5713 nis
1263 5657 1385 5696 eum
1405 5630 1858 5713 Archiepisctipus
1885 5643 2219 5699 Lanfrancus

539 5700 608 5740 ιτ·
640 5698 771 5755 Cum
798 5706 976 5758 eodem
1005 5723 1081 5760 ms
1112 5709 1302 5763 collata

538 5771 797 5831 Ertncrus
914 5777 979 5805 ¹⁷⁹
1008 5776 1071 5830 Et
1096 5778 1318 5834 baculus
1336 5797 1441 5833 mss
1466 5790 1515 5835 ct
1543 5782 1754 5851 bajulns
1810 5800 1813 5803 '

1453 5712 1519 5743 ⁸⁷⁷
1552 5714 1659 5766 Deo
1689 5712 1904 5769 dilectio
1935 5730 2010 5767 ms
2039 5713 2148 5768 Deo
2183 5726 2366 5771 nostra
2414 5712 2631 5771 dilectio

1866 5785 1932 5817 ⁸⁸⁰
1962 5783 2248 5843 Codicihns
2278 5798 2353 5840 lit-5
2378 5787 2628 5841 cordibus

2311 5578 2380 5607 "'
2404 5578 2507 5631 Aut
2542 5585 2760 5653 ostensa
2796 5590 2873 5626 ms
2915 5582 3008 5625 aut
3036 5570 3344 5653 approbetis
3364 5573 3703 5653 autrostensit

2333 5647 2399 5677 ¹⁷¹⁵
2432 5648 2668 5715 ithmro
2690 5645 2834 5714 jnste
2860 5659 2939 5695 ms
2968 5643 3202 5710 requiro,
3230 5655 3351 5694 cum
3389 5650 3608 5708 possum
3630 5650 3645 5698 ;
3664 5640 3823 5702 justo

2333 5732 2366 5766 πει
2414 5715 2631 5766 dilectio
2782 5713 2849 5743 ⁸⁷⁸
2882 5713 3138 5766 Dominus
3184 5711 3441 5765 Ermerna
3463 5706 3823 5761 msVDomuus

2741 5784 2805 5815 ⁸⁸⁸
2833 5783 2961 5836 Cum
2986 5783 3160 5835 eodem
3190 5799 3265 5836 ms
3288 5779 3499 5834 collata.
