4028 6302
226 337 294 393 5⁸1
1518 323 1646 379 LIB.
1676 325 1761 393 Ill,
1793 325 2012 383 EPIST.
2045 324 2279 382 XXVIII.
3430 321 3501 378 58

229 441 719 510 commanentibus,
783 441 951 497 frater
1020 440 1323 506 Anssuus,
1371 439 1707 510 professrone
1760 450 1813 496 et
1846 442 1974 499 Aet
2037 440 2203 495 faciat
2261 451 2359 494 vos
2414 437 2482 492 ab
2545 434 2775 492 invicem
2832 432 3001 489 videri
3057 432 3110 488 in
3161 447 3327 506 regno
3378 451 3497 493 suo.

226 537 391 594 corde
420 534 726 599 Beccensis,
754 533 849 589 Dei
886 532 1236 604 dispositione
1278 542 1501 587 vocatus
1542 532 1811 603 archiepi-

225 646 423 701 scopus
450 627 889 692 Dorobernensis,
911 624 1193 695 praesentis
1214 624 1336 680 vitae
1358 625 1664 680 continuam
1688 639 1813 696 pro-

226 724 565 795 Speritatem,
599 730 652 777 et
679 719 874 773 futura:
911 726 1171 772 :eternam
1198 716 1533 772 felicitatem.

297 812 563 880 Quoniam
592 825 691 865 nec
719 823 939 874 novum,
982 821 1081 861 nec
1128 807 1495 876 iuseparatum
1521 806 1607 879 [f.,
1635 804 1813 874 inspe-

224 902 451 973 ratum],
499 914 598 955 nec
639 907 956 954 extraneum
1021 904 1106 950 est
1160 894 1302 965 quod
1345 893 1583 950 fraterna
1630 903 1812 949 vestra

224 994 466 1049 cbaritas
498 992 585 1059 η’,
614 991 701 1062 pia
733 988 1108 1059 compassione
1146 1000 1428 1052 succensa,
1458 985 1573 1040 suis
1611 983 1812 1039 oratio-

224 1085 385 1140 nibus
403 1083 620 1139 assidue
647 1080 778 1136 mihi
804 1081 857 1135 in
880 1079 1111 1136 assiduis
1137 1076 1547 1134 necessitatibus
1571 1074 1810 1129 divinum

222 1175 477 1245 implorat
523 1172 806 1239 auxilium,
860 1187 960 1227 nec
1021 1167 1282 1241 ignoratis
1343 1168 1467 1237 quia
1497 1181 1592 1221 cor
1633 1180 1809 1219 memn

220 1277 403 1324 vestra
434 1265 650 1321 dilectio
698 1273 867 1321 totum
910 1262 1096 1335 implet
1140 1272 1195 1318 et
1240 1261 1502 1332 possidet,
1550 1275 1655 1314 non
1684 1265 1812 1327 puto

223 1373 360 1429 opus
387 1372 507 1413 esse
534 1357 829 1428 gratiarum
879 1356 1122 1411 actiones
1172 1368 1260 1409 me
1300 1354 1455 1409 vobis
1494 1353 1546 1407 in
1585 1351 1809 1421 epistola

222 1450 535 1521 depingere,
565 1464 701 1519 quas
728 1462 834 1502 non
868 1447 1129 1519 ignoratis
1158 1460 1243 1501 me
1288 1460 1503 1515 semper
1548 1444 1600 1498 in
1633 1441 1813 1498 cordis

223 1539 429 1594 scrinio
472 1554 712 1595 servare.
759 1538 857 1594 Ubi
921 1538 1065 1593 enim
1114 1546 1265 1593 tanta
1322 1536 1503 1592 cordis
1553 1534 1728 1590 cst‘“
1757 1544 1813 1588 et

225 1627 528 1683 animarum
562 1627 761 1694 unitas,
794 1628 913 1698 plus
936 1628 1064 1698 ipsa:
1084 1628 1186 1684 sibi
1221 1627 1450 1683 invicem
1495 1635 1621 1682 sunt
1671 1634 1812 1679 nota:

226 1718 572 1774 conscientiae
599 1734 758 1789 quam
796 1719 976 1788 lingua
1004 1727 1101 1773 aut
1126 1718 1299 1790 stylus
1327 1718 1496 1795 possit
1543 1714 1814 1785 exprime-

1913 531 2104 585 Amen.

2415 616 2747 673 EPISTOIA
2789 614 3000 671 XXVII.

2310 722 2374 761 AD
2421 722 2723 761 BALDBICUM
2781 722 3032 762 PRIOIIEII.

1916 800 2125 855 Laudat
2151 797 2213 853 ob
2242 796 2429 850 bonam
2459 796 2680 866 famam,
2718 803 2765 849 et
2791 797 2925 849 serio
2951 796 3183 864 prohibet
3212 812 3275 853 ne
3304 797 3500 852 subditi

2275 867 2418 935 facta
2455 864 2796 935 prwlalorum
2835 865 3140 934 dijudicent.

1984 961 2276 1015 ANSELIIUS
2291 965 2517 1015 vocatus
2536 955 2997 1026 archiepiscopus,
3017 956 3367 1015 dilectissimo
3393 957 3501 1014 fra-

1916 1055 2007 1123 tri,
2036 1055 2234 1110 domno
2259 1050 2426 1121 priori
2468 1049 2763 1114 BALDRICO,
2814 1047 3045 1103 salutem
3084 1058 3140 1105 et
3163 1050 3498 1108 benedictio-

1916 1162 2040 1203 nem
2064 1145 2182 1210 Dei,
2219 1152 2276 1200 et
2301 1158 2477 1208 suam,
2499 1142 2544 1198 si
2569 1142 2699 1213 quid
2725 1141 2887 1197 valet.
3476 1166 3477 1169 η

1986 1236 2203 1294 Gratias
2234 1249 2336 1305 ago
2365 1233 2497 1298 Deo,
2521 1248 2551 1287 a
2573 1247 2680 1302 quo
2702 1240 2786 1287 est
2815 1246 2975 1287 omne
3001 1246 3199 1288 nonum
3222 1240 3279 1289 et
3302 1232 3498 1288 dulcis-

1915 1332 2067 1388 sima:
2096 1328 2369 1385 dilectioni
2412 1334 2612 1383 vestra:
2657 1341 2757 1397 pro
2798 1326 3053 1382 omnibus
3090 1327 3247 1383 bonis
3288 1342 3406 1397 quae
3434 1329 3499 1382 de

1914 1438 1978 1478 ea
2005 1421 2139 1478 mihi
2166 1420 2477 1475 referuntur
2520 1418 2587 1473 ab
2618 1418 2871 1474 onmibus
2911 1418 3003 1489 qui
3041 1433 3072 1473 a
3104 1418 3256 1474 vobis
3309 1418 3375 1473 ad
3415 1433 3500 1473 me

1913 1511 2156 1567 veniunt.
2190 1510 2256 1565 Et
2281 1507 2528 1579 quamvis
2552 1516 2731 1563 vestra
2766 1509 2909 1563 bona
2955 1508 3207 1565 voluntas
3259 1510 3493 1564 bonum.-

1914 1621 2020 1677 que
2047 1604 2384 1677 propositum
2408 1601 2520 1670 jam
2553 1600 2713 1672 longo
2732 1602 2852 1656 usui
2884 1602 3171 1671 probatum
3209 1601 3500 1657 continua-

1917 1708 2139 1768 tumque
2162 1697 2249 1759 sit,
2282 1705 2344 1750 ut
2365 1694 2635 1763 frequenti
2657 1709 2763 1749 non
2794 1702 2951 1765 egeat
2990 1693 3304 1757 monitione,
3344 1693 3501 1748 dulce

225 1824 307 1864 re.
343 1810 409 1865 Et
435 1820 493 1865 ut
524 1810 577 1865 in
606 1783 728 1877 hoc,
760 1783 905 1881 quod
949 1809 1164 1865 assidue
1179 1783 1398 1875 'facitis,
1428 1783 1808 1878 perseveretis,

1921 1796 2097 1843 tamen
2137 1785 2266 1842 mihi
2295 1791 2380 1840 est
2408 1793 2468 1839 ut
2495 1798 2594 1839 vos
2648 1796 2830 1851 rogem
2882 1791 2995 1839 toto
3033 1784 3194 1840 corde
3232 1793 3292 1838 ut
3321 1798 3502 1853 perse-

224 1902 462 1972 majores
482 1917 673 1973 preces
702 1918 806 1958 non
831 1903 1030 1968 habeo,
1071 1917 1233 1972 quam
1276 1910 1338 1956 ut
1386 1909 1623 1969 repetam
1668 1898 1811 1968 quod

225 1993 399 2061 scitis,
437 2000 497 2047 ut
527 1992 775 2048 videlicet
796 1993 1031 2047 animam
1051 2008 1248 2060 meam,
1280 1991 1587 2062 ubicunque
1614 2002 1812 2058 corpus

221 2080 321 2148 sit,
352 2093 585 2138 vestram
608 2097 822 2154 semper
840 2091 1051 2149 esse,et
1076 2082 1143 2137 ad
1175 2097 1292 2150 vos,
1323 2089 1587 2151 quantum
1617 2080 1671 2134 in
1696 2078 1811 2149 ipsa

213 2183 332 2240 est,
355 2173 686 2241 desiderare,
711 2184 766 2229 et
789 2174 1031 2230 absentia
1057 2183 1238 2229 vestra
1268 2174 1546 2229 tabescere
1581 2171 1813 2228 nullate-

214 2281 328 2321 nus
373 2265 649 2323 duhitelis.
693 2265 805 2322 Nisi
835 2267 979 2322 enim
1018 2266 1133 2338 ejus
1181 2265 1457 2322 tristitiam
1486 2264 1681 2320 divina:
1701 2263 1829 2329 dis:

219 2355 509 2426 positionis
536 2356 897 2414 consideratio
944 2365 1295 2429 temperaret,
1347 2355 1657 2411 nullatenus
1704 2355 1807 2409 im-

222 2451 569 2507 mensitatem
592 2452 710 2523 ejus
751 2454 867 2509 sine
904 2453 1224 2525 gravissima
1271 2451 1489 2508 laesione
1530 2451 1810 2507 toleraret.

222 2538 368 2595 Nihil
399 2542 565 2613 igitur
585 2558 671 2599 me
700 2544 861 2600 modo
889 2545 1064 2614 magis
1112 2544 1386 2600 dilectioni
1418 2552 1613 2599 vestrae
1662 2543 1809 2599 dele-

222 2637 336 2683 ctat
363 2630 633 2697 scribere,
662 2646 823 2700 quam
850 2631 1015 2711 376
1033 2642 1093 2686 ut
1118 2631 1171 2686 in
1212 2639 1399 2687 sancto
1417 2632 1715 2702 proposito,
1744 2632 1813 2687 ad

222 2719 371 2788 quod
399 2721 752 2787 convenistis,
800 2722 1062 2777 studeatis
1103 2722 1389 2792 proficere,
1441 2729 1498 2776 et
1552 2737 1619 2776 ex
1667 2722 1814 2777 nulla

221 2819 385 2881 parte
414 2810 555 2867 clam
584 2811 667 2867 vel
696 2812 876 2882 palam
902 2812 1110 2882 antiqui
1134 2812 1305 2869 hostis
1356 2813 1579 2869 insidias
1610 2812 1662 2868 in
1716 2827 1815 2869 vos

226 2904 559 2973 permittatis
588 2905 909 2975 irrumpere.
962 2904 1115 2973 Quod
1171 2913 1231 2959 ut
1285 2903 1556 2962 efﬁcacius
1602 2905 1813 2962 e'llicere

228 2995 475 3068 valeatis,
504 2996 734 3053 invicem
780 3012 873 3052 vos
903 2997 1226 3053 charitative
1255 2997 1540 3062 custodite,
1572 3007 1810 3066 monete,

1916 1878 2114 1934 veretis
2136 1878 2188 1932 iu
2216 1876 2327 1932 Deo
2379 1883 2533 1947 grata
2577 1874 2897 1940 intentione,
2944 1886 3215 1945 quatenus
3243 1877 3295 1930 in
3322 1876 3501 1931 futura

1913 1972 2023 2027 vita
2075 1970 2354 2042 gaudeatis
2400 1968 2468 2023 de
2519 1968 2674 2023 beata
2720 1967 3097 2023 retributione.
3151 1968 3219 2023 Et
3264 1983 3386 2023 cum
3435 1969 3523 2049 de_

1915 2064 2165 2121 omnibus
2191 2061 2386 2121 vestris
2416 2060 2576 2116 bonis
2608 2059 2804 2115 studiis
2828 2068 2885 2114 et
2917 2058 3172 2130 operibus
3217 2057 3499 2130 gaudeam,

1914 2157 1968 2213 in
2004 2156 2093 2212 illo
2116 2156 2354 2211 maxime
2379 2171 2477 2234 cor
2503 2170 2684 2211 meum
2745 2154 2979 2211 exsultat
3018 2156 3161 2227 quod
3190 2156 3388 2211 domno
3414 2155 3506 2211 ab-

1913 2250 2024 2305 bati
2054 2248 2285 2317 benigna
2314 2247 2620 2304 obedientia
2669 2245 3032 2314 concordatis,
3078 2256 3136 2301 et
3174 2246 3503 2303 laboriosum

1913 2338 2029 2409 eius
2063 2353 2201 2394 onus
2230 2349 2285 2394 et
2305 2353 2596 2395 onerosum
2626 2337 2868 2393 laborem
2899 2347 3077 2394 vestra
3130 2340 3505 2396 consolatione

1914 2430 2184 2502 levigatis,
2217 2444 2317 2487 nec
2342 2430 2454 2501 pati
2479 2429 2708 2501 potestis
2733 2438 2793 2484 ut
2821 2429 3019 2501 aliquis
3046 2430 3164 2501 ejus
3202 2432 3503 2487 ordinatio-

1914 2525 2074 2581 nibus
2104 2531 2199 2578 aut
2228 2522 2479 2579 detrahat
2509 2530 2602 2577 aut
2635 2521 2879 2577 resistat.
2932 2519 3155 2577 Certum
3206 2509 3352 2578 enim
3394 2530 3501 2587 est,

1914 2625 1970 2672 et
1996 2614 2369 2685 experimento
2400 2627 2544 2684 saepe
2572 2613 2874 2684 cognitum,
2922 2612 3049 2682 quia
3112 2615 3502 2669 monasterium

1915 2707 1971 2761 in
1997 2719 2107 2774 quo
2137 2704 2341 2759 subditi
2377 2703 2517 2759 facta
2551 2704 2759 2773 praelati
2783 2703 3103 2774 diiudicant,
3135 2703 3371 2776 benigna
3404 2702 3502 2758 Dei

1917 2796 2271 2867 dispositione
2294 2808 2401 2849 non
2439 2794 2768 2865 disponitur,
2805 2797 2900 2851 sed
2923 2811 3022 2865 per
3069 2796 3299 2865 abrupta
3344 2795 3504 2850 vitio.

1917 2904 2036 2944 rum
2072 2886 2402 2953 dissolvitur,
2431 2895 2489 2941 et
2538 2885 2807 2941 discordia
2846 2885 3130 2940 scindente
3179 2885 3502 2940 destruitur.

1917 2980 2019 3037 Ubi
2049 2993 2180 3035 vero
2205 2978 2414 3049 praelati
2444 2976 2587 3032 facta
2614 2986 2671 3033 et
2698 2977 3091 3042 ordinationes,
3118 2976 3268 3032 velut
3309 2991 3339 3030 a
3394 2974 3504 3031 Deo

228 3088 503 3160 corrigite,
531 3097 587 3145 et
611 3090 726 3145 haec
746 3090 815 3144 ab
855 3089 1088 3145 invicem
1136 3088 1286 3144 velut
1314 3104 1507 3159 magna
1548 3089 1810 3146 beneficia

1921 3072 2212 3143 inspirata,
2271 3072 2340 3127 ab
2391 3069 2642 3125 omnibus
2701 3068 3067 3125 communiter
3112 3068 3503 3139 suscipiuntur,

2023 3163 2153 3181 ηηη
2202 3161 2467 3181 ειΑε.-.
2527 3169 2570 3181 -.
2603 3160 2751 3181 ---ηε
2792 3160 3061 3181 μημεω
3124 3160 3334 3181 4m“-
3406 3173 3467 3181 Α--

226 3179 379 3233 vobis
410 3179 646 3250 impendi
691 3180 924 3250 benigne
975 3179 1258 3246 sustinete.
1302 3178 1514 3235 Praelati
1564 3177 1813 3235 subditos

225 3269 498 3324 studiosos
516 3269 845 3340 benignitate
868 3270 1191 3337 sustineant,
1211 3270 1416 3341 tepidos
1435 3270 1814 3327 exhortatione

227 3357 557 3423 accendant;
594 3358 639 3423 si
670 3359 762 3428 qui
790 3368 916 3414 sunt
957 3360 1290 3430 pervicaces,
1338 3359 1620 3430 disciplina
1660 3376 1815 3417 coer-

223 3455 398 3504 ceant.
449 3447 691 3514 Subditi,
742 3450 980 3519 prtelatis
1028 3466 1134 3506 non
1204 3451 1326 3506 ficta
1390 3452 1717 3519 obedientia,
1760 3460 1815 3508 et

218 3540 461 3595 maxime
493 3539 697 3603 abbati,
725 3539 1028 3608 subjacete;
1076 3550 1129 3598 et
1171 3557 1269 3598 vos
1322 3558 1427 3598 non
1457 3559 1669 3616 graves,
1717 3543 1813 3601 sed

219 3628 406 3685 faciles
435 3630 509 3685 ad
542 3632 865 3699 portandum
910 3632 1194 3701 exhibete;
1241 3633 1397 3691 valde
1426 3651 1657 3707 namque
1688 3636 1815 3693 sub-

224 3719 320 3774 diti
352 3735 540 3776 coram
571 3720 680 3776 Deo
728 3730 978 3791 peccant,
1028 3725 1073 3779 si
1122 3726 1372 3795 prmlatos
1409 3743 1515 3783 non
1569 3737 1815 3784 metuunt

223 3811 337 3867 suis
362 3812 608 3889 moribus
629 3827 879 3883 gravare,
905 3816 995 3886 qui
1020 3830 1111 3872 eos
1132 3816 1246 3873 solo
1274 3818 1369 3873 Dei
1406 3820 1598 3875 timore
1621 3829 1677 3876 et
1704 3821 1812 3876 fra-

226 3910 374 3956 terna
399 3903 669 3957 charitate
695 3918 987 3974 suscepere
1010 3914 1249 3976 portare.
1289 3906 1613 3965 Occasiones
1656 3911 1813 3981 equi»

225 3993 468 4047 tandi‘“
492 3993 837 4061 claustrales,
894 3995 997 4050 nisi
1054 4006 1284 4068 cogente
1332 3997 1658 4066 obedientia,
1704 4017 1813 4057 non

221 4079 393 4135 solum
414 4097 521 4137 non
551 4083 856 4152 exquirant,
880 4083 973 4139 sed
996 4100 1097 4141 nec
1124 4096 1473 4142 occurrentes
1495 4089 1810 4159 suscipiant.

221 4169 323 4236 Qui
352 4172 496 4225 enim
527 4171 771 4227 claustra
810 4176 1126 4229 monasterii
1169 4176 1401 4232 libenter
1438 4186 1659 4242 exeunt,
1706 4195 1813 4233 non

224 4258 399 4314 solum
458 4261 585 4325 sibi,
640 4260 735 4315 sed
782 4271 837 4316 et
872 4261 995 4317 aliis
1045 4278 1144 4319 suo
1191 4266 1438 4336 exemplo
1485 4267 1633 4322 noxii
1666 4275 1812 4333 sunt,

221 4350 479 4419 quoniam
502 4361 601 4407 aut
627 4353 1072 4410 murmurationis
1105 4366 1198 4411 aut
1220 4357 1523 4427 vagationis
1562 4358 1668 4415 illis
1716 4375 1815 4414 au-

1915 3164 1991 3222 ibi
2021 3163 2164 3219 Deus
2202 3161 2489 3228 inhabitat,
2520 3169 2575 3217 et
2596 3160 2753 3231 quasi
2792 3160 3065 3231 propriam
3118 3160 3360 3225 domum,
3402 3173 3502 3215 cu-

1908 3255 1999 3326 jus
2045 3263 2161 3311 tota
2205 3268 2334 3309 cura
2394 3267 2559 3323 super
2610 3252 2787 3323 ipsum
2853 3250 3111 3320 iactatur,
3170 3251 3412 3321 disponit
3451 3260 3507 3306 et

1914 3346 2152 3404 ordinat.
2186 3343 2301 3400 Hoc
2324 3358 2458 3415 ergo
2479 3358 2644 3413 super
2671 3341 2853 3396 omnia
2882 3355 3079 3411 precor
3118 3349 3174 3395 et
3214 3354 3409 3396 moneo
3447 3349 3507 3394 ut

1913 3440 2161 3505 servetis,
2203 3448 2259 3493 et
2311 3437 2366 3492 in
2417 3434 2522 3491 hoc
2568 3435 2746 3490 studio
2800 3434 3067 3488 instanter
3121 3432 3502 3503 perseveretis.

1913 3529 2270 3601 Omnipotens
2314 3529 2457 3584 Deus
2510 3527 2708 3599 dirigat
2739 3541 2930 3583 omnes
2983 3527 3225 3581 actiones
3271 3534 3505 3591 vestras,

1914 3619 2088 3675 frater
2114 3617 2457 3683 eharissime,
2508 3625 2563 3672 et
2609 3617 2677 3671 ad
2722 3616 2888 3672 vitam
2930 3617 3191 3686 perducat
3223 3624 3503 3672 alternam.

1912 3714 2108 3770 Amen.

2358 3798 2698 3857 EPISTOLA
2729 3798 2942 3855 XXVIII
2972 3799 3059 3854 ⁸⁸⁸.

2227 3911 2296 3951 ΑΙ)
2326 3909 2611 3950 κοθειιτωι
2632 3908 2910 3948 ηΑΝωιιιε
2949 3906 3209 3948 COMITEII.

1951 3987 2217 4043 Hortatur
2243 3988 2312 4041 ad
2332 3987 2599 4054 justitiam
2628 3986 2794 4055 magis
2836 3985 3102 4054 magisque
3147 3984 3472 4037 sectandam.

1984 4079 2344 4134 Dilectissimo
2368 4077 2587 4131 domino
2614 4077 2911 4133 reverenda
2960 4073 3226 4129 Flandria:
3274 4075 3506 4146 principi

1916 4167 2195 4239 Ressn'ro,
2227 4170 2530 4229 Ansewus,
2564 4180 2753 4220 servus
2801 4179 3083 4222 servorum
3126 4163 3504 4247 Christides‘n,

1916 4267 2140 4313 vocatus
2192 4260 2636 4331 archiepiscopus
2677 4258 3013 4323 Cantuariaa,
3065 4256 3249 4313 fideles
3308 4258 3512 4315 oratio-

1916 4364 2033 4405 nes.

222 4450 401 4496 ctores
429 4450 576 4496 sunt.
603 4439 717 4497 Nec
745 4443 976 4501 domnus
1004 4444 1173 4501 abbas
1200 4445 1470 4504 ullatenus
1498 4451 1601 4505 hoc
1623 4465 1812 4507 conce-

1987 4439 2253 4507 Quoniam
2286 4442 2449 4497 chara
2487 4441 2619 4497 mihi
2651 4450 2733 4497 est
2762 4441 3094 4497 excellentia:
3129 4450 3325 4497 vestrae
3356 4441 3510 4497 beni-

220 4533 349 4588 tlere
374 4534 553 4599 debet,
580 4536 631 4591 si
659 4536 891 4621 rigorem
921 4537 1128 4595 ordinis
1154 4539 1269 4594 vult
1296 4555 1533 4597 servare.
1559 4541 1812 4614 HOSpites

219 4640 340 4680 cum
371 4628 569 4699 gaudio
599 4629 982 4699 suscipientes,
1020 4630 1128 4687 illis
1172 4631 1467 4690 secundum
1499 4633 1813 4691 facultatem

216 4726 458 4774 vestram
486 4735 615 4776 cum
643 4720 792 4777 omni
840 4722 1120 4779 hilaritate
1158 4725 1488 4783 ministrate.
1539 4726 1815 4785 Constitu-

220 4806 424 4864 tionem
450 4820 698 4867 nostram
721 4819 1029 4868 etvestram
1055 4816 1124 4869 de
1143 4814 1485 4890 eleemosyna
1514 4832 1812 4890 pauperum

219 4897 367 4953 nullo
388 4900 551 4955 modo
581 4899 758 4956 minui
785 4902 1134 4971 permittatis,
1160 4905 1255 4960 sed
1284 4907 1496 4976 potius,
1544 4906 1590 4964 si
1614 4909 1810 4979 poteri-

220 4986 291 5041 tis
340 4988 652 5062 intelligere
704 4991 937 5061 qualiter
984 5008 1105 5048 eam
1157 4996 1555 5053 rationabiliter
1615 5013 1814 5071 angere

219 5075 464 5141 possitis,
516 5087 734 5150 augete.
790 5080 1148 5153 Omnipotens
1198 5085 1342 5141 Deus
1397 5086 1701 5145 voluntates
1745 5090 1813 5123 ¹⁸⁸

219 5170 275 5216 et
323 5163 571 5222 actiones
636 5177 849 5227 vestras
906 5172 1108 5245 dirigat
1172 5175 1227 5230 in
1290 5176 1633 5249 beneplacito
1675 5198 1810 5243 suo.

1920 4531 2120 4602 gnitas,
2147 4548 2310 4603 quam
2343 4533 2496 4599 mihi,
2524 4532 2741 4603 quoties
2767 4533 3041 4589 vobiscum
3098 4533 3308 4588 locutus
3366 4548 3507 4597 sum,

1922 4624 2125 4696 dignati
2160 4626 2292 4682 estis
2310 4628 2622 4691 ostendere,
2658 4625 2829 4681 debeo
2860 4625 2942 4680 vel
2976 4626 3170 4681 litteris
3216 4625 3511 4695 aliquando

1920 4716 2229 4787 significare
2257 4717 2374 4788 ejus
2404 4717 2719 4772 memoriam
2749 4717 2887 4788 apud
2936 4733 3022 4772 me
3054 4732 3328 4788 nunquam
3366 4719 3513 4771 vet‘e—

1924 4824 2158 4873 rascere,
2208 4817 2264 4864 et
2310 4822 2398 4863 me
2444 4808 2610 4863 Deum
2640 4823 2815 4864 orare
2843 4817 3108 4879 quatenus
3144 4809 3257 4877 ipse
3286 4820 3383 4861 vos
3413 4821 3509 4861 sua

1917 4902 2250 4974 benignitate
2289 4903 2542 4972 dignetur
2587 4901 2656 4957 ab
2704 4901 2852 4957 omni
2895 4899 3034 4954 malo
3086 4897 3393 4954 defendere.
3447 4899 3513 4954 Et

1918 4996 2173 5066 quoniam
2201 4996 2330 5051 mihi
2359 4996 2659 5065 inju‘nctum
2694 5002 2857 5049 estut
2884 4992 2937 5046 in
2965 4989 3120 5059 hujus
3143 4992 3266 5047 vitae
3292 4992 3509 5058 exsilio,

1916 5102 2054 5158 quos
2079 5087 2249 5152 valeo,
2285 5087 2352 5141 ad
2397 5086 2678 5142 caelestem
2715 5083 2945 5154 patriam
2992 5097 3097 5137 non
3126 5083 3370 5139 desinam
3415 5098 3513 5138 ex-

1918 5179 2148 5246 hortari,
2181 5181 2285 5236 hoc
2323 5188 2472 5235 certe
2503 5177 2782 5233 servitium
2810 5175 2917 5232 illis
2962 5190 3069 5233 non
3100 5176 3269 5234 debeo
3295 5176 3510 5233 subtra-

1547 5353 1775 5436 VARIAS
1816 5378 2215 5437 LECTlONES.

336 5543 403 5623 fl"
427 5544 693 5623 Fraterna
740 5551 982 5608 Charitas
1022 5569 1098 5607 ms
1142 5553 1404 5623 fraterna'
1434 5563 1612 5609 vestra
1665 5555 1905 5611 charitas

226 5615 503 5730 equitandi
529 5635 608 5674 ms
636 5620 1265 5709 occasionesequitaudi
1291 5632 1308 5650 '
1377 5625 1440 5655 ’⁸⁸
1466 5623 1806 5707 voluntatem
1831 5637 1885 5684 ct
1908 5643 1983 5682 ma
2009 5626 2319 5681 voluntates
2346 5635 2401 5681 et

230 5692 263 5743 Ρ
288 5683 464 5741 «τίθης
494 5703 599 5743 mss
629 5708 684 5743 m
719 5711 820 5743 uno
843 5695 1037 5743 (.adrre
1068 5694 1156 5743 ΕΓ.
1181 5694 1251 5743 ‘20
1286 5708 1565 5743 rmnnncns
1591 5697 1801 5743 cnllnm-

288 5683 464 5741 aribus
494 5703 599 5745 mss
629 5693 684 5747 in
719 5711 820 5751 uno
843 5683 1049 5753 Codice.
1068 5694 1156 5766 Ei.
1181 5683 1251 5750 20
1286 5697 1565 5766 compactis
1591 5697 1801 5752 collata.

2020 5555 2090 5587 ’⁸³
2112 5553 2307 5611 Cordis
2338 5562 2478 5610 esset
2519 5570 2597 5607 ms
2645 5552 2824 5609 cordis
2846 5561 2926 5607 est
2953 5559 3008 5605 et
3120 5549 3186 5580 ⁸⁸⁸⁵
3212 5547 3507 5605 Occasione

2513 5625 2577 5658 ⁸⁸⁸
2605 5624 2735 5680 Cum
2771 5623 2972 5678 duobus
3013 5620 3276 5691 pradictis
3313 5620 3506 5677 Exem-
