4028 6302
495 283 576 341 5)‘
1021 285 1079 341 S.
1117 285 1416 342 ANSELMI
1465 287 1791 343 CANI'UAB
1804 327 1817 338 .
1840 282 2088 342 ἰιιειιιι

2211 284 2360 341 OPP.
2395 284 2577 340 PARS
2615 284 2698 339 ΙΙΙ.
2735 314 2804 324 -
2842 283 3222 341 ΕΡΙδΤΟΙΑΕ.
3684 289 3757 344 60

499 378 649 442 here,
682 376 876 446 quibus
934 377 1049 432 scio
1099 394 1186 433 me
1229 378 1529 434 dilectionis
1577 379 1759 435 debito
1810 378 2070 449 cepulari.
2103 385 2149 438 Λ
2177 377 2316 432 inter
2342 391 2436 431 vos
2459 387 2754 430 nascuntur
2778 383 2834 431 et
2859 375 3162 430 discordiae.
3193 375 3308 442 Qua
3338 374 3405 431 de
3429 390 3486 436 re
3514 387 3757 433 vestram

499 472 750 542 Suggerit
776 471 940 542 igitur
985 481 1176 528 vestrae
1215 475 1530 529 sublimitati
1563 489 1669 528 non
1711 473 2070 543 corripiendo,
2119 510 2133 518 -

498 563 592 616 sed
618 562 685 616 de
713 561 868 616 bonis
895 562 960 616 ad
989 562 1207 617 meliora
1232 563 1530 629 invitando,
1558 578 1675 617 mea
1701 563 1992 622 humilitas.
2019 572 2076 616 ut

498 661 715 714 assidue
747 661 943 728 cogitet
975 659 1101 714 illud
1149 661 1292 729 quod
1338 675 1492 714 sacra
1522 658 1678 726 jubet
1730 658 2022 713 auctoritas
2057 675 2070 711 :

502 749 711 821 Diligite
743 750 1030 820 justitiam,
1075 751 1166 820 qui
1203 752 1460 820 judicatis
1510 761 1702 805 terram
1751 750 1902 820 (Sap.
1932 750 2075 820 1,5).

498 843 709 907 Quanto
735 841 899 895 enim-
925 841 989 873 ⁸⁸⁷
1025 841 1236 896 illorum
1267 842 1464 910 quibus
1493 852 1632 896 terra
1684 842 1969 896 commissa
1998 849 2081 896 est

498 931 564 983 ad
605 928 922 1000 regendum,
949 931 1262 1000 prmeminet
1288 932 1549 1000 potentia,
1578 941 1729 986 tanto
1750 932 1941 1000 magis,
1967 931 2011 984 si
2047 947 2077 985 a

489 1020 697 1088 justitia
731 1023 973 1087 deviant,
998 1037 1104 1077 non
1143 1033 1352 1092 regunt,
1379 1037 1476 1080 nec
1505 1025 1759 1094 adjuvant
1785 1023 2078 1077 lmmanmn

496 1128 688 1182 genus,
713 1114 806 1168 sed
839 1114 1229 1184 perturbant-et
1253 1109 1603 1182 gravant‘sua
1649 1112 1925 1168 violentia.
1977 1110 2081 1165 Ta-

496 1199 636 1254 libus
667 1200 852 1269 utique
874 1201 940 1232 ⁸⁸⁸
965 1201 1220 1256 terribilis
1252 1202 1340 1256 illa
1370 1201 1721 1257 comminatio
1748 1201 2075 1255 intenditur:

497 1287 744 1344 Potentes
766 1300 1003 1357 potenter
1044 1302 1299 1347 tormenta
1328 1294 1625 1363 patientur;
1678 1301 1728 1346 et
1780 1291 2080 1360 fortioribus

497 1378 688 1446 [artior
715 1380 874 1434 instat
903 1381 1164 1435 cruciatus
1195 1380 1345 1452 (Sap.
1376 1397 1427 1450 v,
1463 1381 1513 1445 7,
1538 1382 1614 1452 9).
1645 1381 1872 1451 Semper
1918 1381 2083 1452 igitur

500 1468 553 1522 in
584 1471 795 1526 actibus
816 1472 928 1526 suis
951 1457 1130 1528 servet
1154 1473 1418 1544 justitiam
1446 1483 1623 1529 vestra
1671 1472 1978 1544 prudentia,
2028 1481 2084 1526 et

499 1561 553 1616 in
579 1561 965 1620 offensionibus
997 1580 1118 1634 qua:
1165 1566 1266 1621 sibi
1317 1565 1473 1631 liunt,
1529 1565 1771 1621 indulcet
1818 1580 1939 1622 eam
1981 1579 2079 1619 sua

499 1651 890 1708 misericordia.
922 1655 1056 1710 Nam
1093 1664 1146 1711 ct
1173 1657 1273 1711 hoc
1320 1657 1532 1728 justitia
1587 1656 1840 1726 imperat,
1883 1665 1942 1711 ut
1989 1657 2081 1727 qui

2181 468 2213 522 tl
2237 466 2520 522 lectionem
2558 465 2699 522 scire
2735 465 2853 521 volo
2883 465 3008 535 quia
3037 481 3309 536 nunquam
3342 465 3394 521 in
3439 475 3624 522 nostra
3654 483 3757 523 vo-
3803 517 3812 534 ,

2179 557 2384 612 lnntate
2422 556 2526 611 fuit
2558 571 2676 622 nec,
2713 556 2821 612 Deo
2861 553 3200 628 protegente,
3231 558 3356 624 erit,
3391 567 3449 613 ιιι
3482 559 3534 612 in
3565 559 3759 615 Eccle-
3803 617 3810 622 ,

2179 648 2257 702 sia
2321 647 2449 701 mihi
2513 646 2578 700 ad
2647 647 2942 716 regendum
2997 647 3289 702 commissa
3337 655 3482 701 tanta
3539 655 3594 703 et
3647 658 3761 704 tam

2181 735 2521 806 reprobanda
2579 735 2909 791 inordinatio
2944 735 3174 802 oriatur,
3207 744 3299 790 aut
3337 737 3379 790 si
3410 736 3588 805 aliquo
3625 752 3766 792 casu

2179 831 2370 897 oritur,
2396 834 2673 888 nutriatttr
2701 844 2795 888 aut
2825 834 3194 903 permittatur.
3225 833 3484 902 Ρισωοίιιίο
3507 833 3668 904 igitur
3703 842 3767 887 ut

2179 937 2390 990 onmes,
2431 925 2570 980 sicut
2603 925 2757 990 mihi,
2783 933 2967 979 nostra
3013 930 3230 979 servata
3261 923 3598 994 prmlatione,
3624 935 3680 986 et
3709 924 3768 978 in

2183 1014 2438 1083 petendis
2469 1014 2701 1071 licentiis
2738 1025 2792 1072 et
2830 1016 2883 1070 in
2914 1016 3274 1088 exsequendis
3303 1015 3592 1082 mandatis,
3619 1024 3679 1089 et
3711 1016 3770 1068 in
3811 1065 3814 1070 .

2177 1100 2490 1174 judicandis
2536 1107 2894 1178 negligentiis,
2934 1107 3132 1162 domno
3158 1107 3346 1176 priori,
3375 1116 3430 1161 et
3463 1115 3583 1176 post
3615 1105 3771 1160 illum

2183 1198 2449 1265 subpriori
2483 1199 2683 1253 subditi
2715 1199 2835 1274 sitis
2863 1199 3050 1253 lntmili
3089 1199 3421 1269 benignitate
3451 1207 3507 1254 et
3532 1198 3772 1270 benigna
3811 1244 3818 1254 .

2184 1291 2616 1348 mansuetudine.
2665 1292 2730 1346 Et
2773 1292 3026 1362 quoniam
3057 1291 3294 1361 praefata:
3323 1292 3776 1346 tnnrtnttralionis

2183 1398 2402 1436 Causam
2435 1392 2487 1438 et
2526 1384 2736 1453 pondus
2767 1400 2929 1454 snpcr
2968 1383 3224 1438 domnntn
3275 1381 3605 1437 Willehnmn
3645 1383 3777 1452 qni-

2183 1473 2305 1526 tlazn
2358 1474 2593 1528 maxime
2661 1475 2976 1544 imponunt;
3030 1475 3095 1530 de
3150 1475 3240 1530 illo
3274 1475 3593 1529 nominatim
3643 1475 3775 1528 dico

2183 1565 2312 1634 quia
2370 1581 2644 1634 nunquam
2701 1567 2862 1630 volui,
2925 1581 3026 1622 nec
3075 1566 3215 1633 volo,
3261 1575 3320 1621 ut
3381 1566 3562 1636 aliquo
3610 1567 3780 1622 modo

2189 1658 2356 1728 priori
2384 1658 2754 1714 inobedienter
2783 1660 3038 1726 resistat;
3065 1674 3164 1714 nec
3191 1658 3258 1713 de
3287 1659 3380 1714 illo
3411 1659 3554 1714 aliud
3588 1665 3780 1713 statuo

498 1745 601 1800 sibi
649 1746 763 1801 vult
825 1747 1092 1812 misereri,
1143 1749 1571 1804 misericordiam
1618 1749 1740 1804 aliis
1789 1749 2079 1819 impendat.
2115 1744 2158 1802 Β
2186 1766 2346 1820 quant
2377 1751 2544 1821 quod,
2575 1753 2727 1807 vobis
2780 1753 3141 1818 audientibus,
3192 1753 3245 1807 in
3295 1751 3533 1821 capitulo
3579 1753 3649 1806 de
3679 1752 3783 1806 ibi.

499 1836 745 1892 Breviter
775 1841 953 1894 ιιιοιιιιὶ
984 1840 1124 1911 quod
1156 1856 1252 1895 cor
1285 1855 1462 1895 meum
1516 1841 1734 1896 assidue
1784 1841 2079 1905 desiderat,

498 1929 592 1984 sed
633 1931 1073 2000 omnipotentem
1103 1933 1272 1988 Deum
1323 1947 1517 2003 precor
1563 1942 1619 1988 ut
1668 1934 1746 1989 sic
1793 1933 1908 2004 ipse
1929 1933 2084 1989 vobis

500 2030 767 2077 terrenum
801 2025 1157 2095 principatum
1206 2027 1509 2096 gubernare
1556 2026 1778 2093 tribuat,
1817 2034 2084 2096 quatenus

498 2114 550 2167 in
582 2115 761 2170 futura
792 2117 900 2170 vita
931 2133 1154 2186 regnum
1197 2117 1419 2172 caeleste
1472 2119 1622 2173 vobis
1669 2118 1954 2174 retribuat.
1981 2119 2083 2173 Sa-

497 2205 671 2260 lutant
700 2222 816 2274 vos,
849 2217 907 2260 ut
935 2207 1120 2262 lldeles
1145 2209 1285 2262 servi
1316 2189 1621 2276 Dominum,
1649 2209 1846 2264 fratres
1888 2218 2086 2266 nostrte

499 2297 775 2364 Ecclesia),
817 2311 916 2367 pro
945 2313 1176 2368 quorum
1223 2299 1639 2354 necessitatibus
1673 2299 1726 2354 in
1774 2299 2084 2354 Flandriam

500 2387 700 2442 latores
746 2389 1093 2456 praesentium
1143 2389 1407 2444 mittimus
1456 2389 1553 2454 '9’;
1590 2389 1702 2460 qui
1756 2406 1966 2446 mecum
1997 2406 2088 2445 ve-

499 2487 668 2533 stram
696 2478 947 2548 pietatem
976 2479 1220 2550 ﬂagitant
1249 2489 1308 2534 ut
1337 2481 1477 2535 sicut
1501 2480 1598 2550 ipsi
1625 2481 1678 2535 in
1718 2482 1805 2536 his
1835 2496 1952 2552 qua:
1977 2480 2087 2536 Deo

500 2570 553 2624 in
583 2585 641 2625 se
668 2570 898 2640 placent,
949 2572 993 2626 si
1038 2587 1143 2642 qua
1193 2582 1340 2637 sunt,
1371 2588 1464 2627 vos
1494 2572 1692 2628 fratres
1731 2587 1851 2628 esse
1877 2572 2088 2628 deside-

503 2669 647 2727 rant,
673 2661 752 2717 sic
784 2677 874 2718 vos
898 2662 999 2718 hoc
1041 2663 1275 2735 dignari,
1319 2678 1440 2720 cum
1476 2679 1610 2734 opus
1642 2674 1696 2718 et
1725 2673 2086 2735 opportunum

501 2757 628 2823 erit,
661 2757 714 2811 in
745 2765 925 2814 vestra
957 2757 1185 2812 tuitione
1206 2757 1528 2829 percipiant.
1549 2758 1860 2814 Salutamus
1877 2758 2087 2830 pariter

498 2863 599 2916 ego
643 2857 698 2904 et
748 2849 822 2904 illi
875 2865 1096 2906 uxorem
1143 2859 1403 2916 vestram,
1453 2859 1516 2905 ut
1563 2851 1840 2907 dominam
1881 2851 2088 2906 charis-

499 2941 724 3006 simam,
781 2948 943 3012 quam
998 2942 1077 2997 sic
1129 2941 1454 3009 adjutricem
1496 2950 1762 2996 nostram
1806 2940 2086 2995 vobiscum

499 3047 640 3097 esse,
663 3049 783 3088 cum
800 3033 1095 3102 resexigct,
1127 3031 1486 3100 deposcimus,
1501 3033 1640 3088 sicut
1664 3048 1782 3106 eam
1807 3031 2083 3087 vobiscum
2113 3043 2118 3106 ᾖ

501 3126 556 3180 in
589 3125 873 3181 dilectione
904 3133 960 3179 et
981 3125 1318 3192 orationibus
1342 3125 1775 3194 complectimur;
1809 3123 2010 3180 Valete.

957 3218 1290 3274 EPISTOLA
1328 3219 1498 3273 XXIX
1529 3221 1616 3274 Μ.

499 3327 570 3368 ΔΙ)
632 3327 898 3367 ιιεκιιιευιί
949 3327 1202 3375 ΡΞΠΟΒΕΠ,
1261 3329 1533 3368 ANTONIUS!
1587 3329 1937 3377 ευιιιιιιιοιιειι,
1985 3328 2120 3366 ElP-

571 3398 808 3447 κυιῖυκ,
861 3399 1135 3439 OSBERNL'M
1190 3398 1257 3438 ΕΤ
1306 3401 1456 3440 Αιιυε
1498 3399 1772 3440 MONACHOS
1815 3401 2080 3454 “CANTUA'

571 3492 804 3532 BIENSES.

571 3590 641 3646 Ut
673 3590 1073 3646 Cautuarienses
1099 3593 1362 3647 ctenobita?
1390 3594 1464 3647 sic
1489 3593 1733 3647 obediant
1760 3593 1926 3662 priori
1967 3601 2014 3646 et

1044 3665 1304 3732 subpriori
1331 3681 1393 3717 ac
1419 3665 1536 3718 sibi.

573 3756 874 3818 AnscLuus,
903 3755 1074 3824 gratia
1122 3756 1213 3809 Dei
1254 3756 1715 3826 archiepiscopus,
1762 3755 1995 3811 dominis
2032 3765 2087 3811 et

502 3847 628 3902 ﬁliis
652 3848 765 3903 suis
793 3849 1148 3914 charissimis,
1175 3848 1377 3902 domno
1401 3849 1572 3918 priori
1598 3849 1855 3906 HENRICO.
1881 3858 1936 3904 et
1959 3847 2089 3903 sub-

499 3938 664 4008 priori
690 3937 954 4002 lla-remo,
987 3939 1184 3992 domno
1209 3938 1478 4000 Enauu'o.
1505 3947 1554 3993 et
1581 3938 1780 3992 domno
1818 3936 2084 4004 Oscense,

499 4039 554 4084 et
583 4030 702 4086 aliis
726 4029 899 4086 servis
926 4031 1014 4084 Dei
1040 4030 1092 4083 in
1113 4030 1316 4085 Christi
1362 4029 1604 4086 Ecclesia
1632 4029 1697 4062 ³⁸⁸
1738 4044 2088 4084 commonen-

503 4123 666 4187 tibus,
707 4139 921 4192 semper
949 4122 1204 4178 delectari
1239 4123 1295 4176 in
1323 4123 1572 4189 Domino,
1617 4122 1808 4194 ctcjus
1829 4132 2116 4204 perpetua.

500 4213 877 4274 benedictione
901 4216 1058 4274 tueri.

569 4304 747 4359 Audio
775 4305 916 4358 inter
954 4318 1052 4359 vos
1093 4318 1214 4359 esse
1243 4303 1498 4359 scandala
1521 4313 1575 4360 et
1607 4304 2119 4368 murmurationes,_

501 4396 629 4466 quia
654 4395 873 4467 quidam
901 4405 1028 4452 sunt
1053 4397 1196 4452 inter
1224 4412 1322 4452 vos
1351 4397 1525 4468 quise
1554 4399 1751 4453 domno
1771 4399 1937 4468 priori
1959 4398 2089 4454 sub-

496 4486 668 4557 jicere
695 4495 1070 4554 contemnunt,
1101 4497 1157 4542 et
1181 4503 1243 4542 ea
1267 4502 1389 4557 quae
1425 4488 1642 4543 licentia
1680 4489 1797 4558 ejus
1838 4487 2084 4543 facienda

502 4588 653 4644 sunt,
702 4577 794 4634 illo
822 4579 1043 4634 omnino
1083 4580 1360 4636 nesciente
1412 4591 1470 4636 et
1520 4583 1638 4638 sine
1689 4581 1806 4652 ejus
1867 4583 2086 4638 licentia

503 4671 704 4741 passim
735 4669 972 4736 faciunt;
1002 4681 1056 4727 et
1086 4687 1208 4727 cum
1241 4672 1310 4726 ab
1340 4689 1426 4739 eo,
1462 4674 1546 4730 vel
1585 4679 1654 4731 ab
1675 4675 1857 4746 aliquo
1901 4691 2089 4745 repre—

505 4763 812 4818 henduntur
839 4763 1002 4835 377
1053 4755 1109 4818 in
1153 4765 1407 4843 capitulo,
1441 4765 1558 4834 ejus
1579 4781 1637 4822 se
1676 4766 1882 4834 judicio
1926 4782 2116 4838 regug

502 4849 602 4904 lari
633 4852 938 4908 humilitate
973 4853 1204 4909 subdere
1260 4855 1597 4924 despiciunt:
1631 4867 1684 4911 et
1736 4857 1956 4926 insuper
1986 4857 2090 4910 hoc

503 4954 564 4992 se
596 4951 762 4994 totum
816 4952 1000 5006 nostra
1031 4944 1360 4998 auctoritate
1395 4944 1576 5001 facere
1612 4945 1902 5000 afﬁrmant.
1936 4945 2084 5000 Unde

502 5033 659 5102 quasi
704 5035 935 5091 diversa:
972 5046 1134 5094 secta:
1168 5048 1224 5092 et
1266 5039 1502 5109 partium
1553 5039 1930 5094 dissidentium
1963 5038 2087 5094 lites

2184 1851 2436 1910 precatus
2468 1857 2612 1908 sum,
2655 1851 2713 1898 ct
2740 1843 3007 1910 consului,
3043 1854 3155 1897 tum
3188 1853 3409 1914 prepter
3450 1841 3780 1897 memoriam
3810 1904 3812 1907 l

2185 1932 2386 1987 domini
2409 1940 2463 1986 et
2483 1931 2660 1987 Patris
2683 1934 2855 2003 nostri
2884 1933 3286 2004 archiepiscopi
3318 1931 3630 1998 Lanfranci,
3660 1941 3781 1988 tum
3813 1979 3816 1982 .

2185 2032 2408 2092 prapter
2439 2023 2812 2078 infirmitatem
2858 2025 2998 2095 ejus.
3067 2023 3222 2092 Quod
3277 2033 3456 2078 tamen
3505 2039 3611 2078 non
3657 2024 3787 2078 sine

2187 2112 2511 2168 discretione
2541 2125 2596 2169 et
2627 2115 2814 2169 humili
2843 2115 3150 2171 obedicnlia
3184 2115 3297 2170 tier!
3343 2115 3613 2169 ullatenus
3635 2130 3784 2170 con-

2186 2206 2340 2260 cedo.
2378 2205 2496 2260 Pax
2528 2205 2643 2272 Dei,
2673 2223 2792 2278 quia
2812 2219 3087 2278 exsuperat
3121 2223 3322 2262 onmem
3342 2223 3572 2270 sensum,
3597 2217 3784 2261 custo-

2186 2299 2296 2353 diat
2321 2300 2480 2353 corda
2510 2311 2678 2354 vestra
2707 2310 2754 2355 et
2783 2301 3152 2372 intelligentias
3185 2311 3379 2355 vestras
3431 2299 3658 2372 (Philip.
3695 2318 3784 2368 tv,

2189 2390 2278 2461 7).
2318 2391 2514 2445 Amen.

2683 2504 3016 2562 EPISTOLA
3074 2504 3243 2560 XXX.

2249 2615 2314 2653 AD
2363 2614 2677 2655 IATHILDAII
2713 2614 3038 2655 ABBATISSAII
3080 2615 3149 2654 ΕΤ
3202 2611 3464 2653 ιιοΝιΔιεε
3504 2612 3714 2654 WINTO"

2553 2701 2556 2706 ·
2881 2685 3119 2726 NIENSES.

2197 2765 2449 2821 Obsecrat
2486 2780 2662 2836 preces
2704 2781 2798 2819 suo
2822 2764 3112 2836 inchoatas
3133 2777 3350 2836 nomine
3373 2759 3689 2832 perpetuari,
3735 2769 3791 2816 et

2401 2874 2412 2885 .
2488 2834 2749 2889 inoniales
2776 2835 2958 2904 pietati
2998 2834 3209 2886 assidue
3240 2848 3442 2887 vacare.

2260 2929 2564 2994 ANSELIUS,
2639 2935 2863 2981 vocatus
2938 2925 3379 2994 archiepiscopus
3453 2921 3790 2989 Cantuarma,

2191 3022 2467 3076 sororibus
2515 3028 2572 3086 et
2619 3018 2830 3073 ﬁliabus
2873 3016 3233 3081 charissimis,
3266 3015 3578 3070 reverenda:
3611 3013 3790 3068 abba-

2193 3116 2338 3169 tissze
2377 3109 2738 3176 Wintoniensi
2784 3109 3104 3169 MATHILDJE.
3154 3115 3210 3161 et
3261 3106 3382 3161 aliis
3420 3105 3631 3160 ancillis
3682 3103 3806 3184 De.

2185 3203 2285 3257 sub
2311 3201 2397 3256 illa
2419 3200 2910 3266 commanentibus,
2943 3199 3116 3254 electo
3144 3211 3342 3267 sponso
3376 3195 3591 3252 Christo
3615 3210 3735 3252 sent
3752 3223 3773 3237 -

2185 3307 2281 3362 per
2306 3292 2536 3360 placere.

2256 3383 2471 3438 Gratias
2494 3397 2595 3454 ago
2639 3381 2911 3438 sanctitati
2950 3389 3145 3437 vestrm
3185 3381 3340 3450 quia,
3385 3377 3527 3433 sicut
3584 3376 3816 3453 audio,

2186 3491 2284 3546 pro
2314 3491 2400 3530 tne
2427 3476 2640 3530 assidue
2666 3489 2824 3530 orare
2849 3489 2953 3529 non
2986 3480 3182 3528 cessat.
3217 3471 3282 3526 Et
3306 3484 3500 3540 precor
3538 3469 3788 3540 supplex

2187 3580 2245 3619 ιιι
2292 3565 2434 3635 quod
2484 3564 2804 3620 charitative
2832 3562 3080 3633 incwpit,
3134 3569 3550 3631 perseveranter
3587 3559 3791 3626 faciat,

2188 3659 2359 3714 donec
2399 3666 2660 3727 appareat
2693 3656 2820 3726 quid
2861 3655 3051 3710 divina
3081 3652 3365 3724 dispositio
3398 3651 3465 3706 de
3494 3665 3579 3706 me
3607 3651 3792 3704 inten-

2188 3748 2305 3814 dat,
2329 3759 2594 3818 quatenus
2614 3749 2810 3804 vestris
2835 3746 3172 3800 orationibus
3192 3751 3450 3799 exoratus
3475 3741 3618 3796 Deus
3647 3739 3789 3794 mihi

2190 3839 2242 3893 in
2276 3838 2709 3894 tribulationibus
2737 3840 2873 3893 meis
2913 3837 2985 3891 sit
3012 3833 3357 3898 clementior,
3405 3840 3461 3886 et
3505 3831 3658 3886 vobis
3687 3844 3794 3897 pro

2192 3932 2435 4002 impensa
2478 3931 2748 3988 charitate
2788 3929 2859 3985 sit
2897 3927 3200 3998 benignior.
3259 3925 3532 3980 Prmterea
3574 3933 3635 3985 et
3669 3922 3795 3977 olli-

2195 4025 2340 4092 cium
2391 4041 2423 4080 a
2467 4039 2556 4080 me
2607 4022 2906 4094 injunctum
2945 4020 3132 4090 exigit,
3163 4027 3220 4074 et
3249 4017 3471 4072 dilectio
3513 4030 3675 4086 quam
3727 4015 3790 4069 in

2189 4115 2343 4170 vobis
2368 4129 2498 4184 erga
2524 4099 2614 4167 me
2627 4113 2822 4173 sentio,
2851 4125 2936 4166 tne
2953 4109 3167 4173 invitat,
3195 4117 3248 4162 et
3275 4107 3513 4162 charitas
3541 4119 3648 4175 qua
3688 4120 3794 4160 vos

2189 4207 2354 4278 diligo
2383 4205 2517 4260 mihi
2563 4189 2876 4274 persuadet,
2927 4213 2986 4256 ut
3032 4198 3330 4255 secundum
3386 4208 3629 4252 vestrum
3669 4207 3796 4252 stu-

2191 4300 2337 4356 dium
2401 4313 2465 4352 ac
2510 4297 2843 4368 propositum
2889 4309 3008 4348 mea
3065 4292 3382 4348 exhortatur
3432 4288 3824 4362 commonitio

2190 4404 2406 4462 semper
2434 4389 2504 4443 ad
2547 4387 2772 4442 meliora
2801 4386 3086 4456 prolicere,
3115 4393 3167 4438 et
3196 4397 3471 4453 nunquam
3499 4381 3566 4436 ab
3598 4379 3682 4434 his
3710 4381 3792 4433 ad

2191 4499 2331 4553 qua},
2388 4479 2564 4548 gratia
2619 4478 2713 4534 Dei
2766 4475 3075 4546 adjuvante,
3127 4474 3412 4542 attingitis,
3459 4470 3799 4542 negligentia

2191 4585 2369 4632 vestra
2418 4581 2684 4645 gravante
2724 4571 2976 4626 deficere.
3043 4569 3194 4638 Quod
3247 4569 3434 4639 utique
3492 4564 3798 4620 ellicaciter

2192 4667 2416 4738 implere
2455 4665 2722 4736 poteritis,
2752 4664 2797 4719 si
2854 4663 2981 4718 illud
3025 4663 3434 4720 considerantes
3469 4657 3611 4730 quod
3635 4645 3816 4717 'scris

2192 4770 2342 4831 ptum
2382 4767 2507 4814 est:
2561 4756 2664 4823 Qui
2713 4755 2920 4810 modica
2981 4754 3217 4824 despicit,
3264 4752 3523 4823 paulatim
3589 4748 3794 4803 decidit

2196 4850 2386 4923 (Eccli.
2409 4867 2525 4919 XIX,
2549 4850 2603 4923 1)
2632 4850 2733 4922 (9).
2795 4849 2897 4904 Et:
2924 4849 3026 4915 Qui
3048 4849 3188 4903 timet
3205 4847 3392 4910 Deum,
3417 4843 3546 4900 nihil
3569 4842 3789 4912 negligit

2193 4943 2384 5016 (Eccli.
2432 4959 2531 5011 vn,
2566 4941 2678 5007 l9),
2717 4940 2882 4996 etiam
2932 4939 3153 4994 minima
3203 4937 3411 4991 ordinis
3465 4934 3636 4988 vestri
3671 4946 3787 4985 non

2194 5035 2564 5108 neglexeritis.
2617 5034 2794 5090 Tanto
2842 5033 2986 5089 enim
3018 5029 3330 5103 vigilantius
3366 5043 3396 5084 a
3421 5024 3662 5083 minimis
3691 5038 3790 5080 ex-

1802 5167 2037 5226 VARliE
2076 5167 2368 5226 LECTION
2378 5167 2482 5223 ES.

613 5255 678 5288 ¹⁸⁷
734 5254 945 5322 Quanto
994 5266 1171 5313 autem
1224 5277 1330 5316 mss
1385 5259 1597 5328 Quanto
1646 5260 1788 5314 enim

503 5415 584 5453 n.s
615 5400 808 5453 collata
919 5401 982 5432 ’θ’
1017 5401 1070 5456 In
1119 5401 1356 5457 Ecclesia
1385 5418 1462 5454 ms
1507 5419 1558 5455 tn
1589 5401 1788 5456 Christi
1837 5400 2072 5457 Ecclesia

1904 5261 1971 5294 ⁸⁸⁸
2020 5261 2215 5333 Utique
2270 5260 2528 5333 fratribus
2575 5258 2917 5333 mss_ntiqne
2971 5256 3229 5333 terribilis

498 5331 752 5402 praesenti
789 5329 1054 5402 mittimus
1094 5347 1198 5402 mss
1227 5332 1537 5385 Flandriam
1588 5331 1786 5402 latores
1833 5329 2177 5402 prmsentiuin
2209 5332 2474 5386 mittimus

3358 5255 3424 5287 ¹⁸⁹
3469 5251 3783 5309 Flandriam

2586 5330 2652 5362 ¹⁹⁰
2685 5323 2844 5383 Cum'
2865 5345 2967 5382 uno
3000 5344 3064 5382 ex
3092 5327 3330 5398 prwfatis
3376 5323 3784 5396 Exemplaribuo

1683 5491 1967 5548 JOAN-NIS
2007 5492 2278 5548 l’iCAIlDl
2317 5491 2553 5549 NOTAE.

575 5584 649 5654 (9)
684 5582 788 5650 Qui
810 5582 1024 5656 modica~
1041 5563 1283 5654 despicit,
1303 5583 1557 5656 paulatim
1583 5585 1793 5640 decidit.
1827 5584 2084 5642 Eamdcm
2189 5593 2246 5640 et
2267 5600 2362 5640 sex
2401 5602 2503 5641 ms.
2533 5593 2736 5649 nostra,
2769 5583 2970 5639 habent
2994 5583 3222 5656 spernit;
3251 5555 3346 5638 sed
3393 5551 3518 5656 cum
3551 5597 3652 5656 vos
3706 5584 3780 5637 sit
3809 5623 3814 5630 .

503 5657 832 5710 sententiam
866 5655 1057 5709 iisdem
1085 5655 1309 5711 prorsus
1333 5656 1511 5710 verbis
1553 5656 1791 5711 Anselmi
1847 5656 2081 5710 inculcat

504 5741 590 5790 t-p.
623 5726 690 5778 :20
719 5726 876 5794 hujus
905 5724 1047 5778 libri.
1079 5724 1178 5779 Pro
1212 5727 1374 5780 verbo
1410 5727 1645 5797 despicit,
1678 5743 1874 5782 excusa
1909 5727 2074 5782 liébiia

2186 5669 2511 5726 synonyma,
2540 5657 2616 5710 rei
2645 5671 2752 5711 non
2782 5654 3042 5726 pervertit
3076 5654 3428 5726 intellectum.
3449 5653 3779 5725 ,Signitican-

2189 5723 2274 5782 tur
2303 5723 2500 5780 ctettitn
2534 5727 2597 5781 ad
2627 5726 2840 5781 virtutis
2877 5723 3256 5796 rycfoptediam
3285 5743 3400 5779 esse
3429 5723 3780 5794 pernecessa-
