4028 6302
221 374 286 434 ot
833 329 838 332 ’
904 334 910 337 ’
1023 329 1036 338 ’
1450 369 1695 440 Lm.ut,
1739 371 1804 428 El

1909 369 1954 426 Γ.
1997 368 2186 427 XXXI.
2532 402 2536 406 -
2827 401 2830 406 -
3434 367 3506 424 62

223 485 471 544 cessibns
511 485 768 541 debemus
803 497 1019 552 cavere,
1067 492 1274 554 quanto
1320 499 1416 540 eos
1475 484 1809 556 frequentius
1840 476 1884 532 Α
1916 495 2008 540 aut
2043 483 2296 550 lectione,
2351 490 2448 539 aut
2483 483 2752 548 oratione,
2801 489 2894 538 aut
2923 479 3166 552 psalmis,
3197 489 3290 534 aut
3321 479 3504 548 aliqua

223 575 606 649 cognoscimus
639 588 696 628 se
727 573 880 629 nobis
924 574 1188 644 ingerere,
1223 580 1278 628 et
1315 580 1519 644 quanto
1562 574 1808 630 callidius

222 669 482 738 deceptor
513 677 698 720 noster
719 664 917 719 nullam
947 664 999 718 in
1031 663 1112 719 eis
1141 677 1264 719 esse
1294 663 1529 734 culpam,
1559 674 1653 719 aut
1675 681 1809 721 con-

222 756 588 822 temnendant,
629 757 672 812 si
723 771 828 826 qua
855 764 956 819 est,
992 755 1181 809 nititur
1233 755 1388 810 nobis
1445 755 1804 824 persuadere.

220 846 374 916 Quod
407 862 510 901 non
533 846 706 901 sohnu
739 846 792 900 In
820 845 1183 900 exterioribus
1211 845 1488 915 operibus,
1521 845 1614 900 sed
1639 846 1805 900 etiam

224 939 280 993 in
323 937 528 992 intimis
559 937 982 1005 cogitationibus
1037 937 1246 992 debetis
1297 951 1537 1004 servare,
1579 951 1680 993 nec
1707 939 1810 992 mi-

221 1045 324 1085 nus
367 1031 476 1084 Deo
511 1029 798 1098 displicere
830 1029 1168 1084 indecentem
1211 1026 1592 1100 cogitationem
1646 1044 1808 1098 quam

223 1120 532 1177 hominibus
559 1122 954 1199 reprobandam
1003 1122 1274 1176 actionem
1310 1121 1807 1192 debetisjudicare.

221 1211 466 1281 Denique
535 1214 676 1268 sicut
738 1227 952 1284 sponsae
997 1211 1294 1266 carnalium
1346 1211 1601 1266 vitiorum
1659 1220 1811 1267 exte—

218 1302 417 1357 r’orcm
457 1301 757 1358 foeditatem
792 1310 1159 1370 exsecrantes,
1203 1316 1302 1371 per
1345 1301 1808 1371 pulchritudinem

218 1392 404 1450 carnis
447 1404 502 1450 et
535 1395 762 1450 vestium
795 1395 1148 1465 aptitndinem
1189 1393 1408 1448 student
1446 1393 1699 1464 placere;
1736 1395 1809 1449 ita

221 1498 438 1553 sponsa:
486 1483 801 1554 spirituales
849 1483 1014 1554 Regis
1067 1497 1252 1555 regum
1295 1481 1414 1536 Filii
1449 1482 1540 1538 Dei
1587 1481 1806 1537 foedita-

223 1581 330 1629 tem
372 1576 683 1630 Interiorem
724 1575 1078 1641 detestantes,
1125 1589 1222 1646 per
1260 1573 1458 1629 mentis
1506 1573 1808 1642 pulchritu-

222 1667 402 1723 dinem
451 1679 502 1723 et
535 1678 851 1723 ornamenta
877 1670 1134 1724 virtutum
1171 1677 1230 1722 ut
1274 1667 1347 1723 illi
1379 1667 1629 1739 placeant
1665 1681 1808 1721 sem-

219 1774 318 1828 per
365 1757 566 1814 debent
621 1761 861 1814 studere.
910 1759 1262 1815 Pulehritudo
1305 1765 1458 1814 certe
1509 1757 1708 1812 mentis
1753 1765 1807 1811 et

1913 576 2032 631 utili
2062 573 2389 645 cogitatione
2423 573 2535 628 sive
2569 573 2871 629 intentione
2901 572 2972 628 sit
2999 581 3343 640 occupatum.
3375 568 3516 635 Vos,

1909 667 2125 724 domina
2174 665 2449 720 abbatissa
2477 702 2494 728 ,
2543 678 2736 732 precor
2789 672 2849 718 ut
2897 672 3169 726 matrem,‘
3204 675 3397 715 moneo
3445 669 3517 714 ut-

1910 770 2179 820 sororem,
2203 756 2394 810 hortor
2414 762 2472 807 ut
2493 753 2748 816 amicam,
2773 753 3028 823 praecipio
3055 759 3114 805 ut
3142 751 3266 805 filiae
3296 749 3505 805 charis-

1917 847 2091 912 simte,
2123 855 2392 916 quatenus
2420 844 2486 899 Il.
2517 845 2629 916 (10)
2657 845 2912 914 episeopo
2947 843 3225 898 Osmundo
3255 841 3510 896 omnibc-

1911 937 2176 1007 niguitate
2231 946 2478 991 sanctam
2523 945 2579 990 et
2633 935 2746 989 Deo
2801 934 3052 1005 placitam
3112 931 3516 996 obedientiam,-

1910 1027 2052 1081 sicut
2076 1026 2252 1093 decet,
2279 1025 2611 1090 exhibeatis,
2657 1035 2712 1080 et
2749 1024 2866 1093 ejus
2891 1023 3232 1094 dilectionem
3260 1032 3314 1080 et
3340 1023 3524 1078 fami“

1910 1114 2100 1170 liarem
2151 1115 2452 1172 amicitiam
2517 1124 2684 1185 atque
2732 1113 3020 1170 consilium
3055 1121 3111 1168 et
3153 1114 3413 1174 auxilium
3444 1113 3503 1170 in

1910 1204 2280 1274 corporalibus
2307 1213 2363 1260 ct
2393 1205 2444 1258 in
2483 1203 2858 1273 spiritualibus
2906 1203 3126 1268 habere,
3160 1211 3216 1258 et
3253 1201 3335 1257 illi-
3355 1202 3502 1272 quod

1911 1311 1979 1352 ex
2012 1298 2165 1363 vobis
2195 1305 2280 1353 est
2307 1297 2570 1353 exhibere
2612 1296 2664 1351 in
2693 1295 2897 1352 Christi
2920 1295 3188 1351 charitate
3214 1296 3523 1351 studentis..-

1911 1387 2269 1460 Omnipoteus
2297 1389 2464 1456 Deus,
2485 1388 2730 1460 Sponsus
2758 1396 2957 1452 vester,
2988 1388 3060 1444 sit
3086 1389 3298 1443 semoer
3317 1397 3503 1442 custos

1909 1487 2113 1535 vester.
2142 1479 2338 1535 Amen.

2288 1600 2299 1610 -
2365 1571 2700 1640 EPISTOLA
2734 1570 2904 1626 XXXI
2941 1571 3030 1624 η’.

2053 1679 2122 1720 Δί)
2153 1679 2459 1730 ιΑΝΡιιιυυιι
2487 1678 2734 1717 ΔΒΒΑΤΕΗ
2761 1677 2995 1719 εωκοιιιι
3017 1676 3063 1717 S.
3092 1675 3334 1716 WLIARI.

2056 1754 2122 1810 Ut
2157 1773 2360 1826 gregem
2395 1769 2499 1811 non
2525 1755 2731 1810 deserat
2767 1754 2828 1808 ob
2861 1755 3032 1808 varias
3070 1752 3336 1806 molestias

213 1848 606 1906 nutrimentum
658 1851 918 1903 virtutum
987 1859 1092 1913 est,
1146 1849 1327 1904 cordis
1379 1847 1668 1913 munditia,
1718 1847 1803 1902 cui
1840 1829 1882 1886 Β
1983 1848 2288 1915 Aasunns,
2321 1856 2546 1903 vocatus
2594 1845 3057 1916 archiepiscopus,
3089 1844 3241 1899 fratri
3289 1842 3506 1923 charis-p

221 1937 355 1992 visio
377 1936 471 1992 Dei
506 1937 863 2008 spiritualiter
883 1939 1249 2009 promittitur;
1290 1937 1358 1992 ad
1386 1950 1548 2007 quam
1596 1935 1810 1991 mundi-

223 2027 352 2082 tiam
386 2027 566 2084 nullus
590 2029 692 2084 nisi
731 2045 828 2100 per
877 2045 1124 2100 magnam
1151 2030 1330 2086 cordis
1356 2028 1657 2085 custodiam
1684 2043 1810 2098 per-

220 2118 456 2174 dueitur.
495 2119 648 2176 Unde
695 2121 955 2189 scriptum
995 2129 1114 2176 est:
1163 2121 1322 2175 Omni
1367 2121 1607 2174 custodia
1658 2136 1808 2174 serva

217 2227 308 2264 cor
335 2221 482 2265 luunt
512 2209 698 2282 (l’rov.
739 2227 813 2278 Iv,
841 2212 956 2284 25).
995 2211 1074 2267 Ad
1117 2228 1279 2284 quam
1322 2213 1650 2276 custodiam,
1678 2221 1802 2282 post

214 2299 446 2369 gratiam
481 2298 594 2365 Dei,
623 2309 884 2370 quantum
927 2301 994 2356 ad
1024 2302 1317 2356 humanum
1367 2302 1602 2356 studium
1635 2302 1803 2372 perti-

214 2399 330 2454 net,
378 2389 480 2444 hoc
513 2398 598 2446 est
635 2390 911 2462 singulare
963 2401 1018 2448 et
1070 2389 1343 2447 efﬁcacius
1381 2392 1686 2457 consilium,
1742 2401 1804 2449 ut

209 2496 431 2552 semper
477 2497 570 2538 cor
614 2492 852 2540 vestrum
900 2492 956 2540 et
1003 2485 1221 2556 ubique,
1259 2485 1501 2556 quandiu
1544 2485 1796 2553 vigilatis,

1912 1941 2074 2006 simo,
2112 1940 2312 1994 domno
2343 1939 2527 1994 abbati
2579 1937 2815 1993 etenobii
2865 1935 3054 1992 Sancti
3097 1934 3323 1990 Whnari
3362 1934 3504 1989 LAN-

1911 2045 2088 2097 rntoo,
2122 2029 2306 2084 divino
2334 2029 2444 2101 regi
2473 2028 2698 2084 consilio
2723 2037 2777 2084 et
2811 2026 3054 2097 adjuvari
3077 2026 3297 2081 auxilio.

1984 2123 2056 2176 De
2079 2121 2338 2192 petitione
2381 2129 2581 2183 vestra,
2615 2135 2717 2189 qua
2747 2120 2877 2174 tnihi
2901 2117 3312 2188 infatigabiliter
3337 2126 3505 2172 Insta-

1911 2210 1978 2266 tis
2000 2219 2267 2280 quatenus
2303 2210 2371 2263 ab
2394 2211 2648 2280 episeopo
2678 2220 2860 2277 vestro
2899 2210 3132 2265 consilio
3169 2219 3224 2266 et
3253 2210 3525 2280 precibus.

1908 2304 2043 2359 meis
2073 2310 2272 2358 tentem
2317 2301 2610 2372 impetrare
2633 2301 2784 2356 vobis
2820 2300 3094 2356 licentiam
3121 2301 3418 2364 abbatiam,
3449 2299 3501 2354 in

1913 2410 2017 2464 qua
2044 2409 2144 2450 vos
2177 2393 2359 2448 divina
2386 2393 2668 2449 constituit
2699 2393 2999 2463 dispositio,
3027 2392 3330 2456 deserendi,
3361 2376 3530 2460 stupe.

1909 2485 2247 2556 multumque
2271 2484 2339 2516 ¹⁹³
2385 2498 2596 2541 mecum
2632 2483 2886 2554 cogitavi,
2915 2492 3110 2538 etcum
3140 2483 3259 2538 aliis
3292 2483 3342 2537 in
3383 2479 3503 2552 qui-

1513 2617 1750 2672 VAIlIlE
1792 2617 2194 2676 LECTIONES.
2273 2649 2276 2653 -

292 2716 360 2747 ’δ’
385 2715 514 2770 Cum
556 2716 734 2770 eodem
775 2733 871 2771 nas.
909 2716 1102 2772 collata
1180 2717 1246 2749 ¹⁹³
1282 2717 1434 2790 Saepe
1465 2716 1690 2771 multum
1717 2733 1814 2769 ms.
1867 2730 2008 2784 smpe
2048 2715 2384 2784 multumque

1407 2850 1692 2910 JOANNIS
1730 2849 2004 2906 PICARDI
2033 2847 2268 2906 NOTAE.

217 2970 355 3050 riam
378 2967 945 3050 errat-olorumfugam
992 2967 1360 3050 leviorumque
1387 2976 1798 3050 praeceptorum
1827 2970 1869 3028 ε
1945 2962 2086 3046 μθ)
2122 2962 2393 3050 Qsmundo
2422 2962 2682 3050 episeopo.
2713 2961 3118 3050 Sarisberiensi.
3153 2963 3231 3050 vel
3269 2963 3506 3050 Salishe-

217 3039 688 3109 diligentissimam
716 3038 1137 3105 observantiam,
1175 3049 1240 3109 ut_
1258 3038 1459 3106 passim
1506 3045 1562 3093 et
1608 3038 1803 3109 crebro

217 3107 460 3166 Auselm.
485 3118 832 3174 commonet,
881 3112 1172 3179 czeterique
1218 3107 1408 3164 Patres
1439 3148 1454 3174 ,
1511 3123 1703 3178 nempe
1743 3108 1805 3162 D.

215 3179 496 3251 Chrysost.
527 3179 710 3234 homil.
738 3180 806 3251 27
836 3181 888 3234 iu
913 3179 1130 3251 Matth”
1161 3187 1216 3234 et
1238 3179 1283 3232 is
1310 3179 1376 3234 ad
1406 3179 1658 3251 populum
1691 3179 1806 3231 An-

216 3249 667 3306 thiodnJlieron.
694 3249 758 3304 ad
787 3250 1066 3304 Rusticum
1118 3251 1460 3314 monachum,
1511 3258 1566 3304 et
1615 3249 1808 3302 Eusta-

213 3322 393 3378 ehiam
422 3322 486 3385 de
534 3321 776 3375 custodia
825 3321 1173 3390 virginitatis,
1217 3318 1443 3390 Gregor.
1476 3318 1801 3390 Nazianzen.

215 3403 358 3447 orat.
402 3392 421 3445 l
460 3390 512 3446 in
543 3390 844 3455 Iulianum,
872 3389 934 3444 υἱ
980 3390 1234 3460 Ephrem.
1285 3389 1415 3445 tom.
1448 3389 1490 3444 ll
1517 3399 1677 3445 tract.
1732 3390 1806 3460 De

213 3463 632 3532 intemperantia
665 3461 842 3517 abhis
865 3460 1047 3532 verbis
1079 3479 1092 3514 :
1131 3459 1242 3532 Vm,
1295 3459 1806 3532 illisiiquikminimis

211 3529 602 3603 fortissimisque,
635 3542 768 3596 ctc.,
793 3531 1151 3603 et_Paraenesi
1193 3540 1324 3586 tom.
1350 3529 1517 3603 XXIX
1537 3529 1593 3603 S.
1621 3531 1804 3603 Ctesaf

213 3605 326 3655 rius
353 3600 562 3656 Arelat.
592 3617 756 3657 serm.
779 3602 832 3656 8.
861 3601 1174 3671 Rursusque
1189 3612 1373 3656 noster
1390 3602 1630 3656 Anselm.
1665 3600 1806 3669 apud

213 3672 545 3726 Eadmerum
573 3673 666 3726 lib.
703 3688 744 3735 ι,
775 3672 1131 3726 similitudine
1178 3681 1389 3742 sumpta
1428 3687 1496 3727 ex
1550 3671 1761 3724 vinario
1786 3711 1803 3739 ,

210 3742 363 3812 cujus
395 3743 571 3812 rimae,
604 3743 953 3812 quantumvis
981 3752 1189 3807 tenues,
1228 3743 1272 3796 si
1302 3741 1407 3796 non
1432 3741 1760 3796 obturentur
1785 3781 1801 3806 ,

209 3811 507 3882 COItfeSIillt
527 3811 722 3882 aquam
749 3820 914 3882 totam
945 3812 1216 3877 emittant,
1248 3812 1388 3867 unde
1417 3813 1640 3880 piscium
1678 3827 1805 3866 con-

209 3892 472 3950 sequetur
499 3881 769 3936 interitus.
793 3881 1026 3937 Leonius
1061 3883 1354 3938 eanoniens
1413 3891 1595 3937 noster
1647 3891 1804 3951 poeta

212 3966 320 4006 non
353 3953 809 4017 contemnendus,
836 3953 927 4022 qui
957 3963 1084 4007 ante
1121 3951 1226 4023 400
1251 3968 1423 4008 annos
1453 3953 1676 4023 parabat
1709 3953 1803 4008 he-

209 4023 415 4077 roicum
453 4033 675 4077 carmen
710 4023 760 4076 in
793 4021 1043 4079 universa
1075 4021 1267 4085 Biblia,
1308 4025 1401 4080 sed
1436 4021 1583 4077 mors
1607 4037 1805 4091 praeve-

209 4093 364 4147 niens
381 4092 614 4163 jamjam
637 4093 927 4148 scribentis
957 4109 1172 4147 mantnu
1197 4092 1557 4163 obstupefecit
1583 4105 1636 4146 et
1656 4107 1805 4147 com-

207 4162 440 4230 pescuit.
475 4163 646 4227 Quam
673 4163 742 4216 ob
767 4177 983 4216 causam
1019 4162 1454 4230 reliquittant’um
1482 4162 1647 4216 libros
1672 4163 1805 4215 duo—
1876 4204 1882 4212 .

209 4232 390 4285 daeim
422 4231 606 4286 finitos
635 4232 686 4284 in
717 4231 943 4284 historia
982 4231 1146 4285 Ruth.
1205 4231 1275 4294 Is,
1332 4231 1568 4300 inquam.
1607 4242 1803 4299 praeter

207 4303 320 4357 ha-c
347 4311 403 4356 et
433 4301 540 4379 alia
579 4310 874 4379 poemata,“
884 4301 1013 4379 illud
1063 4302 1235 4370 reperi
1284 4302 1350 4354 ad
1398 4315 1521 4379 rem
1553 4317 1803 4379 pra-sen-
1840 4325 1883 4379 ι)

206 4381 334 4433 tem,
355 4373 455 4442 cui
496 4369 650 4427 titulo
673 4381 757 4426 est
787 4389 800 4424 :
833 4369 1002 4442 Quod
1023 4369 1268 4442 nou’sunt
1292 4369 1596 4442 negligenda
1631 4373 1804 4427 reuiu-

204 4442 299 4493 lln.
329 4441 577 4497 Carmen
605 4442 852 4510 sequitur
878 4439 1180 4509 hujuSmodi
1213 4459 1226 4494 :
1357 4439 1372 4442 ’
1433 4439 1444 4442 ’
1709 4469 1712 4471 >

318 4529 424 4594 Qui
435 4599 442 4600 ί
466 4531 593 4582 liene
615 4541 802 4584 cuitctn
830 4530 969 4599 fugis
998 4532 1255 4600 gravioris
1292 4530 1514 4586 crimina
1539 4548 1709 4598 noxa',

421 4599 540 4653 Hoc
563 4617 658 4669 age
688 4616 750 4653 ne
776 4601 929 4669 culpa
957 4599 1050 4654 sub
1081 4601 1268 4656 leviore
1296 4601 1477 4654 cadas.

310 4669 481 4738 Culpa
515 4671 712 4736 gravis.
743 4686 945 4737 semper
967 4671 1155 4724 levium
1191 4683 1512 4739 contemptus
1538 4672 1760 4727 habetur
1782 4691 1802 4729 :

420 4739 843 4812 Parcaquequw
873 4739 1105 4812 fuerant,
1132 4742 1352 4795 crimina
1387 4743 1740 4812 ntugnufucit.

311 4809 453 4876 Quid
484 4812 675 4865 vitasse
697 4810 867 4863 lutum
891 4809 1063 4879 juvat,
1091 4820 1143 4862 ut
1179 4813 1431 4879 mergaris
1462 4809 1626 4866 arena
1656 4814 1681 4869 ."

421 4879 593 4936 Forte
616 4881 785 4933 lutum
811 4880 959 4949 fetet;
990 4897 1093 4934 non
1122 4881 1294 4934 minus
1321 4881 1412 4935 illa
1442 4891 1607 4935 necat.
1727 4889 1738 4896 ‘

305 4948 398 5006 Sic
436 4950 658 5004 timidus
686 4948 885 5021 frustra
911 4951 1072 5004 maris
1098 4952 1208 5004 alta
1229 4951 1461 5020 pericula
1489 4952 1623 5022 fugit

415 5022 586 5086 Quem
613 5031 760 5074 necat
793 5023 845 5074 in
867 5031 978 5073 tuto
1003 5022 1238 5089 ﬂuminis
1266 5023 1407 5075 unda
1435 5023 1585 5078 vado.

304 5088 420 5145 Nec
437 5091 582 5159 satis
606 5100 678 5143 est
707 5106 885 5159 gressu
910 5088 1082 5159 fovens
1115 5093 1274 5144 vitare
1297 5103 1548 5159 patentes,

427 5158 629 5230 Decipit
663 5158 970 5213 incautos'et
1005 5162 1084 5230 ria
1114 5158 1474 5230 plumipedes.

312 5227 383 5283 Ut
419 5227 568 5298 bene,
595 5243 713 5296 qua:
749 5244 858 5280 sese
885 5227 1484 5297 produntincom'moda,
1517 5233 1661 5298 vites,

419 5297 646 5354 Utilium
679 5298 848 5366 specie
877 5298 1034 5351 noxia
1061 5299 1225 5352 multa
1257 5300 1439 5354 latent.

205 5409 486 5485 Hactenus
513 5408 885 5485 decastichou,
912 5409 1056 5482 quod
1081 5411 1316 5485 antehac
1373 5415 1426 5468 in
1456 5416 1646 5485 vulgus
1690 5434 1793 5471 non

203 5483 436 5556 esierat,
469 5491 529 5536 ut
549 5485 746 5536 caetera
772 5482 855 5556 sui
883 5482 1124 5556 auctoris
1145 5491 1403 5556 poemata
1433 5526 1448 5551 ,
1481 5482 1644 5556 inter
1677 5503 1812 5556 quae-

203 5552 311 5606 vidi
335 5553 563 5620 litteras",
580 5556 725 5604 ‘unas
739 5553 803 5604 ad
827 5553 1120 5607 Adrianutn
1143 5551 1231 5619 ιν,
1255 5553 1452 5610 alteras
1474 5555 1540 5609 ad
1563 5551 1800 5612 Alexan-

206 5622 358 5676 drum
387 5621 481 5700 |_l_l,
514 5625 755 5700 summos
784 5624 1085 5700 pontiﬁces.
1131 5625 1209 5700 ιςο
1239 5639 1466 5700 quoque
1513 5626 1613 5682 loci
1641 5647 1644 5650 ί
1670 5640 1808 5700 spe-'

211 5701 359 5747 ctant
385 5691 666 5766 Plutarchi
700 5693 805 5766 duo
836 5694 1022 5749 ultima
1051 5691 1288 5766 capitula
1322 5691 1439 5764 ejus
1481 5691 1743 5754 tractatus
1771 5742 1787 5766 ,

208 5775 365 5842 quem
395 5765 450 5814 in
481 5763 671 5832 eripsit
700 5780 712 5816 :
754 5764 1029 5830 Quomodo
1055 5763 1228 5822 ridere
1248 5763 1368 5838 quis
1412 5773 1576 5839 ρυεδί
1617 5788 1685 5826 an
1737 5763 1789 5826 ει

211 5841 389 5887 virtute
420 5843 734 5896 promoveat.

1915 3031 2101 3088 rieusi.
2135 3033 2275 3088 Ante
2306 3031 2459 3103 hunc
2484 3031 2673 3102 reliqui
2710 3035 2946 3103 episcopi
2972 3034 3302 3088 vocabantur
3347 3036 3528 3090 Seliio.

1911 3103 2295 3159 reburnienses
2332 3118 2361 3156 a
2414 3102 2799 3158 Schircburnia
2854 3103 2906 3157 in
2943 3103 3128 3173 Anglia
3183 3104 3498 3159 Westsaxo-

1911 3174 2056 3236 nica,
2090 3174 2206 3244 vico
2236 3173 2482 3244 ignobili,
2514 3184 2570 3228 et
2610 3175 2906 3228 inammno.
2965 3173 3118 3229 Unde
3164 3174 3359 3229 mirum
3414 3187 3500 3230 est

1911 3245 2099 3317 tandiu
2128 3243 2236 3298 illic
2264 3243 2551 3317 episcopos
2580 3244 2804 3317 sedisse.
2842 3245 3100 3317 A'I‘andem
3135 3245 3299 3317 l075.
3333 3262 3522 3317 syria--

1911 3316 2009 3369 dus
2037 3324 2258 3370 auctore
2287 3313 2596 3368 Lanfranco
2628 3314 2853 3385 Lomlini
2887 3326 2968 3369 est
3021 3315 3226 3385 habita,
3261 3316 3311 3370 in
3363 3313 3521 3385 qua,:

1909 3394 1969 3438 ut
2015 3395 2283 3440 testantur
2327 3394 2449 3455 acta
2502 3384 2743 3454 ejusdem
2781 3385 3054 3455 epistolis,
3081 3384 3501 3440 Laul'raueiad-

1911 3455 2092 3526 tnista,
2123 3464 2176 3511 et
2204 3454 2439 3526 decretis
2485 3454 2822 3509 summorum
2875 3454 3235 3526 pontificum,
3285 3455 3500 3510 Damasi

1909 3525 2157 3580 videlicet
2185 3535 2237 3578 et
2267 3525 2481 3587 Leonis,
2514 3541 2612 3580 nec
2642 3540 2747 3580 non
2779 3540 2844 3579 ex
2877 3524 3143 3582 leoneiliis
3187 3524 3499 3581 Sardiccnsi

1911 3605 2074 3664 atque
2101 3595 2442 3666 Laodiﬁeensi,
2473 3596 2525 3650 in
2553 3595 2749 3664 quibus
2794 3596 3114 3665 prohibetur
3163 3596 3500 3666 episcopales

1909 3669 2067 3721 sedes
2098 3667 2151 3720 iu
2184 3665 2322 3719 villis
2353 3666 2613 3736 existere,
2653 3680 2972 3721 concessum
3017 3675 3103 3736 est
3150 3665 3292 3736 regis
3330 3667 3500 3719 muni-

1909 3736 2145 3800 ﬁcentia,
2175 3746 2230 3790 et
2255 3735 2494 3804 synodali
2524 3735 2849 3806 auctoritate
2888 3735 3127 3806 prtefatis
3165 3735 3334 3788 tribtts
3383 3737 3500 3804 cpi-

1908 3809 2089 3877 sc0pis
2114 3807 2178 3860 de
2195 3806 2346 3877 _villis
2379 3807 2614 3862 transire
2637 3807 2704 3860 ad
2738 3805 3015 3877 civitates;
3075 3807 3383 3859 llermanno
3434 3807 3501 3860 de

1908 3875 2238 3958 S_yraburnia
2271 3877 2338 3930 ad
2363 3877 2741 3958 Serisberiam,
2770 3875 3160 3958 ete.h\’ulgaris
3191 3886 3372 3958 autem
3400 3891 3499 3958 eo-

1907 3943 2084 4002 dicum
2109 3947 2491 4018 impt‘essorutn
2514 3947 2671 4001 lectio
2695 3946 2856 4018 habet
2880 3943 3308 4018 Sarisberiamet
3326 3945 3515 4018 S_chc-.

1909 4015 2246 4082 reburniatit;
2303 4016 2499 4070 tabnlm
2525 4033 2742 4086 quoque
2770 4015 3501 4086 Sat-isheriensitnnepisco-

1949 4101 2106 4141 orum
2130 4088 2185 4141 in
2234 4082 2560 4140 bibliotheca
2626 4082 2810 4139 Sancti
2872 4082 3103 4138 Victoris
3154 4083 3496 4138 Parisicusis.

1949 4102 2106 4141 orum
2130 4103 2185 4141 tn
2234 4102 2560 4140 tnottouteca
2626 4102 2810 4139 bancu
2879 4102 3103 4138 uetorts
3155 4102 3494 4138 rartstenSIs.

1908 4102 2212 4211 germanus
2239 4156 2404 4225 igitur
2433 4170 2556 4210 mox
2581 4164 2636 4225 ut
2664 4155 2848 4209 sedem
2879 4154 3082 4208 invexit
3109 4152 3494 4216 Sarisheriam,

1908 4226 2186 4280 inchoavit
2211 4224 2497 4280 ecclesiam
2550 4224 2902 4296 primariam,
2956 4225 3108 4295 cujus
3157 4240 3291 4295 Opus
3352 4242 3499 4281 mors

1912 4296 2250 4365 praeveniens
2294 4294 2566 4350 remorata
2597 4304 2697 4349 est.
2727 4294 3033 4351 Osmundus
3067 4294 3244 4351 autem
3283 4312 3498 4351 succes-

1909 4382 2000 4422 sor
2028 4367 2177 4436 operi
2213 4367 2470 4421 inchoato
2503 4365 2854 4434 colophouem
2885 4367 3158 4436 imposuit,
3188 4375 3246 4420 ut
3291 4370 3497 4421 notavit

1908 4437 2396 4492 Malmesberiensis
2427 4436 2517 4491 lib.
2555 4453 2590 4490 ιι
2621 4437 2694 4490 De
2725 4442 2890 4507 gestis
2920 4438 3232 4507 pontificum
3287 4438 3494 4505 Anglu-

1907 4523 2044 4561 rnm.
2083 4508 2347 4562 Creterum
2370 4507 2525 4577 juxta
2551 4506 2909 4577 Sat-Aisb’eriam
2925 4506 3168 4576 positum
3196 4517 3280 4562 est
3313 4524 3495 4563 emno-

1905 4577 2050 4640 binm
2101 4575 2456 4633 Wiltoniense
2501 4577 2566 4630 ad
2621 4575 2796 4631 Wileu
2845 4575 3042 4630 Ilttmen
3100 4579 3150 4630 iu
3209 4578 3330 4630 vico
3386 4595 3491 4632 non

1904 4650 2122 4718 exiguo,
2148 4649 2232 4702 cui
2263 4663 2457 4701 nomen
2492 4647 2752 4711 Wiltuna,
2779 4662 2808 4700 a
2859 4661 2966 4716 quo
3016 4657 3070 4701 ct
3119 4646 3494 4718 Wiltonicusis

1905 4716 2195 4772 Parthemo
2231 4727 2286 4771 ut
2320 4719 2522 4783 sedem,
2551 4719 2623 4772 ita
2657 4726 2711 4769 et
2751 4722 2956 4772 nomen
2997 4717 3198 4780 traxit;
3229 4717 3491 4784 originem

1904 4803 2035 4857 vero
2063 4788 2131 4841 ab
2144 4787 2357 4857 Edgaro
2380 4803 2526 4857 rege,
2552 4787 2642 4856 qui
2669 4787 2792 4842 illuc
2823 4787 3143 4841 introductis
3171 4785 3495 4841 Inonialibus

1907 4856 2266 4928 Benedictinis
2299 4856 2596 4911 antistitam
2623 4858 3113 4928 praeposuitAliliam
3137 4871 3302 4928 suam
3337 4871 3493 4928 ,_no-

1905 4929 2048 4982 mine
2089 4927 2368 4991 Editham,
2415 4943 2557 4981 anno
2594 4923 2698 4982 9⁷74
2728 4923 2749 4992 ,⁷
2801 4937 2860 4981 ιιι
2913 4926 3050 4980 Lilio
3099 4925 3295 4994 placet.
3357 4923 3492 4980 Sero

1815 5013 1818 5016 ·
1903 4998 2140 5067 quidem,
2167 4998 2260 5068 sed
2289 5013 2394 5051 non
2430 4999 2736 5068 importune
2766 4998 3036 5068 (virorum
3076 4995 3220 5050 enim
3274 5004 3508 5051 sancto-.

1904 5066 2020 5122 rum
2067 5067 2306 5138 quolibet
2346 5066 2903 5138 tetnporermemoria
2959 5066 3096 5122 solet
3123 5081 3248 5138 esse
3291 5081 3490 5137 oppor-

1904 5140 2052 5209 luna)
2089 5136 2152 5193 in
2214 5136 2469 5194 mentem
2501 5137 2651 5192 venit
2686 5138 2945 5209 adnotare
2971 5152 3090 5205 qua:
3121 5137 3188 5209 D.
3224 5136 3504 5193 Antoniu-

1900 5207 2115 5279 scriptis
2147 5211 2292 5264 dedit
2337 5225 2394 5263 ιιι
2431 5217 2570 5279 part.
2609 5209 2813 5279 histor.
2846 5207 3102 5279 24,}eap.
3134 5207 3240 5274 l2;
3296 5221 3491 5278 nempe

1902 5277 2044 5332 hunc
2065 5277 2408 5350 AOsmundnm
2434 5277 2634 5350 ‘(quem
2681 5277 3034 5350 Osimtntdum
3051 5277 3072 5327 Ϊ·
3090 5281 3389 5348 nuncupat)
3417 5277 3490 5335 ob

1900 5347 2210 5419 smtctitatis
2235 5347 2469 5413 famam,
2497 5347 2568 5403 et
2601 5349 2983 5404 miraculorum
3031 5347 3390 5419 frequentiam
3433 5350 3505 5404 ist-1

1899 5418 2313 5490 divusrelatutn
2355 5420 2520 5473 fuisse
2566 5435 2596 5474 ιι
2627 5420 2923 5490 Calixtolll
2973 5418 3293 5490 papa,’anno
3321 5420 3504 5488 M57,-

1903 5488 2249 5560 olliciumque
2282 5491 2655 5558 praescriptum
2683 5525 2700 5554 ,
2739 5493 2791 5546 in
2822 5489 2944 5560 ejus
2974 5488 3296 5546 memoriam
3340 5492 3499 5546 lien-.
3559 5494 3564 5498 ’

1899 5559 2022 5613 dum
2059 5560 2274 5614 nomine
2304 5561 2474 5631 unius
2505 5562 2832 5617 confessoris
2854 5559 3127 5631 episcopi.
3174 5563 3304 5628 Qua:
3357 5563 3502 5631 quim

1898 5631 2018 5685 dem
2049 5631 2310 5684 Osmundi
2336 5630 2648 5699 apotheosis
2679 5649 2708 5686 a
2739 5630 2970 5699 Gegorio
3000 5630 3070 5686 IX
3094 5632 3284 5687 fuerat
3307 5630 3484 5686 tenta-

1899 5708 1975 5763 ta,
2002 5702 2098 5755 sed
2127 5702 2528 5772 insurgentibus
2555 5702 2802 5757 variisin
2834 5702 3132 5758 Eeelesiam
3185 5710 3496 5771 tempesta-.

1903 5772 2042 5824 tibus
2076 5782 2380 5840 prorogata,
2412 5773 2580 5826 donec
2598 5773 2857 5827 screniori
2888 5772 2972 5826 die
3004 5773 3347 5826 illucescente
3374 5781 3479 5825 tam

1903 5851 2147 5897 sanctum
2177 5842 2545 5914 iuserzptionis
2585 5859 2718 5916 opus
2745 5843 2859 5899 fieri
2887 5851 3069 5912 potscl
3102 5842 3381 5912 religiosus
3427 5852 3493 5898 et.
