4028 6302
530 246 600 302 63
1100 251 1157 307 S.
1190 253 1485 311 ANSELMI
1510 255 1777 314 CANTUA
1796 257 1859 313 Il.
1890 256 2205 315 AllClllEP.
2235 256 2384 317 ΟἶῬ.
2412 262 2596 319 PARS
2626 260 2710 317 Ill.
2734 293 2804 303 —
2847 263 3225 321 EPISTOLE.
3740 271 3816 326 δι

532 357 635 413 bus
660 358 944 415 consilium
990 361 1268 430 spirituale
1317 366 1551 435 speravi,
1607 382 1726 423 sum
1780 368 2021 437 loculus;
2058 381 2113 427 et
2131 355 2188 459 ‘A

532 449 796 518 intellexi,
821 452 1066 522 quamvis
1102 465 1320 525 propter
1346 460 1779 529 compassionem
1799 477 1905 531 qua
1939 463 2113 519 tristi-

533 541 621 596 tia:
656 540 1009 600 fraternitatis
1051 555 1244 600 vestrae
1267 549 1567 619 compatior
1602 550 1758 606 valde
1800 552 1953 608 vobis
1980 569 2114 609 con-

531 632 821 700 gauderem
851 634 894 689 si
920 635 1013 690 Dei
1037 636 1402 702 miseratione,
1430 640 1656 696 consilio
1677 650 1733 697 et
1753 644 2114 712 permissione

529 721 921 793 archiepiscopi
954 732 1009 779 et
1060 726 1300 796 episcopi
1330 728 1399 760 ηδ
1424 731 1614 797 vestri,
1665 732 1992 790 desiderium
2022 752 2115 797 ve—

528 819 697 865 strum
724 815 1176 883 assequeremini;
1214 818 1575 887 periculosum
1608 830 1783 879 tamen
1827 826 1959 882 mihi
1987 842 2112 885 esse

529 912 637 957 tam
695 904 1008 962 inusitatam
1056 922 1171 963 rem
1231 920 1413 980 petere
1468 920 1523 969 et
1568 915 1868 975 consulere.
1922 918 2111 977 Timeo

524 992 669 1045 enim
701 1008 788 1048 me
809 1010 917 1050 non
942 1012 1134 1066 parum
1168 1013 1414 1069 peccare,
1440 1002 1485 1058 si
1521 1019 1640 1059 mea
1674 1004 1932 1063 inStantia
1960 1008 2111 1067 locus

522 1085 680 1140 vobis
713 1090 1038 1145 commissus
1061 1093 1208 1146 omni
1250 1099 1463 1151 rectore
1507 1096 1822 1154 destituitur
1858 1108 2019 1172 atque
2054 1112 2112 1158 et

522 1191 708 1233 rerum
746 1189 802 1234 et
830 1197 1039 1238 morum
1068 1194 1123 1240 et
1153 1187 1385 1254 ordinis,
1414 1189 1627 1261 majori,
1664 1192 1771 1247 imo
1795 1196 2110 1252 omnimoda

522 1270 828 1328 vastatione
879 1273 1199 1332 destruitur.
1247 1277 1305 1334 Si
1351 1281 1497 1335 enim
1532 1285 1599 1337 ad
1631 1282 1774 1340 aliud
1813 1285 1887 1341 ibi
1926 1296 2108 1345 vestra

521 1377 627 1417 non
656 1356 955 1433 prodesset
979 1372 1287 1439 praesentia,
1331 1373 1435 1430 nisi
1481 1375 1606 1445 quia
1638 1391 1744 1432 non
1772 1378 1844 1434 ibi
1878 1396 2111 1452 regnare

521 1465 702 1524 potest
729 1475 829 1514 nec
853 1460 1022 1517 libere
1048 1466 1293 1520 exerceri
1339 1468 1456 1523 sine
1477 1469 1654 1539 aliqua
1686 1474 2109 1541 reprehensione

519 1548 748 1616 malitia,
782 1552 856 1607 ita
902 1569 1004 1611 nec
1058 1557 1200 1612 male
1228 1558 1298 1614 ibi
1336 1568 1440 1626 est,
1468 1560 1628 1617 sicuti
1675 1572 1844 1633 esset,
1872 1566 1916 1621 si
1964 1578 2110 1623 esset

519 1639 637 1692 sine
686 1652 919 1709 rectore,
966 1656 1060 1700 aut
1095 1647 1148 1701 in
1201 1649 1408 1704 ordinis
1436 1652 1623 1706 autin
1672 1668 1853 1709 rerum
1896 1656 2109 1714 destru-

518 1730 720 1796 ctione,
754 1748 857 1788 nou
890 1744 1067 1791 tamen
1098 1740 1331 1808 possetis
1356 1742 1615 1812 conqueri
1646 1747 1801 1814 quasi
1832 1747 1906 1803 ibi
1934 1749 2105 1806 inuti-

516 1822 645 1877 liter
678 1826 951 1893 viveretis,
1008 1830 1098 1885 ubi
1149 1840 1353 1887 tantum
1391 1835 1592 1890 malum
1629 1846 1683 1894 et
1728 1841 2007 1909 corporale
2052 1852 2106 1898 et

516 1913 821 1983 spirituale,
852 1932 918 1973 ne
944 1919 1120 1974 locum
1144 1924 1467 1992 praedictum
1495 1928 1822 1997 destrueret,
1862 1935 2101 2004 compri-

514 2009 754 2064 meretis.
788 2010 1002 2078 Quanto
1027 2015 1202 2085 magis
1249 2024 1377 2073 tunc
1408 2034 1467 2074 se
1490 2032 1671 2077 vestra
1714 2025 1978 2080 consolari
2008 2042 2105 2097 po.

515 2107 619 2155 test
638 2104 947 2171 prudentia,
980 2120 1104 2160 cum
1135 2106 1245 2161 sint
1265 2110 1428 2180 aliqui
1455 2114 1555 2167 sub
1586 2113 1674 2168 illa
1703 2117 1794 2184 qui
1834 2117 1950 2187 ejus
1980 2134 2105 2173 con-

510 2191 636 2247 silio
686 2201 742 2246 et
789 2195 1183 2265 gubernatione
1213 2199 1291 2253 uti
1343 2201 1675 2271 desiderant,
1699 2214 1753 2260 et
1801 2207 2107 2263 voluntaria

513 2284 851 2353 subjectione
883 2288 956 2343 illi
1008 2290 1288 2347 obediunt.
1318 2294 1413 2350 Est
1440 2305 1493 2352 et
1521 2297 1664 2352 aliud
1689 2299 1830 2355 unde
1855 2300 1907 2354 in
1938 2301 2109 2356 tribu-

512 2377 720 2434 latione
748 2390 933 2435 vcstra
965 2381 1173 2439 debetis
1199 2388 1451 2455 gaudere,
1486 2391 1610 2461 quia
1640 2406 1746 2447 non
1771 2402 1855 2447 est
1878 2393 2103 2450 dubium

511 2486 612 2530 vos
644 2474 789 2530 illam
813 2477 955 2534 bono
982 2479 1097 2534 zelo
1124 2480 1219 2535 Dei
1243 2481 1467 2547 habere,
1506 2492 1560 2538 et
1590 2484 1786 2540 timore
1816 2485 1910 2541 Dei
1950 2487 2107 2555 cuius

512 2566 945 2623 consideratione
974 2569 1121 2624 illam
1154 2570 1339 2642 fugere
1378 2589 1485 2629 non
1520 2574 1771 2642 audetis,
1810 2577 2103 2634 sustinere.

510 2655 671 2712 Certe
697 2659 789 2713 ubi
819 2667 900 2715 tot
933 2661 1174 2719 rationes
1196 2672 1323 2720 sunt
1351 2664 1737 2721 consolationis
1765 2677 1820 2723 et
1848 2668 2105 2739 spiritua-

509 2748 576 2804 lis
597 2749 819 2819 latitia},
856 2768 961 2809 non
989 2770 1243 2826 magnum
1273 2759 1483 2829 pondus
1526 2758 1727 2815 habere
1756 2760 1915 2817 debet
1946 2778 2097 2827 ama-

509 2839 689 2896 ritudo
712 2842 963 2899 tristitize.
988 2844 1196 2916 Quippe
1240 2863 1345 2903 non
1392 2848 1565 2905 solum
1594 2851 1907 2907 considerat
1935 2854 2101 2921 Deus,

508 2944 772 3000 quantum
822 2936 1063 2993 studium
1117 2937 1347 3009 alicujus
1397 2941 1452 2995 in
1516 2940 1639 2996 aliis
1687 2941 1957 3011 proficiat,
2008 2946 2104 3000 sed

506 3024 695 3089 etiam,
732 3034 828 3082 aut
852 3026 1079 3083 forsitan
1127 3030 1323 3100 magis,
1372 3041 1634 3101 quantum
1662 3030 1904 3088 laborem
1927 3034 1983 3088 In
2024 3035 2105 3089 iu-

508 3118 749 3171 teutione
800 3118 1138 3189 proficiendi,
1189 3130 1245 3177 et
1280 3121 1521 3178 dolorem
1561 3125 1687 3194 quia
1736 3140 1841 3180 non
1890 3126 2102 3196 proﬁcit

507 3209 805 3263 secundum
830 3209 1210 3276 intentionem,
1242 3213 1529 3268 sustineat.
1556 3210 1809 3269 Nostrum
1832 3216 1976 3269 enim
2016 3225 2101 3273 est

507 3299 756 3356 laborare
792 3310 846 3357 et
879 3302 1172 3371 seminare,
1206 3302 1301 3359 Dei
1349 3319 1477 3360 vero
1505 3314 1589 3360 est
1620 3304 2012 3362 incrementum
2046 3317 2101 3364 et

507 3388 760 3445 effectum
800 3391 951 3447 dare.
986 3392 1138 3461 Quod
1172 3403 1414 3449 nostrum
1453 3403 1556 3460 est,
1577 3397 1825 3467 quamvis
1852 3410 1919 3451 eo
1948 3397 2101 3466 adju-

507 3488 670 3535 vante
694 3481 787 3547 sit,
812 3482 968 3538 nobis
994 3483 1275 3553 retribuit;
1301 3483 1441 3553 quod
1470 3495 1650 3540 autem
1678 3500 1835 3539 suum
1868 3496 1971 3551 est,
1994 3486 2096 3541 sibi

508 3572 775 3627 attribuit.
804 3572 956 3640 Quod
986 3576 1029 3629 si
1066 3576 1182 3631 haec
1214 3592 1369 3630 mens
1392 3588 1571 3633 vestra
1606 3592 1712 3633 non
1747 3579 1969 3634 vultaut
1990 3596 2095 3634 non

506 3664 651 3718 valet
671 3666 964 3735 suscipere,
994 3666 1160 3738 378
1201 3683 1306 3723 non
1350 3668 1657 3738 prohibeo,
1682 3669 1726 3723 si
1761 3685 1857 3739 per
1889 3670 2098 3741 episco-

506 3770 635 3824 pum
665 3765 931 3823 vestrum,
968 3768 1023 3813 et
1052 3774 1150 3829 per
1178 3775 1272 3815 eos
1307 3762 1373 3815 ad
1401 3776 1537 3830 quos
1568 3777 1657 3818 res
1686 3763 1802 3818 haec
1831 3764 2091 3833 pertinet,

506 3845 621 3901 Deo
665 3847 1005 3918 disponente,
1058 3851 1124 3905 ad
1173 3852 1502 3909 desiderium
1559 3865 1798 3911 vestrum
1849 3856 2097 3913 ordinate

506 3936 730 4006 potestis
752 3938 1081 4011 pertingere.
1109 3939 1316 3997 Valete.

2678 354 3006 410 EPISTOLA
3040 355 3233 412 XXXII
3264 358 3382 414 m.‘

2433 461 2499 498 AD
2545 462 2811 503 GERVINUI
2866 466 3236 507 AIBIANENSEM
3274 466 3582 510 ενιεςορωι.

2216 534 2340 591 Non
2367 555 2513 608 posse
2546 543 2858 619 "tonitruum
2910 545 2961 619 in
2997 546 3229 619 abbatem
3260 548 3519 615 ordinari,
3549 549 3638 619 qui
3663 549 3809 606 clunt

2631 612 2794 667 inscio
2820 614 3039 683 pra'lato
3066 616 3387 672 abscesserit.

2284 721 2589 791 Assecuos,
2633 736 2854 783 vocatus
2884 729 3327 804 archiepiscopus
3367 731 3691 799 Cantuariis,
3724 750 3784 791 re

2213 812 2448 867 verendo
2473 815 2725 886 episcopo
2751 817 3141 876 Ambianorum
3169 821 3434 889 Genvmo,
3468 824 3719 880 salutem.

2281 903 2474 960 Frater
2509 906 2599 962 ille
2632 906 3036 965 Northmannus
3066 909 3323 966 Ecclesiae
3355 923 3557 969 nostra:
3587 915 3809 984 profes-

2212 1012 2303 1051 sus
2330 1013 2489 1068 quem
2521 999 2771 1056 abbatem
2801 1002 3030 1059 electum
3072 1020 3192 1061 esse
3222 1006 3352 1062 mihi
3394 1009 3709 1077 mandastis,
3745 1021 3807 1068 et

2211 1090 2365 1159 cujus
2386 1091 2709 1148 ordinationi
2742 1107 2825 1148 me
2856 1110 3136 1152 assensum
3163 1099 3406 1169 praebere
3427 1102 3687 1166 suadetis,
3710 1116 3805 1158 me

2210 1192 2265 1238 et
2293 1183 2555 1241 fratribus
2602 1186 2861 1242 Ecclesiae
2894 1189 2961 1221 m
2990 1200 3191 1246 nostra:
3242 1192 3617 1263 ignorantibus
3646 1204 3806 1251 trans

2210 1286 2362 1327 mare
2390 1273 2543 1339 abiit,
2569 1282 2627 1329 ut
2647 1291 2750 1331 nec
2781 1278 2885 1333 iter
2914 1278 3030 1349 ejus
3058 1295 3159 1336 nec
3183 1295 3406 1337 causam
3435 1283 3647 1339 itineris
3676 1284 3798 1354 ejus

2209 1378 2650 1433 agnosceremus.
2700 1369 3046 1442 Quapropter
3095 1388 3195 1429 nec
3225 1388 3340 1439 vos,
3373 1384 3432 1430 ut
3478 1374 3675 1432 litteris
3702 1392 3803 1431 ve-

2211 1455 2340 1510 stris
2384 1454 2669 1524 intimatis,
2703 1474 2825 1514 eum
2882 1461 2999 1518 sine
3036 1472 3223 1519 nostro
3268 1479 3490 1520 assensu
3538 1466 3799 1522 ordinare

2211 1544 2440 1604 debetis.
2474 1564 2573 1604 nec
2595 1564 2695 1619 ego
2721 1550 2774 1605 in
2802 1551 2905 1608 hoc
2947 1568 3228 1609 assensum
3267 1556 3502 1625 praebeo,
3534 1571 3633 1612 nec
3657 1574 3799 1628 pra:-

2211 1636 2341 1692 bere
2375 1637 2569 1709 debeo,
2617 1640 2669 1695 in
2711 1652 2974 1711 quantum
3014 1643 3319 1717 intelligere
3365 1661 3527 1717 queo.
3574 1645 3630 1701 Si
3677 1648 3798 1717 ipse

2215 1727 2423 1782 venerit
2448 1729 2515 1784 ad
2545 1744 2650 1795 me,
2694 1741 2749 1786 et
2771 1732 2835 1786 ad
2874 1732 3170 1789 Ecelesiam
3209 1750 3386 1800 suam,
3419 1736 3578 1791 sicuti
3606 1750 3798 1790 mona-

2212 1819 2346 1874 chus
2384 1822 2475 1890 qui
2530 1823 2711 1879 taliter
2746 1824 2813 1879 de
2859 1825 3098 1881 Ecclesia
3150 1842 3245 1881 sua
3286 1828 3556 1893 discessit,
3607 1828 3801 1883 venire

2210 1910 2392 1977 debet,
2421 1922 2475 1968 et
2500 1926 2685 1985 postea
2737 1918 2933 1988 aliquis
2962 1919 3028 1974 de
3076 1934 3142 1974 eo
3196 1921 3328 1975 mihi
3371 1922 3436 1976 de
3463 1920 3683 1991 praefata
3739 1938 3801 1976 re

2209 2002 2426 2059 locutus
2447 2006 2629 2072 fuerit,
2660 2011 3001 2077 respondebo
3043 2011 3169 2067 inde
3196 2013 3494 2068 secundum
3529 2011 3671 2083 quod
3705 2029 3797 2068 re-

2210 2098 2477 2166 spondere
2499 2099 2811 2168 intelligam.
2848 2099 3053 2155 Valete.

2644 2190 2979 2246 EI’ISTOLA
3016 2191 3224 2247 XXXIII
3256 2194 3342 2247 “7.

2650 2299 2717 2336 Αἰ)
2745 2299 3014 2339 BICARDUI
3048 2301 3355 2342 IONACHUI.

2212 2370 2528 2427 Monachum
2557 2375 2983 2449 professutuuon
3015 2379 3176 2431 teneri
3222 2390 3336 2449 uoto
3361 2381 3802 2449 peregrinationis

2370 2466 2377 2473 ν
2705 2463 2735 2498 a
2760 2462 2815 2500 se
2838 2447 2978 2516 facta
3003 2448 3057 2501 in
3084 2448 3304 2505 swculo.

2279 2537 2576 2601 Assaracus,
2630 2540 2801 2609 gratia
2856 2541 2951 2596 Dei
3009 2543 3470 2614 archiepiscopus,
3534 2545 3684 2600 fratri
3739 2557 3798 2602 et

2208 2629 2317 2685 tilio
2389 2630 2631 2688 Illcanno
2705 2634 2967 2689 monacho
3019 2634 3279 2701 salutem,
3352 2646 3407 2691 et
3464 2638 3806 2694 benedictio-

2206 2736 2352 2775 ηθιη.

2274 2814 2495 2881 Audivi,
2550 2814 2747 2871 Frater
2798 2816 2895 2881 mi,
2953 2816 3079 2886 quia
3142 2824 3434 2888 antequam
3486 2818 3802 2875 monachus

2206 2902 2388 2970 ﬁeres,
2437 2905 2489 2959 in
2537 2905 2861 2976 mgritudine
2906 2907 3098 2961 vovisti
3132 2915 3182 2962 te
3212 2907 3412 2962 iturum
3445 2908 3512 2963 ad
3544 2908 3604 2963 S.
3646 2907 3800 2979 [Egi—

2208 2989 2385 3055 dium;
2415 2999 2471 3044 et
2504 2989 2706 3045 idcirco
2734 2991 2892 3045 modo
2915 2991 3133 3047 timidus
3164 3002 3219 3048 et
3262 2994 3426 3049 nimis
3451 2992 3715 3049 sollicitus
3738 3011 3800 3051 es

2130 3057 2177 3120 (ἶ
2209 3081 2274 3137 de
2300 3090 2424 3137 voto
2460 3081 2548 3137 illo
2575 3082 2848 3147 solvendo,
2882 3085 2955 3138 ita
2982 3093 3042 3140 ut
3060 3086 3342 3154 quiescere
3367 3101 3473 3140 non
3500 3086 3671 3155 possit
3697 3102 3801 3142 cor

2210 3180 2385 3238 tuum,
2440 3172 2542 3228 nisi
2585 3175 2652 3228 ad
2685 3172 2742 3228 S.
2794 3174 3067 3246 Egidium
3113 3178 3296 3232 iveris.
3332 3178 3408 3233 De
3455 3193 3562 3247 qua
3589 3192 3651 3233 re
3682 3193 3796 3233 non

2208 3252 2373 3317 debes
2404 3268 2610 3318 tantum
2633 3264 2854 3320 credere
2881 3266 2975 3322 tibi
3003 3278 3263 3337 quantum
3292 3268 3474 3323 abbati
3500 3280 3610 3332 tuo,
3638 3267 3799 3338 cujus

2205 3352 2431 3408 consilio
2461 3362 2515 3408 et
2538 3354 2866 3410 ordinationi
2909 3356 3146 3411 animam
3180 3367 3327 3413 tuam
3356 3358 3704 3425 commisisti,
3740 3368 3799 3416 et

2204 3443 2325 3499 aliis
2360 3445 2453 3515 qui
2476 3443 2667 3500 melius
2693 3454 2744 3499 te
2766 3447 2946 3502 sciunt
2970 3448 3102 3518 quid
3151 3450 3323 3520 magis
3348 3450 3558 3519 placeat
3585 3450 3654 3483 ¹⁹⁸
3679 3449 3798 3505 Deo

2203 3545 2258 3589 et
2289 3536 2460 3605 magis
2487 3538 2658 3607 prosit
2680 3537 2874 3594 animae
2902 3548 3026 3595 tuae.
3059 3540 3397 3613 Quapropter
3440 3542 3664 3598 consqu
3695 3544 3795 3599 tibi

2201 3635 2254 3705 et
2285 3630 2538 3699 praecipio
2587 3641 2665 3700 ut,
2696 3633 2919 3689 omnino
2964 3634 3245 3690 dimittens
3269 3635 3627 3691 intentionem
3652 3652 3795 3707 pra:-

2205 3717 2302 3774 fati
2347 3720 2560 3778 itineris
2606 3734 2663 3778 et
2706 3725 3128 3781 sollicitudinem
3157 3727 3266 3781 voti
3305 3728 3478 3793 illius,
3502 3728 3559 3782 in
3593 3743 3795 3798 propo-

2199 3812 2302 3867 sito
2316 3816 2457 3885 quod
2474 3818 2810 3887 assumpsisti
2829 3823 3042 3889 quietus
3067 3829 3121 3874 et
3134 3820 3425 3874 immobilis
3446 3835 3793 3891 permaneas,

2199 3916 2253 3959 et
2272 3906 2453 3973 quiete
2473 3906 2539 3938 ¹⁹⁹
2556 3906 2620 3961 ad
2636 3909 2737 3962 hoc
2752 3910 2894 3978 quod
2919 3910 3264 3979 proposuisti,
3282 3910 3330 3965 id
3350 3920 3431 3965 est
3450 3911 3515 3964 ad
3529 3909 3795 3965 obedien-

2202 3996 2328 4051 tiam
2346 4006 2400 4052 et
2417 3998 2791 4068 pomitentiam
2808 4014 2905 4069 pro
2919 4000 3155 4070 peccatis
3170 4002 3295 4066 tuis,
3314 4007 3370 4054 et
3385 4000 3451 4054 ad
3467 4000 3602 4054 alios
3622 4001 3795 4056 bonos

2200 4105 2382 4147 mores
2440 4092 2679 4165 studeas.
2711 4092 2903 4148 Certus
2936 4095 3079 4148 enim
3117 4109 3239 4149 esse
3272 4094 3437 4150 debes
3479 4094 3607 4163 quia
3662 4108 3793 4148 cum

1814 4204 2048 4261 vama:
2083 4183 2488 4262 LECTIONES.

621 4332 690 4408 ξοδ
738 4333 985 4408 Episcopi
1027 4352 1127 4389 ms.
1177 4335 1425 4408 Episcopi
1473 4337 1639 4393 vestri

511 4403 578 4436 ⁸⁸⁷
607 4403 739 4457 Cum
761 4402 947 4458 eodem
977 4422 1077 4460 ms.
1120 4402 1313 4461 collata
1367 4402 1415 4462 ἐι
1454 4423 1573 4462 cum
1628 4405 1775 4461 Edit.
1818 4404 1975 4461 Gotlt.
2021 4414 2069 4458 et
2126 4404 2242 4457 Col.
2299 4402 2437 4456 1575

514 4474 582 4505 ’ν’
610 4474 802 4541 Quiete
830 4474 980 4528 Edit.
1005 4475 1058 4530 in
1090 4477 1274 4544 quiete

1757 4338 1824 4372 m
1876 4338 2006 4389 (,‘um
2051 4333 2229 4388 eodem
2263 4350 2361 4386 ms.
2391 4333 2585 4387 collata

2697 4336 2764 4367 ¹⁹⁶
2819 4335 3072 4392 Ecclesiae
3127 4354 3228 4392 ms.
3284 4335 3539 4392 Ecclesiae
3587 4346 3797 4393 nostra:

2549 4405 2616 4436 ³η
2659 4404 2797 4472 Quid
2822 4409 3031 4477 placeat
3059 4407 3207 4463 Edit.
3232 4409 3359 4480 quid
3383 4408 3553 4479 magis
3580 4408 3798 4480 placeat

1696 4566 1983 4626 JOANNIS
2024 4563 2301 4620 PICARDI
2339 4565 2573 4624 ΝΟΤιΕ.

504 4680 1149 4754 jiriidentiugAntonino
1175 4684 1364 4739 eratin
1393 4684 1534 4741 votis
1564 4683 1675 4739 illic
1700 4694 1945 4742 attexere
1975 4685 2087 4754 epi—
2112 4659 2164 4720 D
2193 4678 2593 4748 Sabell.,Plat.,
2613 4680 2982 4754 Bergomens.,
3002 4683 3273 4749 Schedel.,
3299 4691 3451 4754 putet
3483 4682 3795 4754 intelligen-

506 4763 649 4807 toma
680 4752 1025 4814 mirabilium,
1050 4754 1223 4824 sancti
1246 4754 1507 4809 Osmuudi
1540 4756 1793 4824 precibus
1836 4765 1891 4811 et
1919 4752 2087 4812 meri-

503 4824 574 4876 tis
597 4832 896 4899 gcstorum,
923 4825 1017 4899 sed
1052 4823 1333 4899 abstinuit,
1358 4840 1481 4899 cum
1521 4826 1659 4899 taedii
1690 4826 1895 4899 vitandi
1935 4842 2087 4899 ergo,

505 4902 619 4965 tum
647 4895 787 4965 quod
817 4893 1051 4965 libellum
1077 4894 1128 4949 id
1149 4896 1451 4963 argmnenti
1474 4896 1842 4951 continentem
1869 4893 2103 4965 jussérit

504 4962 839 5038 in_Eeclesiae
860 4962 1280 5038 SarisberienSis
1299 4965 1565 5038 tabulario
1586 4968 1820 5031 servari;
1846 4962 1912 5022 ad
1926 4984 2089 5038 quem

504 5032 673 5106 mittit
730 5033 1299 5106 lectoremicupidum
1378 5036 1618 5091 historiae
1687 5032 2087 5095 ecclesiasticae.

502 5102 983 5176 PhraaterAruonin.
1008 5102 1170 5174 hujus
1191 5121 1407 5176 quoque
1428 5108 1785 5176 apotheoseos
1796 5111 2092 5165 meminere

503 5172 690 5247 Rolyd.
710 5172 900 5247 V'_ir_gil.
920 5174 1028 5247 Iib._
1043 5172 1181 5247 xktn
1209 5172 1411 5247 bist—or.
1438 5172 1661 5247 Anglor.
1681 5188 1736 5234 et
1764 5189 1889 5235 ante
1916 5180 2089 5247 illum,

504 5243 969 5317 Mattlial’ahner.
995 5245 1253 5317 Pisanus,
1274 5246 1467 5305 Petrus
1515 5243 1555 5313 εἰ,
1581 5247 1858 5305 Natalibus
1886 5250 1959 5306 lib
1992 5243 2088 5317 su,

503 5328 606 5384 cap
654 5315 746 5390 22,
778 5314 1027 5371 Schedel.
1063 5316 1096 5390 6
1126 5326 1283 5371 aetate
1319 5320 1400 5390 sui
1428 5320 1661 5390 registri,
1683 5321 1939 5376 Chronic.
1968 5314 2093 5375 Ber-

576 5400 648 5459 ni.
675 5384 769 5441 lib.
792 5384 1569 5459 Aav,_supplement.Chronic.
1598 5384 1849 5448 Sxtbellic.
1889 5391 1982 5445 lib.
2012 5406 2088 5459 vi,

446 5454 451 5457 Α
502 5398 648 5510 Et;th
675 5398 769 5441 ιιι).
808 5400 900 5451 xv,
932 5398 1289 5469 supplement.
1314 5398 1569 5471 phronic.
1598 5398 1849 5475 §abellic.
1871 5398 1982 5472 .tib.
2012 5406 2088 5474 γε,

585 5455 757 5511 dmer.
784 5455 871 5529 II),
896 5456 1109 5512 Platma
1138 5472 1191 5513 In
1212 5456 1424 5515 Cahxto
1458 5460 1543 5515 III.
1582 5463 1689 5516 bed
1747 5478 1800 5516 in
1830 5462 1916 5515 his
1936 5476 2091 5529 qum-

502 5540 610 5617 qae
633 5528 1027 5617 posterioribus
1056 5529 1191 5617 mire
1219 5531 1426 5617 variata
1452 5541 1535 5617 est
1561 5528 1970 5617 orthographia,
2016 5532 2089 5585 ita

506 5606 565 5651 ut
583 5611 695 5723 {pro
715 5595 1023 5665 Osmundo,
1067 5599 1212 5668 legas
1239 5599 1653 5664 Hosimundum,
1705 5595 2089 5679 l'fdiiiiundum,

500 5668 579 5723 Ea
621 5668 920 5735 imundum,
956 5670 1038 5725 vel
1084 5659 1446 5728 Edmundum.
1498 5671 1603 5725 Nec
1646 5683 1728 5725 est
1781 5673 1920 5739 quod
1970 5688 2088 5740 quis

2192 4754 2291 4835 dos
2317 4754 2385 4835 de
2414 4754 2617 4809 sanctis
2639 4752 2924 4835 Edinundo
2949 4770 3074 4826 rege
3096 4764 3187 4835 aut
3218 4752 3793 4835 archiepiscopozcum

2193 4824 2291 4879 ille
2320 4823 2489 4906 longe
2546 4834 2714 4907 ante,“
2731 4823 2839 4907 Illic
2884 4823 3296 4907 vero'ccylittim
3350 4823 3578 4907 numero
3624 4825 3794 4907 fuerit

2194 4892 2463 4964 ascriptus
2483 4910 2625 4949 anno
2650 4893 2809 4958 1246,
2848 4896 3077 4950 testibus
3105 4894 3406 4964 Walsingh.
3438 4895 3491 4948 in
3515 4892 3789 4961 Neustria,

2194 4977 2247 5020 et
2274 4965 2466 5019 Matth.
2494 4964 2669 5028 Paris,
2702 4973 2796 5017 aut
2829 4965 2994 5031 1248,
3028 4974 3084 5018 ut
3104 4975 3255 5019 notat
3293 4964 3487 5019 Molan.
3526 4965 3578 5017 in
3613 4965 3787 5019 addit.

2200 5036 2431 5091 Usuard.
2446 5034 3006 5106 prid.7Non.7Deccmb.
3027 5035 3121 5091 His
3143 5035 3294 5106 plura
3319 5036 3482 5090 refert
3506 5033 3788 5106 Mahnesb.

2197 5107 2253 5176 in
2286 5106 2558 5176 episcopis
2587 5105 3100 5176 Sarisberiensibus,
3144 5104 3787 5176 'interumquerPolyd‘or.

2198 5174 2294 5232 lib.
2323 5173 2413 5243 ix,
2447 5173 2622 5245 pauca
2651 5174 2889 5245 quidem,
2921 5176 3015 5231 sed
3045 5176 3244 5245 optima
3292 5185 3345 5230 et
3374 5173 3654 5246 praeclara.
3686 5173 3790 5229 Mi-

2234 5249 2371 5301 ravit
2401 5247 2613 5300 tandem
2640 5246 2707 5301 ad
2730 5260 2953 5315 superos
2981 5247 3353 5301 sanctissimus
3370 5246 3613 5316 pontifex
3640 5258 3787 5316 anno

2234 5264 2371 5301 ram
2401 5264 2613 5300 tanoem
2640 5264 2707 5301 ao
2730 5264 2953 5315 superos
2981 5264 3353 5301 sanCtISSImus
3370 5264 3613 5316 pontuex
3640 5264 3787 5300 anno

2195 5264 2337 5374 $099
2364 5358 2378 5381 ,
2428 5318 2773 5387 episcopatus
2820 5316 2900 5370 sui
2948 5332 3089 5387 sxw
3108 5358 3122 5379 ,
3166 5316 3483 5372 Sarisberiae
3543 5315 3789 5387 sepultus

2219 5386 2684 5445 consentientibus
2699 5386 2929 5443 Henrico
2943 5386 3238 5442 Huntidon.
3270 5387 3360 5442 lib.
3390 5403 3486 5451 vu,
3511 5397 3567 5441 et
3587 5386 3786 5441 Matth.

2195 5392 2427 5514 i’arisiol
2453 5458 2595 5514 nrid.
2624 5457 2762 5514 Non.
2785 5457 3040 5514 Decemb.
3065 5468 3122 5511 ut
3140 5456 3341 5514 Baron.
3366 5468 3484 5514 post
3511 5456 3786 5513 Molanum

2239 5460 2427 5538 arisio)
2453 5457 2762 5538 prid.__Non.
2785 5457 3040 5538 Decemb.
3065 5456 3341 5538 uillaron.
3366 5456 3788 5538 post_ltlolanurn

2199 5526 2469 5586 advertitf
2509 5529 2735 5596 Quibus,
2789 5529 2966 5587 luecce
3013 5526 3377 5595 exciderant,
3419 5526 3645 5584 collecta
3694 5526 3789 5582 hic

2201 5616 2555 5670 reposuimus.
