4028 6302
243 415 311 470 65
1458 410 1582 466 LIB.
1629 410 1712 476 lli,
1744 411 1959 468 EI’IST.
1992 412 2207 467 XXXV.
3441 419 3507 472 66

248 528 477 598 teipsum
508 525 622 580 Deo
653 531 829 580 totum
860 521 1055 578 vovisti
1094 530 1149 577 et
1183 522 1465 579 reddidisti
1511 539 1610 595 per
1639 539 1824 580 mona-
1852 536 1898 588 Α
1929 539 2049 589 suo,
2072 521 2302 579 viriliter
2340 538 2555 594 semper
2603 526 2881 595 proficere,
2916 534 2975 580 ut
3021 525 3094 580 illi
3124 527 3215 597 qui
3257 531 3507 598 superio-

244 618 455 674 ehicam
493 615 907 686 professionem,
958 615 1166 672 solvisti
1214 617 1395 673 omnia
1449 626 1570 673 vota
1612 617 1823 674 minora

244 709 606 780 quarumlibet
633 709 904 764 actionum
928 723 1047 779 quae
1076 708 1227 779 prius
1253 707 1369 764 sine
1384 706 1741 777 jurejurando
1766 715 1823 763 et

246 800 368 856 lldei
401 799 708 871 alligatione
738 798 810 831 ²⁹⁹
836 800 1154 870 promisisti.
1192 800 1322 856 Esto
1366 814 1495 871 ergo
1519 799 1737 871 quietus
1768 809 1828 856 et

244 905 495 955 securus,
526 897 582 944 et
605 903 705 960 ego
740 898 791 945 te
812 904 877 945 ea
912 890 1243 948 auctoritate
1266 905 1429 962 quam
1464 906 1562 963 per
1592 891 1822 963 gratiam

242 982 339 1038 Dei
370 982 545 1038 habeo
573 995 737 1052 super
759 990 834 1049 te,
865 981 1049 1038 abillo
1069 992 1194 1039 voto
1220 982 1460 1039 absolvo.
1487 982 1637 1039 Vale.

676 1090 1009 1149 EPISTOLA
1035 1092 1253 1152 XXXIV
1276 1095 1374 1151 ’°'.

463 1221 531 1260 AD
562 1222 882 1262 WILLELIUI
911 1223 1196 1265 IONACHUI
1228 1225 1589 1265 CESTBENSEI.

240 1291 529 1363 Proﬁletur
550 1312 729 1370 senon
756 1314 867 1352 esse
888 1307 1092 1370 tantum
1122 1300 1307 1370 virtute
1336 1310 1592 1370 quantum
1620 1302 1816 1355 carmi-

552 1366 699 1419 nibus
718 1383 835 1420 eum
865 1368 1149 1422 monachus
1174 1366 1499 1438 depinierat.

310 1455 595 1512 AxssLuus
621 1458 795 1529 gratia
828 1459 925 1514 Dei
950 1460 1408 1532 archiepiscopus,
1447 1460 1601 1517 fratri
1630 1474 1684 1519 et
1710 1464 1821 1519 lilio

238 1546 597 1616 charissimo,
658 1551 924 1606 monacho
984 1550 1257 1607 Cestrensi
1310 1550 1613 1621 Willelmo,
1672 1554 1821 1609 salu-

240 1647 370 1694 tem.

308 1729 568 1797 Quamvis
602 1747 691 1789 me
733 1732 895 1791 talem
926 1736 1165 1793 nesciam
1190 1737 1403 1807 qualem
1430 1753 1517 1795 me
1556 1738 1671 1793 suis
1700 1752 1820 1795 car-

237 1820 473 1878 minibus
512 1831 599 1877 tna
650 1825 909 1894 praedicat
950 1827 1350 1896 benevolentia,
1377 1844 1483 1886 non
1518 1839 1695 1886 tamen
1742 1830 1819 1884 in-

241 1922 425 1983 gratus
441 1929 562 1969 esse
584 1913 751 1971 debeo
772 1917 1025 1987 quoniam
1055 1918 1159 1973 hoc
1180 1918 1308 1973 facit
1328 1918 1632 1974 dilectionis
1652 1918 1818 1974 abun-

237 1999 439 2054 dantia.
468 2002 623 2073 Saepe
645 2003 789 2057 enim
810 2002 946 2059 solet
969 2004 1200 2061 dilector
1220 2005 1401 2062 dilecti
1429 2006 1555 2061 vitia
1579 2014 1674 2061 aut
1707 2022 1814 2062 non

237 2091 459 2159 sentire,
483 2101 576 2148 aut
597 2091 732 2147 levia
751 2093 1023 2163 judicare;
1050 2097 1191 2154 bona
1216 2113 1361 2164 vero,
1382 2114 1503 2170 qua:
1533 2114 1638 2154 non
1666 2108 1816 2166 sunt,

235 2179 475 2250 epinari;
501 2194 556 2239 et
579 2199 699 2254 quae
724 2193 871 2252 sunt,
896 2202 1244 2260 exaggerare.
1273 2188 1428 2258 Quod
1455 2190 1673 2261 quando
1703 2191 1815 2246 sola

238 2270 369 2327 facit
406 2271 649 2329 charitas
698 2290 800 2331 nec
851 2292 1007 2333 error
1050 2287 1135 2335 est
1169 2279 1546 2351 suscipiendus
1596 2288 1814 2353 propter

235 2361 487 2422 allectum
519 2369 708 2437 moris,
734 2384 835 2426 nec
857 2386 1011 2428 amor
1034 2381 1121 2429 est
1144 2375 1572 2431 contemnendus
1594 2384 1817 2447 pr0pter

234 2456 446 2527 culpam
468 2461 697 2517 erroris.
730 2460 838 2517 Sed
878 2463 959 2520 sic
983 2464 1144 2521 debet
1175 2481 1330 2522 amor
1353 2466 1549 2523 nutriri
1576 2476 1635 2522 ut
1658 2482 1814 2524 error

235 2549 564 2621 corrigatur,
593 2553 675 2609 sic
705 2569 862 2610 error
888 2556 1047 2611 debet
1068 2556 1267 2628 expelli
1292 2568 1352 2612 ut
1398 2574 1555 2613 amor
1582 2558 1817 2614 retinea-

238 2648 346 2693 tur.
407 2640 629 2698 Gratias
664 2645 759 2700 tibi
808 2661 911 2716 ago
958 2647 1086 2715 quia
1131 2663 1219 2704 me
1265 2648 1426 2703 talem
1470 2650 1648 2720 diligis
1692 2665 1814 2706 esse

239 2730 459 2801 qualem
492 2748 577 2788 me
605 2734 896 2804 pradicas;
927 2746 981 2791 et.
1009 2738 1197 2793 hortor
1225 2753 1292 2792 ne
1314 2754 1400 2795 me
1431 2740 1588 2794 talem
1623 2741 1814 2809 opine-

1929 614 2006 670 ris
2032 617 2293 687 propositi
2337 626 2463 672 sunt
2491 632 2586 672 eos
2636 620 2729 688 qui
2756 618 3034 675 inferioris
3074 628 3203 675 sunt
3250 630 3508 691 superent

1927 705 2232 761 humilitate
2261 708 2357 774 '°’,
2411 708 2465 762 in
2496 724 2601 778 qua
2624 719 2883 778 quantum
2904 710 2975 743 ’θ’
3006 711 3166 766 homo
3193 713 3363 782 magis
3385 727 3511 781 pro-

1927 793 2066 861 ficit,
2124 804 2276 853 tanto
2329 798 2507 868 magis
2564 798 2889 854 sublimatur
2940 810 2996 856 et
3052 801 3174 859 aliis
3213 803 3506 858 virtutibus

1926 882 2165 939 excellit.
2206 883 2566 956 Quapropter,
2590 886 2663 941 illi
2688 886 3027 957 charissime,
3054 905 3269 960 semper
3296 905 3506 945 memor

1927 981 2044 1029 esto
2097 968 2247 1044 cujus
2290 976 2547 1047 propositi
2598 977 2825 1048 gradum
2876 979 3204 1046 ascenderis,
3244 995 3344 1035 nec
3405 996 3506 1035 un-

1926 1078 2089 1134 quam
2111 1065 2205 1121 tibi
2236 1066 2358 1122 vitae
2384 1070 2485 1123 tuze
2508 1069 2769 1123 sanctitas
2795 1067 3049 1137 suﬁicial,
3071 1071 3175 1126 nisi
3197 1086 3263 1126 ea
3291 1071 3411 1128 illos
3435 1071 3506 1105 ὀδ

1924 1155 2018 1224 qui
2048 1156 2365 1213 inferiorum
2408 1158 2669 1228 graduum
2695 1166 2846 1225 sunt,
2885 1159 3314 1216 transcenderis.
3349 1161 3505 1218 Sicut

1924 1246 2070 1301 enim
2103 1248 2178 1302 illi
2221 1248 2312 1319 qui
2340 1248 2615 1306 inferioris
2649 1252 2912 1322 propositi
2954 1260 3103 1318 sunt,
3156 1252 3504 1310 laudabiliter

1926 1336 1995 1392 ad
2026 1337 2259 1394 virtutes
2284 1339 2581 1409 superioris
2611 1342 2934 1409 ascendunt,
2968 1342 3044 1397 ita
3083 1342 3157 1398 illi
3183 1343 3275 1414 qui
3300 1342 3501 1414 majora

1925 1427 2121 1481 sectari
2151 1438 2576 1498 proposuerunt,
2608 1430 2990 1500 vituperabiles
3011 1441 3136 1486 sunt
3167 1432 3212 1487 si
3235 1432 3301 1486 ad
3323 1446 3505 1502 mqua-

1924 1518 2130 1574 litatem
2181 1520 2391 1575 minora
2453 1521 2766 1590 eligentium
2816 1522 3173 1577 descendunt.
3237 1522 3500 1590 Quoniam

1923 1625 2051 1682 ergo
2088 1612 2414 1667 monachum
2453 1620 2504 1667 te
2552 1613 2741 1668 habitu
2791 1612 3084 1685 proﬁteris,
3128 1615 3336 1680 hortor,
3376 1629 3502 1685 pre-

1922 1716 2041 1769 cor,
2070 1703 2293 1760 consulo
2342 1712 2404 1759 ut
2431 1718 2648 1775 semper
2674 1705 2729 1759 in
2756 1715 3047 1776 conspectu
3084 1708 3179 1763 Dei
3208 1707 3355 1763 intus
3382 1716 3500 1763 stu-

1925 1792 2054 1848 deas
2080 1808 2203 1850 esse
2223 1795 2367 1865 quod
2396 1794 2530 1851 foris
2567 1796 2620 1850 in
2648 1805 2938 1866 conspectu
2970 1798 3248 1854 hominum
3277 1797 3500 1854 videris.

1852 1885 1895 1940 B
1922 1880 2039 1937 Non
2064 1892 2246 1939 autem
2276 1885 2365 1941 hic
2393 1884 2586 1955 loquor
2628 1886 2779 1956 quasi
2813 1887 2918 1942 hoc
2954 1903 3060 1942 non
3090 1887 3281 1955 facias,
3312 1889 3405 1945 sed
3442 1897 3504 1944 ut

1920 1985 2137 2042 semper
2159 1973 2225 2028 ad
2253 1974 2477 2029 meliora
2520 1983 2748 2046 paterna
2794 1976 3176 2033 exhortatione
3203 1992 3501 2035 succensus

1917 2063 2188 2135 proﬁcias.
2219 2066 2369 2122 Vale.

2260 2158 2426 2228 3'79
2456 2157 2789 2217 EPISTOLA
2827 2160 3025 2217 xxxv
3063 2164 3157 2218 ποι,

2303 2266 2371 2305 ΔΙ)
2408 2266 2714 2309 WALTEBUI
2750 2268 3108 2309 CARDINALEI.

1917 2336 1989 2394 Se
2016 2353 2135 2413 cum
2160 2338 2253 2393 illo
2278 2339 2343 2394 de
2375 2339 2625 2413 Ecclesia:
2661 2343 3049 2398 necessitatibus
3079 2359 3183 2398 non
3211 2359 3362 2413 posse
3387 2344 3502 2401 sine

1984 2410 2099 2479 ejus
2130 2426 2351 2485 assensu
2375 2422 2423 2485 et
2448 2412 2677 2466 aliorum
2708 2415 3067 2485 episcoporum
3099 2410 3319 2485 consilio
3349 2432 3503 2485 agere

1983 2488 2077 2554 aut
2107 2482 2179 2554 eis
2206 2481 2499 2554 providere,
2526 2496 2586 2535 eo
2616 2483 2843 2536 maxime
2865 2481 3093 2553 tempore
3123 2500 3224 2554 quo
3247 2481 3418 2539 hostis
3446 2487 3501 2539 in

1984 2549 2228 2619 Angliam
2253 2551 2534 2605 irruerent.

1984 2639 2214 2697 Domino
2249 2650 2305 2697 et
2329 2642 2624 2699 reverenda
2656 2643 2914 2699 Romanae
2949 2644 3206 2701 Ecclesiae
3237 2646 3417 2718 legato
3444 2654 3503 2702 et

1914 2732 2176 2786 cardinali
2232 2734 2484 2803 episcopo
2530 2733 2815 2789 WALTERO
2842 2775 2857 2800 ,
2901 2735 3220 2803 ANSELMUS,
3274 2748 3499 2794 vocatus

242 2823 337 2890 ris,
376 2825 471 2881 sed
520 2826 701 2896 potius
735 2842 857 2884 ores
898 2837 959 2884 ut
1004 2829 1163 2886 talem
1195 2829 1336 2886 Deus
1385 2831 1550 2887 {acim
1600 2832 1812 2902 qualem
1915 2822 2354 2895 archiepiscopus
2376 2818 2703 2890 Cantuariai,
2732 2824 2918 2880 ﬁdeles
2939 2827 3234 2883 orationes.
3258 2836 3315 2883 et
3344 2828 3500 2884 ﬁdele

238 2930 360 2972 esse
405 2932 491 2973 me
532 2918 708 2989 diligis
742 2928 796 2976 et
837 2922 1135 2977 existimas.
1175 2923 1310 2979 Cum
1354 2924 1500 2979 enim
1548 2926 1814 2995 scriptum

1923 2913 2214 2969 servitium.

238 3008 337 3062 sit:
373 3006 456 3063 Ne
472 3007 656 3065 laudes
691 3010 954 3066 hominem
981 3012 1036 3067 in
1055 3014 1162 3089 vita
1200 3030 1298 3068 sua
1330 3014 1530 3085 (Eccli.
1556 3031 1637 3084 ιι,
1673 3017 1765 3087 '50)
1794 3033 1810 3083 ;

237 3109 295 3154 et
323 3097 447 3154 a.ibi
475 3117 488 3153 :
525 3099 689 3157 Orate
714 3117 809 3171 pro
836 3103 1050 3158 invicem
1081 3104 1417 3161 utsaloemim‘
1442 3105 1584 3177 (Jac.
1610 3122 1662 3172 v,
1688 3108 1808 3180 l6);

1986 3006 2139 3077 Quod
2165 3008 2390 3064 mandat
2421 3007 2552 3063 mihi
2591 3007 2831 3078 prudens
2863 3016 3046 3065 vestra
3080 3009 3404 3077 sollicitudo,
3438 3018 3500 3066 ut

1913 3103 2095 3175 aliquo
2124 3105 2178 3159 in
2223 3102 2342 3159 loco
2368 3104 2438 3136 ²⁰⁶
2461 3103 2848 3160 conveniamus
2886 3103 2953 3159 de
2986 3103 3167 3159 causis
3195 3104 3264 3135 ’°'
3306 3103 3497 3162 Eccle-

236 3205 343 3244 non
376 3190 536 3247 debet
564 3191 725 3248 homo
754 3193 1023 3251 hominem
1039 3194 1093 3251 in
1121 3195 1223 3253 hac
1250 3198 1359 3252 vita
1392 3213 1584 3271 magno
1613 3210 1807 3257 conatu
1840 3234 1882 3292 C
1914 3194 2118 3249 siarum
2148 3193 2242 3250 Dei
2279 3194 2520 3249 fraterno
2548 3207 2612 3248 ac
2638 3191 2962 3247 charitativo
2988 3192 3057 3247 ad
3096 3192 3326 3249 invicem
3367 3210 3501 3249 con-

237 3279 477 3348 laudare,
524 3282 622 3339 sed
674 3283 847 3356 magis
895 3296 954 3340 ut
1007 3285 1292 3343 laudabilis
1344 3288 1439 3344 ﬁat
1489 3289 1578 3359 pio
1615 3290 1812 3346 allectu

237 3384 395 3425 orare
420 3388 434 3425 :
464 3370 675 3427 laudem
725 3388 857 3429 vero
883 3374 995 3431 Deo
1020 3378 1379 3453 committere,
1407 3378 1493 3435 cui
1537 3380 1811 3451 proprium

237 3471 319 3516 est
350 3463 539 3517 merita
558 3462 824 3532 judicare.
854 3465 974 3521 Non
1000 3466 1124 3522 dico
1159 3469 1424 3525 bonorum
1442 3470 1683 3526 virorum
1701 3472 1814 3527 vir-

238 3561 382 3609 tutes
404 3553 471 3609 ad
492 3555 794 3626 exemplum
825 3556 962 3612 bene
988 3559 1203 3616 vivendi
1233 3560 1356 3616 aliis
1376 3576 1481 3617 non
1513 3577 1634 3618 esse
1662 3578 1816 3619 mon-

238 3648 512 3715 strandas,
543 3649 638 3705 sed
673 3649 877 3705 eisdem
929 3651 1061 3722 ipsis
1089 3669 1195 3709 non
1237 3669 1358 3711 esse
1386 3658 1813 3729 exaggerandas.

238 3738 506 3806 Quoniam
528 3748 708 3795 autem
743 3757 878 3810 opus
900 3742 1181 3800 charitatis
1210 3760 1314 3801 non
1347 3747 1509 3803 debet
1543 3761 1665 3803 esse
1698 3750 1815 3806 sine

236 3830 617 3896 retributione,
675 3847 775 3902 pro
822 3835 1159 3893 carminibus
1215 3852 1456 3907 prosam,
1503 3855 1605 3912 pro
1660 3842 1815 3900 laude

238 3921 408 3976 reddo
454 3923 906 3982 exhortationem.
963 3926 1141 3993 Certe,
1195 3928 1270 3986 ﬁli
1327 3931 1426 3996 mi,
1471 3948 1595 3989 cum
1637 3935 1690 3989 in
1729 3950 1815 3991 me

237 4026 389 4068 amas
416 4020 472 4066 et
493 4012 683 4070 laudas
706 4016 846 4071 bona
873 4031 993 4088 quae
1026 4017 1079 4073 in
1132 4034 1219 4075 me
1244 4020 1485 4090 opinaris
1518 4038 1664 4089 esse,
1696 4024 1813 4095 ipso

237 4113 332 4158 tuo
355 4118 524 4173 opere
544 4107 761 4161 testaris
777 4108 903 4175 quia
925 4109 1172 4165 amabilis
1191 4119 1277 4166 est
1300 4119 1358 4166 et
1382 4112 1669 4170 laudabilis
1691 4130 1810 4170 om-

237 4193 324 4248 nis
351 4194 442 4263 qni
472 4195 653 4249 studet
673 4196 843 4251 bonus
873 4212 1013 4252 esse.
1039 4198 1173 4253 Cum
1202 4215 1332 4269 ergo
1360 4216 1551 4258 omnes
1586 4204 1813 4261 velimus

239 4296 348 4337 non
400 4281 522 4337 dico
552 4280 775 4347 laudari,
809 4286 902 4340 sed
953 4286 1214 4345 amabiles
1247 4299 1303 4346 et
1328 4289 1624 4349 laudabiles
1667 4309 1811 4363 esse,

236 4372 373 4428 nihil
425 4382 633 4429 tantum
690 4368 908 4433 studere
968 4378 1227 4437 debemus
1282 4396 1446 4453 quam
1489 4393 1549 4440 ut
1583 4383 1708 4443 boni
1758 4388 1810 4442 in

236 4474 531 4537 conspectu
576 4466 693 4537 ejus
740 4469 831 4538 qui
887 4484 992 4526 non
1047 4470 1270 4542 fallitur,
1317 4474 1627 4544 judicemur
1670 4493 1811 4535 esse.

237 4556 419 4614 Bonus
443 4567 627 4614 autem
652 4559 880 4631 quisque
911 4563 1085 4620 ﬁdelis
1114 4565 1181 4621 ab
1207 4582 1272 4623 eo
1296 4568 1601 4639 judicatur,
1619 4570 1712 4641 qui
1755 4571 1811 4626 in

237 4663 338 4703 suo
378 4648 570 4704 ordine
614 4649 1003 4720 perfectionem
1057 4656 1322 4727 attingere
1369 4669 1621 4718 conatur.
1676 4661 1812 4718 Nam

236 4739 339 4793 etsi
376 4753 565 4795 omnes
598 4739 666 4795 ad
698 4742 1342 4812 perfectionissutnmam
1366 4752 1590 4820 pariter
1627 4768 1815 4822 perve-

238 4829 358 4885 nire
378 4845 485 4886 non
515 4846 825 4902 possumus,
855 4849 960 4891 non
1006 4844 1185 4893 tamen
1208 4839 1412 4897 erimus
1436 4852 1590 4899 extra
1620 4860 1813 4902 nume-

236 4935 359 4977 rum
408 4921 696 4991 bonorum,
769 4926 910 4982 sicut
956 4929 1214 4999 scriptum
1257 4941 1382 4987 est:
1439 4932 1810 5006 Imperfectum

235 5028 408 5067 meum
457 5016 696 5070 viderunt
723 5018 863 5073 oculi
890 5020 989 5085 tui,
1012 5030 1058 5073 et
1088 5020 1141 5075 in
1172 5021 1302 5077 libro
1340 5033 1430 5079 tuo
1476 5042 1651 5082 omnes
1680 5030 1813 5083 scri-

237 5102 630 5163 benturlPsal.
665 5122 930 5175 cxxxvm,
967 5110 1078 5182 l6),
1128 5112 1173 5166 si
1219 5114 1287 5168 ad
1345 5128 1466 5169 eam
1523 5116 1815 5187 perfectio-

234 5205 363 5248 nem
394 5194 727 5252 incessanter
752 5206 806 5252 et
827 5199 1036 5256 fortiter
1053 5202 1239 5258 con‘ari
1266 5204 1513 5262 velimus.
1537 5205 1814 5264 Conentur

237 5282 406 5356 igitur
425 5285 549 5341 laici
586 5287 641 5343 in
671 5301 771 5343 suo
797 5291 1007 5359 ordine,
1034 5293 1217 5352 clerici
1243 5296 1297 5351 in
1326 5311 1447 5366 suo,
1479 5301 1730 5355 monachi
1754 5302 1807 5355 in

1916 3284 2038 3342 silio
2061 3286 2234 3341 acturi
2257 3293 2313 3340 et
2332 3300 2452 3355 qua:
2478 3283 2798 3354 corrigenda
2824 3292 2948 3338 sunt
2975 3292 3293 3348 correctum,
3313 3284 3498 3354 utique

1917 3377 2215 3432 secundum
2266 3375 2621 3431 intentionem
2655 3383 2892 3430 vestram
2935 3373 3091 3428 valde
3129 3372 3397 3429 laudabile
3428 3375 3498 3407 ’θ’

1917 3478 2022 3535 est,
2051 3477 2106 3524 et
2139 3468 2434 3525 secundum
2460 3466 2605 3537 quod
2629 3465 2865 3536 expedit,
2899 3464 3055 3520 valde
3089 3464 3220 3519 utile
3258 3473 3422 3530 esset,
3451 3464 3499 3521 si

1916 3574 2156 3631 congruo
2188 3566 2426 3627 tempore
2455 3555 2572 3611 fieri
2618 3563 2822 3626 posset.
2856 3553 2961 3608 Sed
2995 3562 3175 3608 vestra
3208 3552 3499 3623 prudentia

1917 3668 2024 3707 non
2064 3654 2275 3723 ignorat
2299 3650 2425 3722 quia
2473 3663 2572 3705 nos
2609 3648 2715 3704 duo
2744 3647 2878 3703 nihil
2913 3645 3248 3703 eﬂiceremus
3274 3647 3367 3713 ’°',
3394 3644 3499 3700 nisi

1917 3745 2028 3814 regi
2074 3753 2387 3814 suggestum
2423 3750 2588 3807 esset,
2631 3748 2692 3795 ut
2734 3739 2852 3811 ejus
2880 3754 3102 3796 assensu
3124 3748 3180 3794 et
3199 3737 3402 3793 auxilio
3430 3738 3499 3793 ad

1916 3834 2168 3889 all‘ectum
2213 3832 2601 3903 perduceretur
2637 3831 2707 3863 ἠ
2746 3831 2887 3900 quod
2928 3829 3356 3899 disponeremus.
3403 3827 3499 3882 Est
3536 3888 3541 3893 ,

1916 3931 1972 3978 et
1995 3923 2163 3985 aliud,
2189 3923 2312 3994 quia
2339 3937 2440 3994 ego
2466 3937 2497 3977 a
2518 3920 2904 3978 Cantuarberia
2931 3918 3169 3989 elongari
3195 3918 3499 3974 nullatenus

1916 4018 2112 4082 audeo,
2142 4014 2398 4085 quoniam
2424 4013 2676 4083 :quotidie
2705 4019 3083 4080 exspectamus
3115 4017 3173 4061 ut
3217 4008 3402 4062 hostes
3430 4007 3499 4062 de

1916 4105 2056 4159 ultra
2106 4120 2255 4159 mare
2291 4104 2344 4159 in
2393 4103 2784 4174 Angliamper
2833 4101 2952 4156 illos
2991 4107 3203 4170 portus,
3237 4099 3326 4169 qui
3357 4099 3499 4154 Can-

1920 4195 2204 4261 tuarberia:
2242 4194 2404 4249 vicini
2435 4202 2583 4259 sunt,
2616 4193 2847 4249 irruant.
2877 4192 3105 4262 Propter
3138 4191 3280 4262 quod
3321 4192 3498 4248 dumi—

1917 4303 2019 4343 nus
2048 4302 2201 4343 meus
2222 4303 2313 4343 rex
2344 4301 2438 4341 ore
2477 4301 2580 4343 suo
2619 4286 2752 4343 mihi
2786 4286 3064 4357 praecepit,
3110 4293 3399 4354 antequam
3427 4286 3496 4340 ab

1916 4379 2007 4436 illo
2028 4383 2167 4451 apud
2196 4379 2550 4451 Notingeham
2579 4378 2935 4445 discederem,
2963 4388 3018 4434 et
3044 4385 3325 4448 postquam
3352 4375 3498 4432 Can-

1916 4473 2245 4529 tuarberiam
2278 4471 2434 4538 redii,
2462 4471 2593 4527 mihi
2628 4471 2903 4527 mandavit
2928 4486 3022 4542 per
3042 4470 3251 4525 litteras
3277 4468 3496 4539 proprio

1916 4566 2093 4638 sigillo
2127 4567 2368 4638 signatas
2395 4606 2411 4632 ,
2460 4574 2519 4620 ut
2561 4562 3011 4622 Cantuarberiam
3058 4561 3397 4626 custodiam,
3441 4571 3497 4615 et

1917 4674 2130 4732 semper
2176 4670 2398 4731 paratus
2446 4660 2547 4716 sim
2583 4668 2644 4714 ut
2693 4673 3013 4728 quacunque
3052 4657 3187 4712 hora
3245 4655 3497 4710 nuntium

1917 4765 2106 4809 eorum
2145 4752 2238 4823 qui
2286 4752 2467 4807 littora
2500 4750 2666 4806 maris
2694 4752 2763 4805 ob
2792 4751 2895 4806 hoc
2936 4750 3111 4820 ipsum
3157 4746 3493 4808 custodiunt,

1919 4843 2166 4909 audiero,
2211 4842 2449 4913 undique
2479 4842 2771 4899 convocari
2806 4840 3027 4911 jubeam
3068 4838 3279 4909 equites
3307 4847 3363 4892 et
3397 4851 3494 4907 pe-

1916 4936 2073 4999 dites,
2103 4934 2194 5004 qui
2225 4941 2574 4989 accurrentes
2618 4931 2886 4987 violentiae
2934 4930 3167 4986 hostium
3201 4928 3494 4984 obsistunt.

1919 5025 1987 5081 Et
2033 5026 2236 5082 idcirco
2283 5026 2348 5080 de
2402 5023 2694 5080 Cantuaria
2750 5023 2899 5077 exire
2945 5036 3052 5075 non
3087 5020 3258 5076 audeo
3302 5020 3405 5076 nisi
3437 5020 3492 5075 in

1917 5117 2063 5173 illam
2100 5126 2308 5187 partem
2349 5131 2417 5171 ex
2452 5130 2556 5185 qua
2601 5112 2836 5167 hostium
2880 5122 3257 5183 exspectamus
3288 5113 3490 5167 adven-

1916 5217 2051 5263 tum.
2082 5203 2284 5259 Precor
2314 5205 2477 5274 igitur
2522 5198 2823 5258 sanctitatis
2870 5210 3065 5257 vestra:
3107 5202 3491 5258 discretionem

1916 5307 2181 5368 quatenus
2207 5310 2361 5366 aequo
2382 5304 2436 5349 et
2456 5300 2650 5365 pacato
2674 5290 2854 5347 animo
2878 5293 3137 5364 suscipiat
3162 5293 3261 5349 has
3280 5300 3496 5349 nostras

1497 5442 1725 5510 Vanus
1768 5450 2166 5509 LECTIONES.

357 5583 429 5615 ’⁸⁸
450 5581 759 5655 lllegatione
781 5582 929 5655 Edit.
952 5583 1256 5655 alligatione

235 5662 430 5723 perent
449 5655 752 5712 humilitate

238 5727 436 5796 ialm“
458 5724 529 5796 '_°'
550 5724 746 5796 Aliquo
779 5725 899 5796 loco
939 5742 1017 5780 ms
1048 5724 1226 5796 aliquo
1258 5727 1309 5779 in
1342 5726 1462 5783 loco

1362 5586 1431 5618 ¹⁹¹
1461 5584 1590 5640 Cum
1615 5586 1796 5642 eodem
1832 5604 1915 5642 ms
1941 5586 2136 5642 collata

858 5654 929 5688 '”
950 5655 1006 5710 ln
1027 5654 1288 5726 quantum
1334 5671 1414 5710 ms
1449 5656 1501 5711 in
1526 5672 1647 5726 qua
1670 5667 1932 5727 quantum
2041 5657 2112 5689 ’⁸⁵
2142 5658 2216 5712 Ea
2248 5656 2369 5712 illo:

858 5740 899 5780 :o
939 5742 1017 5780 ms
1048 5726 1226 5784 aliquo
1258 5727 1309 5779 in
1342 5726 1462 5783 loco
1568 5728 1637 5759 ’θ’
1668 5730 1742 5783 De
1782 5743 1947 5784 causa
1981 5744 2063 5782 ms
2094 5727 2161 5782 de
2188 5730 2369 5784 causis

2246 5587 2316 5618 ’⁸⁸
2356 5585 2493 5643 Sunt
2520 5588 2825 5645 humilitate
2856 5588 3001 5644 Edit.
3051 5587 3167 5643 Pic.
3222 5593 3349 5641 sunt
3398 5600 3491 5640 su-

2041 5657 2112 5689 ²⁰⁸
2142 5658 2216 5712 Ea
2248 5656 2337 5711 illo
2362 5675 2441 5713 ms
2476 5673 2538 5713 ea
2574 5658 2691 5714 illos
2802 5661 2874 5694 m
2908 5660 3041 5715 Cum
3064 5660 3242 5713 eodem
3273 5673 3351 5711 ms
3389 5654 3489 5709 cof-

2476 5730 2547 5762 m
2578 5730 2870 5787 Laudabile
2912 5746 2993 5785 ms
3029 5729 3183 5784 valde
3220 5725 3488 5783 laudabile

240 5794 311 5825 ’θ’
343 5791 765 5851 Είῐὶςίειιιυδ”ηιι
788 5795 1119 5853 efficeremus
1140 5791 1154 5796 ’
1222 5798 1291 5830 ¹¹⁰
1318 5797 1381 5852 Et
1402 5797 1519 5867 ejus
1545 5840 1580 5853 ..
1606 5800 1993 5868 produceretur
2022 5814 2100 5853 ms
2121 5810 2179 5853 ut
2201 5801 2315 5869 ejus
2338 5839 2375 5857 ..
2405 5802 2786 5871 perduceretur
