4028 6302
484 421 486 423 ,
525 352 590 427 δὲ
674 355 678 357 ’
1098 373 1155 427 s.
1187 371 1482 426 ANSliLtil
1519 371 1869 427 CANTIJAIK.
1903 370 2406 442 ΑΙΚΩΙΗΕΡἭΟΡΡ.
2450 373 2628 428 rans
2655 374 2831 429 lll.-—
2863 373 3240 431 ιειδιδτοιηιῑ.
3760 373 3849 427 es

525 484 899 552 rationabiles,
933 493 987 539 et
1028 500 1148 555 qua:
1196 483 1457 539 infirmari
1508 494 1816 554 nequeunt,
1846 485 2104 557 quoniam
2135 469 2177 526 Α
2207 482 2460 556 clongare
2483 486 2552 541 ab
2589 485 2723 542 urbe
2753 485 2805 542 in
2855 501 2958 556 qua
3003 501 3184 549 eram,
3231 485 3334 541 nisi
3388 470 3576 541 versus
3616 485 3848 542 hostes

524 590 670 630 vera:
721 583 882 640 sunt,
935 574 1332 629 excusationes.
1395 573 1546 628 Sciat
1591 590 1694 644 pro
1737 584 1886 629 certo
1931 585 2109 628 vestra
2215 579 2305 647 qui
2345 579 2693 647 timebantur,
2731 589 2858 644 tunc
2887 581 3124 638 monitus
3160 589 3219 636 ut
3245 581 3400 636 vobis
3429 597 3843 648 occurrerem,

466 659 469 661 ’
525 665 824 742 reverentia
868 666 992 736 quia
1034 664 1282 720 eumdem
1314 663 1555 719 animum
1589 680 1749 736 quem
1781 666 2023 734 habetis,
2052 675 2110 721 ut
2213 678 2480 741 quatenus
2509 673 2946 744 colloquerentur
2969 675 3034 729 de
3062 675 3147 729 his
3181 690 3302 744 qua:
3327 674 3648 746 corrigenda
3683 688 3845 732 sunt

523 759 868 828 corrigantur
915 746 1042 828 qua:
1065 755 1389 827 corrigenda
1436 766 1584 823 sunt,
1635 757 1828 813 habeo.
1863 756 1967 830 Sed
2000 773 2108 833 'cx-
2214 762 2268 818 in
2304 763 2407 818 hoc
2436 779 2622 836 regno,
2667 766 3046 822 rationabilem
3069 778 3124 822 et
3149 767 3550 837 susceptibilem
3588 770 3836 824 reddidi

522 861 704 920 specto
756 851 984 906 reditum
1031 849 1233 904 domini
1284 848 1388 903 mei
1430 849 1606 919 regis,
1637 857 1693 904 et
1731 849 2106 921 e,.iscoporum
2212 870 2457 922 causam,
2496 856 2622 925 quia
2650 867 2872 926 propter
2901 857 3216 927 praedictum
3244 857 3541 928 periculum
3575 868 3633 912 et
3671 873 3842 927 pra:-

521 952 572 1007 et
613 942 914 1022 principum
962 945 1053 1010 qui
1085 956 1211 1014 cum
1249 955 1313 994 eo
1361 949 1526 1006 sunt,
1577 948 1842 1010 quatenus
1878 939 1949 994 illi
1989 954 2110 1010 qua:
2211 952 2425 1013 ceptum
2460 945 2603 1015 regis
2631 945 2814 999 venire
2858 961 2964 1001 non
2996 955 3264 1014 poteram,
3294 954 3348 1000 et
3389 945 3523 1000 nihil
3550 945 3835 1002 efficere-

519 1035 723 1104 agenda
736 1041 1202 1103 sunt,opportune
1226 1043 1281 1088 et
1311 1032 1710 1088 rationabiliter
1728 1048 2106 1104 suggeramus.
2211 1049 2333 1088 mus
2355 1049 2454 1090 nos
2488 1035 2614 1098 duo,
2643 1035 2871 1091 absente
2900 1050 3028 1106 rege.
3063 1045 3118 1092 et
3163 1035 3284 1090 aliis
3316 1051 3543 1106 quorum
3570 1052 3833 1094 assensu

517 1125 585 1179 Et
611 1127 710 1190 sic,
746 1125 859 1202 Deo
889 1107 1362 1201 adjttvante,qejus
1406 1140 1632 1180 assensu
1676 1134 1731 1180 ct
1772 1125 1972 1180 auxilio
1994 1124 2107 1192 effi-
2209 1133 2264 1180 et
2303 1124 2529 1181 consilio
2574 1133 2629 1180 et
2671 1126 2988 1194 operatione
3038 1126 3104 1180 ad
3147 1124 3398 1181 effectum
3451 1128 3571 1182 duci
3616 1138 3834 1197 posset

519 1218 703 1292 racius
735 1217 1048 1287 cxpleamus
1075 1218 1216 1286 quod
1247 1218 1635 1274 desideramus.
1663 1219 1718 1274 Si
1745 1229 1921 1274 tamen
1954 1221 2108 1277 vobis
2209 1213 2535 1283 colloquium
2569 1223 2834 1268 nostrum.
2866 1215 2978 1285 Ego
3010 1214 3153 1268 enim
3187 1215 3302 1285 ipse
3336 1214 3491 1271 video
3521 1231 3646 1287 quae
3685 1233 3832 1286 cor-

521 1306 698 1374 placet
732 1319 790 1360 ut
835 1322 932 1376 per
961 1307 1373 1386 dilectissimum
1405 1306 1624 1363 fratrem
1675 1321 1916 1364 nostrum
1947 1324 2104 1365 reve-
2209 1305 2433 1376 rigentia
2477 1312 2622 1370 sunt,
2668 1314 2724 1360 cl.
2771 1305 2945 1360 habeo
2995 1305 3361 1372 voluntatem,
3410 1320 3571 1376 quam
3621 1307 3830 1363 nullus

523 1396 748 1472 reudum
799 1397 1047 1468 abbatem
1097 1396 1163 1452 ll.
1220 1398 1287 1428 ²¹¹
1345 1399 1495 1472 mihi.
1527 1399 1809 1453 consilium
1858 1409 2106 1466 vestrum
2208 1396 2370 1451 homo
2397 1397 2526 1452 tnihi
2556 1406 2730 1468 potest
2755 1413 2969 1469 augere,
2994 1398 3458 1469 corrigendi,De0
3485 1400 3824 1468 adjuvante,

2207 1503 2304 1559 per
2332 1502 2613 1544 assensum
2641 1497 2695 1544 et
2724 1489 2986 1543 auxilium
3025 1489 3226 1543 domini
3260 1491 3362 1544 mei
3401 1491 3543 1560 regis
3574 1499 3628 1546 et
3663 1492 3821 1546 alio-

2209 1580 2438 1634 rum-ad
2487 1594 2623 1650 quos
2660 1580 2914 1648 pertinet,
2946 1594 3070 1634 cum
3113 1579 3266 1634 locus
3317 1589 3371 1634 et
3415 1581 3818 1650 opportunitas

2207 1670 2332 1724 erit.
2382 1669 2534 1736 Quod
2567 1678 2746 1725 autem
2793 1670 3190 1740 conquerimini
3245 1685 3340 1724 vos
3385 1680 3625 1726 moratos
3655 1687 3816 1738 esse,

2207 1757 2354 1814 velut
2387 1759 2777 1814 infructuosam
2813 1761 3063 1834 arborem
3093 1770 3148 1816 et
3176 1761 3517 1832 peregrinum
3560 1779 3668 1816 non
3703 1763 3818 1817 ha-

521 1489 820 1554 mandetis,
849 1488 914 1563 de
959 1490 1154 1560 quibus
1198 1489 1358 1556 rebus
1397 1499 1451 1545 et
1493 1493 1760 1562 quomodo
1807 1508 1931 1548 cum
1980 1508 2108 1563 rege

520 1579 665 1648 idqui
695 1578 942 1656 debeam,
981 1579 1084 1655 hoc
1123 1579 1356 1636 libenter
1391 1583 1650 1653 suscipio.
1696 1582 1803 1637 Sed
1835 1591 1891 1637 et
1918 1584 1962 1638 si
1993 1584 2106 1654 regi

520 1671 791 1737 monendo
822 1672 1106 1725 consulere
1146 1671 1346 1742 aliquid
1384 1673 1449 1728 de
1480 1672 1787 1742 hujusmodi
1825 1672 1986 1729 rebus
2013 1690 2108 1744 per

517 1763 769 1818 eutndem
800 1763 1048 1818 abbatem
1097 1773 1151 1819 et
1199 1766 1554 1823 reverendum
1604 1766 1916 1836 episcopum
1948 1764 2103 1820 Win-

521 1854 678 1909 touia:
717 1854 1011 1931 prudentize
1051 1866 1243 1912 vestra:
1279 1856 1574 1926 placuerit,
1608 1832 1767 1922 laudo
1790 1832 1843 1914 et
1865 1858 2100 1930 postulo.
2135 1832 2181 1892 Β
2210 1852 2424 1906 hentem
2453 1850 2780 1921 adjutorium
2811 1863 2902 1907 aut
2926 1832 3235 1919 censilium,
3263 1853 3329 1908 de
3354 1852 3473 1908 aliis
3501 1869 3596 1908 vos
3621 1855 3811 1920 scitis,

551 1944 667 1998 'ale.

551 1944 614 1998 'al
654 1984 667 1998 .

518 1944 548 2000 Χ
619 1960 647 2000 θ
947 2038 1276 2094 EPISTOLA
1321 2039 1540 2096 XXXVI
1579 2043 1668 2095 "’.

1138 2145 1204 2182 AD
1245 2144 1482 2184 EUMDEM.

513 2239 822 2294 Calumnias
863 2240 1136 2313 imposugs
1165 2242 1380 2313 excutit,
1422 2251 1469 2295 et
1511 2258 1567 2296 se
1594 2258 1688 2297 nec
1724 2245 1992 2298 schismati
2024 2245 2107 2313 fa-

566 2329 720 2385 .v_ere,
747 2327 840 2364 nec
871 2311 1022 2363 rebus
1057 2308 1307 2365 Ecclesia:
1338 2322 1461 2365 tunc
1482 2329 1631 2382 posse
1653 2315 1923 2370 consulere
1946 2308 2106 2385 signi-

583 2381 729 2448 ﬁt'af.

572 2469 827 2524 .ltomino
859 2477 913 2524 ct
943 2470 1240 2525 reverenda
1289 2483 1538 2542 episcOpo
1578 2472 1867 2528 Albauensi
1903 2482 1958 2528 et
1985 2488 2105 2528 car-

515 2559 676 2613 diuali
704 2557 999 2624 iVereno,
1023 2559 1427 2615 Cantuaricnsis
1455 2561 1524 2592 ²¹³
1549 2561 1726 2623 divina
1751 2561 2104 2630 dispositione

513 2643 956 2722 archiepiscopus
1021 2652 1347 2718 Assewus,
1414 2654 1722 2710 orationum
1785 2652 2100 2710 fidelitatem

513 2761 638 2800 cum
667 2745 905 2800 servitio.
1143 2737 1146 2740 ’
1824 2765 1827 2768 ·

587 2835 810 2890 Litteris
849 2849 880 2889 a
925 2847 1105 2891 vestra
1135 2837 1428 2892 sanctitate
1460 2838 1586 2893 mihi
1618 2839 1870 2906 directis,
1902 2840 1946 2896 si
1972 2839 2101 2897 lice-

513 2934 630 2991 ret,
675 2926 887 2997 plenius
948 2942 1111 2996 quam
1171 2929 1482 2999 epistolaris
1544 2929 1782 2985 brevitas
1839 2931 2097 2999 patiatur,

515 3017 920 3087 responderem.
948 3015 1053 3072 Pro
1083 3019 1339 3088 temporis
1373 3027 1553 3072 tamen
1597 3020 2004 3090 opportunitate
2032 3022 2098 3076 ad

515 3122 781 3162 summam
815 3125 1007 3164 sensus
1039 3109 1250 3164 illarum
1297 3111 1554 3176 breviter,
1579 3113 1720 3181 quod
1750 3113 1818 3168 ad
1859 3127 1946 3168 me
1974 3114 2101 3167 atti-

2207 1943 2273 1998 de
2304 1959 2390 1998 me
2437 1953 2616 2000 autem
2644 1960 2746 2017 ego
2792 1945 2904 2001 scio
2933 1945 3058 2015 quia
3091 1961 3196 2000 non
3243 1947 3494 2016 prohibui
3537 1963 3632 2004 vos
3687 1949 3810 2004 fru-

2207 2031 2472 2096 ctificare,
2501 2048 2676 2104 neque
2700 2049 2877 2088 meum
2911 2033 3169 2089 auxilium
3200 2043 3293 2088 aut
3321 2035 3605 2090 consilium
3637 2039 3810 2092 vobis

2206 2137 2304 2190 pro
2341 2123 2551 2193 ratione
2586 2132 2640 2178 et
2673 2123 3032 2193 possibilitate
3072 2139 3188 2179 mea
3241 2124 3500 2196 denegavi
3549 2135 3810 2196 tempore

2207 2213 2593 2269 fructificandi.
2621 2213 2773 2282 Quod
2799 2231 2927 2270 vero
2949 2216 3191 2286 quaeritis
3217 2231 3244 2270 a
3271 2233 3354 2270 me
3383 2233 3479 2271 cur
3508 2218 3577 2248 "°
3607 2227 3660 2273 et
3691 2235 3807 2289 qua

2199 2303 2408 2374 jnstitia
2437 2304 2676 2374 episcopi
2708 2304 2797 2358 alii
2834 2320 2919 2360 me
2963 2305 3314 2376 abuegantes,
3347 2322 3375 2360 a
3404 2321 3489 2361 me
3525 2307 3804 2363 discesse-

2205 2404 2353 2460 runt,
2384 2411 2484 2451 nec
2506 2405 2632 2450 sunt
2663 2397 2862 2451 reversi
2895 2397 3109 2468 dignam
3139 2407 3362 2468 agentes
3392 2399 3800 2468 paenitentiam,

2208 2486 2310 2542 hoc
2356 2486 2536 2557 potius
2583 2486 2650 2541 ab
2690 2486 2795 2542 illis
2830 2489 3179 2557 quaerendum
3222 2497 3340 2542 erat
3370 2492 3553 2559 'quam
3582 2506 3631 2544 .a
3687 2507 3799 2544 me.

2206 2576 2317 2648 Ego
2343 2577 2486 2632 enim
2517 2577 2700 2632 nescio
2727 2593 2814 2633 me
2841 2577 3036 2633 fecisse
3059 2588 3156 2633 cu‘r
3182 2579 3283 2634 hoc
3306 2579 3485 2634 facere
3511 2580 3798 2636 deberent.

2205 2668 2427 2724 Reversi
2455 2677 2635 2725 tamen
2672 2669 2934 2724 hactenus
2963 2678 3119 2736 sunt,
3152 2679 3210 2724 ut
3251 2670 3396 2725 illam
3425 2671 3800 2727 obedientiam

2203 2775 2364 2832 quam
2403 2760 2782 2817 Cantuarieusi
2811 2761 2922 2816 sedi
2949 2756 3331 2831 promiserant,
3364 2778 3421 2819 se
3444 2763 3575 2818 mihi
3607 2770 3801 2819 scrva-

2206 2861 2355 2908 turos
2421 2851 2743 2907 faterentur.
2806 2850 2998 2906 Dicitis
3052 2851 3311 2922 quosdam
3369 2852 3580 2907 illorum
3638 2853 3798 2908 vobis

2203 2943 2405 2998 dixisse
2435 2943 2554 2998 ideo
2585 2958 2691 2998 non
2739 2939 3030 2999 edendisse
3060 2945 3128 2975 ἰτ
3160 2944 3212 2998 in
3261 2960 3347 3000 me
3394 2945 3523 3015 quia
3571 2947 3796 3015 permisi

2204 3049 2289 3089 me
2319 3048 2347 3088 a
2378 3032 2642 3089 catholica
2680 3032 2928 3089 Ecclesia
2974 3032 3256 3089 transferri
3297 3034 3364 3088 ad
3393 3034 3796 3097 schismaticos,

2203 3124 2348 3179 etab
2377 3123 2486 3179 illis
2513 3123 2860 3190 consecrari,
2902 3124 2948 3179 si
2983 3124 3120 3189 fieri,
3155 3124 3298 3179 sicut
3327 3124 3549 3189 additis,
3577 3135 3792 3195 poteSt;

513 3203 639 3260 net,
670 3198 990 3267 respondeo.
1038 3197 1230 3254 Dicitis
1269 3200 1396 3268 quia
1440 3209 1757 3271 oportuerat
1806 3217 1907 3257 nos
1956 3202 2097 3272 loqui

2204 3225 2259 3272 et
2283 3232 2312 3270 a
2342 3216 2693 3271 schismatico
2726 3231 2854 3289 rege
2889 3215 3266 3272 investituram
3301 3215 3602 3287 accepisse,
3633 3227 3688 3272 et
3719 3218 3793 3272 illi

513 3284 675 3342 simul
711 3287 776 3340 de
805 3286 961 3342 vinea
992 3288 1225 3355 Domini,
1257 3306 1377 3360 qua:
1425 3292 1480 3346 in
1526 3294 1628 3348 hoc
1674 3309 1838 3365 regno
1869 3297 2099 3351 destrui-

513 3384 621 3441 tur,
652 3392 720 3430 ne
753 3377 969 3446 penitus
1014 3379 1458 3447 confunderetur,
1495 3384 1848 3454 quoadusque
1881 3395 2100 3442 sanctus

515 3465 709 3522 Petrus
734 3470 1026 3538 apostolus.
1059 3487 1155 3540 per
1172 3472 1436 3528 vicarium
1459 3489 1616 3529 suum
1644 3476 1921 3532 Urbanum
1953 3494 2101 3534 sum-

513 3573 659 3610 tuum
691 3557 763 3590 ἰδ
792 3561 1096 3628 pontificem
1131 3564 1374 3620 visitaret
1423 3581 1564 3621 eam.
1612 3567 1724 3623 lloc
1770 3570 1956 3626 utioue
2002 3586 2099 3642 ego

513 3648 628 3717 ipse
665 3649 973 3719 voluissem,
1011 3654 1054 3709 si
1081 3670 1320 3726 congruo
1348 3665 1587 3728 tempore
1613 3659 1816 3715 factum
1847 3671 2009 3725 esset,
2047 3664 2098 3718 id

513 3751 596 3794 cst
621 3743 836 3810 quando
867 3747 1116 3802 dominus
1143 3763 1296 3803 meus
1325 3764 1415 3803 rex
1437 3789 1452 3814 ,
1481 3759 1538 3805 et
1565 3751 1838 3821 episcopi,
1864 3762 1916 3809 et
1946 3755 2097 3823 prin-

512 3831 658 3900 cipes
707 3832 866 3903 hujus
913 3837 1062 3906 regni
1110 3838 1265 3894 vobis
1318 3850 1610 3909 praesentes
1667 3851 1758 3896 aut
1811 3846 2094 3916 prepinqui

510 3931 686 3978 erant.
740 3925 1032 3996 Postquam
1086 3943 1214 3984 vero
1262 3931 1533 3986 licentiam
1586 3933 1871 4004 accepistis
1908 3951 1937 3988 a
1976 3951 2098 4006 rege

513 4014 768 4070 redeundi
800 4015 1050 4085 Romani,
1078 4029 1134 4075 et
1165 4036 1257 4076 rex
1283 4021 1337 4077 in
1367 4023 1767 4092 expeditionem
1795 4041 1947 4080 suam
1975 4042 2095 4080 cum

510 4104 920 4177 archiepiscopo
970 4109 1301 4168 Eboracensi
1349 4123 1405 4169 et
1448 4116 1770 4184 quibusdam
1823 4116 1942 4173 aliis
1986 4119 2098 4190 epi-

509 4194 688 4261 scopis
714 4204 768 4248 et
791 4198 1124 4267 principibus
1147 4202 1260 4256 suis
1296 4202 1412 4270 ivit,
1440 4213 1495 4259 et
1532 4219 1630 4260 vos
1653 4207 1720 4260 ab
1753 4206 1875 4275 illis,
1910 4216 1963 4263 ct
1997 4223 2096 4280 ego

509 4299 538 4335 a
578 4285 732 4340 vobis
763 4287 1131 4358 discessimus,
1160 4293 1327 4349 veluti
1372 4312 1479 4352 non
1508 4313 1606 4353 nos
1638 4299 1708 4332 ’³⁸
1737 4301 1789 4354 in
1820 4301 1923 4357 hac
1951 4311 2095 4360 terra

509 4376 740 4446 amplius
769 4379 1000 4435 invicem
1037 4384 1236 4451 visuri;
1266 4395 1322 4442 et
1361 4398 1645 4460 postquam
1676 4406 1769 4447 rex
1800 4393 1928 4448 mihi
1961 4409 2098 4464 prae-

510 4468 657 4536 cepit
680 4478 740 4524 ut
767 4469 914 4525 illam
947 4471 1155 4543 partem
1183 4478 1333 4547 regni
1361 4479 1442 4533 sui
1470 4479 1524 4534 in
1555 4497 1660 4552 qua
1687 4484 1924 4541 maxime
1949 4486 2090 4542 irru-

2206 3307 2521 3362 fidelitatem
2563 3315 2618 3362 et
2656 3307 2957 3362 hominium
3007 3305 3224 3374 fecisse,
3257 3322 3394 3377 quos
3430 3321 3620 3362 omnes
3655 3308 3798 3362 scie-

2203 3397 2324 3452 bam
2352 3413 2474 3454 csse
2504 3398 2882 3454 schismaticos
2906 3405 2961 3453 et
2985 3397 3187 3452 divisos
3206 3399 3274 3454 ab
3300 3397 3539 3452 Ecclesia
3565 3396 3791 3463 Christi,

2203 3496 2315 3541 et'a
2364 3488 2541 3558 capite
2588 3501 2707 3545 meo
2757 3487 2977 3544 Urbano
3008 3488 3284 3558 pontifice,
3330 3503 3488 3558 quem
3541 3488 3680 3557 ipsi,
3712 3505 3798 3544 me

2205 3578 2500 3645 audiente,
2550 3578 2911 3650 abnegahant.
2960 3579 3120 3634 Certe
3171 3577 3480 3634 nesciebam
3527 3591 3629 3632 nec
3677 3579 3794 3634 scio

2201 3685 2295 3727 eos
2322 3670 2720 3736 schismaticos,
2750 3679 2846 3726 aut
2880 3670 2959 3726 sic
2984 3670 3186 3725 divisos
3226 3670 3295 3725 ab
3330 3667 3572 3724 Ecclesia
3601 3667 3790 3733 fuisse,

2203 3770 2263 3818 ut
2297 3762 2501 3818 dicunt.
2537 3762 2604 3817 Et
2629 3764 2673 3817 si
2710 3761 2906 3832 aliquis
2927 3776 3114 3816 eorum
3162 3761 3252 3831 qui
3284 3761 3388 3816 hoc
3423 3761 3576 3815 vobis
3607 3759 3792 3814 dicunt

2204 3870 2290 3909 tne
2317 3864 2581 3925 praesente
2625 3853 2730 3909 hoc
2756 3854 2989 3918 diceret,
3020 3852 3360 3907 ostenderem
3397 3849 3794 3906 rationabiliter

2203 3959 2308 3999 non
2344 3945 2414 4000 ita
2440 3960 2577 4000 esse.
2611 3944 2687 3998 Illi
2732 3944 2876 4000 enim
2925 3958 3029 3999 non
3059 3944 3424 4016 {abnegabaut
3465 3943 3790 3999 canonicum

2203 4037 2503 4092 liomanum
2555 4035 2899 4106 pontificem,
2948 4035 3255 4105 quicunque
3300 4045 3462 4099 esset,
3491 4046 3592 4088 nec
3618 4031 3792 4086 Urba-

2200 4142 2328 4181 num
2359 4126 2628 4197 negabant
2653 4140 2776 4181 esse
2820 4124 3162 4197 pontificem;
3199 4125 3294 4179 sed
3322 4123 3640 4180 dubitabant
3666 4138 3792 4193 pro-

2200 4228 2320 4289 pter
2345 4217 2491 4273 illam
2522 4233 2643 4288 quae
2673 4217 2833 4273 modo
2876 4227 3000 4272 nata
3047 4217 3118 4248 ³³⁸
3159 4223 3243 4271 est
3286 4215 3706 4279 dissensionem,
3735 4222 3790 4269 ct

2199 4315 2418 4378 propter
2446 4307 2838 4362 dubitationem
2867 4305 3016 4360 illum
3063 4306 3341 4375 suscipere
3381 4304 3537 4370 quasi
3575 4313 3786 4361 certum

2199 4396 2554 4462 differebant;
2582 4413 2684 4453 nec
2709 4397 2874 4452 ullum
2919 4397 3177 4466 iudicium
3220 4413 3314 4453 eos
3345 4397 3416 4432 “'
3448 4398 3517 4452 ab
3542 4395 3785 4452 Ecclesia

2199 4497 2600 4560 segregaverat,
2625 4497 2680 4544 et
2704 4488 2926 4542 omnino
2949 4488 3311 4544 obedientiam
3341 4488 3599 4542 Romana:
3643 4488 3787 4542 sedis

466 4592 469 4595 -
509 4559 747 4626 ptionem
799 4561 1033 4619 hostium
1083 4568 1324 4637 quotidie
1368 4571 1661 4639 timemus,
1687 4576 1974 4648 diligenter
1999 4595 2095 4635 cu-
2126 4557 2176 4616 ί)
2201 4557 2388 4637 tenere
2424 4595 2484 4637 se
2525 4578 2861 4648 fatebantur,
2889 4589 2944 4636 et
2972 4581 3073 4636 sub
3105 4579 3441 4650 professione
3467 4580 3788 4636 obedientia:

509 4651 792 4718 stodirem,
823 4663 880 4708 et
906 4652 1149 4725 quOtidie
1194 4671 1414 4731 paratus
1451 4680 1626 4722 essem
1676 4668 1921 4728 hostibus
1959 4674 2093 4729 resi-

509 4750 652 4798 stere
698 4744 743 4800 si
783 4746 1074 4816 irruerent,
1121 4752 1264 4808 sicut
1314 4755 1367 4808 in
1415 4758 1654 4827 periculo
1707 4764 1952 4818 vastandi
2009 4765 2091 4818 vel

506 4834 1060 4909 perdendi'terram;
1110 4859 1234 4899 cum
1287 4847 1433 4902 nullo
1482 4851 1642 4904 modo
1695 4853 1950 4907 auderem
2005 4869 2092 4909 me

2201 4671 2434 4728 Romani
2469 4670 2742 4744 pontificis
2783 4686 2870 4727 me
2892 4679 3302 4726 consecrarunt.
3342 4671 3585 4742 Denique
3611 4671 3786 4726 domi-

2200 4780 2304 4821 nus
2332 4780 2466 4836 papa
2495 4762 2703 4818 sciebat
2735 4777 2819 4818 me
2846 4777 2968 4818 esse
2994 4770 3393 4828 consecratum,
3422 4772 3478 4817 et
3508 4776 3537 4815 a
3562 4762 3781 4832 quibus,

2198 4863 2254 4910 et
2283 4855 2366 4910 cui
2395 4854 2508 4926 regi
2539 4853 2772 4908 feceram
2805 4855 2946 4923 quod
2986 4852 3110 4908 feci.
3131 4851 3196 4906 Et
3222 4863 3399 4908 tamen
3432 4851 3544 4923 (Il)
3567 4850 3783 4922 pallium

1827 4965 2058 5022 VARle
2092 4968 2493 5026 LECTIONES.

612 5063 682 5097 '“
707 5068 964 5126 Ahbatem
994 5072 1061 5128 N.
1090 5092 1186 5130 ms.
1218 5074 1478 5133 Abbatem
1533 5079 1598 5135 ll.

567 5137 584 5167 ⁵
614 5137 896 5193 Summum
930 5160 1006 5196 ms
1039 5160 1307 5202 summum
1348 5148 1664 5205 Pontificcm

567 5219 598 5261 θ
620 5215 718 5261 ΟηΓ
826 5211 893 5243 ³³⁷
918 5212 1041 5261 Iden
1072 5231 1166 5261 νος
1186 5217 1476 5261 nﬂ'amlieen
1501 5238 1578 5261 me
1606 5221 1664 5261 id

509 5222 598 5261 tne
620 5222 718 5261 CHI‘

508 5291 587 5330 ms
608 5277 868 5346 judicium
889 5297 984 5340 eos

511 5135 584 5167 ιιι

1715 5083 1783 5112 ἰ’
1829 5080 1964 5135 Cum
2011 5085 2188 5139 eodem
2232 5102 2326 5141 ms.
2362 5085 2574 5140 collata.

1775 5151 1845 5183 ²¹⁸
1869 5151 1984 5206 Non
2013 5169 2107 5208 vos
2133 5154 2280 5210 Edit.
2319 5153 2431 5209 Ρὶεο
2465 5172 2567 5211 ηοιι
2607 5173 2704 5214 "03

826 5211 893 5243 ³³⁷
917 5212 1041 5270 ldeo
1072 5231 1166 5271 vos
1186 5217 1477 5276 oﬂ‘endisse
1501 5238 1578 5274 ms
1606 5221 1728 5276 ideo
1753 5235 1857 5276 non
1881 5221 2172 5281 offendisse

2685 5087 2756 5119 ¹¹³
2812 5086 3188 5142 Cantuariensi
3243 5102 3322 5141 ms
3379 5083 3786 5152 Cantuariensis

2813 5159 2881 5190 ⁸⁸⁸
2915 5157 3170 5226 ριιωτίιίε
3217 5173 3313 5214 cur
3337 5173 3415 5212 ms
3459 5154 3700 5225 quaeritis
3753 5171 3782 5207 a

2279 5225 2350 5258 ⁹¹⁸
2389 5225 2586 5282 Mundo
2620 5237 2744 5283 nata
2777 5245 2855 5283 ms
2878 5230 3039 5284 modo
3085 5236 3211 5283 nata
3322 5227 3784 5302 mIndiciumcos

1661 5385 1949 5444 JOANNIS
1992 5390 2260 5446 PlCARDl
2302 5389 2531 5448 ΝΟΤᾹΞ.

579 5485 692 5570 (Η)
725 5484 956 5570 PaL/{um
1003 5497 1143 5566 quod
1181 5500 1600 5570 archiepiscopus
1629 5501 1934 5557 Cantuariw
1962 5501 2090 5556 solet

505 5552 714 5635 habere,
743 5561 871 5615 mihi
893 5579 986 5631 per
1008 5552 1228 5628 cesti-am
1255 5552 1596 5635 ίςιιαῖὲιίάιέὶιῖξ

507 5627 660 5712 adse
687 5627 1213 5712 transmissi_rursus
1224 5637 1468 5712 meminit
1491 5641 1543 5694 in
1569 5627 1814 5712 sequenti
1840 5627 2091 5712 epistola,
2131 5685 2136 5698 ι,

506 5692 834 5782 ρειιεηριμιρ
873 5692 1302 5782 gratiasscribit
1323 5723 1388 5782 eo

505 5765 910 5855 peccantem
937 5776 1086 5855 misit
1117 5778 1260 5855 (erat
1283 5780 1428 5855 enim
1478 5765 1671 5855 luculo'
1697 5765 2093 5855 iﬁéiua’uii'ai»

506 5842 719 5912 gentico)
745 5845 820 5901 sic
843 5842 1505 5919 Anselmus'devotissimc,
1535 5851 1683 5923 juxta
1713 5869 1774 5908 ac
1797 5853 2093 5909 lautiss'me

2191 5506 2423 5575 excepit.
2456 5519 2580 5577 nam
2609 5505 2830 5561 Walero
2861 5505 3038 5577 legato
3069 5505 3120 5560 id
3149 5504 3423 5577 deferente
3445 5503 3656 5577 obviam
3685 5503 3780 5558 ivit

2191 5576 2707 5645 pontifieiaindutus
2737 5575 3057 5632 vestimenta
3077 5586 3129 5630 et
3157 5576 3361 5630 nudato
3381 5575 3533 5644 pede.
3551 5576 3775 5630 Sacrum

2191 5656 2371 5716 autem
2401 5647 2609 5715 insigne
2639 5647 2942 5716 depositum
2990 5645 3042 5699 in
3098 5645 3268 5716 altare
3302 5645 3540 5713 suscepit
3591 5653 3647 5700 et
3679 5645 3776 5716 hu-

2194 5714 2359 5768 meris
2381 5713 2720 5782 composuit;
2740 5717 2925 5784 sicque
2952 5716 3141 5770 diurna
3168 5715 3272 5769 illa
3322 5716 3612 5784 decoratus
3643 5713 3773 5768 stola

2196 5798 2308 5838 rem
2341 5799 2555 5856 sacram
2581 5788 2786 5856 peregit
2809 5787 3088 5842 Dominico
3109 5787 3194 5841 die
3217 5795 3413 5855 quarto
3440 5784 3561 5856 ldus
3586 5783 3772 5840 lunias

2196 5870 2335 5910 anno
2387 5854 2523 5910 1095
2572 5854 2736 5918 (Inmi-
2765 5857 2908 5913 euim
2937 5854 3242 5912 Florentius
3300 5855 3685 5927 \‘ig-ruicnsis,
3713 5863 3766 5909 et
