4028 6302
513 374 576 430 Ἠ
1101 368 1157 423 S.
1193 366 1488 421 ANSELMI
1516 365 1867 422 CANTUAR.
1909 363 2104 420 AllCil‘

2217 403 2230 418 .
2259 363 2411 418 OPP.
2440 363 2616 416 PARS
2642 363 2726 417 lll.
2749 394 2819 404 -—
2859 361 3240 420 EPISTOLE.

937 475 1258 544 EPISTOLA
1301 478 1540 533 XXXVII
1581 480 1670 532 m.

1006 589 1070 627 AD
1119 587 1362 626 URBANUM
1413 585 1606 624 PAPAI.

548 661 659 718 Cur
684 661 934 717 hactenus
966 675 1153 728 papam
1187 674 1290 712 non
1335 657 1551 728 adierit,
1573 654 1799 728 quidque
1825 653 1966 723 {acto
1993 655 2061 708 sit

819 746 948 800 opus
967 726 1041 782 αδ
1063 728 1242 782 eodem
1276 726 1478 781 moneri
1507 726 1785 794 supplicat.

3726 369 3816 425 '72

2124 465 2170 520 Α
2202 476 2310 531 mili
2339 475 2543 546 aliquid
2579 490 2740 546 agere
2786 476 3032 542 videbar,
3061 479 3115 534 in
3146 481 3362 537 sublimi
3411 467 3618 555 positus
3648 501 3814 554 prm-

2198 569 2386 640 graudi
2414 583 2584 623 onere
2627 582 2848 638 pressus
2875 583 2976 626 nec
3021 572 3650 646 mihi.fructum.facio,
3687 591 3812 631 nec

2197 657 2346 712 utilis
2385 656 2546 712 alicui
2591 659 2787 714 existo.
2825 658 2990 715 Oneri
3039 663 3254 731 quidem
3299 663 3626 730 succumbo,
3658 667 3808 734 quia

2194 747 2414 812 virium,
2445 747 2734 814 virtutum,
2777 747 3076 815 industriae,
3117 753 3390 820 scientiae,
3430 762 3580 809 tanto
3609 754 3811 811 oﬁicio

581 841 898 900 Reverendo
950 857 1014 896 ac
1056 847 1372 896 reverenter
1417 837 1762 916 suscipiendo
1814 836 2095 892 catholica;
2196 838 2614 908 competentium
2653 839 2926 910 inepiam,
2963 841 3086 915 plus
3113 858 3275 913 quam
3307 844 3565 900 credibile
3607 846 3810 902 videa-

510 924 765 991 Ecclesize
803 949 1015 991 summo
1062 931 1302 1002 pontiﬁci
1359 910 1598 994 Una/mo,
1633 929 1916 984 Ausstuns
1939 969 1955 994 ,
1985 945 2093 983 non

509 1036 623 1090 suis
670 1033 910 1096 meritis,
943 1030 1039 1087 sed
1089 1039 1224 1083 nutu
1255 1027 1470 1092 divino,
1518 1024 1828 1081 Cantuaria:
1871 1033 2095 1078 vocatus

507 1121 960 1193 metropolitanus
1013 1119 1341 1188 episcopus,
1405 1115 1645 1172 debitam
1703 1112 2092 1182 subiectionem

507 1231 633 1270 cum
673 1212 882 1270 servitii
911 1211 1216 1267 devotione.

580 1304 800 1362 Gratias
829 1319 930 1374 ago
958 1309 1159 1357 sanctae
1197 1298 1580 1356 muniﬁcentiae
1606 1307 1799 1352 vestra:
1839 1295 1982 1367 quod
2011 1296 2096 1350 di-
2133 1362 2135 1364 η

510 1410 645 1467 gnos
668 1391 978 1464 apostolica:
1002 1391 1147 1447 sedis
1170 1390 1374 1462 legatos
1401 1390 1467 1444 ad
1495 1403 1593 1444 nos
1619 1387 1922 1454 direxistis;
1952 1386 2096 1457 quod

511 1486 658 1558 pallii
713 1485 1067 1548 beneﬁcium,
1133 1482 1249 1538 sola
1313 1481 1502 1553 gratia:
1558 1491 1752 1536 vestra:
1821 1479 2094 1550 largitate,

512 1579 648 1634 mihi
699 1577 899 1650 porrigi
961 1576 1313 1648 prmeepistis.
1373 1572 1552 1629 Nostri
1603 1572 1832 1643 quippe,
1889 1565 2094 1635 fateor,

511 1668 720 1726 ordinis
771 1677 826 1724 et
873 1667 1032 1722 ofﬁcii
1078 1667 1339 1721 intererat
1377 1673 1433 1718 et
1467 1664 1812 1735 praesentiam
1859 1672 2094 1717 vestram

510 1776 578 1816 ett
626 1775 778 1815 more
813 1759 1057 1824 visitare,
1095 1767 1150 1813 et
1197 1773 1315 1812 eam
1357 1765 1414 1811 ut
1466 1755 1584 1810 ﬁeri
1624 1756 1781 1810 decet
1832 1754 2095 1824 condigna

2191 940 2305 994 tur,
2341 929 2538 999 patior.
2570 928 2771 984 Curam
2802 931 3197 1002 importabilem
3234 934 3393 1003 cupio
3419 933 3626 1006 fugere,
3659 951 3811 1006 pon-

2196 1020 2296 1076 dus
2330 1020 2675 1090 relinquere:
2709 1021 2876 1076 Deum
2917 1038 2947 1077 e
2983 1023 3260 1079 contrario
3293 1025 3458 1081 timeo
3493 1024 3808 1082 offendere.

2196 1111 2384 1167 Timor
2429 1111 2522 1166 Dei
2561 1111 2692 1167 illud
2719 1127 2808 1167 me
2839 1113 3118 1183 suscipere
3151 1114 3431 1186 compulit,
3461 1117 3623 1172 timor
3645 1116 3806 1172 idem

2195 1217 2332 1257 onus
2369 1202 2510 1258 idem
2548 1218 2634 1257 me
2666 1203 2901 1259 retinere
2935 1205 3234 1281 compellit.
3282 1206 3339 1261 Si
3376 1206 3519 1262 inter
3555 1208 3672 1264 haec
3693 1223 3810 1264 vo-

2199 1295 2462 1350 luntatem
2500 1294 2596 1350 Dei
2640 1311 3015 1365 agnoscerem,
3045 1299 3234 1367 procul
3263 1299 3426 1355 dubio
3457 1300 3807 1358 voluntatem

2198 1399 2373 1439 meam
2410 1395 2464 1439 et
2490 1394 2644 1439 actus
2673 1400 2822 1440 incus
2848 1401 2944 1455 pro
2986 1388 3343 1456 possibilitate
3373 1390 3441 1444 ad
3481 1390 3625 1444 illam
3656 1408 3807 1446 con-

2198 1476 2419 1531 ferrem.
2462 1476 2618 1532 Nunc
2655 1477 2778 1546 quia
2825 1477 3075 1534 voluntas
3105 1479 3200 1534 Dei
3243 1495 3331 1536 me
3378 1481 3529 1547 latet,
3569 1491 3623 1536 et
3660 1484 3806 1552 quid

2198 1582 2353 1640 agam
2384 1566 2590 1629 nescio,
2615 1567 2958 1622 errabundus
2980 1570 3216 1639 suspiro,
3248 1581 3304 1626 et
3330 1587 3493 1641 quem
3521 1572 3601 1628 rei
3624 1573 3804 1629 ﬁnem

2199 1657 2481 1728 imponere
2521 1656 2748 1712 debeam
2791 1658 3001 1728 ignoro.
3045 1658 3497 1732 Postuloiitaque
3545 1674 3804 1720 sanctam

2203 1750 2549 1806 clementiam
2595 1759 2651 1805 et
2693 1750 3017 1806 clementem
3067 1753 3410 1808 sanctitatem
3455 1766 3693 1812 vestram
3737 1765 3810 1811 ut

511 1851 816 1908 reverentia
848 1820 1136 1924 honorare.
1175 1848 1241 1904 Et
1282 1849 1338 1904 id
1374 1846 1592 1917 quidem
1628 1861 1695 1902 ex
1729 1862 1837 1917 quo
1871 1820 2095 1916 gradum
2129 1820 2174 1874 Β
2201 1848 2424 1910 propter
2468 1839 2659 1903 Deum,
2702 1848 2927 1909 propter
2957 1854 3090 1896 eam
3112 1842 3434 1898 charitatem
3469 1861 3574 1915 qua
3607 1846 3807 1901 Eccle-

511 1943 872 2014 episcopalem
904 1943 1118 2012 suscepi
1149 1957 1366 1998 summo
1390 1940 1664 1997 desiderio
1693 1940 1872 1996 facere
1899 1955 2098 1995 concu-

511 2036 646 2103 pivi,
679 2043 791 2088 tum
819 2035 943 2104 quia
986 2034 1125 2088 ratio
1179 2034 1230 2088 id
1275 2033 1394 2089 ﬁeri
1444 2032 1786 2102 postulabat,
1829 2041 1940 2086 tum
1972 2033 2098 2102 quia

512 2110 739 2178 consilio
776 2133 834 2178 et
865 2123 1103 2192 alloquio
1134 2131 1318 2177 vestro
1350 2122 1455 2176 frui
1486 2121 1896 2184 desiderabam,
1925 2131 1987 2177 ut
2015 2137 2101 2177 me

510 2216 578 2268 de
632 2213 795 2268 rebus
843 2212 1169 2266 necessariis
1224 2218 1334 2264 tam
1381 2209 1610 2282 publicis
1659 2226 1820 2280 quam
1879 2211 2102 2280 privatis

512 2304 947 2374 interrogantem
997 2311 1176 2356 vestra
1217 2301 1504 2372 prudentia
1542 2300 1782 2368 doceret,
1830 2312 1886 2357 et
1915 2312 2103 2359 aucto-

513 2397 646 2450 ritas
701 2395 1002 2448 roboraret.
1056 2392 1206 2459 Quod
1257 2407 1346 2448 me
1390 2407 1498 2447 non
1552 2392 1800 2464 exegisse
1851 2409 1983 2464 rogo
2034 2408 2102 2449 ne

512 2497 656 2554 aegre
700 2491 887 2538 sancta
927 2482 1219 2537 eminentia
1253 2491 1432 2538 vestra
1461 2497 1562 2538 nec
1604 2498 1738 2538 mea:
1768 2483 2102 2555 negligentia;

516 2585 611 2629 aut
642 2575 970 2646 arrogantia:
995 2574 1250 2630 ascribat.
1276 2573 1456 2629 Testis
1491 2574 1638 2628 enim
1677 2574 1808 2629 mihi
1839 2585 1926 2630 est
1972 2589 2105 2630 con-

512 2665 740 2722 scientia
793 2681 911 2721 mea
958 2665 1085 2736 quia
1131 2661 1419 2736 postquam
1466 2666 1522 2720 in
1574 2667 1854 2721 cacumine
1901 2675 2103 2722 sanctae

513 2755 772 2812 Ecclesia:
799 2755 1120 2811 sublimatos
1152 2771 1248 2812 vos
1273 2770 1397 2811 esse
1427 2757 1674 2826 cognovi,
1708 2758 1926 2828 gavisus
1957 2774 2098 2825 sum,

511 2862 568 2906 et
597 2857 912 2905 reverenter
938 2847 1100 2904 dilexi
1128 2857 1186 2904 et
1215 2847 1413 2919 diligo,
1463 2859 1518 2903 et
1557 2849 1930 2918 quotidianum
1970 2864 2101 2920 pro-

512 2952 727 2996 vectum
759 2950 1000 2996 vestrum
1038 2939 1158 2995 ﬁeri
1203 2941 1384 3009 optavi
1423 2948 1478 2995 et
1503 2949 1651 3009 opto,
1680 2951 1736 2994 et
1763 2939 1969 2994 factum
2002 2953 2103 2994 au-

511 3033 668 3088 diens
707 3032 941 3087 exsulto.
989 3030 1097 3086 Sed
1141 3030 1269 3100 quia
1315 3029 1471 3085 bellis
1524 3030 1761 3099 undique
1807 3031 2101 3101 quatitur,

513 3123 742 3180 hostiles
774 3123 1010 3192 impetus
1055 3119 1426 3176 indesinenter
1453 3127 1510 3174 et
1550 3119 1776 3176 insidias
1809 3122 2103 3178 adversan-

515 3215 650 3270 tium
681 3213 994 3279 metuimus,
1021 3211 1274 3268 domin‘us
1314 3220 1503 3268 noster
1547 3226 1644 3267 rex
1684 3222 1840 3268 extra
1874 3230 2101 3287 regnum

515 3322 604 3361 me
652 3305 949 3376 procedere
993 3305 1257 3361 hactenus
1301 3319 1409 3360 non
1456 3304 1733 3376 permisit,
1783 3321 1886 3362 nec
1926 3307 2102 3363 adhuc

514 3399 816 3470 procedere
864 3413 1025 3470 posse
1085 3397 1354 3455 ullatenus
1416 3398 1670 3455 assensit.
1732 3399 2002 3456 Praeterea
2056 3401 2102 3457 si

518 3487 678 3543 nulla:
699 3486 821 3542 alite
857 3502 1037 3542 causa
1067 3495 1460 3543 concurrerent
1503 3501 1625 3557 quae
1673 3502 1761 3543 me
1790 3486 1984 3544 faciem
2011 3504 2104 3545 ve-

516 3588 685 3632 stram
721 3579 822 3633 hoc
848 3587 1093 3648 tempore
1131 3578 1276 3648 quod
1301 3578 1460 3632 valde
1495 3577 1720 3634 moleste
1747 3577 1888 3646 fero,
1920 3580 2103 3636 videre

517 3670 902 3742 prohiberent,
951 3669 1149 3726 sufﬁcit
1200 3669 1344 3739 quod
1391 3677 1555 3736 anas,
1617 3671 1760 3740 quod
1817 3671 2101 3742 azgritudc,

519 3759 661 3828 quod
699 3757 952 3814 debilitas
991 3760 1239 3829 corporis
1285 3757 1390 3813 mei
1423 3757 1793 3826 impatientem
1823 3773 1910 3814 me
1938 3768 2107 3829 agunt

518 3857 574 3902 et
615 3847 813 3916 prolixi
851 3847 1066 3902 itineris
1111 3856 1168 3903 et
1199 3849 1477 3902 immensae
1525 3847 1737 3901 viarum
1773 3849 2104 3917 asperitatis.

521 3938 627 3991 Sed
661 3939 803 3992 inter
833 3938 983 4004 haec,
1013 3952 1121 4008 quo
1163 3937 1382 4002 labore,
1417 3949 1632 4007 quaque
1674 3936 1954 3992 anxietate
1986 3952 2108 4007 gra-

523 4039 714 4092 vatus,
742 4030 862 4100 iter
908 4028 1157 4100 arripere
1186 4042 1448 4094 conarer,
1497 4028 1542 4083 si
1586 4026 1928 4098 omnipotens
1963 4027 2109 4084 Deus

520 4130 574 4176 et
609 4122 662 4175 iu
710 4136 876 4192 regno
923 4122 1221 4192 Anglorum
1270 4121 1411 4177 bella
1462 4121 1710 4188 sedaret,
1741 4127 1797 4175 et
1837 4120 1889 4174 in
1928 4121 2110 4192 regnis

520 4226 576 4270 ct
604 4232 896 4286 regnorum
923 4218 1248 4286 provinciis,
1303 4232 1400 4286 per
1443 4232 1580 4287 quas
1626 4216 1694 4271 ad
1730 4231 1828 4272 vos
1855 4225 1940 4272 est
1975 4233 2112 4273 eun-

521 4307 674 4372 dum,
700 4306 843 4360 illam
867 4323 1052 4377 pacem
1077 4309 1359 4373 tribueret,
1391 4316 1447 4360 ut
1468 4308 1922 4378 quemadmodum
1950 4325 2111 4379 opor-

525 4409 663 4454 teret
691 4407 748 4454 et
798 4400 1100 4468 expediret,
1131 4400 1233 4454 iter
1277 4400 1450 4467 ipsum
1491 4413 1713 4469 expuere
1761 4399 1969 4456 liceret.
2003 4402 2111 4456 Sed

2203 1930 2339 1984 siam
2391 1929 2485 1985 Dei
2546 1930 2874 1986 contenditis
2913 1931 3206 1999 adjuvare,
3254 1936 3534 2003 penuriam
3581 1939 3803 1993 con~ilii

2207 2021 2379 2076 nostri
2402 2031 2706 2076 vestrarum
2736 2038 2898 2077 manu
2932 2032 3247 2085 sanctarum
3275 2028 3580 2082 orationum
3605 2044 3806 2099 pasca—

2209 2115 2297 2178 tis,
2346 2129 2413 2168 ne
2461 2115 2850 2185 cogitationum
2897 2116 3086 2170 talium
3127 2115 3381 2174 ﬂuctibus
3417 2121 3675 2191 agitatus,
3706 2133 3806 2177 aut

2203 2205 2424 2259 omnino
2466 2219 2643 2271 ruam,
2675 2214 2770 2261 aut
2798 2205 2932 2261 nihil
2959 2209 3382 2277 apprehendatur.
3421 2211 3570 2282 Rogo
3605 2215 3802 2278 etiam,

2204 2299 2579 2355 etosubmissis
2607 2299 2807 2366 mentis
2836 2300 3127 2370 gemitibus
3156 2301 3434 2357 humiliter
3459 2304 3705 2374 supplico
3729 2306 3803 2337 ⁸³⁸

2203 2390 2404 2445 celsam
2423 2399 2476 2446 et
2493 2391 2636 2460 piam
2658 2392 3041 2461 paternitatem
3070 2401 3331 2459 vestram,
3352 2403 3409 2449 ut
3434 2398 3487 2450 in
3511 2397 3804 2470 naufragio

2211 2482 2461 2552 positus,
2511 2481 2557 2538 si
2601 2483 2820 2552 quando
2868 2483 3124 2554 procellis
3167 2485 3502 2543 irruentibus
3542 2489 3802 2560 adiutorii

2205 2573 2378 2630 vestri
2409 2573 2656 2644 indigens
2679 2574 2746 2627 ad
2771 2573 2948 2629 sinum
2976 2575 3166 2630 matris
3193 2576 3446 2633 Ecclesia
3468 2579 3798 2650 confugero,

2203 2673 2429 2734 propter
2465 2679 2589 2722 eum
2615 2665 2709 2736 qui
2743 2665 3060 2736 sanguinem
3095 2682 3254 2722 suum
3291 2669 3439 2723 dedit
3471 2685 3571 2740 pro
3615 2673 3800 2735 nobis,

2206 2756 2355 2826 pium
2388 2766 2444 2812 et
2468 2765 2780 2832 promptum
2812 2756 3137 2826 adiutorium
3169 2765 3225 2813 et
3252 2759 3493 2815 solamen
3529 2762 3745 2818 iuveuia
3769 2783 3800 2817 ιι

2205 2843 2260 2899 in
2310 2845 2488 2901 vobis.
2526 2845 2634 2900 Pro
2671 2845 2891 2901 domino
2929 2845 3246 2903 Belvacensi
3291 2847 3528 2906 Fulcone
3574 2853 3806 2923 supplex

2205 2951 2303 2993 oro
2322 2936 2669 2993 clementiam
2696 2945 2958 3004 vestram,
2980 2945 3142 3009 prout
3163 2949 3343 2994 vestra
3369 2941 3637 3011 iudicabit
3668 2960 3803 3012 pru-

2203 3028 2410 3086 dentia.
2467 3029 2524 3084 In
2587 3029 2913 3086 munusculo
2970 3039 3160 3087 nostro
3213 3035 3524 3105 magnitudo
3577 3045 3804 3101 vestra,

2129 3163 2182 3225 ϐ
2207 3137 2363 3194 rogo,
2401 3136 2509 3178 non
2539 3121 2710 3178 solam
2737 3131 2933 3194 penset
2969 3127 3362 3195 quantitatem,
3391 3127 3487 3182 sed
3515 3137 3573 3182 et
3605 3129 3805 3185 bonam

2205 3230 2314 3286 qua
2358 3213 2586 3271 missum
2619 3223 2709 3271 est
2737 3215 3100 3274 voluntatem.
3141 3218 3496 3288 Omnipotens
3528 3220 3674 3275 Deus
3711 3220 3805 3276 diu

2204 3307 2368 3364 nobis
2403 3309 2790 3379 paternitatem
2831 3318 3075 3380 vestram
3119 3312 3176 3368 in
3219 3311 3395 3384 gratia
3441 3327 3540 3368 sua
3584 3319 3642 3368 et
3671 3328 3808 3384 pace

2204 3401 2496 3459 custodiat.
2523 3401 2722 3458 Amen.

2514 3493 2678 3566 θαι
2712 3493 3054 3553 EPISTOLA
3091 3495 3357 3552 xxxvm
3385 3498 3480 3553 ἰν.

2630 3602 2698 3642 AD
2735 3603 3064 3645 ιΑυΒΕκτυκ
3100 3605 3371 3648 ΔΒΒΑΤΕΗ.

2309 3675 2377 3732 Ut
2404 3675 2690 3749 profugum
2723 3679 3042 3736 monachum
3080 3682 3296 3752 recipiat
3338 3682 3692 3754 pauitantem.

2277 3767 2587 3837 Asseuns,
2617 3769 2716 3826 Dei
2763 3770 3120 3842 dispositione
3159 3783 3388 3830 vocatus
3431 3775 3809 3844 archiepisco-

2209 3875 2311 3930 pus
2351 3859 2688 3928 Cantuariae,
2745 3861 2964 3918 domino
3011 3872 3067 3918 et
3117 3862 3272 3919 fratri
3323 3865 3379 3920 in
3423 3849 3538 3920 Deo
3577 3865 3805 3930 delicto.

2145 4001 2151 4010 .
2212 3951 2393 4006 abbati
2434 3951 2752 4021 Lsuasn'ro,
2789 3954 3219 4012 misericordiam
3261 3959 3623 4029 impendendo
3664 3968 3806 4015 tem-

2210 4044 2471 4115 poralem,
2501 4044 2932 4102 misericordiam
2963 4049 3163 4104 mereri
3191 4053 3601 4121 sempiternam.

2283 4133 2476 4191 Frater
2516 4136 2622 4192 iste
2661 4137 2955 4194 comedens
3004 4138 3073 4195 de
3113 4141 3259 4211 ligno
3296 4143 3540 4199 scientiae
3580 4144 3705 4199 boni
3753 4156 3811 4201 et

2211 4226 2342 4282 mali
2369 4228 2746 4298 experimento
2772 4228 2964 4287 didicit
2993 4242 3196 4300 quanta
3223 4234 3296 4289 sit
3321 4233 3624 4292 differentia
3665 4237 3812 4292 inter

2213 4319 2442 4376 delicias
2465 4321 2702 4391 paradisi
2730 4321 3043 4379 claustralis
3067 4332 3122 4379 et
3150 4325 3399 4380 exsilium
3425 4327 3548 4381 vitae
3579 4329 3813 4382 saecula-

2214 4412 2312 4466 ris.
2355 4411 2635 4469 Paenitens
2676 4412 2842 4482 igitur
2893 4423 2949 4470 et
2991 4415 3202 4482 dolens,
3247 4418 3388 4472 sicut
3430 4406 3686 4488 lacrymte
3729 4429 3812 4475 te-

523 4491 764 4560 quaudiu
796 4491 850 4544 id
879 4489 948 4522 ”³
977 4489 1096 4545 ﬁeri
1125 4506 1229 4545 non
1257 4500 1458 4562 potest,
1491 4492 1679 4546 tandiu
1705 4492 2115 4563 impossibilitas
2141 4505 2193 4567 ι)
2219 4511 2453 4569 stantur,
2483 4503 2774 4560 conﬁtetur
2802 4520 2863 4560 se
2889 4506 3052 4564 nimis
3081 4523 3360 4579 peccasse,
3397 4519 3452 4564 et
3476 4511 3812 4580 promittens

525 4598 612 4637 me
656 4582 874 4640 retinet.
927 4582 1117 4638 Divina
1166 4582 1449 4638 clementia
1491 4581 1745 4651 iuvante,
1805 4584 2112 4656 ubicunque

525 4675 682 4731 fuero
707 4675 800 4742 ⁸³⁸,
835 4674 991 4731 vobis
1026 4675 1248 4732 obedire
1279 4690 1343 4731 ac
1372 4676 1616 4743 servire,
1646 4685 1703 4733 et
1737 4677 2110 4736 celsitudinem

525 4775 759 4820 vestram
811 4767 1083 4823 honorare
1119 4776 1344 4837 paratus
1372 4783 1485 4822 cro.
1536 4768 1604 4822 Et
1634 4771 1794 4840 quia,
1833 4773 1975 4828 sicut
2021 4775 2113 4830 de-

527 4857 728 4925 sidero,
765 4860 1112 4929 quotidianus
1160 4861 1393 4917 miseriae
1430 4861 1501 4892 ”'
1531 4875 1665 4918 meae
1707 4864 1960 4934 querelas
2007 4883 2112 4923 non

527 4949 656 5004 licet
689 4950 818 5004 mihi
866 4936 1122 5007 coronam
1173 4952 1352 5024 posito
1400 4949 1676 5009 effundere
1710 4955 1772 5010 in
1817 4969 2112 5027 conspectu

527 5049 732 5107 vestro,
765 5051 980 5098 sanctas
1004 5043 1317 5100 serenitatis
1346 5056 1540 5102 vestrae
1575 5061 1735 5102 aures
1763 5049 1948 5119 paucis
1984 5063 2115 5119 que-

529 5129 706 5186 stibus
733 5141 787 5186 et
815 5133 1031 5204 scriptis
1057 5136 1362 5207 inquietare
1389 5154 1680 5210 praesumo.
1707 5137 1906 5196 Sancte
1935 5140 2118 5212 Pater,

529 5222 687 5279 doleo
728 5240 816 5289 me
859 5239 985 5284 esse
1022 5228 1163 5297 quod
1195 5247 1348 5292 sum.
1380 5231 1536 5288 doleo
1577 5247 1666 5288 me
1692 5248 1798 5288 non
1829 5248 1950 5292 esse
1976 5237 2119 5306 quod

530 5315 630 5371 fui.
673 5314 834 5372 Doleo
862 5331 948 5374 me
987 5334 1109 5376 esse
1137 5327 1480 5394 episcOpum,
1520 5325 1646 5397 quia
1673 5320 1934 5398 fpeccatis
1980 5331 2118 5386 meis

530 5405 881 5478 facientibus,
920 5426 1026 5468 non
1067 5425 1169 5485 ago
1201 5415 1437 5486 episcopi
1467 5416 1729 5475 ofﬁcium.
1763 5419 1820 5476 in
1867 5421 1986 5477 loco
2020 5425 2122 5478 hu-

2219 4607 2279 4649 se
2313 4593 2570 4665 deinceps
2616 4611 2798 4652 mores
2833 4613 2961 4654 suos
3004 4587 3400 4668 correcturum,
3427 4610 3482 4656 et
3505 4603 3809 4659 secundum

2218 4693 2457 4740 vestram
2497 4686 2906 4758 dispositionem
2960 4689 3282 4747 ohedienter
3316 4692 3613 4756 victurum,
3663 4706 3810 4759 orat,

2221 4789 2424 4850 quanto
2447 4780 2638 4837 aﬁ'ectu
2668 4792 2868 4852 potest,
2911 4793 2971 4839 ut
3015 4782 3158 4839 intra
3203 4785 3343 4842 ovile
3369 4786 3438 4841 de
3467 4802 3574 4856 quo
3617 4799 3810 4858 sponte

2222 4871 2608 4928 miserabiliter
2632 4874 2865 4946 aufugit,
2891 4878 3234 4934 admittatur.
3270 4879 3338 4934 Et
3365 4880 3492 4950 quia
3537 4881 3812 4950 supplica-

2224 4971 2424 5019 ttonem
2468 4979 2623 5021 suam
2667 4982 2767 5038 pro
2797 4971 3168 5042 magnitudine
3197 4981 3381 5030 reatus
3411 4973 3660 5029 suﬁicere
3699 4989 3807 5029 non

2218 5063 2394 5125 putat,
2427 5057 2630 5113 nostris
2670 5061 2924 5128 precibus
2962 5078 3088 5119 suas
3119 5064 3261 5135 apud
3287 5071 3527 5120 vestram
3557 5064 3806 5121 clemen-

2219 5146 2352 5202 tiam
2379 5146 2625 5216 adiuvari
2655 5161 2933 5221 precatur.
2981 5155 3242 5223 Quamvis
3287 5156 3454 5226 igitur
3480 5170 3582 5228 ego
3620 5157 3687 5212 de
3711 5171 3810 5212 ve-

2219 5246 2334 5295 stra
2361 5239 2656 5296 sanctitate
2683 5241 2817 5296 nihil
2846 5246 3264 5314 promeruerirn,
3312 5255 3491 5303 tamen
3514 5250 3642 5316 quia
3671 5245 3809 5302 invi-

2221 5350 2339 5390 cem
2371 5335 2608 5406 compati
2662 5345 2718 5392 et
2754 5352 2854 5408 pro
2891 5337 3120 5397 invicem
3169 5354 3329 5396 orare
3351 5339 3628 5411 iubemur,
3661 5353 3809 5410 pra-

2221 5441 2381 5484 sumo
2416 5427 2727 5498 supplicare
2753 5439 3027 5501 quatenus
3065 5433 3154 5489 ovi
3186 5448 3350 5503 quam
3379 5431 3633 5488 Christus
3658 5444 3812 5501 qua.

1821 5584 2052 5639 VARUS
2094 5586 2494 5647 LECTIO‘NES.
2556 5603 2560 5607 '

534 5782 558 5815 ι
606 5711 831 5797 “ﬂCunt
853 5717 1033 5774 eodem
1056 5736 1156 5777 ms.
1193 5721 1408 5778 collata.
1483 5723 1554 5756 ³⁸³
1575 5722 1682 5779 Sed
1707 5725 1890 5780 tandiu
1913 5727 1964 5780 id
1983 5729 2272 5798 ..quandiu
2300 5745 2377 5785 ms
2404 5733 2497 5790 sed
2522 5734 2757 5836 quandiu
2789 5735 2840 5792 id
2868 5779 2904 5792 ..
2931 5737 3117 5794 tandiu
3168 5711 3170 5713 ﬁ

563 5783 608 5816 ﬂ
632 5783 860 5836 Miserum
881 5804 958 5836 ms
984 5790 1215 5836 miserim
1243 5807 1376 5836 mam
1447 5794 1517 5826 "5
1545 5792 1797 5836 Simnlion
1821 5813 1899 5836 me
1925 5798 2200 5836 humilium
2223 5803 2464 5836 εει-ιηιῖιιη
2567 5806 2610 5836 I1
2654 5804 2783 5836 Ρη...
2828 5809 3003 5836 nul...“
3031 5825 3109 5836 ..η
3146 5829 3170 5836 ..

632 5783 860 5843 Miseria:
881 5804 958 5842 ms
984 5790 1215 5848 miserim
1243 5807 1376 5848 meae
1447 5794 1517 5826 ’³⁸
1545 5792 1797 5864 Supplico
1821 5813 1899 5849 ms
1925 5783 2200 5856 humiliter
2223 5783 2464 5873 supplico

3242 5738 3312 5770 ¹¹⁸
3338 5737 3520 5795 Ruero
3549 5755 3626 5796 ms
3654 5736 3810 5798 fuero

2567 5806 2610 5838 "’
2654 5804 2784 5861 Cum
2826 5809 3004 5864 eodem
3031 5825 3109 5862 ms
3143 5807 3356 5866 collata.
