4028 6302
205 307 271 359 75
1055 309 1061 314 ’
1474 295 1599 349 LIB.
1630 294 1716 359 111,
1752 296 1786 349 Ε

1896 295 1967 349 ιτ.
2002 296 2114 349 XL.
3384 295 3455 351 τι

203 418 360 471 sitam
400 423 453 469 et
502 415 777 469 inventam
808 412 863 467 in
911 410 1154 466 humeris
1181 408 1293 463 suis
1336 407 1402 463 ad
1439 408 1578 463 ovile
1599 408 1670 442 “'
1696 422 1779 462 re-
1808 395 1859 447 Α

203 516 405 575 portat,
455 516 637 560 vestra
667 504 968 576 paternitas
1014 502 1211 557 ostium
1261 500 1421 555 ovilis
1462 510 1652 556 contra
1695 515 1783 554 me

205 598 271 670 [f.
308 600 437 653 add.
483 597 614 671 non]
648 597 889 659 claudat,
933 610 999 650 ne
1044 592 1292 648 Christus
1340 591 1481 647 idem
1518 592 1780 663 perditam

204 692 513 759 quaerendo,
564 699 614 745 et
664 689 942 745 inventam
984 686 1328 755 reportando,
1383 684 1586 741 frustra
1634 682 1783 737 labo-

204 795 356 836 rasse
386 781 663 845 videatur;
693 787 750 833 et
782 778 900 847 ipse
934 777 1073 847 apud
1099 776 1302 830 amicos
1323 783 1379 829 et
1396 774 1623 838 vicinos,
1646 788 1783 842 quos

203 875 270 927 ad
318 871 762 943 congaudendum
806 883 1109 924 convocare
1161 865 1451 929 debuerat,
1509 878 1617 919 non
1674 872 1781 915 tam

203 980 357 1019 ovem
398 978 559 1033 quam
603 962 863 1032 seipsum,
903 970 979 1025 et,
1011 960 1154 1029 quod
1200 958 1357 1013 valde
1400 953 1781 1011 attendendum

201 1065 306 1119 est,
362 1063 647 1109 oneratum
677 1054 769 1117 “’,
798 1061 854 1107 et
902 1067 929 1104 a
986 1067 1085 1104 suo
1136 1050 1264 1105 ovili
1323 1047 1607 1103 exclusum
1661 1057 1783 1098 esse

201 1155 588 1216 conqueratur.
618 1146 804 1214 Itaque
839 1144 1268 1199 misericordiam
1292 1140 1625 1211 etjudicium
1658 1153 1781 1191 cano

203 1244 312 1290 tate
367 1235 621 1293 Domino.
666 1243 723 1289 et
768 1234 847 1288 sic
896 1243 956 1287 ut
1004 1232 1377 1288 misericordia
1423 1232 1786 1303 superexaltet

201 1322 459 1389 iudicium
482 1324 574 1374 ¹³⁰.
598 1321 751 1376 Vale.

620 1431 953 1488 EPISTOLA
998 1430 1218 1487 XXXIX
1240 1430 1333 1484 '“.

626 1537 693 1576 AD
731 1536 1007 1576 HONACHOS
1044 1534 1357 1575 BECCENSES.

203 1632 483 1688 Becreuses
525 1633 578 1688 in
630 1634 829 1687 ordinis
862 1632 1186 1686 observantia
1232 1629 1445 1685 stabiles
1490 1628 1780 1683 collaudat.

2377 402 2706 461 EPISTOLA
2744 402 2836 458 XI.
2863 405 2951 458 ηδ.

2348 512 2413 548 AD
2457 510 2781 550 PASCIIALEI'
2803 510 2993 549 PAPAH.

1886 602 2123 660 Excusat
2149 623 2202 660 se
2224 604 2360 672 quod
2392 603 2619 657 nondum
2642 620 2733 672 per
2764 605 2961 658 litteras
2984 622 3099 659 cum
3134 604 3463 671 salutaverit.

1954 688 2024 742 et,
2048 674 2435 730 calamitatibus
2458 676 2567 727 suis
2590 675 2854 740 expositis,
2872 692 3059 729 causas
3082 676 3253 730 reddit
3284 694 3379 732 cur
3402 696 3468 733 ex

1955 746 2148 816 Anglia
2194 745 2400 816 abierit,
2431 753 2494 816 _et
2534 754 2588 816 ut
2610 743 2691 816 _in
2734 743 2977 816 Angliam
3008 763 3111 800 non
3135 748 3338 816 redeat
3364 750 3467 802 nisi

1953 812 2105 869 rebus
2143 815 2383 869 omnibus
2422 812 2668 866 Ecclesia:
2686 812 2947 883 restitutis
2989 814 3209 883 supplex
3242 817 3469 871 obtesta-

1954 893 2060 937 tur.
2102 883 2342 954 Lugduni
2384 883 2593 937 interim
2640 881 2703 934 ab
2752 881 3141 954 archiepiscopo
3181 888 3471 941 sustentari

1957 971 2008 1008 se
2027 955 2279 1008 declarat.

1956 1067 2162 1123 Domno
2219 1074 2276 1122 et
2333 1064 2474 1135 patri
2530 1065 2867 1130 reverenda,
2930 1066 3196 1120 Psscusu
3251 1081 3465 1121 summo

1886 1160 2149 1230 pontifici,
2182 1159 2487 1223 Αιςεεωιυε,
2534 1170 2724 1211 servus
2754 1154 3010 1211 Ecclesia:
3033 1154 3465 1219 Cantuariensis,

1886 1250 2125 1304 debitam
2172 1263 2236 1303 ex
2275 1249 2441 1303 corde
2487 1245 2897 1315 subiectionem,
2936 1255 2992 1301 et
3040 1248 3369 1312 orationum,
3416 1248 3466 1300 si

1888 1342 2013 1411 quid
2042 1340 2246 1404 valent,
2277 1339 2640 1394 devotionem.

1958 1432 2112 1500 Quod
2143 1431 2210 1487 ad
2260 1443 2497 1487 veStram
2545 1430 2921 1485 celsitudinem
2976 1439 3183 1484 tantum
3226 1440 3468 1487 moratus

1887 1539 2006 1578 sum
2035 1521 2282 1577 nuntium
2313 1519 2529 1574 mittere
2551 1530 2836 1589 postquam
2862 1522 2928 1575 de
2963 1529 3111 1574 certa
3151 1522 3340 1575 notitia
3370 1536 3467 1577 ve-

1886 1621 2012 1667 Strae
2049 1609 2448 1666 sub'limatiouis
2491 1608 2601 1662 Deo
2649 1606 2721 1639 ’³⁵
2762 1612 2965 1679 gratias
3004 1620 3249 1680 agentes,
3297 1613 3468 1683 gavisi

272 1702 342 1756 Et
368 1714 423 1757 ut
449 1702 655 1773 praelati
684 1704 828 1773 facta
871 1720 975 1757 non
1013 1701 1253 1771 judicent
1280 1717 1388 1768 pra:
1422 1700 1627 1753 steteris
1656 1699 1782 1751 hor-
1820 1726 1863 1781 Β
1891 1718 2101 1770 sumus,
2141 1702 2257 1757 haec
2301 1699 2401 1753 fuit
2440 1714 2602 1754 causa
2639 1699 2765 1769 quia
2804 1701 3021 1770 quidam
3066 1688 3288 1756 nuntius
3326 1701 3472 1771 regis

271 1784 431 1827 tatur.

271 1862 517 1918 Dominis
565 1870 622 1918 et
674 1861 939 1916 fratribus
996 1859 1335 1916 charissimis
1405 1857 1458 1911 in
1532 1855 1789 1911 Beccensi

197 1954 452 2010 creuobio
495 1951 986 2015 commanentibus,
1027 1950 1196 2005 frater
1236 1950 1545 2019 Aasswcs,
1593 1948 1786 2002 volun-

198 2054 316 2099 tate
344 2044 633 2100 Beecensis
668 2043 992 2107 monachus,
1033 2041 1381 2097 necessitate
1400 2047 1624 2095 vocatus
1650 2038 1789 2092 Can-

193 2136 496 2191 tuariensis
526 2135 992 2204 archiepiscopus,
1020 2133 1305 2203 prmsentis
1328 2132 1453 2186 vitae
1474 2130 1785 2186 continuam

192 2224 548 2279 sanctitatem
574 2232 629 2279 et
652 2223 849 2278 futurae
876 2232 1133 2278 aternam
1157 2219 1492 2276 felicitatem.

270 2316 528 2385 Quamvis
578 2324 820 2373 nostram
867 2330 992 2371 raro
1036 2314 1321 2385 epistolam
1367 2312 1621 2372 videatis.
1669 2312 1785 2367 scio

201 2418 383 2465 tamen
411 2410 536 2479 quia
560 2408 904 2465 dilectionem
929 2416 1163 2462 vestram
1194 2406 1249 2460 in
1281 2405 1486 2460 intimis
1508 2405 1579 2436 ”'
1604 2404 1785 2459 cordis

199 2502 306 2556 mei
343 2500 555 2556 fervere
596 2515 702 2554 non
748 2498 1028 2554 dubitatis.
1066 2484 1147 2552 De
1186 2512 1289 2566 qua
1322 2495 1608 2551 dilectione
1638 2502 1786 2548 tanto

199 2608 323 2647 esse
373 2594 639 2648 certiores
685 2590 922 2653 debetis,
974 2598 1181 2658 quanto
1227 2602 1349 2642 eam
1389 2586 1456 2640 de
1508 2583 1788 2654 praeterito

200 2683 557 2751 cognoscitis,
588 2690 644 2736 et
672 2682 775 2735 hoc
802 2687 1022 2749 propter
1045 2678 1190 2747 quod
1219 2686 1274 2730 et
1314 2676 1379 2729 ad
1406 2675 1548 2743 quod
1590 2688 1685 2728 vos
1706 2672 1787 2728 di-

202 2775 333 2843 lexi,
385 2775 566 2830 facere
610 2772 958 2829 contenditis.
1000 2770 1175 2824 Audio
1217 2769 1363 2824 enim
1410 2767 1567 2837 quia,
1613 2767 1790 2838 gratia

200 2864 298 2918 Dei
341 2864 641 2934 inspirante
694 2870 750 2918 et
792 2870 1139 2930 cooperante,
1197 2857 1250 2913 in
1298 2858 1478 2913 studio
1522 2857 1660 2913 bene
1706 2856 1789 2911 vi-

198 2955 357 3010 vendi
393 2955 637 3018 fervetis,
686 2962 743 3009 et
778 2954 831 3007 in
874 2951 1211 3022 paupertatis
1247 2963 1501 3019 pressura
1544 2948 1783 3019 rigorem

1900 1793 2196 1864 Anglorum
2243 1792 2394 1846 venit
2453 1790 2521 1844 ad
2581 1791 2946 1846 venerabilem
3006 1792 3469 1863 archiepisc0pum

1893 1885 2304 1956 Lugdunensem
2331 1898 2449 1955 pro,
2469 1899 2631 1939 causa
2655 1892 2861 1949 nostra,
2898 1898 3004 1936 non
3032 1891 3208 1936 tamen
3241 1883 3471 1939 all’ei'ens

1893 1978 2034 2049 quod
2084 1978 2490 2048 suscipiendum
2534 1985 2709 2043 esset;
2760 1972 2822 2031 et
2866 1976 3093 2032 audiens
3150 1991 3468 2048 responsum

1891 2068 2283 2139 archiepiscopi
2314 2083 2563 2124 reversus
2591 2077 2674 2125 est
2705 2069 2771 2123 ad
2804 2082 3013 2139 regem,
3048 2068 3372 2137 promittens
3410 2083 3472 2122 se

1891 2160 1942 2214 in
1981 2160 2229 2230 proximo
2269 2160 2588 2228 Lugdunum
2634 2159 2932 2214 rediturum
2961 2157 3050 2210 ηδ.
3100 2157 3254 2212 Hunc
3281 2172 3472 2227 exspe-

1891 2251 2034 2306 c1avi
2067 2261 2125 2305 ut
2159 2252 2356 2307 scirent
2388 2250 2517 2321 quid
2548 2251 2702 2306 vobis
2732 2250 2797 2304 de
2838 2249 2982 2319 regis
3014 2247 3290 2304 voluntate
3332 2251 3473 2304 noti-

1889 2338 2054 2395 licare
2100 2354 2336 2413 possem,
2375 2339 2469 2393 sed
2513 2355 2620 2395 non
2669 2339 2837 2393 venit.
2872 2338 3100 2393 Causam
3148 2336 3331 2409 itaque
3370 2355 3471 2394 no-

1889 2441 2060 2487 stram
2095 2433 2341 2487 breviter
2374 2432 2590 2499 intimo,
2615 2431 2741 2501 quia
2771 2431 2989 2501 quando
3019 2430 3204 2485 Romae
3231 2441 3470 2486 moratus

1889 2538 2033 2589 sum,
2084 2538 2205 2578 eam
2244 2523 2463 2578 domino
2508 2538 2661 2595 papae
2704 2522 2946 2587 Urbano,
2989 2531 3046 2577 et
3089 2522 3271 2579 multis
3318 2524 3463 2588 aliis,

1891 2614 2034 2669 sicut
2064 2615 2187 2680 scit,
2219 2623 2280 2668 ut
2316 2624 2471 2685 puto,
2510 2615 2775 2669 sanctitas
2803 2624 3010 2678 vestra,
3040 2629 3182 2684 saepe
3221 2617 3463 2671 narravi.

1894 2705 2159 2760 Videbam
2217 2707 2271 2760 in
2311 2706 2508 2777 Anglia
2563 2705 2733 2760 multa
2782 2707 2945 2771 mala,
2986 2721 3215 2775 quorum
3260 2708 3328 2763 ad
3383 2723 3472 2763 nte

1892 2794 2199 2867 pertinebat
2236 2796 2525 2861 correctio,
2572 2811 2693 2865 quae
2721 2810 2822 2851 nec
2863 2797 3155 2865 corr-igere,
3205 2814 3308 2853 nec
3351 2799 3471 2854 sine

1892 2893 2120 2958 peccato
2144 2899 2264 2940 meo
2289 2886 2525 2942 tolerare
2550 2895 2815 2957 poteram.
2854 2886 3116 2957 Exigebat
3140 2889 3285 2943 enim
3321 2904 3352 2944 a
3380 2904 3468 2944 me

1893 2989 1990 3029 rex
2035 2983 2099 3030 ut
2138 2974 2506 3029 voluntatibus
2562 2975 2695 3039 suis,
2751 2990 2871 3046 qua;
2926 2985 3115 3030 contra
3176 2977 3349 3049 legem
3413 2988 3473 3033 et

197 3048 367 3102 vestri
407 3047 613 3102 ordinis
656 3044 1025 3100 iullexibiliter
1058 3045 1271 3099 tenetis.
1326 3045 1417 3105 Sic
1454 3051 1598 3106 enim
1630 3046 1786 3102 decet

1896 3064 2225 3119 voluntatem
2273 3064 2368 3119 Dei
2395 3073 2574 3131 erant,
2609 3066 2711 3120 sub
2753 3044 2970 3121 nomine
2998 3044 3342 3123 rectitudinis
3378 3084 3469 3124 as-

198 3153 395 3193 servos
417 3138 537 3202 Dei,
570 3146 630 3191 ut
674 3147 877 3208 quanto
908 3139 1081 3209 magis
1110 3156 1205 3194 eos
1235 3141 1615 3199 trihulationes
1650 3157 1784 3212 prac-

199 3231 375 3285 sentis
416 3231 541 3285 vitae
578 3238 892 3301 angustant,
939 3238 1089 3284 tanto
1130 3231 1413 3288 ardentius
1446 3234 1512 3289 ad
1549 3234 1787 3305 quietem

200 3330 427 3377 reternre
470 3322 595 3375 vitae
627 3321 850 3375 tendant
896 3329 951 3376 et
996 3337 1052 3375 se
1093 3322 1159 3377 ad
1186 3324 1445 3378 virtutum
1484 3325 1786 3395 profectum

195 3412 520 3468 extendant.
556 3411 660 3467 Sed
700 3413 958 3481 quamvis
992 3414 1195 3468 sanctis
1217 3414 1459 3470 moribus
1479 3423 1534 3470 et
1573 3414 1790 3481 religio-

196 3502 277 3557 sis
302 3502 564 3571 operibus
590 3502 769 3555 studio
797 3510 1096 3571 spontaneo
1134 3503 1417 3568 insudetis,
1444 3504 1567 3558 novi
1606 3513 1788 3560 tamen

194 3592 576 3648 sinceritatem
601 3601 798 3647 vestrae
823 3592 1148 3659 dilectionis,
1178 3597 1302 3664 quia
1329 3605 1610 3666 gratanter
1644 3596 1788 3652 acci-

193 3683 313 3754 piet
345 3683 393 3738 si
422 3698 520 3738 vos
543 3698 801 3738 monuero
826 3692 887 3738 ut
926 3685 977 3739 in
1008 3686 1112 3741 hoc
1150 3686 1201 3741 in
1230 3702 1338 3760 quo
1376 3688 1509 3743 estis
1534 3702 1789 3759 perseve-

191 3779 355 3834 retis.
380 3775 535 3844 Quod
560 3784 617 3830 ut
637 3775 908 3833 edicacius
948 3776 1242 3849 adimplere
1276 3781 1541 3847 valeatis,
1562 3797 1789 3839 necesse

192 3879 282 3925 est
342 3877 407 3923 ut
459 3876 649 3922 sancta
697 3867 1057 3923 unanimitate
1104 3869 1367 3941 colligati,
1409 3879 1466 3926 et
1513 3872 1679 3928 corde
1734 3880 1791 3927 et

187 3963 484 4019 voluntate
533 3961 758 4031 praelato
785 3970 969 4018 vestro
1012 3965 1319 4031 obediatis;
1365 3966 1509 4022 facta
1550 3975 1607 4021 et
1642 3967 1786 4022 dicta

186 4051 316 4120 ejus
348 4065 460 4105 non
508 4051 838 4121 dijudicetis,
873 4054 967 4107 sed
1013 4053 1130 4108 sine
1177 4055 1323 4108 omni
1378 4057 1786 4122 retractatione,

186 4143 361 4212 quasi
397 4141 665 4195 divinitus
705 4141 963 4211 inspirata
1008 4145 1319 4199 venerando
1349 4155 1528 4199 mente
1553 4147 1789 4217 benigna

184 4232 457 4289 servetis.
499 4230 597 4286 Ubi
627 4233 772 4286 enim
820 4230 1019 4288 subditi
1064 4234 1272 4305 praelati
1295 4235 1593 4304 "’judices
1632 4236 1787 4303 fiunt,

183 4333 393 4396 aperte
426 4320 522 4377 Dei
549 4321 907 4391 ordinatioui,
947 4324 1101 4393 cujus
1131 4325 1485 4395 dispositione
1515 4327 1615 4383 sibi
1644 4342 1787 4398 prae-

178 4520 238 4566 et
265 4525 386 4596 sua:
432 4508 845 4578 gubernationis
881 4508 1153 4566 subtrahit
1184 4511 1472 4577 auxilium,
1498 4520 1553 4567 et
1589 4528 1685 4570 eos
1728 4514 1781 4569 in

174 4601 399 4673 proprii
433 4601 646 4656 erroris
672 4601 997 4670 praecipitari
1036 4598 1304 4672 permittit
1341 4604 1625 4659 consilium
1654 4624 1668 4660 :
1694 4606 1782 4661 ubi

174 4707 314 4747 vero
353 4688 626 4762 praelatus
672 4706 795 4745 cum
836 4691 1205 4755 veneratione,
1248 4701 1504 4762 tanquam
1531 4694 1782 4750 Christus

173 4784 525 4853 suscipitur,
559 4781 631 4835 ibi
664 4789 774 4836 tota
799 4783 992 4837 domus
1014 4783 1214 4839 Christi
1246 4785 1450 4854 regitur
1477 4786 1707 4841 consilio
1729 4795 1785 4841 et

170 4873 506 4946 protegitur
532 4878 587 4925 et
609 4881 941 4927 sustentatur
970 4873 1189 4928 auxilio.
1219 4874 1434 4942 Quanto
1469 4876 1613 4929 enim
1651 4875 1780 4931 sub-

174 4971 277 5025 diti
328 4984 394 5024 se
445 4966 661 5022 vicario
696 4960 813 5035 ejus
861 4967 1158 5035 subjiciunt
1196 4970 1462 5035 securius,
1497 4977 1649 5024 tanto
1692 4968 1783 5026 ille

175 5060 421 5131 praelato
457 5066 517 5113 et
548 5057 777 5113 subditis
800 5069 993 5113 cuncta
1022 5069 1280 5127 procurat
1301 5060 1609 5129 benignius.
1648 5059 1781 5116 0m-

178 5155 450 5225 nipotens
500 5148 648 5202 Deus
696 5162 792 5202 sua
838 5163 937 5204 vos
988 5150 1364 5206 benedictione
1415 5151 1469 5206 in
1518 5161 1781 5207 aeternum

179 5245 495 5307 beatiﬁcet,
530 5236 731 5293 fratres
763 5247 817 5293 et
847 5240 1007 5294 amici
1036 5241 1364 5295 charissimi.
1393 5242 1588 5298 Amen.

1889 3169 2107 3210 sensum
2139 3154 2456 3225 praeberem.
2487 3152 2623 3209 Nam
2655 3154 2770 3209 sine
2804 3171 2899 3209 sua
2926 3155 3172 3223 jnssione
3206 3159 3467 3228 apostoli-

1890 3259 2014 3299 cum
2048 3242 2267 3299 nolebat
2294 3243 2484 3312 recipi,
2527 3252 2622 3298 aut
2651 3244 2907 3313 appellari
2939 3245 2991 3299 in
3025 3246 3251 3315 Anglia;
3284 3263 3386 3301 nec
3414 3260 3473 3301 ut

1890 3330 2174 3402 epistolam
2227 3332 2277 3386 ei
2312 3332 2613 3399 mitterem,
2663 3340 2758 3385 aut
2797 3332 2865 3386 ab
2901 3347 2966 3387 eo
3002 3333 3221 3389 missam
3264 3335 3472 3405 recipe-

1890 3435 2026 3484 rem,
2078 3420 2165 3477 vel
2212 3421 2448 3477 decretis
2498 3417 2616 3489 ejus
2668 3419 2966 3477 obedirem.
3022 3422 3321 3477 Concilium
3363 3440 3469 3478 non

1891 3511 2138 3582 permisit
2178 3509 2443 3566 celebrari
2473 3508 2528 3563 in
2582 3524 2748 3580 regno
2779 3525 2877 3565 suo
2903 3525 2969 3566 ex
3010 3526 3120 3581 quo
3165 3527 3262 3567 rex
3291 3514 3469 3568 factus

1884 3602 1998 3672 jam
2022 3616 2119 3671 per
2149 3602 2412 3657 tredecim
2453 3615 2646 3656 annos.
2692 3599 2891 3657 Terras
2940 3601 3196 3658 Ecclesiae
3232 3604 3468 3659 homini-

1889 3693 1993 3748 bus
2021 3693 2134 3748 suis
2164 3692 2361 3758 dabat;
2390 3692 2445 3747 in
2476 3691 2732 3747 omnibus
2765 3691 2850 3747 his
2885 3698 2939 3747 et
2968 3691 3237 3749 similibus
3267 3694 3313 3748 si
3342 3708 3472 3749 con-

1892 3784 2073 3839 silium
2115 3785 2388 3855 petebam,
2430 3798 2622 3843 omnes
2651 3786 2717 3842 de
2745 3798 2911 3855 regno
2939 3783 3054 3852 ejus
3075 3783 3241 3839 etiam
3275 3783 3471 3839 suﬂ‘ra-

1890 3877 2050 3949 ganei
2087 3877 2194 3932 mei
2230 3879 2473 3951 cpiscOpi
2516 3878 2788 3948 negabant
2823 3890 2883 3931 se
2912 3875 3198 3930 consilium
3223 3875 3465 3937 daturos.

1891 3967 1996 4023 nisi
2026 3968 2323 4024 secundum
2351 3970 2685 4024 voluntatem
2711 3965 2874 4035 regis.
2909 3964 3032 4020 [laxe
3051 3973 3105 4019 et
3132 3962 3300 4019 multa
3337 3965 3465 4029 alia,

1891 4074 2013 4128 quae
2038 4064 2227 4111 contra
2266 4058 2599 4112 voluntatem
2636 4063 2693 4110 et
2719 4054 2892 4124 legem
2944 4054 3039 4109 Dei
3084 4063 3230 4117 sunt,
3260 4054 3464 4112 videns.

1892 4149 2020 4219 petii
2058 4146 2328 4203 licentiam
2375 4148 2445 4202 ab
2470 4163 2537 4204 eo
2584 4148 2768 4205 sedem
2813 4145 3045 4201 adeundi
3087 4145 3463 4215 apostolicam,

1893 4242 1952 4288 ut
1978 4234 2103 4289 inde
2137 4232 2425 4289 consilium
2467 4234 2534 4289 de
2571 4234 2752 4289 anima
2783 4247 2902 4288 mea
2932 4240 2988 4288 et
3018 4233 3083 4289 de
3109 4231 3286 4287 ollicio
3328 4234 3462 4289 mihi

1894 4324 2135 4396 injuncto
2178 4325 2503 4395 acciperem.
2534 4324 2831 4396 Respondit
2874 4339 2968 4379 rex
3007 4339 3094 4380 me
3145 4325 3197 4379 in
3237 4338 3296 4378 se
3341 4340 3471 4394 pec-

82 4452 89 4457 σ
179 4417 339 4471 latus
377 4423 491 4480 est,
534 4415 833 4470 detrahunt
873 4422 929 4471 et
958 4419 1368 4484 contradicunt;
1406 4418 1607 4489 quibus
1643 4419 1786 4477 Deus
1818 4411 1863 4467 Β
1890 4432 2050 4473 casse
2079 4431 2177 4487 pro
2219 4416 2333 4473 sola
2376 4416 2741 4489 postulatione
2772 4414 2934 4485 hujus
2961 4415 3213 4478 licentirc,
3259 4423 3313 4469 et
3343 4431 3470 4486 pro-

1891 4511 2071 4581 posuit
2122 4510 2254 4565 mihi
2303 4520 2362 4565 ut
2413 4519 2507 4566 aut
2557 4509 2626 4565 de
2684 4508 2786 4563 hac
2840 4522 2921 4575 re,
2986 4507 3129 4562 sicut
3179 4506 3246 4562 de
3288 4507 3465 4577 culpa,

1896 4602 2298 4665 satisfacerem,
2348 4612 2402 4658 et
2435 4615 2686 4658 securum
2732 4599 2880 4655 illum
2914 4597 3196 4655 redderem
3247 4610 3316 4651 ne
3353 4611 3470 4650 am-

1892 4694 2033 4763 plius
2078 4704 2326 4765 peterem
2366 4693 2511 4748 hanc
2554 4690 2856 4757 licentiam,
2890 4705 2992 4745 nec
3022 4687 3314 4760 aliquando
3338 4700 3469 4756 apo-

1892 4784 2144 4838 stolicum
2176 4783 2527 4854 appellarem,
2551 4791 2647 4837 aut
2679 4783 2745 4837 de
2774 4791 2920 4836 terra
2952 4780 3068 4849 ejus
3098 4776 3207 4832 cito
3234 4776 3463 4831 exirem.
3488 4796 3493 4801 ’

1891 4873 2042 4945 Elegi
2080 4872 2264 4943 potius
2302 4872 2455 4927 exire
2501 4886 2664 4941 quam
2718 4870 2966 4926 nefandae
3008 4867 3088 4922 rei
3134 4866 3466 4922 consentire.

1891 4969 2118 5026 Romam
2162 4968 2310 5035 veni,
2357 4974 2417 5022 ut
2460 4967 2616 5022 scitis
2639 4966 2734 5031 ⁸⁸⁷,
2790 4972 2846 5019 et
2885 4961 3105 5019 domino
3157 4976 3308 5033 papas
3353 4952 3467 5017 rem

1892 5070 2062 5117 totam
2087 5060 2335 5132 exposui.
2366 5058 2502 5125 Rex,
2530 5074 2657 5114 mox
2691 5066 2749 5111 ut
2769 5057 2837 5111 de
2858 5054 3050 5127 Anglia
3075 5056 3242 5119 exivi,
3281 5064 3465 5110 taxato

1891 5152 2210 5224 simpliciter
2230 5151 2380 5206 victu
2410 5160 2465 5205 et
2489 5150 2690 5205 vestitu
2717 5148 3106 5206 monachorum
3130 5160 3464 5213 nostrorum,

1889 5250 2063 5296 totum
2098 5240 2629 5311 archiepiscopatum
2662 5237 2863 5293 invasit
2890 5248 2948 5294 et
2981 5237 3034 5292 in
3062 5237 3311 5308 proprios
3336 5253 3466 5292 usus

1508 5376 1592 5429 VA
1602 5374 1739 5430 RIE
1776 5370 2181 5431 LECTIONES.

251 5522 327 5555 ’ἐι
359 5519 450 5577 Ad
477 5530 610 5572 oves
647 5530 726 5568 ms
764 5514 830 5569 ad
855 5513 997 5571 ovile

179 5594 249 5626 ⁸³⁸
285 5591 428 5648 Cum
461 5587 646 5644 eodem
683 5600 762 5639 ms
791 5588 983 5639 collata

224 5664 401 5721 raelati
438 5684 447 5689 ν
523 5658 595 5697 ὐ
633 5655 767 5712 Cum
814 5658 994 5710 eodem
1026 5674 1100 5710 ms
1132 5657 1327 5711 collata

232 5736 521 5805 ugdunum
549 5728 846 5783 rediturum

483 5822 762 5888 Parnm“
804 5820 1017 5882 CLIX.

1104 5515 1173 5545 ²¹⁹
1212 5513 1473 5569 Orbatum
1497 5530 1573 5567 ms
1598 5524 1880 5570 oneratum

1092 5585 1161 5617 ³³³
1191 5585 1244 5639 In
1294 5585 1495 5639 intimis
1533 5602 1610 5638 ms
1667 5586 1719 5641 in
1762 5586 1968 5641 intimis
2009 5586 2190 5641 cordis
2222 5586 2323 5639 mei

1436 5655 1504 5687 ⁸³⁵
1544 5654 1737 5711 Vestra
1789 5658 1897 5711 Deo
1924 5672 2001 5710 ms
2047 5666 2244 5710 vestrze
2283 5655 2677 5712 sublimationis
2704 5655 2812 5711 Deo

959 5727 1027 5759 ’⁸⁷
1057 5726 1217 5794 Veni;
1250 5726 1400 5781 scitis
1425 5742 1502 5780 ms
1530 5728 1675 5793 veni,
1704 5735 1762 5781 ut
1792 5728 1942 5783 scitis

1992 5513 2064 5549 ’³⁸
2097 5514 2470 5585 Superexaltet
2489 5512 2748 5580 judicium
2771 5530 2849 5585 ms
2873 5510 3241 5585 superexultet
3261 5508 3466 5585 judicio
3494 5564 3497 5569 ,

2436 5579 2506 5617 ’³³
2530 5585 2684 5639 Enim
2729 5579 3045 5654 praelati—ms
3086 5582 3229 5637 enim
3262 5579 3464 5635 subditi

2436 5656 2677 5707 mntionis
2704 5655 2812 5707 Deo
2921 5651 2990 5684 '“
3020 5650 3338 5707 Rediturnm
3384 5665 3463 5703 ius

3068 5662 3338 5707 θαιιιιτιιιη
3384 5665 3463 5703 ηη
