  <div class='ocr_page' id='page_1' title='image "/cluster/home/n/w/nwhite01/storage/ocr_20150623/159/hvd.32044024236648/045.png"; bbox 0 0 4028 6302; ppageno 0'>
   <div class='ocr_carea' id='block_1_1' title="bbox 525 334 622 397">
    <p class='ocr_par' dir='ltr' id='par_1_1' title="bbox 525 334 622 397">
     <span class='ocr_line' id='line_1_1' title="bbox 525 334 622 397; baseline -0.021 1"><span class='ocrx_word' id='word_1_1' title='bbox 525 334 622 397; x_wconf 64' lang='lat'><strong>335</strong></span> 
     </span>
    </p>
   </div>
   <div class='ocr_carea' id='block_1_2' title="bbox 1086 293 3277 391">
    <p class='ocr_par' dir='ltr' id='par_1_2' title="bbox 1086 293 3277 391">
     <span class='ocr_line' id='line_1_2' title="bbox 1086 293 3277 391; baseline -0.016 -5"><span class='ocrx_word' id='word_1_2' title='bbox 1086 330 1143 385; x_wconf 89' lang='lat' dir='ltr'><strong>S.</strong></span> <span class='ocrx_word' id='word_1_3' title='bbox 1176 323 1474 386; x_wconf 73' lang='lat' dir='ltr'><strong>ANSELMI</strong></span> <span class='ocrx_word' id='word_1_4' title='bbox 1519 318 1872 380; x_wconf 75' lang='lat' dir='ltr'><strong>CANTUAR.</strong></span> <span class='ocrx_word' id='word_1_5' title='bbox 1913 311 2236 391; x_wconf 73' lang='lat' dir='ltr'><strong>ARCIllEP.</strong></span> <span class='ocrx_word' id='word_1_6' title='bbox 2279 305 2425 369; x_wconf 79' lang='lat' dir='ltr'><strong>OPP.</strong></span> <span class='ocrx_word' id='word_1_7' title='bbox 2471 304 2648 363; x_wconf 77' lang='lat' dir='ltr'><strong>PARS</strong></span> <span class='ocrx_word' id='word_1_8' title='bbox 2688 303 2868 360; x_wconf 83' lang='lat' dir='ltr'><strong>llI.-~</strong></span> <span class='ocrx_word' id='word_1_9' title='bbox 2895 293 3277 358; x_wconf 60' lang='lat' dir='ltr'><strong>EPISTOLIE.</strong></span> 
     </span>
    </p>
   </div>
   <div class='ocr_carea' id='block_1_3' title="bbox 3752 290 3839 345">
    <p class='ocr_par' dir='ltr' id='par_1_3' title="bbox 3752 290 3839 345">
     <span class='ocr_line' id='line_1_3' title="bbox 3752 290 3839 345; baseline -0.011 0"><span class='ocrx_word' id='word_1_10' title='bbox 3752 290 3839 345; x_wconf 81' lang='lat'><strong>76</strong></span> 
     </span>
    </p>
   </div>
   <div class='ocr_carea' id='block_1_4' title="bbox 551 409 3835 511">
    <p class='ocr_par' dir='ltr' id='par_1_4' title="bbox 551 409 3835 511">
     <span class='ocr_line' id='line_1_4' title="bbox 551 409 3835 511; baseline -0.013 -4"><span class='ocrx_word' id='word_1_11' title='bbox 551 449 842 507; x_wconf 82' lang='lat' dir='ltr'><strong>convertit.</strong></span> <span class='ocrx_word' id='word_1_12' title='bbox 871 443 1106 500; x_wconf 80' lang='lat' dir='ltr'><strong>Monitus</strong></span> <span class='ocrx_word' id='word_1_13' title='bbox 1134 450 1188 497; x_wconf 92' lang='lat' dir='ltr'><strong>et</strong></span> <span class='ocrx_word' id='word_1_14' title='bbox 1205 439 1369 511; x_wconf 72' lang='lat'><strong>382</strong></span> <span class='ocrx_word' id='word_1_15' title='bbox 1413 449 1635 506; x_wconf 81' lang='lat' dir='ltr'><strong>rogatus</strong></span> <span class='ocrx_word' id='word_1_16' title='bbox 1675 448 1704 487; x_wconf 90' lang='lat' dir='ltr'><strong>a</strong></span> <span class='ocrx_word' id='word_1_17' title='bbox 1737 430 1958 486; x_wconf 89' lang='lat' dir='ltr'><strong>domino</strong></span> <span class='ocrx_word' id='word_1_18' title='bbox 1985 442 2122 499; x_wconf 89' lang='lat' dir='ltr'><strong>papa</strong></span> <span class='ocrx_word' id='word_1_19' title='bbox 2156 413 2198 470; x_wconf 80' lang='grc' dir='ltr'><strong>Α</strong></span> <span class='ocrx_word' id='word_1_20' title='bbox 2231 437 2284 482; x_wconf 90' lang='lat' dir='ltr'><strong>te</strong></span> <span class='ocrx_word' id='word_1_21' title='bbox 2312 423 2564 495; x_wconf 83' lang='lat' dir='ltr'><strong>suscepi;</strong></span> <span class='ocrx_word' id='word_1_22' title='bbox 2609 421 2675 477; x_wconf 89' lang='lat' dir='ltr'><strong>de</strong></span> <span class='ocrx_word' id='word_1_23' title='bbox 2713 432 2844 492; x_wconf 88' lang='lat' dir='ltr'><strong>quo,</strong></span> <span class='ocrx_word' id='word_1_24' title='bbox 2884 417 2930 474; x_wconf 86' lang='lat' dir='ltr'><strong>si</strong></span> <span class='ocrx_word' id='word_1_25' title='bbox 2972 415 3090 472; x_wconf 84' lang='lat' dir='ltr'><strong>ﬁeri</strong></span> <span class='ocrx_word' id='word_1_26' title='bbox 3138 422 3345 485; x_wconf 87' lang='lat' dir='ltr'><strong>posset,</strong></span> <span class='ocrx_word' id='word_1_27' title='bbox 3409 409 3666 465; x_wconf 72' lang='lat' dir='ltr'><strong>libentius</strong></span> <span class='ocrx_word' id='word_1_28' title='bbox 3693 424 3835 464; x_wconf 80' lang='lat' dir='ltr'><strong>eam</strong></span> 
     </span>
    </p>
   </div>
   <div class='ocr_carea' id='block_1_5' title="bbox 558 519 2133 608">
    <p class='ocr_par' dir='ltr' id='par_1_5' title="bbox 558 519 2133 608">
     <span class='ocr_line' id='line_1_5' title="bbox 558 519 2133 608; baseline -0.017 -9"><span class='ocrx_word' id='word_1_29' title='bbox 558 552 621 598; x_wconf 91' lang='lat' dir='ltr'><strong>ut</strong></span> <span class='ocrx_word' id='word_1_30' title='bbox 670 543 774 598; x_wconf 88' lang='lat' dir='ltr'><strong>hoc</strong></span> <span class='ocrx_word' id='word_1_31' title='bbox 823 538 1142 608; x_wconf 87' lang='lat' dir='ltr'><strong>corrigeret,</strong></span> <span class='ocrx_word' id='word_1_32' title='bbox 1203 529 1558 600; x_wconf 76' lang='lat' dir='ltr'><strong>contempsit,</strong></span> <span class='ocrx_word' id='word_1_33' title='bbox 1601 535 1657 582; x_wconf 90' lang='lat' dir='ltr'><strong>et</strong></span> <span class='ocrx_word' id='word_1_34' title='bbox 1710 523 1886 578; x_wconf 83' lang='lat' dir='ltr'><strong>adhuc</strong></span> <span class='ocrx_word' id='word_1_35' title='bbox 1924 521 1978 575; x_wconf 91' lang='lat' dir='ltr'><strong>in</strong></span> <span class='ocrx_word' id='word_1_36' title='bbox 2026 519 2133 575; x_wconf 84' lang='lat' dir='ltr'><strong>hoc</strong></span> 
     </span>
    </p>
   </div>
   <div class='ocr_carea' id='block_1_6' title="bbox 552 608 2133 704">
    <p class='ocr_par' dir='ltr' id='par_1_6' title="bbox 552 608 2133 704">
     <span class='ocr_line' id='line_1_6' title="bbox 552 608 2133 704; baseline -0.016 -16"><span class='ocrx_word' id='word_1_37' title='bbox 552 638 884 704; x_wconf 68' lang='lat' dir='ltr'><strong>perseverat.</strong></span> <span class='ocrx_word' id='word_1_38' title='bbox 938 626 1057 682; x_wconf 86' lang='lat' dir='ltr'><strong>Jam</strong></span> <span class='ocrx_word' id='word_1_39' title='bbox 1092 631 1176 681; x_wconf 85' lang='lat' dir='ltr'><strong>est</strong></span> <span class='ocrx_word' id='word_1_40' title='bbox 1221 621 1416 678; x_wconf 89' lang='lat' dir='ltr'><strong>tertius</strong></span> <span class='ocrx_word' id='word_1_41' title='bbox 1468 628 1647 673; x_wconf 89' lang='lat' dir='ltr'><strong>annus</strong></span> <span class='ocrx_word' id='word_1_42' title='bbox 1685 629 1751 669; x_wconf 78' lang='lat' dir='ltr'><strong>ex</strong></span> <span class='ocrx_word' id='word_1_43' title='bbox 1792 625 1900 682; x_wconf 87' lang='lat' dir='ltr'><strong>quo</strong></span> <span class='ocrx_word' id='word_1_44' title='bbox 1950 609 2030 664; x_wconf 85' lang='lat' dir='ltr'><strong>sic.</strong></span> <span class='ocrx_word' id='word_1_45' title='bbox 2065 608 2133 663; x_wconf 90' lang='lat' dir='ltr'><strong>de</strong></span> 
     </span>
    </p>
   </div>
   <div class='ocr_carea' id='block_1_7' title="bbox 524 699 2134 793">
    <p class='ocr_par' dir='ltr' id='par_1_7' title="bbox 524 699 2134 793">
     <span class='ocr_line' id='line_1_7' title="bbox 524 699 2134 793; baseline -0.017 -16"><span class='ocrx_word' id='word_1_46' title='bbox 524 722 748 793; x_wconf 17' lang='lat' dir='ltr'><strong>V&#39;Anglia</strong></span> <span class='ocrx_word' id='word_1_47' title='bbox 780 717 962 783; x_wconf 80' lang='lat' dir='ltr'><strong>exivi;</strong></span> <span class='ocrx_word' id='word_1_48' title='bbox 995 729 1168 786; x_wconf 90' lang='lat' dir='ltr'><strong>pauca</strong></span> <span class='ocrx_word' id='word_1_49' title='bbox 1195 727 1317 782; x_wconf 74' lang='lat' dir='ltr'><strong>qua:</strong></span> <span class='ocrx_word' id='word_1_50' title='bbox 1348 723 1558 765; x_wconf 88' lang='lat' dir='ltr'><strong>meeum</strong></span> <span class='ocrx_word' id='word_1_51' title='bbox 1594 704 1712 765; x_wconf 91' lang='lat' dir='ltr'><strong>tuli,</strong></span> <span class='ocrx_word' id='word_1_52' title='bbox 1745 714 1799 757; x_wconf 89' lang='lat' dir='ltr'><strong>et</strong></span> <span class='ocrx_word' id='word_1_53' title='bbox 1826 699 1995 755; x_wconf 87' lang='lat' dir='ltr'><strong>multa</strong></span> <span class='ocrx_word' id='word_1_54' title='bbox 2015 711 2134 767; x_wconf 72' lang='lat' dir='ltr'><strong>qua:</strong></span> 
     </span>
    </p>
   </div>
   <div class='ocr_carea' id='block_1_8' title="bbox 539 787 2132 877">
    <p class='ocr_par' dir='ltr' id='par_1_8' title="bbox 539 787 2132 877">
     <span class='ocr_line' id='line_1_8' title="bbox 539 787 2132 877; baseline -0.017 -9"><span class='ocrx_word' id='word_1_55' title='bbox 539 821 828 869; x_wconf 87' lang='lat' dir='ltr'><strong>mutuatus</strong></span> <span class='ocrx_word' id='word_1_56' title='bbox 844 823 983 872; x_wconf 84' lang='lat' dir='ltr'><strong>sum,</strong></span> <span class='ocrx_word' id='word_1_57' title='bbox 1011 819 1244 877; x_wconf 87' lang='lat' dir='ltr'><strong>quorum</strong></span> <span class='ocrx_word' id='word_1_58' title='bbox 1274 801 1453 856; x_wconf 87' lang='lat' dir='ltr'><strong>adhuc</strong></span> <span class='ocrx_word' id='word_1_59' title='bbox 1475 813 1594 854; x_wconf 80' lang='lat' dir='ltr'><strong>sum</strong></span> <span class='ocrx_word' id='word_1_60' title='bbox 1623 795 1856 858; x_wconf 89' lang='lat' dir='ltr'><strong>debitor,</strong></span> <span class='ocrx_word' id='word_1_61' title='bbox 1880 787 2132 861; x_wconf 78' lang='lat' dir='ltr'><strong>expendi.</strong></span> 
     </span>
    </p>
   </div>
   <div class='ocr_carea' id='block_1_9' title="bbox 553 879 2134 975">
    <p class='ocr_par' dir='ltr' id='par_1_9' title="bbox 553 879 2134 975">
     <span class='ocr_line' id='line_1_9' title="bbox 553 879 2134 975; baseline -0.017 -15"><span class='ocrx_word' id='word_1_62' title='bbox 553 907 645 961; x_wconf 89' lang='lat' dir='ltr'><strong>Sic</strong></span> <span class='ocrx_word' id='word_1_63' title='bbox 669 905 786 975; x_wconf 90' lang='lat' dir='ltr'><strong>plus</strong></span> <span class='ocrx_word' id='word_1_64' title='bbox 816 901 1023 956; x_wconf 83' lang='lat' dir='ltr'><strong>debetis</strong></span> <span class='ocrx_word' id='word_1_65' title='bbox 1049 912 1212 969; x_wconf 91' lang='lat' dir='ltr'><strong>quam</strong></span> <span class='ocrx_word' id='word_1_66' title='bbox 1243 895 1450 950; x_wconf 89' lang='lat' dir='ltr'><strong>babens</strong></span> <span class='ocrx_word' id='word_1_67' title='bbox 1471 890 1565 956; x_wconf 68' lang='grc' dir='ltr'><strong>ηδ,</strong></span> <span class='ocrx_word' id='word_1_68' title='bbox 1598 886 1737 958; x_wconf 90' lang='lat' dir='ltr'><strong>apud</strong></span> <span class='ocrx_word' id='word_1_69' title='bbox 1768 879 2134 940; x_wconf 75' lang='lat' dir='ltr'><strong>venerabilem</strong></span> 
     </span>
    </p>
   </div>
   <div class='ocr_carea' id='block_1_10' title="bbox 551 967 2138 1054">
    <p class='ocr_par' dir='ltr' id='par_1_10' title="bbox 551 967 2138 1054">
     <span class='ocr_line' id='line_1_10' title="bbox 551 967 2138 1054; baseline -0.02 -1"><span class='ocrx_word' id='word_1_70' title='bbox 551 967 766 1053; x_wconf 67' lang='lat' dir='ltr'><strong>Patrem</strong></span> <span class='ocrx_word' id='word_1_71' title='bbox 812 967 1555 1054; x_wconf 74' lang='lat' dir='ltr'><strong>nostrumarchiepiscopum</strong></span> <span class='ocrx_word' id='word_1_72' title='bbox 1592 975 2008 1048; x_wconf 73' lang='lat' dir='ltr'><strong>Lugdunensem</strong></span> <span class='ocrx_word' id='word_1_73' title='bbox 2048 967 2138 1022; x_wconf 85' lang='lat' dir='ltr'><strong>de-</strong></span> 
     </span>
    </p>
   </div>
   <div class='ocr_carea' id='block_1_11' title="bbox 551 1058 2137 1154">
    <p class='ocr_par' dir='ltr' id='par_1_11' title="bbox 551 1058 2137 1154">
     <span class='ocr_line' id='line_1_11' title="bbox 551 1058 2137 1154; baseline -0.021 -9"><span class='ocrx_word' id='word_1_74' title='bbox 551 1099 756 1153; x_wconf 85' lang='lat' dir='ltr'><strong>tentus,</strong></span> <span class='ocrx_word' id='word_1_75' title='bbox 801 1084 919 1154; x_wconf 72' lang='lat' dir='ltr'><strong>eius</strong></span> <span class='ocrx_word' id='word_1_76' title='bbox 948 1081 1016 1112; x_wconf 73' lang='grc'><strong>’³⁸</strong></span> <span class='ocrx_word' id='word_1_77' title='bbox 1056 1077 1288 1148; x_wconf 88' lang='lat' dir='ltr'><strong>benigna</strong></span> <span class='ocrx_word' id='word_1_78' title='bbox 1316 1072 1573 1143; x_wconf 83' lang='lat' dir='ltr'><strong>largitate</strong></span> <span class='ocrx_word' id='word_1_79' title='bbox 1601 1077 1656 1123; x_wconf 90' lang='lat' dir='ltr'><strong>et</strong></span> <span class='ocrx_word' id='word_1_80' title='bbox 1701 1067 1850 1134; x_wconf 88' lang='lat' dir='ltr'><strong>larga</strong></span> <span class='ocrx_word' id='word_1_81' title='bbox 1889 1058 2137 1130; x_wconf 84' lang='lat' dir='ltr'><strong>benigni-</strong></span> 
     </span>
    </p>
   </div>
   <div class='ocr_carea' id='block_1_12' title="bbox 541 1149 2197 1236">
    <p class='ocr_par' dir='ltr' id='par_1_12' title="bbox 541 1149 2197 1236">
     <span class='ocr_line' id='line_1_12' title="bbox 541 1149 2197 1236; baseline -0.021 0"><span class='ocrx_word' id='word_1_82' title='bbox 541 1167 662 1236; x_wconf 76' lang='lat' dir='ltr'><strong>tate</strong></span> <span class='ocrx_word' id='word_1_83' title='bbox 688 1183 986 1233; x_wconf 88' lang='lat' dir='ltr'><strong>sustentor.</strong></span> <span class='ocrx_word' id='word_1_84' title='bbox 1012 1170 1136 1224; x_wconf 84' lang='lat' dir='ltr'><strong>Non</strong></span> <span class='ocrx_word' id='word_1_85' title='bbox 1159 1169 1265 1223; x_wconf 91' lang='lat' dir='ltr'><strong>hoc</strong></span> <span class='ocrx_word' id='word_1_86' title='bbox 1291 1165 1414 1220; x_wconf 89' lang='lat' dir='ltr'><strong>dico</strong></span> <span class='ocrx_word' id='word_1_87' title='bbox 1444 1160 1598 1232; x_wconf 86' lang='lat' dir='ltr'><strong>quasi</strong></span> <span class='ocrx_word' id='word_1_88' title='bbox 1623 1156 1927 1213; x_wconf 85' lang='lat' dir='ltr'><strong>desiderem</strong></span> <span class='ocrx_word' id='word_1_89' title='bbox 1958 1149 2138 1206; x_wconf 91' lang='lat' dir='ltr'><strong>redire</strong></span> <span class='ocrx_word' id='word_1_90' title='bbox 2195 1217 2197 1224; x_wconf 18' lang='grc' dir='ltr'><strong>η</strong></span> 
     </span>
    </p>
   </div>
   <div class='ocr_carea' id='block_1_13' title="bbox 553 1240 2138 1342">
    <p class='ocr_par' dir='ltr' id='par_1_13' title="bbox 553 1240 2138 1342">
     <span class='ocr_line' id='line_1_13' title="bbox 553 1240 2138 1342; baseline -0.023 -14"><span class='ocrx_word' id='word_1_91' title='bbox 553 1277 606 1329; x_wconf 83' lang='lat' dir='ltr'><strong>in</strong></span> <span class='ocrx_word' id='word_1_92' title='bbox 645 1269 923 1342; x_wconf 83' lang='lat' dir='ltr'><strong>Angliam,</strong></span> <span class='ocrx_word' id='word_1_93' title='bbox 967 1269 1062 1319; x_wconf 90' lang='lat' dir='ltr'><strong>sed</strong></span> <span class='ocrx_word' id='word_1_94' title='bbox 1093 1261 1259 1315; x_wconf 80' lang='lat' dir='ltr'><strong>timeo</strong></span> <span class='ocrx_word' id='word_1_95' title='bbox 1314 1269 1383 1311; x_wconf 89' lang='lat' dir='ltr'><strong>ne</strong></span> <span class='ocrx_word' id='word_1_96' title='bbox 1427 1252 1561 1308; x_wconf 87' lang='lat' dir='ltr'><strong>mibi</strong></span> <span class='ocrx_word' id='word_1_97' title='bbox 1612 1258 1792 1304; x_wconf 85' lang='lat' dir='ltr'><strong>vestra</strong></span> <span class='ocrx_word' id='word_1_98' title='bbox 1835 1240 2138 1300; x_wconf 80' lang='lat' dir='ltr'><strong>sublimitas</strong></span> 
     </span>
    </p>
   </div>
   <div class='ocr_carea' id='block_1_14' title="bbox 554 1334 2138 1424">
    <p class='ocr_par' dir='ltr' id='par_1_14' title="bbox 554 1334 2138 1424">
     <span class='ocr_line' id='line_1_14' title="bbox 554 1334 2138 1424; baseline -0.021 -4"><span class='ocrx_word' id='word_1_99' title='bbox 554 1369 897 1424; x_wconf 84' lang='lat' dir='ltr'><strong>succenseat,</strong></span> <span class='ocrx_word' id='word_1_100' title='bbox 933 1356 976 1411; x_wconf 91' lang='lat' dir='ltr'><strong>si</strong></span> <span class='ocrx_word' id='word_1_101' title='bbox 1014 1355 1062 1410; x_wconf 89' lang='lat' dir='ltr'><strong>ei</strong></span> <span class='ocrx_word' id='word_1_102' title='bbox 1093 1361 1340 1408; x_wconf 89' lang='lat' dir='ltr'><strong>nostrum</strong></span> <span class='ocrx_word' id='word_1_103' title='bbox 1366 1360 1487 1402; x_wconf 89' lang='lat' dir='ltr'><strong>esse</strong></span> <span class='ocrx_word' id='word_1_104' title='bbox 1525 1358 1630 1398; x_wconf 93' lang='lat' dir='ltr'><strong>non</strong></span> <span class='ocrx_word' id='word_1_105' title='bbox 1665 1338 1906 1395; x_wconf 77' lang='lat' dir='ltr'><strong>notilico.</strong></span> <span class='ocrx_word' id='word_1_106' title='bbox 1935 1334 2138 1389; x_wconf 86' lang='lat' dir='ltr'><strong>Precor</strong></span> 
     </span>
    </p>
   </div>
   <div class='ocr_carea' id='block_1_15' title="bbox 557 1423 2138 1523">
    <p class='ocr_par' dir='ltr' id='par_1_15' title="bbox 557 1423 2138 1523">
     <span class='ocr_line' id='line_1_15' title="bbox 557 1423 2138 1523; baseline -0.019 -16"><span class='ocrx_word' id='word_1_107' title='bbox 557 1454 721 1523; x_wconf 82' lang='lat' dir='ltr'><strong>igitur</strong></span> <span class='ocrx_word' id='word_1_108' title='bbox 750 1459 806 1504; x_wconf 92' lang='lat' dir='ltr'><strong>et</strong></span> <span class='ocrx_word' id='word_1_109' title='bbox 830 1449 1083 1508; x_wconf 86' lang='lat' dir='ltr'><strong>obsecro,</strong></span> <span class='ocrx_word' id='word_1_110' title='bbox 1115 1447 1326 1514; x_wconf 87' lang='lat' dir='ltr'><strong>quanto</strong></span> <span class='ocrx_word' id='word_1_111' title='bbox 1373 1449 1591 1508; x_wconf 90' lang='lat' dir='ltr'><strong>possum</strong></span> <span class='ocrx_word' id='word_1_112' title='bbox 1628 1429 1845 1496; x_wconf 74' lang='lat' dir='ltr'><strong>aliectu,</strong></span> <span class='ocrx_word' id='word_1_113' title='bbox 1885 1435 1946 1480; x_wconf 91' lang='lat' dir='ltr'><strong>ut</strong></span> <span class='ocrx_word' id='word_1_114' title='bbox 1987 1423 2138 1478; x_wconf 90' lang='lat' dir='ltr'><strong>nullo</strong></span> 
     </span>
    </p>
   </div>
   <div class='ocr_carea' id='block_1_16' title="bbox 557 1518 2136 1606">
    <p class='ocr_par' dir='ltr' id='par_1_16' title="bbox 557 1518 2136 1606">
     <span class='ocr_line' id='line_1_16' title="bbox 557 1518 2136 1606; baseline -0.02 -8"><span class='ocrx_word' id='word_1_115' title='bbox 557 1545 716 1598; x_wconf 86' lang='lat' dir='ltr'><strong>modo</strong></span> <span class='ocrx_word' id='word_1_116' title='bbox 757 1557 843 1596; x_wconf 89' lang='lat' dir='ltr'><strong>me</strong></span> <span class='ocrx_word' id='word_1_117' title='bbox 881 1540 934 1595; x_wconf 90' lang='lat' dir='ltr'><strong>in</strong></span> <span class='ocrx_word' id='word_1_118' title='bbox 975 1534 1225 1606; x_wconf 76' lang='lat' dir='ltr'><strong>Angliam</strong></span> <span class='ocrx_word' id='word_1_119' title='bbox 1275 1529 1452 1586; x_wconf 87' lang='lat' dir='ltr'><strong>redire</strong></span> <span class='ocrx_word' id='word_1_120' title='bbox 1497 1523 1756 1596; x_wconf 75' lang='lat' dir='ltr'><strong>iubeatis,</strong></span> <span class='ocrx_word' id='word_1_121' title='bbox 1810 1519 1914 1574; x_wconf 89' lang='lat' dir='ltr'><strong>nisi</strong></span> <span class='ocrx_word' id='word_1_122' title='bbox 1958 1518 2031 1570; x_wconf 88' lang='lat' dir='ltr'><strong>ita</strong></span> <span class='ocrx_word' id='word_1_123' title='bbox 2078 1520 2136 1568; x_wconf 88' lang='lat' dir='ltr'><strong>ut</strong></span> 
     </span>
    </p>
   </div>
   <div class='ocr_carea' id='block_1_17' title="bbox 556 1607 2141 1704">
    <p class='ocr_par' dir='ltr' id='par_1_17' title="bbox 556 1607 2141 1704">
     <span class='ocr_line' id='line_1_17' title="bbox 556 1607 2141 1704; baseline -0.021 -14"><span class='ocrx_word' id='word_1_124' title='bbox 556 1626 728 1704; x_wconf 76' lang='lat' dir='ltr'><strong>legem</strong></span> <span class='ocrx_word' id='word_1_125' title='bbox 752 1641 808 1686; x_wconf 90' lang='lat' dir='ltr'><strong>et</strong></span> <span class='ocrx_word' id='word_1_126' title='bbox 833 1629 1166 1684; x_wconf 86' lang='lat' dir='ltr'><strong>voluntatem</strong></span> <span class='ocrx_word' id='word_1_127' title='bbox 1196 1621 1315 1686; x_wconf 86' lang='lat' dir='ltr'><strong>Dei,</strong></span> <span class='ocrx_word' id='word_1_128' title='bbox 1359 1627 1414 1674; x_wconf 87' lang='lat' dir='ltr'><strong>et</strong></span> <span class='ocrx_word' id='word_1_129' title='bbox 1460 1617 1680 1672; x_wconf 88' lang='lat' dir='ltr'><strong>decreta</strong></span> <span class='ocrx_word' id='word_1_130' title='bbox 1720 1607 2019 1683; x_wconf 84' lang='lat' dir='ltr'><strong>apostolica</strong></span> <span class='ocrx_word' id='word_1_131' title='bbox 2046 1619 2141 1659; x_wconf 86' lang='lat' dir='ltr'><strong>vo-</strong></span> 
     </span>
    </p>
   </div>
   <div class='ocr_carea' id='block_1_18' title="bbox 559 1695 2137 1779">
    <p class='ocr_par' dir='ltr' id='par_1_18' title="bbox 559 1695 2137 1779">
     <span class='ocr_line' id='line_1_18' title="bbox 559 1695 2137 1779; baseline -0.021 1"><span class='ocrx_word' id='word_1_132' title='bbox 559 1695 754 1779; x_wconf 62' lang='lat' dir='ltr'><strong>ltiiitati</strong></span> <span class='ocrx_word' id='word_1_133' title='bbox 794 1716 1031 1776; x_wconf 85' lang='lat' dir='ltr'><strong>hominis</strong></span> <span class='ocrx_word' id='word_1_134' title='bbox 1082 1714 1245 1768; x_wconf 87' lang='lat' dir='ltr'><strong>liceat</strong></span> <span class='ocrx_word' id='word_1_135' title='bbox 1288 1707 1419 1763; x_wconf 89' lang='lat' dir='ltr'><strong>mihi</strong></span> <span class='ocrx_word' id='word_1_136' title='bbox 1466 1703 1726 1777; x_wconf 73' lang='lat' dir='ltr'><strong>przel&#39;erre</strong></span> <span class='ocrx_word' id='word_1_137' title='bbox 1755 1718 1769 1755; x_wconf 90' lang='lat'><strong>:</strong></span> <span class='ocrx_word' id='word_1_138' title='bbox 1803 1707 1859 1754; x_wconf 87' lang='lat' dir='ltr'><strong>et</strong></span> <span class='ocrx_word' id='word_1_139' title='bbox 1899 1695 2001 1752; x_wconf 87' lang='lat' dir='ltr'><strong>nisi</strong></span> <span class='ocrx_word' id='word_1_140' title='bbox 2041 1708 2137 1749; x_wconf 80' lang='lat' dir='ltr'><strong>rex</strong></span> 
     </span>
    </p>
   </div>
   <div class='ocr_carea' id='block_1_19' title="bbox 2235 504 3839 591">
    <p class='ocr_par' dir='ltr' id='par_1_19' title="bbox 2235 504 3839 591">
     <span class='ocr_line' id='line_1_19' title="bbox 2235 504 3839 591; baseline -0.014 -12"><span class='ocrx_word' id='word_1_141' title='bbox 2235 522 2574 591; x_wconf 83' lang='lat' dir='ltr'><strong>susciperem</strong></span> <span class='ocrx_word' id='word_1_142' title='bbox 2625 530 2790 586; x_wconf 88' lang='lat' dir='ltr'><strong>quam</strong></span> <span class='ocrx_word' id='word_1_143' title='bbox 2841 513 2909 570; x_wconf 89' lang='lat' dir='ltr'><strong>de</strong></span> <span class='ocrx_word' id='word_1_144' title='bbox 2954 511 3064 566; x_wconf 91' lang='lat' dir='ltr'><strong>alio</strong></span> <span class='ocrx_word' id='word_1_145' title='bbox 3103 510 3306 578; x_wconf 81' lang='lat' dir='ltr'><strong>aliquo.</strong></span> <span class='ocrx_word' id='word_1_146' title='bbox 3357 506 3465 560; x_wconf 84' lang='lat' dir='ltr'><strong>Sed</strong></span> <span class='ocrx_word' id='word_1_147' title='bbox 3515 504 3839 560; x_wconf 72' lang='lat' dir='ltr'><strong>necessitas</strong></span> 
     </span>
    </p>
   </div>
   <div class='ocr_carea' id='block_1_20' title="bbox 2233 581 3838 679">
    <p class='ocr_par' dir='ltr' id='par_1_20' title="bbox 2233 581 3838 679">
     <span class='ocr_line' id='line_1_20' title="bbox 2233 581 3838 679; baseline -0.014 -11"><span class='ocrx_word' id='word_1_148' title='bbox 2233 611 2338 668; x_wconf 77' lang='lat' dir='ltr'><strong>fuit</strong></span> <span class='ocrx_word' id='word_1_149' title='bbox 2385 610 2530 675; x_wconf 90' lang='lat' dir='ltr'><strong>talis,</strong></span> <span class='ocrx_word' id='word_1_150' title='bbox 2562 608 2690 679; x_wconf 88' lang='lat' dir='ltr'><strong>quia</strong></span> <span class='ocrx_word' id='word_1_151' title='bbox 2732 604 2941 679; x_wconf 84' lang='lat' dir='ltr'><strong>inimici</strong></span> <span class='ocrx_word' id='word_1_152' title='bbox 2992 601 3273 672; x_wconf 77' lang='lat' dir='ltr'><strong>insurgere</strong></span> <span class='ocrx_word' id='word_1_153' title='bbox 3321 597 3576 652; x_wconf 83' lang='lat' dir='ltr'><strong>volebant</strong></span> <span class='ocrx_word' id='word_1_154' title='bbox 3621 581 3838 661; x_wconf 70' lang='lat' dir='ltr'><strong>contra</strong></span> 
     </span>
    </p>
   </div>
   <div class='ocr_carea' id='block_1_21' title="bbox 2213 686 3840 774">
    <p class='ocr_par' dir='ltr' id='par_1_21' title="bbox 2213 686 3840 774">
     <span class='ocr_line' id='line_1_21' title="bbox 2213 686 3840 774; baseline -0.015 -12"><span class='ocrx_word' id='word_1_155' title='bbox 2213 720 2324 762; x_wconf 83' lang='lat' dir='ltr'><strong>me</strong></span> <span class='ocrx_word' id='word_1_156' title='bbox 2353 713 2410 760; x_wconf 87' lang='lat' dir='ltr'><strong>et</strong></span> <span class='ocrx_word' id='word_1_157' title='bbox 2453 701 2710 774; x_wconf 84' lang='lat' dir='ltr'><strong>pepulurn</strong></span> <span class='ocrx_word' id='word_1_158' title='bbox 2737 712 2900 768; x_wconf 84' lang='lat' dir='ltr'><strong>quem</strong></span> <span class='ocrx_word' id='word_1_159' title='bbox 2947 694 3124 750; x_wconf 82' lang='lat' dir='ltr'><strong>habeo</strong></span> <span class='ocrx_word' id='word_1_160' title='bbox 3169 691 3238 746; x_wconf 86' lang='lat' dir='ltr'><strong>ad</strong></span> <span class='ocrx_word' id='word_1_161' title='bbox 3269 686 3723 761; x_wconf 85' lang='lat' dir='ltr'><strong>gubernandum;</strong></span> <span class='ocrx_word' id='word_1_162' title='bbox 3772 693 3840 738; x_wconf 88' lang='lat' dir='ltr'><strong>et</strong></span> 
     </span>
    </p>
   </div>
   <div class='ocr_carea' id='block_1_22' title="bbox 2241 778 3844 855">
    <p class='ocr_par' dir='ltr' id='par_1_22' title="bbox 2241 778 3844 855">
     <span class='ocr_line' id='line_1_22' title="bbox 2241 778 3844 855; baseline -0.016 -2"><span class='ocrx_word' id='word_1_163' title='bbox 2241 796 2367 853; x_wconf 90' lang='lat' dir='ltr'><strong>ideo</strong></span> <span class='ocrx_word' id='word_1_164' title='bbox 2400 795 2636 852; x_wconf 81' lang='lat' dir='ltr'><strong>barones</strong></span> <span class='ocrx_word' id='word_1_165' title='bbox 2660 791 2788 853; x_wconf 88' lang='lat' dir='ltr'><strong>mei,</strong></span> <span class='ocrx_word' id='word_1_166' title='bbox 2817 797 2876 845; x_wconf 86' lang='lat' dir='ltr'><strong>et</strong></span> <span class='ocrx_word' id='word_1_167' title='bbox 2899 788 3047 842; x_wconf 87' lang='lat' dir='ltr'><strong>idem</strong></span> <span class='ocrx_word' id='word_1_168' title='bbox 3083 785 3336 855; x_wconf 82' lang='lat' dir='ltr'><strong>populus,</strong></span> <span class='ocrx_word' id='word_1_169' title='bbox 3378 778 3672 843; x_wconf 89' lang='lat' dir='ltr'><strong>noluerunt</strong></span> <span class='ocrx_word' id='word_1_170' title='bbox 3709 791 3844 851; x_wconf 78' lang='lat' dir='ltr'><strong>arn-</strong></span> 
     </span>
    </p>
   </div>
   <div class='ocr_carea' id='block_1_23' title="bbox 2233 849 3843 960">
    <p class='ocr_par' dir='ltr' id='par_1_23' title="bbox 2233 849 3843 960">
     <span class='ocr_line' id='line_1_23' title="bbox 2233 849 3843 960; baseline -0.014 -16"><span class='ocrx_word' id='word_1_171' title='bbox 2233 887 2378 960; x_wconf 89' lang='lat' dir='ltr'><strong>plius</strong></span> <span class='ocrx_word' id='word_1_172' title='bbox 2411 901 2532 942; x_wconf 81' lang='lat' dir='ltr'><strong>eam</strong></span> <span class='ocrx_word' id='word_1_173' title='bbox 2573 882 2874 956; x_wconf 82' lang='lat' dir='ltr'><strong>protelari:</strong></span> <span class='ocrx_word' id='word_1_174' title='bbox 2913 880 3020 936; x_wconf 77' lang='lat' dir='ltr'><strong>liae</strong></span> <span class='ocrx_word' id='word_1_175' title='bbox 3066 849 3252 947; x_wconf 75' lang='lat' dir='ltr'><strong>itaque</strong></span> <span class='ocrx_word' id='word_1_176' title='bbox 3296 873 3654 938; x_wconf 73' lang='lat' dir='ltr'><strong>occasiones</strong></span> <span class='ocrx_word' id='word_1_177' title='bbox 3716 849 3843 923; x_wconf 66' lang='lat' dir='ltr'><strong>tuis</strong></span> 
     </span>
    </p>
   </div>
   <div class='ocr_carea' id='block_1_24' title="bbox 2235 962 3841 1043">
    <p class='ocr_par' dir='ltr' id='par_1_24' title="bbox 2235 962 3841 1043">
     <span class='ocr_line' id='line_1_24' title="bbox 2235 962 3841 1043; baseline -0.014 -10"><span class='ocrx_word' id='word_1_178' title='bbox 2235 978 2459 1034; x_wconf 84' lang='lat' dir='ltr'><strong>vtcariis</strong></span> <span class='ocrx_word' id='word_1_179' title='bbox 2489 976 2637 1031; x_wconf 81' lang='lat' dir='ltr'><strong>illam</strong></span> <span class='ocrx_word' id='word_1_180' title='bbox 2667 972 2874 1043; x_wconf 82' lang='lat' dir='ltr'><strong>accepi.</strong></span> <span class='ocrx_word' id='word_1_181' title='bbox 2909 969 3176 1025; x_wconf 73' lang='lat' dir='ltr'><strong>Misissem</strong></span> <span class='ocrx_word' id='word_1_182' title='bbox 3201 964 3423 1035; x_wconf 69' lang='lat' dir='ltr'><strong>quidem</strong></span> <span class='ocrx_word' id='word_1_183' title='bbox 3451 962 3518 1015; x_wconf 90' lang='lat' dir='ltr'><strong>ad</strong></span> <span class='ocrx_word' id='word_1_184' title='bbox 3553 968 3606 1016; x_wconf 80' lang='lat' dir='ltr'><strong>te</strong></span> <span class='ocrx_word' id='word_1_185' title='bbox 3636 975 3666 1012; x_wconf 86' lang='lat' dir='ltr'><strong>a</strong></span> <span class='ocrx_word' id='word_1_186' title='bbox 3701 973 3841 1012; x_wconf 74' lang='lat' dir='ltr'><strong>meo</strong></span> 
     </span>
    </p>
   </div>
   <div class='ocr_carea' id='block_1_25' title="bbox 2236 1047 3831 1134">
    <p class='ocr_par' dir='ltr' id='par_1_25' title="bbox 2236 1047 3831 1134">
     <span class='ocr_line' id='line_1_25' title="bbox 2236 1047 3831 1134; baseline -0.013 -14"><span class='ocrx_word' id='word_1_187' title='bbox 2236 1067 2409 1122; x_wconf 83' lang='lat' dir='ltr'><strong>latere</strong></span> <span class='ocrx_word' id='word_1_188' title='bbox 2441 1065 2653 1134; x_wconf 87' lang='lat' dir='ltr'><strong>aliquos</strong></span> <span class='ocrx_word' id='word_1_189' title='bbox 2677 1077 2776 1133; x_wconf 86' lang='lat' dir='ltr'><strong>per</strong></span> <span class='ocrx_word' id='word_1_190' title='bbox 2803 1073 2944 1132; x_wconf 85' lang='lat' dir='ltr'><strong>quos</strong></span> <span class='ocrx_word' id='word_1_191' title='bbox 2983 1056 3083 1112; x_wconf 87' lang='lat' dir='ltr'><strong>tibi</strong></span> <span class='ocrx_word' id='word_1_192' title='bbox 3124 1054 3294 1110; x_wconf 83' lang='lat' dir='ltr'><strong>etiam</strong></span> <span class='ocrx_word' id='word_1_193' title='bbox 3321 1051 3391 1106; x_wconf 83' lang='lat' dir='ltr'><strong>de</strong></span> <span class='ocrx_word' id='word_1_194' title='bbox 3428 1063 3551 1104; x_wconf 79' lang='lat' dir='ltr'><strong>mea</strong></span> <span class='ocrx_word' id='word_1_195' title='bbox 3577 1047 3831 1118; x_wconf 77' lang='lat' dir='ltr'><strong>pecunia</strong></span> 
     </span>
    </p>
   </div>
   <div class='ocr_carea' id='block_1_26' title="bbox 2239 1137 3842 1226">
    <p class='ocr_par' dir='ltr' id='par_1_26' title="bbox 2239 1137 3842 1226">
     <span class='ocr_line' id='line_1_26' title="bbox 2239 1137 3842 1226; baseline -0.013 -14"><span class='ocrx_word' id='word_1_196' title='bbox 2239 1158 2632 1218; x_wconf 86' lang='lat' dir='ltr'><strong>destinassem,</strong></span> <span class='ocrx_word' id='word_1_197' title='bbox 2682 1151 2783 1210; x_wconf 86' lang='lat' dir='ltr'><strong>sed</strong></span> <span class='ocrx_word' id='word_1_198' title='bbox 2831 1164 2930 1226; x_wconf 91' lang='lat' dir='ltr'><strong>pro</strong></span> <span class='ocrx_word' id='word_1_199' title='bbox 2967 1154 3144 1219; x_wconf 83' lang='lat' dir='ltr'><strong>morte</strong></span> <span class='ocrx_word' id='word_1_200' title='bbox 3167 1145 3236 1176; x_wconf 65' lang='grc'>³⁸⁵</span> <span class='ocrx_word' id='word_1_201' title='bbox 3269 1141 3458 1198; x_wconf 77' lang='lat' dir='ltr'><strong>fratris</strong></span> <span class='ocrx_word' id='word_1_202' title='bbox 3516 1139 3622 1213; x_wconf 82' lang='lat' dir='ltr'><strong>mei</strong></span> <span class='ocrx_word' id='word_1_203' title='bbox 3678 1137 3842 1193; x_wconf 77' lang='lat' dir='ltr'><strong>circa</strong></span> 
     </span>
    </p>
   </div>
   <div class='ocr_carea' id='block_1_27' title="bbox 2237 1234 3844 1318">
    <p class='ocr_par' dir='ltr' id='par_1_27' title="bbox 2237 1234 3844 1318">
     <span class='ocr_line' id='line_1_27' title="bbox 2237 1234 3844 1318; baseline -0.017 -13"><span class='ocrx_word' id='word_1_204' title='bbox 2237 1243 2474 1318; x_wconf 73' lang='lat' dir='ltr'><strong>regnum</strong></span> <span class='ocrx_word' id='word_1_205' title='bbox 2514 1245 2722 1316; x_wconf 72' lang='lat' dir='ltr'><strong>Anglia:</strong></span> <span class='ocrx_word' id='word_1_206' title='bbox 2776 1245 2854 1298; x_wconf 87' lang='lat' dir='ltr'><strong>ita</strong></span> <span class='ocrx_word' id='word_1_207' title='bbox 2898 1248 3043 1295; x_wconf 88' lang='lat' dir='ltr'><strong>totus</strong></span> <span class='ocrx_word' id='word_1_208' title='bbox 3077 1235 3229 1291; x_wconf 90' lang='lat' dir='ltr'><strong>orbis</strong></span> <span class='ocrx_word' id='word_1_209' title='bbox 3271 1234 3844 1304; x_wconf 11' lang='lat' dir='ltr'><strong>concussus‘est,.ut</strong></span> 
     </span>
    </p>
   </div>
   <div class='ocr_carea' id='block_1_28' title="bbox 2239 1321 3840 1397">
    <p class='ocr_par' dir='ltr' id='par_1_28' title="bbox 2239 1321 3840 1397">
     <span class='ocr_line' id='line_1_28' title="bbox 2239 1321 3840 1397; baseline -0.016 -1"><span class='ocrx_word' id='word_1_210' title='bbox 2239 1339 2545 1396; x_wconf 84' lang='lat' dir='ltr'><strong>nullatenus</strong></span> <span class='ocrx_word' id='word_1_211' title='bbox 2594 1336 2662 1390; x_wconf 86' lang='lat' dir='ltr'><strong>ad</strong></span> <span class='ocrx_word' id='word_1_212' title='bbox 2711 1343 2768 1390; x_wconf 87' lang='lat' dir='ltr'><strong>te</strong></span> <span class='ocrx_word' id='word_1_213' title='bbox 2821 1330 3115 1387; x_wconf 75' lang='lat' dir='ltr'><strong>salubriter</strong></span> <span class='ocrx_word' id='word_1_214' title='bbox 3169 1324 3456 1397; x_wconf 78' lang='lat' dir='ltr'><strong>pervenire</strong></span> <span class='ocrx_word' id='word_1_215' title='bbox 3499 1321 3840 1393; x_wconf 73' lang='lat' dir='ltr'><strong>potuissent.</strong></span> 
     </span>
    </p>
   </div>
   <div class='ocr_carea' id='block_1_29' title="bbox 2239 1412 3841 1501">
    <p class='ocr_par' dir='ltr' id='par_1_29' title="bbox 2239 1412 3841 1501">
     <span class='ocr_line' id='line_1_29' title="bbox 2239 1412 3841 1501; baseline -0.016 -12"><span class='ocrx_word' id='word_1_216' title='bbox 2239 1434 2428 1489; x_wconf 87' lang='lat' dir='ltr'><strong>Laudo</strong></span> <span class='ocrx_word' id='word_1_217' title='bbox 2461 1445 2592 1501; x_wconf 90' lang='lat' dir='ltr'><strong>ergo</strong></span> <span class='ocrx_word' id='word_1_218' title='bbox 2615 1437 2670 1484; x_wconf 87' lang='lat' dir='ltr'><strong>et</strong></span> <span class='ocrx_word' id='word_1_219' title='bbox 2691 1426 2895 1483; x_wconf 87' lang='lat' dir='ltr'><strong>mando</strong></span> <span class='ocrx_word' id='word_1_220' title='bbox 2913 1439 2982 1479; x_wconf 90' lang='lat' dir='ltr'><strong>ne</strong></span> <span class='ocrx_word' id='word_1_221' title='bbox 3000 1435 3102 1498; x_wconf 84' lang='lat' dir='ltr'><strong>per</strong></span> <span class='ocrx_word' id='word_1_222' title='bbox 3132 1415 3582 1493; x_wconf 82' lang='lat' dir='ltr'><strong>Nortbmanniam</strong></span> <span class='ocrx_word' id='word_1_223' title='bbox 3612 1412 3841 1471; x_wconf 86' lang='lat' dir='ltr'><strong>venias,</strong></span> 
     </span>
    </p>
   </div>
   <div class='ocr_carea' id='block_1_30' title="bbox 2240 1501 3846 1592">
    <p class='ocr_par' dir='ltr' id='par_1_30' title="bbox 2240 1501 3846 1592">
     <span class='ocr_line' id='line_1_30' title="bbox 2240 1501 3846 1592; baseline -0.016 -13"><span class='ocrx_word' id='word_1_224' title='bbox 2240 1524 2334 1579; x_wconf 90' lang='lat' dir='ltr'><strong>sed</strong></span> <span class='ocrx_word' id='word_1_225' title='bbox 2377 1537 2473 1592; x_wconf 92' lang='lat' dir='ltr'><strong>per</strong></span> <span class='ocrx_word' id='word_1_226' title='bbox 2499 1517 2792 1582; x_wconf 85' lang='lat' dir='ltr'><strong>Guitsand,</strong></span> <span class='ocrx_word' id='word_1_227' title='bbox 2823 1523 2878 1571; x_wconf 89' lang='lat' dir='ltr'><strong>et</strong></span> <span class='ocrx_word' id='word_1_228' title='bbox 2917 1528 3020 1585; x_wconf 89' lang='lat' dir='ltr'><strong>ego</strong></span> <span class='ocrx_word' id='word_1_229' title='bbox 3048 1512 3316 1566; x_wconf 89' lang='lat' dir='ltr'><strong>Doveram</strong></span> <span class='ocrx_word' id='word_1_230' title='bbox 3359 1506 3576 1560; x_wconf 85' lang='lat' dir='ltr'><strong>obviam</strong></span> <span class='ocrx_word' id='word_1_231' title='bbox 3612 1501 3846 1558; x_wconf 81' lang='lat' dir='ltr'><strong>habebo</strong></span> 
     </span>
    </p>
   </div>
   <div class='ocr_carea' id='block_1_31' title="bbox 2243 1585 3840 1674">
    <p class='ocr_par' dir='ltr' id='par_1_31' title="bbox 2243 1585 3840 1674">
     <span class='ocr_line' id='line_1_31' title="bbox 2243 1585 3840 1674; baseline -0.018 -4"><span class='ocrx_word' id='word_1_232' title='bbox 2243 1613 2336 1670; x_wconf 85' lang='lat' dir='ltr'><strong>tibi</strong></span> <span class='ocrx_word' id='word_1_233' title='bbox 2373 1613 2609 1666; x_wconf 89' lang='lat' dir='ltr'><strong>barones</strong></span> <span class='ocrx_word' id='word_1_234' title='bbox 2639 1622 2814 1666; x_wconf 86' lang='lat' dir='ltr'><strong>meos.</strong></span> <span class='ocrx_word' id='word_1_235' title='bbox 2847 1613 2902 1660; x_wconf 88' lang='lat' dir='ltr'><strong>et</strong></span> <span class='ocrx_word' id='word_1_236' title='bbox 2925 1599 3218 1674; x_wconf 86' lang='lat' dir='ltr'><strong>pecuniam</strong></span> <span class='ocrx_word' id='word_1_237' title='bbox 3240 1602 3306 1652; x_wconf 85' lang='lat' dir='ltr'><strong>ad</strong></span> <span class='ocrx_word' id='word_1_238' title='bbox 3339 1605 3390 1650; x_wconf 93' lang='lat' dir='ltr'><strong>te</strong></span> <span class='ocrx_word' id='word_1_239' title='bbox 3410 1585 3840 1663; x_wconf 82' lang='lat' dir='ltr'><strong>recipiendum;</strong></span> 
     </span>
    </p>
   </div>
   <div class='ocr_carea' id='block_1_32' title="bbox 2242 1681 3845 1767">
    <p class='ocr_par' dir='ltr' id='par_1_32' title="bbox 2242 1681 3845 1767">
     <span class='ocr_line' id='line_1_32' title="bbox 2242 1681 3845 1767; baseline -0.018 -5"><span class='ocrx_word' id='word_1_240' title='bbox 2242 1716 2297 1762; x_wconf 89' lang='lat' dir='ltr'><strong>et</strong></span> <span class='ocrx_word' id='word_1_241' title='bbox 2341 1704 2609 1764; x_wconf 80' lang='lat' dir='ltr'><strong>invenies,</strong></span> <span class='ocrx_word' id='word_1_242' title='bbox 2667 1701 2775 1754; x_wconf 88' lang='lat' dir='ltr'><strong>Deo</strong></span> <span class='ocrx_word' id='word_1_243' title='bbox 2827 1696 3076 1767; x_wconf 71' lang='lat' dir='ltr'><strong>iuvante,</strong></span> <span class='ocrx_word' id='word_1_244' title='bbox 3124 1690 3266 1746; x_wconf 89' lang='lat' dir='ltr'><strong>unde</strong></span> <span class='ocrx_word' id='word_1_245' title='bbox 3318 1687 3456 1742; x_wconf 88' lang='lat' dir='ltr'><strong>bene</strong></span> <span class='ocrx_word' id='word_1_246' title='bbox 3512 1681 3845 1755; x_wconf 79' lang='lat' dir='ltr'><strong>persolvere</strong></span> 
     </span>
    </p>
   </div>
   <div class='ocr_carea' id='block_1_33' title="bbox 560 1773 3846 1870">
    <p class='ocr_par' dir='ltr' id='par_1_33' title="bbox 560 1773 3846 1870">
     <span class='ocr_line' id='line_1_33' title="bbox 560 1773 3846 1870; baseline -0.02 -2"><span class='ocrx_word' id='word_1_247' title='bbox 560 1814 693 1870; x_wconf 83' lang='lat' dir='ltr'><strong>mihi</strong></span> <span class='ocrx_word' id='word_1_248' title='bbox 747 1822 922 1866; x_wconf 82' lang='lat' dir='ltr'><strong>terras</strong></span> <span class='ocrx_word' id='word_1_249' title='bbox 967 1804 1223 1862; x_wconf 69' lang='lat' dir='ltr'><strong>Ecclesia:</strong></span> <span class='ocrx_word' id='word_1_250' title='bbox 1273 1773 1592 1863; x_wconf 66' lang='lat' dir='ltr'><strong>reddiderit,</strong></span> <span class='ocrx_word' id='word_1_251' title='bbox 1630 1802 1685 1851; x_wconf 90' lang='lat' dir='ltr'><strong>et</strong></span> <span class='ocrx_word' id='word_1_252' title='bbox 1753 1787 2017 1862; x_wconf 76' lang='lat' dir='ltr'><strong>Quidquid</strong></span> <span class='ocrx_word' id='word_1_253' title='bbox 2069 1785 2138 1840; x_wconf 86' lang='lat' dir='ltr'><strong>de</strong></span> <span class='ocrx_word' id='word_1_254' title='bbox 2171 1790 2213 1849; x_wconf 79' lang='grc' dir='ltr'><strong>Β</strong></span> <span class='ocrx_word' id='word_1_255' title='bbox 2243 1798 2448 1869; x_wconf 56' lang='lat' dir='ltr'><strong>poteris</strong></span> <span class='ocrx_word' id='word_1_256' title='bbox 2484 1791 2748 1866; x_wconf 67' lang='lat' dir='ltr'><strong>quidquid</strong></span> <span class='ocrx_word' id='word_1_257' title='bbox 2797 1797 2987 1844; x_wconf 57' lang='lat' dir='ltr'><strong>mutuo</strong></span> <span class='ocrx_word' id='word_1_258' title='bbox 3045 1779 3327 1852; x_wconf 54' lang='lat' dir='ltr'><strong>accepisti.</strong></span> <span class='ocrx_word' id='word_1_259' title='bbox 3374 1776 3599 1834; x_wconf 51' lang='lat' dir='ltr'><strong>Festina</strong></span> <span class='ocrx_word' id='word_1_260' title='bbox 3635 1773 3846 1844; x_wconf 50' lang='lat' dir='ltr'><strong>igitur,</strong></span> 
     </span>
    </p>
   </div>
   <div class='ocr_carea' id='block_1_34' title="bbox 561 1877 2142 1975">
    <p class='ocr_par' dir='ltr' id='par_1_34' title="bbox 561 1877 2142 1975">
     <span class='ocr_line' id='line_1_34' title="bbox 561 1877 2142 1975; baseline -0.02 -12"><span class='ocrx_word' id='word_1_261' title='bbox 561 1905 1054 1975; x_wconf 81' lang='lat' dir='ltr'><strong>arcliiepiscopatu,</strong></span> <span class='ocrx_word' id='word_1_262' title='bbox 1087 1903 1309 1968; x_wconf 87' lang='lat' dir='ltr'><strong>pr0pter</strong></span> <span class='ocrx_word' id='word_1_263' title='bbox 1349 1891 1475 1960; x_wconf 73' lang='lat' dir='ltr'><strong>hoc]</strong></span> <span class='ocrx_word' id='word_1_264' title='bbox 1497 1890 1624 1960; x_wconf 83' lang='lat' dir='ltr'><strong>quia</strong></span> <span class='ocrx_word' id='word_1_265' title='bbox 1663 1885 1845 1940; x_wconf 88' lang='lat' dir='ltr'><strong>sedem</strong></span> <span class='ocrx_word' id='word_1_266' title='bbox 1879 1877 2142 1952; x_wconf 81' lang='lat' dir='ltr'><strong>apostoli-</strong></span> 
     </span>
    </p>
   </div>
   <div class='ocr_carea' id='block_1_35' title="bbox 560 1972 2139 2066">
    <p class='ocr_par' dir='ltr' id='par_1_35' title="bbox 560 1972 2139 2066">
     <span class='ocr_line' id='line_1_35' title="bbox 560 1972 2139 2066; baseline -0.02 -12"><span class='ocrx_word' id='word_1_267' title='bbox 560 2013 677 2054; x_wconf 85' lang='lat' dir='ltr'><strong>cam</strong></span> <span class='ocrx_word' id='word_1_268' title='bbox 731 1995 884 2066; x_wconf 85' lang='lat' dir='ltr'><strong>petii,</strong></span> <span class='ocrx_word' id='word_1_269' title='bbox 940 1990 1186 2058; x_wconf 89' lang='lat' dir='ltr'><strong>accepit;</strong></span> <span class='ocrx_word' id='word_1_270' title='bbox 1247 1984 1333 2040; x_wconf 89' lang='lat' dir='ltr'><strong>vel</strong></span> <span class='ocrx_word' id='word_1_271' title='bbox 1375 1992 1547 2046; x_wconf 89' lang='lat' dir='ltr'><strong>certe,</strong></span> <span class='ocrx_word' id='word_1_272' title='bbox 1597 1977 1738 2050; x_wconf 81' lang='lat' dir='ltr'><strong>quod</strong></span> <span class='ocrx_word' id='word_1_273' title='bbox 1797 1990 1896 2046; x_wconf 87' lang='lat' dir='ltr'><strong>pro</strong></span> <span class='ocrx_word' id='word_1_274' title='bbox 1945 1972 2139 2026; x_wconf 87' lang='lat' dir='ltr'><strong>borum</strong></span> 
     </span>
    </p>
   </div>
   <div class='ocr_carea' id='block_1_36' title="bbox 560 2061 2142 2160">
    <p class='ocr_par' dir='ltr' id='par_1_36' title="bbox 560 2061 2142 2160">
     <span class='ocr_line' id='line_1_36' title="bbox 560 2061 2142 2160; baseline -0.02 -16"><span class='ocrx_word' id='word_1_275' title='bbox 560 2091 720 2160; x_wconf 81' lang='lat' dir='ltr'><strong>digna</strong></span> <span class='ocrx_word' id='word_1_276' title='bbox 744 2067 1253 2154; x_wconf 82' lang='lat' dir='ltr'><strong>recompensatione</strong></span> <span class='ocrx_word' id='word_1_277' title='bbox 1281 2072 1539 2130; x_wconf 79' lang='lat' dir='ltr'><strong>Ecclesiae</strong></span> <span class='ocrx_word' id='word_1_278' title='bbox 1567 2067 1760 2140; x_wconf 89' lang='lat' dir='ltr'><strong>prosit.</strong></span> <span class='ocrx_word' id='word_1_279' title='bbox 1799 2064 1971 2118; x_wconf 82' lang='lat' dir='ltr'><strong>Aliter</strong></span> <span class='ocrx_word' id='word_1_280' title='bbox 1994 2061 2142 2116; x_wconf 87' lang='lat' dir='ltr'><strong>enim</strong></span> 
     </span>
    </p>
   </div>
   <div class='ocr_carea' id='block_1_37' title="bbox 559 2161 2146 2240">
    <p class='ocr_par' dir='ltr' id='par_1_37' title="bbox 559 2161 2146 2240">
     <span class='ocr_line' id='line_1_37' title="bbox 559 2161 2146 2240; baseline -0.023 0"><span class='ocrx_word' id='word_1_281' title='bbox 559 2182 906 2240; x_wconf 85' lang='lat' dir='ltr'><strong>ostenderem</strong></span> <span class='ocrx_word' id='word_1_282' title='bbox 936 2190 1022 2231; x_wconf 92' lang='lat' dir='ltr'><strong>me</strong></span> <span class='ocrx_word' id='word_1_283' title='bbox 1051 2172 1328 2229; x_wconf 79' lang='lat' dir='ltr'><strong>hominem</strong></span> <span class='ocrx_word' id='word_1_284' title='bbox 1359 2167 1471 2221; x_wconf 89' lang='lat' dir='ltr'><strong>Deo</strong></span> <span class='ocrx_word' id='word_1_285' title='bbox 1503 2164 1700 2219; x_wconf 87' lang='lat' dir='ltr'><strong>debere</strong></span> <span class='ocrx_word' id='word_1_286' title='bbox 1728 2167 2065 2229; x_wconf 73' lang='lat' dir='ltr'><strong>praeponere,</strong></span> <span class='ocrx_word' id='word_1_287' title='bbox 2090 2161 2146 2205; x_wconf 87' lang='lat' dir='ltr'><strong>et</strong></span> 
     </span>
    </p>
   </div>
   <div class='ocr_carea' id='block_1_38' title="bbox 562 2241 2144 2346">
    <p class='ocr_par' dir='ltr' id='par_1_38' title="bbox 562 2241 2144 2346">
     <span class='ocr_line' id='line_1_38' title="bbox 562 2241 2144 2346; baseline -0.022 -16"><span class='ocrx_word' id='word_1_288' title='bbox 562 2262 705 2346; x_wconf 72' lang='lat' dir='ltr'><strong>iuste</strong></span> <span class='ocrx_word' id='word_1_289' title='bbox 741 2269 1028 2341; x_wconf 88' lang='lat' dir='ltr'><strong>spoliatum</strong></span> <span class='ocrx_word' id='word_1_290' title='bbox 1059 2278 1181 2318; x_wconf 90' lang='lat' dir='ltr'><strong>esse</strong></span> <span class='ocrx_word' id='word_1_291' title='bbox 1209 2260 1335 2331; x_wconf 91' lang='lat' dir='ltr'><strong>quia</strong></span> <span class='ocrx_word' id='word_1_292' title='bbox 1384 2256 1567 2312; x_wconf 88' lang='lat' dir='ltr'><strong>sedem</strong></span> <span class='ocrx_word' id='word_1_293' title='bbox 1605 2241 2144 2322; x_wconf 47' lang='lat' dir='ltr'><strong>&#39;apostolicam‘volui</strong></span> 
     </span>
    </p>
   </div>
   <div class='ocr_carea' id='block_1_39' title="bbox 551 2336 2145 2439">
    <p class='ocr_par' dir='ltr' id='par_1_39' title="bbox 551 2336 2145 2439">
     <span class='ocr_line' id='line_1_39' title="bbox 551 2336 2145 2439; baseline -0.021 -18"><span class='ocrx_word' id='word_1_294' title='bbox 551 2367 866 2439; x_wconf 62' lang='lat' dir='ltr'><strong>.TLQUII‘CI‘C.</strong></span> <span class='ocrx_word' id='word_1_295' title='bbox 918 2358 988 2398; x_wconf 64' lang='lat' dir='ltr'><strong>&#39;W</strong></span> <span class='ocrx_word' id='word_1_296' title='bbox 1053 2357 1207 2424; x_wconf 86' lang='lat' dir='ltr'><strong>Quod</strong></span> <span class='ocrx_word' id='word_1_297' title='bbox 1262 2351 1397 2409; x_wconf 88' lang='lat' dir='ltr'><strong>satis</strong></span> <span class='ocrx_word' id='word_1_298' title='bbox 1468 2355 1622 2419; x_wconf 87' lang='lat' dir='ltr'><strong>patet</strong></span> <span class='ocrx_word' id='word_1_299' title='bbox 1693 2356 1857 2414; x_wconf 86' lang='lat' dir='ltr'><strong>quam</strong></span> <span class='ocrx_word' id='word_1_300' title='bbox 1922 2336 2145 2392; x_wconf 76' lang='lat' dir='ltr'><strong>noxium</strong></span> 
     </span>
    </p>
   </div>
   <div class='ocr_carea' id='block_1_40' title="bbox 566 2427 2148 2525">
    <p class='ocr_par' dir='ltr' id='par_1_40' title="bbox 566 2427 2148 2525">
     <span class='ocr_line' id='line_1_40' title="bbox 566 2427 2148 2525; baseline -0.023 -11"><span class='ocrx_word' id='word_1_301' title='bbox 566 2427 874 2525; x_wconf 72' lang='lat' dir='ltr'><strong>exemplum</strong></span> <span class='ocrx_word' id='word_1_302' title='bbox 925 2451 996 2506; x_wconf 90' lang='lat' dir='ltr'><strong>sit</strong></span> <span class='ocrx_word' id='word_1_303' title='bbox 1038 2445 1302 2519; x_wconf 89' lang='lat' dir='ltr'><strong>posteris,</strong></span> <span class='ocrx_word' id='word_1_304' title='bbox 1357 2448 1413 2496; x_wconf 88' lang='lat' dir='ltr'><strong>et</strong></span> <span class='ocrx_word' id='word_1_305' title='bbox 1469 2432 1827 2493; x_wconf 73' lang='lat' dir='ltr'><strong>exsecrabile.</strong></span> <span class='ocrx_word' id='word_1_306' title='bbox 1881 2427 2148 2496; x_wconf 61' lang='lat' dir='ltr'><strong>Quaerunt</strong></span> 
     </span>
    </p>
   </div>
   <div class='ocr_carea' id='block_1_41' title="bbox 567 2517 2146 2619">
    <p class='ocr_par' dir='ltr' id='par_1_41' title="bbox 567 2517 2146 2619">
     <span class='ocr_line' id='line_1_41' title="bbox 567 2517 2146 2619; baseline -0.023 -15"><span class='ocrx_word' id='word_1_307' title='bbox 567 2541 788 2619; x_wconf 79' lang='lat' dir='ltr'><strong>quidam</strong></span> <span class='ocrx_word' id='word_1_308' title='bbox 845 2517 1443 2604; x_wconf 32' lang='lat' dir='ltr'><strong>minus&#39;itttelligenles</strong></span> <span class='ocrx_word' id='word_1_309' title='bbox 1493 2542 1593 2582; x_wconf 87' lang='lat' dir='ltr'><strong>cur</strong></span> <span class='ocrx_word' id='word_1_310' title='bbox 1642 2537 1744 2594; x_wconf 89' lang='lat' dir='ltr'><strong>ego</strong></span> <span class='ocrx_word' id='word_1_311' title='bbox 1795 2533 1979 2589; x_wconf 81' lang='lat' dir='ltr'><strong>regem</strong></span> <span class='ocrx_word' id='word_1_312' title='bbox 2038 2517 2146 2569; x_wconf 80' lang='lat' dir='ltr'><strong>neu</strong></span> 
     </span>
    </p>
   </div>
   <div class='ocr_carea' id='block_1_42' title="bbox 570 2605 2149 2696">
    <p class='ocr_par' dir='ltr' id='par_1_42' title="bbox 570 2605 2149 2696">
     <span class='ocr_line' id='line_1_42' title="bbox 570 2605 2149 2696; baseline -0.025 -1"><span class='ocrx_word' id='word_1_313' title='bbox 570 2632 1023 2696; x_wconf 71' lang='lat' dir='ltr'><strong>excommunico;</strong></span> <span class='ocrx_word' id='word_1_314' title='bbox 1068 2625 1162 2683; x_wconf 91' lang='lat' dir='ltr'><strong>sed</strong></span> <span class='ocrx_word' id='word_1_315' title='bbox 1207 2620 1590 2694; x_wconf 88' lang='lat' dir='ltr'><strong>sapientiores,</strong></span> <span class='ocrx_word' id='word_1_316' title='bbox 1619 2623 1675 2670; x_wconf 88' lang='lat' dir='ltr'><strong>et</strong></span> <span class='ocrx_word' id='word_1_317' title='bbox 1707 2618 1914 2666; x_wconf 87' lang='lat' dir='ltr'><strong>rectum</strong></span> <span class='ocrx_word' id='word_1_318' title='bbox 1945 2605 2149 2662; x_wconf 82' lang='lat' dir='ltr'><strong>baben-</strong></span> 
     </span>
    </p>
   </div>
   <div class='ocr_carea' id='block_1_43' title="bbox 573 2697 2148 2787">
    <p class='ocr_par' dir='ltr' id='par_1_43' title="bbox 573 2697 2148 2787">
     <span class='ocr_line' id='line_1_43' title="bbox 573 2697 2148 2787; baseline -0.024 -2"><span class='ocrx_word' id='word_1_319' title='bbox 573 2733 654 2785; x_wconf 82' lang='lat' dir='ltr'><strong>tes</strong></span> <span class='ocrx_word' id='word_1_320' title='bbox 700 2724 1012 2787; x_wconf 85' lang='lat' dir='ltr'><strong>consilium,</strong></span> <span class='ocrx_word' id='word_1_321' title='bbox 1055 2715 1347 2774; x_wconf 89' lang='lat' dir='ltr'><strong>consulunt</strong></span> <span class='ocrx_word' id='word_1_322' title='bbox 1391 2726 1457 2764; x_wconf 90' lang='lat' dir='ltr'><strong>ne</strong></span> <span class='ocrx_word' id='word_1_323' title='bbox 1519 2708 1569 2762; x_wconf 88' lang='lat' dir='ltr'><strong>id</strong></span> <span class='ocrx_word' id='word_1_324' title='bbox 1603 2704 1822 2767; x_wconf 80' lang='lat' dir='ltr'><strong>faciam,</strong></span> <span class='ocrx_word' id='word_1_325' title='bbox 1871 2697 1996 2768; x_wconf 87' lang='lat' dir='ltr'><strong>quia</strong></span> <span class='ocrx_word' id='word_1_326' title='bbox 2041 2709 2148 2749; x_wconf 87' lang='lat' dir='ltr'><strong>non</strong></span> 
     </span>
    </p>
   </div>
   <div class='ocr_carea' id='block_1_44' title="bbox 572 2783 2151 2893">
    <p class='ocr_par' dir='ltr' id='par_1_44' title="bbox 572 2783 2151 2893">
     <span class='ocr_line' id='line_1_44' title="bbox 572 2783 2151 2893; baseline -0.025 -18"><span class='ocrx_word' id='word_1_327' title='bbox 572 2818 808 2893; x_wconf 89' lang='lat' dir='ltr'><strong>pertinet</strong></span> <span class='ocrx_word' id='word_1_328' title='bbox 843 2813 908 2867; x_wconf 88' lang='lat' dir='ltr'><strong>ad</strong></span> <span class='ocrx_word' id='word_1_329' title='bbox 942 2824 1026 2866; x_wconf 90' lang='lat' dir='ltr'><strong>me</strong></span> <span class='ocrx_word' id='word_1_330' title='bbox 1069 2815 1380 2875; x_wconf 88' lang='lat' dir='ltr'><strong>utrumque,</strong></span> <span class='ocrx_word' id='word_1_331' title='bbox 1418 2805 1472 2853; x_wconf 90' lang='lat' dir='ltr'><strong>et</strong></span> <span class='ocrx_word' id='word_1_332' title='bbox 1512 2790 1908 2866; x_wconf 90' lang='lat' dir='ltr'><strong>querimoniam</strong></span> <span class='ocrx_word' id='word_1_333' title='bbox 1943 2783 2151 2841; x_wconf 89' lang='lat' dir='ltr'><strong>scilicet</strong></span> 
     </span>
    </p>
   </div>
   <div class='ocr_carea' id='block_1_45' title="bbox 569 2873 2150 2966">
    <p class='ocr_par' dir='ltr' id='par_1_45' title="bbox 569 2873 2150 2966">
     <span class='ocr_line' id='line_1_45' title="bbox 573 2873 1284 2893; baseline -0.025 0"><span class='ocrx_word' id='word_1_334' title='bbox 573 2873 593 2893; x_wconf 83' lang='lat' dir='ltr'><strong>r</strong></span> <span class='ocrx_word' id='word_1_335' title='bbox 625 2873 628 2874; x_wconf 51' lang='grc' dir='ltr'><em>ν</em></span> <span class='ocrx_word' id='word_1_336' title='bbox 1277 2873 1284 2875; x_wconf 34' lang='grc' dir='ltr'><strong>τ</strong></span> 
     </span>
     <span class='ocr_line' id='line_1_46' title="bbox 569 2873 2150 2966; baseline -0.025 1"><span class='ocrx_word' id='word_1_337' title='bbox 569 2922 623 2966; x_wconf 91' lang='lat' dir='ltr'><strong>ct</strong></span> <span class='ocrx_word' id='word_1_338' title='bbox 650 2907 945 2964; x_wconf 88' lang='lat' dir='ltr'><strong>vindictam</strong></span> <span class='ocrx_word' id='word_1_339' title='bbox 991 2903 1192 2956; x_wconf 88' lang='lat' dir='ltr'><strong>lacere.</strong></span> <span class='ocrx_word' id='word_1_340' title='bbox 1222 2889 1471 2965; x_wconf 83' lang='lat' dir='ltr'><strong>Denique</strong></span> <span class='ocrx_word' id='word_1_341' title='bbox 1498 2889 1566 2943; x_wconf 90' lang='lat' dir='ltr'><strong>ab</strong></span> <span class='ocrx_word' id='word_1_342' title='bbox 1607 2885 1797 2939; x_wconf 90' lang='lat' dir='ltr'><strong>amicis</strong></span> <span class='ocrx_word' id='word_1_343' title='bbox 1830 2878 2032 2936; x_wconf 89' lang='lat' dir='ltr'><strong>nostris</strong></span> <span class='ocrx_word' id='word_1_344' title='bbox 2057 2873 2150 2945; x_wconf 89' lang='lat' dir='ltr'><strong>qui</strong></span> 
     </span>
    </p>
   </div>
   <div class='ocr_carea' id='block_1_46' title="bbox 573 2967 2152 3066">
    <p class='ocr_par' dir='ltr' id='par_1_46' title="bbox 573 2967 2152 3066">
     <span class='ocr_line' id='line_1_47' title="bbox 573 2967 2152 3066; baseline -0.027 -4"><span class='ocrx_word' id='word_1_345' title='bbox 573 3007 676 3064; x_wconf 89' lang='lat' dir='ltr'><strong>sub</strong></span> <span class='ocrx_word' id='word_1_346' title='bbox 737 3001 928 3058; x_wconf 83' lang='lat' dir='ltr'><strong>eodem</strong></span> <span class='ocrx_word' id='word_1_347' title='bbox 990 3009 1116 3066; x_wconf 81' lang='lat' dir='ltr'><strong>rege</strong></span> <span class='ocrx_word' id='word_1_348' title='bbox 1169 2996 1313 3052; x_wconf 87' lang='lat' dir='ltr'><strong>sunt,</strong></span> <span class='ocrx_word' id='word_1_349' title='bbox 1348 2984 1664 3041; x_wconf 86' lang='lat' dir='ltr'><strong>mandatum</strong></span> <span class='ocrx_word' id='word_1_350' title='bbox 1706 2975 1839 3033; x_wconf 85' lang='lat' dir='ltr'><strong>mihi</strong></span> <span class='ocrx_word' id='word_1_351' title='bbox 1888 2979 1973 3027; x_wconf 87' lang='lat' dir='ltr'><strong>est</strong></span> <span class='ocrx_word' id='word_1_352' title='bbox 2025 2967 2152 3037; x_wconf 86' lang='lat' dir='ltr'><strong>quia</strong></span> 
     </span>
    </p>
   </div>
   <div class='ocr_carea' id='block_1_47' title="bbox 572 3066 2153 3151">
    <p class='ocr_par' dir='ltr' id='par_1_47' title="bbox 572 3066 2153 3151">
     <span class='ocr_line' id='line_1_48' title="bbox 572 3066 2153 3151; baseline -0.027 0"><span class='ocrx_word' id='word_1_353' title='bbox 572 3110 695 3151; x_wconf 89' lang='lat' dir='ltr'><strong>mea</strong></span> <span class='ocrx_word' id='word_1_354' title='bbox 728 3082 1242 3147; x_wconf 78' lang='lat' dir='ltr'><strong>excommunicatio,</strong></span> <span class='ocrx_word' id='word_1_355' title='bbox 1272 3077 1320 3133; x_wconf 89' lang='lat' dir='ltr'><strong>si</strong></span> <span class='ocrx_word' id='word_1_356' title='bbox 1352 3074 1526 3136; x_wconf 83' lang='lat' dir='ltr'><strong>ﬁeret,</strong></span> <span class='ocrx_word' id='word_1_357' title='bbox 1566 3071 1634 3124; x_wconf 90' lang='lat' dir='ltr'><strong>ab</strong></span> <span class='ocrx_word' id='word_1_358' title='bbox 1664 3066 1755 3122; x_wconf 90' lang='lat' dir='ltr'><strong>illo</strong></span> <span class='ocrx_word' id='word_1_359' title='bbox 1779 3069 2153 3118; x_wconf 82' lang='lat' dir='ltr'><strong>contemnere-</strong></span> 
     </span>
    </p>
   </div>
   <div class='ocr_carea' id='block_1_48' title="bbox 575 3130 2228 3241">
    <p class='ocr_par' dir='ltr' id='par_1_48' title="bbox 575 3130 2228 3241">
     <span class='ocr_line' id='line_1_49' title="bbox 575 3130 1525 3151; baseline -0.028 0"><span class='ocrx_word' id='word_1_360' title='bbox 575 3130 695 3151; x_wconf 68' lang='grc' dir='ltr'><strong>...ω-</strong></span> <span class='ocrx_word' id='word_1_361' title='bbox 728 3130 1242 3147; x_wconf 55' lang='lat' dir='ltr'><strong>ww...........-_--_,</strong></span> <span class='ocrx_word' id='word_1_362' title='bbox 1275 3130 1294 3133; x_wconf 45' lang='grc' dir='ltr'><strong>τ</strong></span> <span class='ocrx_word' id='word_1_363' title='bbox 1515 3130 1525 3136; x_wconf 86' lang='lat'>_</span> 
     </span>
     <span class='ocr_line' id='line_1_50' title="bbox 575 3130 2228 3241; baseline -0.027 0"><span class='ocrx_word' id='word_1_364' title='bbox 575 3185 751 3241; x_wconf 73' lang='lat' dir='ltr'><strong>tur’“</strong></span> <span class='ocrx_word' id='word_1_365' title='bbox 789 3181 924 3236; x_wconf 89' lang='lat' dir='ltr'><strong>etin</strong></span> <span class='ocrx_word' id='word_1_366' title='bbox 974 3174 1211 3230; x_wconf 88' lang='lat' dir='ltr'><strong>derisum</strong></span> <span class='ocrx_word' id='word_1_367' title='bbox 1251 3169 1680 3224; x_wconf 86' lang='lat' dir='ltr'><strong>converteretur.</strong></span> <span class='ocrx_word' id='word_1_368' title='bbox 1707 3155 1789 3213; x_wconf 86' lang='lat' dir='ltr'><strong>Ad</strong></span> <span class='ocrx_word' id='word_1_369' title='bbox 1816 3153 1932 3208; x_wconf 70' lang='lat' dir='ltr'><strong>haec</strong></span> <span class='ocrx_word' id='word_1_370' title='bbox 1973 3146 2155 3205; x_wconf 89' lang='lat' dir='ltr'><strong>omnia</strong></span> <span class='ocrx_word' id='word_1_371' title='bbox 2183 3130 2228 3191; x_wconf 87' lang='lat' dir='ltr'>C</span> 
     </span>
    </p>
   </div>
   <div class='ocr_carea' id='block_1_49' title="bbox 577 3250 2158 3333">
    <p class='ocr_par' dir='ltr' id='par_1_49' title="bbox 577 3250 2158 3333">
     <span class='ocr_line' id='line_1_51' title="bbox 577 3250 2158 3333; baseline -0.025 -2"><span class='ocrx_word' id='word_1_372' title='bbox 577 3272 878 3333; x_wconf 86' lang='lat' dir='ltr'><strong>auctoritas</strong></span> <span class='ocrx_word' id='word_1_373' title='bbox 903 3273 1099 3321; x_wconf 84' lang='lat' dir='ltr'><strong>vestrae</strong></span> <span class='ocrx_word' id='word_1_374' title='bbox 1125 3256 1426 3331; x_wconf 81' lang='lat' dir='ltr'><strong>prudentiae</strong></span> <span class='ocrx_word' id='word_1_375' title='bbox 1443 3255 1511 3286; x_wconf 67' lang='grc' dir='ltr'><strong>’δ’</strong></span> <span class='ocrx_word' id='word_1_376' title='bbox 1541 3258 1728 3306; x_wconf 90' lang='lat' dir='ltr'><strong>nostro</strong></span> <span class='ocrx_word' id='word_1_377' title='bbox 1750 3261 1858 3303; x_wconf 89' lang='lat' dir='ltr'><strong>non</strong></span> <span class='ocrx_word' id='word_1_378' title='bbox 1881 3250 2004 3312; x_wconf 83' lang='lat' dir='ltr'><strong>eget</strong></span> <span class='ocrx_word' id='word_1_379' title='bbox 2029 3254 2158 3294; x_wconf 89' lang='lat' dir='ltr'><strong>eon-</strong></span> 
     </span>
    </p>
   </div>
   <div class='ocr_carea' id='block_1_50' title="bbox 575 3334 2159 3423">
    <p class='ocr_par' dir='ltr' id='par_1_50' title="bbox 575 3334 2159 3423">
     <span class='ocr_line' id='line_1_52' title="bbox 575 3334 2159 3423; baseline -0.027 0"><span class='ocrx_word' id='word_1_380' title='bbox 575 3365 718 3423; x_wconf 91' lang='lat' dir='ltr'><strong>silio.</strong></span> <span class='ocrx_word' id='word_1_381' title='bbox 771 3360 1007 3418; x_wconf 88' lang='lat' dir='ltr'><strong>Oramus</strong></span> <span class='ocrx_word' id='word_1_382' title='bbox 1072 3363 1131 3408; x_wconf 90' lang='lat' dir='ltr'><strong>ut</strong></span> <span class='ocrx_word' id='word_1_383' title='bbox 1181 3352 1320 3406; x_wconf 90' lang='lat' dir='ltr'><strong>Deus</strong></span> <span class='ocrx_word' id='word_1_384' title='bbox 1374 3343 1715 3413; x_wconf 87' lang='lat' dir='ltr'><strong>omnipotens</strong></span> <span class='ocrx_word' id='word_1_385' title='bbox 1759 3334 1927 3390; x_wconf 83' lang='lat' dir='ltr'><strong>faciat</strong></span> <span class='ocrx_word' id='word_1_386' title='bbox 1970 3343 2159 3386; x_wconf 89' lang='lat' dir='ltr'><strong>omnes</strong></span> 
     </span>
    </p>
   </div>
   <div class='ocr_carea' id='block_1_51' title="bbox 577 3421 2160 3516">
    <p class='ocr_par' dir='ltr' id='par_1_51' title="bbox 577 3421 2160 3516">
     <span class='ocr_line' id='line_1_53' title="bbox 577 3421 2160 3516; baseline -0.026 -4"><span class='ocrx_word' id='word_1_387' title='bbox 577 3466 731 3514; x_wconf 88' lang='lat' dir='ltr'><strong>actus</strong></span> <span class='ocrx_word' id='word_1_388' title='bbox 755 3461 969 3510; x_wconf 85' lang='lat' dir='ltr'><strong>vestros</strong></span> <span class='ocrx_word' id='word_1_389' title='bbox 991 3447 1092 3504; x_wconf 87' lang='lat' dir='ltr'><strong>sibi</strong></span> <span class='ocrx_word' id='word_1_390' title='bbox 1118 3443 1354 3516; x_wconf 82' lang='lat' dir='ltr'><strong>placere,</strong></span> <span class='ocrx_word' id='word_1_391' title='bbox 1389 3427 1456 3492; x_wconf 83' lang='lat' dir='ltr'><strong>et</strong></span> <span class='ocrx_word' id='word_1_392' title='bbox 1475 3430 1774 3489; x_wconf 85' lang='lat' dir='ltr'><strong>Eeclesiam</strong></span> <span class='ocrx_word' id='word_1_393' title='bbox 1801 3425 1872 3463; x_wconf 71' lang='grc'><strong>⁸⁸³</strong></span> <span class='ocrx_word' id='word_1_394' title='bbox 1903 3436 2057 3479; x_wconf 90' lang='lat' dir='ltr'><strong>suam</strong></span> <span class='ocrx_word' id='word_1_395' title='bbox 2095 3421 2160 3474; x_wconf 90' lang='lat' dir='ltr'><strong>de</strong></span> 
     </span>
    </p>
   </div>
   <div class='ocr_carea' id='block_1_52' title="bbox 579 3516 2082 3616">
    <p class='ocr_par' dir='ltr' id='par_1_52' title="bbox 579 3516 2082 3616">
     <span class='ocr_line' id='line_1_54' title="bbox 579 3516 2082 3616; baseline -0.028 -8"><span class='ocrx_word' id='word_1_396' title='bbox 579 3549 748 3607; x_wconf 81' lang='lat' dir='ltr'><strong>vestri</strong></span> <span class='ocrx_word' id='word_1_397' title='bbox 781 3541 1062 3616; x_wconf 80' lang='lat' dir='ltr'><strong>regiminis</strong></span> <span class='ocrx_word' id='word_1_398' title='bbox 1087 3532 1448 3608; x_wconf 88' lang='lat' dir='ltr'><strong>prosperitate</strong></span> <span class='ocrx_word' id='word_1_399' title='bbox 1475 3527 1563 3582; x_wconf 90' lang='lat' dir='ltr'><strong>diu</strong></span> <span class='ocrx_word' id='word_1_400' title='bbox 1595 3521 1850 3595; x_wconf 86' lang='lat' dir='ltr'><strong>gaudere.</strong></span> <span class='ocrx_word' id='word_1_401' title='bbox 1885 3516 2082 3570; x_wconf 85' lang='lat' dir='ltr'><strong>Amen.</strong></span> 
     </span>
    </p>
   </div>
   <div class='ocr_carea' id='block_1_53' title="bbox 1069 3615 1673 3684">
    <p class='ocr_par' dir='ltr' id='par_1_53' title="bbox 1069 3615 1673 3684">
     <span class='ocr_line' id='line_1_55' title="bbox 1069 3615 1673 3684; baseline -0.026 0"><span class='ocrx_word' id='word_1_402' title='bbox 1069 3623 1405 3684; x_wconf 83' lang='lat' dir='ltr'><strong>EPISTOLA</strong></span> <span class='ocrx_word' id='word_1_403' title='bbox 1444 3615 1557 3676; x_wconf 80' lang='lat' dir='ltr'><strong>XLI</strong></span> <span class='ocrx_word' id='word_1_404' title='bbox 1582 3615 1673 3669; x_wconf 64' lang='grc'>³⁸⁸.</span> 
     </span>
    </p>
   </div>
   <div class='ocr_carea' id='block_1_54' title="bbox 779 3716 1964 3782">
    <p class='ocr_par' dir='ltr' id='par_1_54' title="bbox 779 3716 1964 3782">
     <span class='ocr_line' id='line_1_56' title="bbox 779 3716 1964 3782; baseline -0.023 0"><span class='ocrx_word' id='word_1_405' title='bbox 779 3739 992 3782; x_wconf 71' lang='lat' dir='ltr'><strong>BENNCI</strong></span> <span class='ocrx_word' id='word_1_406' title='bbox 1032 3735 1185 3776; x_wconf 72' lang='lat' dir='ltr'><strong>REGIS</strong></span> <span class='ocrx_word' id='word_1_407' title='bbox 1225 3726 1511 3772; x_wconf 68' lang='lat' dir='ltr'><strong>ANGLORUH</strong></span> <span class='ocrx_word' id='word_1_408' title='bbox 1551 3725 1620 3763; x_wconf 74' lang='lat' dir='ltr'><strong>AD</strong></span> <span class='ocrx_word' id='word_1_409' title='bbox 1658 3716 1964 3762; x_wconf 60' lang='lat' dir='ltr'><strong>ANSELMUDI.</strong></span> 
     </span>
    </p>
   </div>
   <div class='ocr_carea' id='block_1_55' title="bbox 584 3793 2167 3882">
    <p class='ocr_par' dir='ltr' id='par_1_55' title="bbox 584 3793 2167 3882">
     <span class='ocr_line' id='line_1_57' title="bbox 584 3793 2167 3882; baseline -0.023 -5"><span class='ocrx_word' id='word_1_410' title='bbox 584 3822 818 3878; x_wconf 67' lang='lat' dir='ltr'><strong>Excusat</strong></span> <span class='ocrx_word' id='word_1_411' title='bbox 843 3833 895 3871; x_wconf 85' lang='lat' dir='ltr'><strong>se</strong></span> <span class='ocrx_word' id='word_1_412' title='bbox 918 3817 1293 3882; x_wconf 63' lang='lat' dir='ltr'><strong>inauguratur):</strong></span> <span class='ocrx_word' id='word_1_413' title='bbox 1323 3808 1384 3882; x_wconf 67' lang='lat' dir='ltr'><strong>ab</strong></span> <span class='ocrx_word' id='word_1_414' title='bbox 1411 3803 1530 3882; x_wconf 65' lang='lat' dir='ltr'><strong>aliis</strong></span> <span class='ocrx_word' id='word_1_415' title='bbox 1552 3796 1804 3870; x_wconf 83' lang='lat' dir='ltr'><strong>episcopis</strong></span> <span class='ocrx_word' id='word_1_416' title='bbox 1834 3793 1895 3846; x_wconf 88' lang='lat' dir='ltr'><strong>ob</strong></span> <span class='ocrx_word' id='word_1_417' title='bbox 1918 3793 2167 3882; x_wconf 59' lang='lat' dir='ltr'><strong>ingruen-</strong></span> 
     </span>
    </p>
   </div>
   <div class='ocr_carea' id='block_1_56' title="bbox 585 3860 2128 3952">
    <p class='ocr_par' dir='ltr' id='par_1_56' title="bbox 585 3860 2128 3952">
     <span class='ocr_line' id='line_1_58' title="bbox 585 3860 2128 3952; baseline -0.024 -4"><span class='ocrx_word' id='word_1_418' title='bbox 585 3860 894 3952; x_wconf 58' lang='lat' dir='ltr'><strong>3&#39;02ij</strong></span> <span class='ocrx_word' id='word_1_419' title='bbox 909 3896 960 3938; x_wconf 89' lang='lat' dir='ltr'><strong>ut</strong></span> <span class='ocrx_word' id='word_1_420' title='bbox 977 3860 1286 3951; x_wconf 45' lang='lat' dir='ltr'><strong>triﬁdas:</strong></span> <span class='ocrx_word' id='word_1_421' title='bbox 1300 3876 1544 3929; x_wconf 77' lang='lat' dir='ltr'><strong>citissime</strong></span> <span class='ocrx_word' id='word_1_422' title='bbox 1555 3860 2128 3930; x_wconf 58' lang='lat' dir='ltr'><strong>révertetursupplicat.</strong></span> 
     </span>
    </p>
   </div>
   <div class='ocr_carea' id='block_1_57' title="bbox 611 3949 2168 4042">
    <p class='ocr_par' dir='ltr' id='par_1_57' title="bbox 611 3949 2168 4042">
     <span class='ocr_line' id='line_1_59' title="bbox 611 3949 2168 4042; baseline -0.026 -3"><span class='ocrx_word' id='word_1_423' title='bbox 611 3993 614 3996; x_wconf 82' lang='grc'><strong>’</strong></span> <span class='ocrx_word' id='word_1_424' title='bbox 658 3973 1112 4042; x_wconf 67' lang='lat' dir='ltr'><strong>linsmcus,‘Dei</strong></span> <span class='ocrx_word' id='word_1_425' title='bbox 1168 3969 1341 4040; x_wconf 87' lang='lat' dir='ltr'><strong>gratia</strong></span> <span class='ocrx_word' id='word_1_426' title='bbox 1392 3980 1488 4020; x_wconf 84' lang='lat' dir='ltr'><strong>rex</strong></span> <span class='ocrx_word' id='word_1_427' title='bbox 1537 3959 1873 4032; x_wconf 89' lang='lat' dir='ltr'><strong>Anglorum,</strong></span> <span class='ocrx_word' id='word_1_428' title='bbox 1925 3949 2168 4022; x_wconf 71' lang='lat' dir='ltr'><strong>piissimo</strong></span> 
     </span>
    </p>
   </div>
   <div class='ocr_carea' id='block_1_58' title="bbox 584 4039 2166 4139">
    <p class='ocr_par' dir='ltr' id='par_1_58' title="bbox 584 4039 2166 4139">
     <span class='ocr_line' id='line_1_60' title="bbox 584 4039 2166 4139; baseline -0.027 -8"><span class='ocrx_word' id='word_1_429' title='bbox 584 4074 732 4130; x_wconf 86' lang='lat' dir='ltr'><strong>Patri</strong></span> <span class='ocrx_word' id='word_1_430' title='bbox 764 4087 863 4127; x_wconf 90' lang='lat' dir='ltr'><strong>suo</strong></span> <span class='ocrx_word' id='word_1_431' title='bbox 885 4063 1150 4139; x_wconf 87' lang='lat' dir='ltr'><strong>spirituali</strong></span> <span class='ocrx_word' id='word_1_432' title='bbox 1175 4039 1451 4120; x_wconf 64' lang='lat' dir='ltr'><strong>Assumo,</strong></span> <span class='ocrx_word' id='word_1_433' title='bbox 1477 4043 1859 4108; x_wconf 87' lang='lat' dir='ltr'><strong>Cantuariensi</strong></span> <span class='ocrx_word' id='word_1_434' title='bbox 1889 4039 2166 4111; x_wconf 81' lang='lat' dir='ltr'><strong>episcopo,</strong></span> 
     </span>
    </p>
   </div>
   <div class='ocr_carea' id='block_1_59' title="bbox 593 4142 1836 4226">
    <p class='ocr_par' dir='ltr' id='par_1_59' title="bbox 593 4142 1836 4226">
     <span class='ocr_line' id='line_1_61' title="bbox 593 4142 1836 4226; baseline -0.027 -2"><span class='ocrx_word' id='word_1_435' title='bbox 593 4169 824 4226; x_wconf 84' lang='lat' dir='ltr'><strong>salutem</strong></span> <span class='ocrx_word' id='word_1_436' title='bbox 853 4171 908 4218; x_wconf 92' lang='lat' dir='ltr'><strong>et</strong></span> <span class='ocrx_word' id='word_1_437' title='bbox 936 4158 1115 4213; x_wconf 88' lang='lat' dir='ltr'><strong>omnis</strong></span> <span class='ocrx_word' id='word_1_438' title='bbox 1138 4150 1396 4208; x_wconf 81' lang='lat' dir='ltr'><strong>amicitiae</strong></span> <span class='ocrx_word' id='word_1_439' title='bbox 1417 4142 1836 4204; x_wconf 85' lang='lat' dir='ltr'><strong>exbibitionem.</strong></span> 
     </span>
    </p>
   </div>
   <div class='ocr_carea' id='block_1_60' title="bbox 665 4232 2168 4317">
    <p class='ocr_par' dir='ltr' id='par_1_60' title="bbox 665 4232 2168 4317">
     <span class='ocr_line' id='line_1_62' title="bbox 665 4232 2168 4317; baseline -0.026 -5"><span class='ocrx_word' id='word_1_440' title='bbox 665 4258 836 4317; x_wconf 85' lang='lat' dir='ltr'><strong>Scias,</strong></span> <span class='ocrx_word' id='word_1_441' title='bbox 881 4251 1044 4306; x_wconf 86' lang='lat' dir='ltr'><strong>Pater</strong></span> <span class='ocrx_word' id='word_1_442' title='bbox 1091 4241 1438 4302; x_wconf 87' lang='lat' dir='ltr'><strong>charissime,</strong></span> <span class='ocrx_word' id='word_1_443' title='bbox 1471 4233 1615 4306; x_wconf 88' lang='lat' dir='ltr'><strong>quod</strong></span> <span class='ocrx_word' id='word_1_444' title='bbox 1668 4232 1840 4286; x_wconf 81' lang='lat' dir='ltr'><strong>frater</strong></span> <span class='ocrx_word' id='word_1_445' title='bbox 1870 4237 2024 4281; x_wconf 88' lang='lat' dir='ltr'><strong>meus</strong></span> <span class='ocrx_word' id='word_1_446' title='bbox 2072 4233 2168 4274; x_wconf 82' lang='lat' dir='ltr'><strong>rex</strong></span> 
     </span>
    </p>
   </div>
   <div class='ocr_carea' id='block_1_61' title="bbox 592 4313 2172 4407">
    <p class='ocr_par' dir='ltr' id='par_1_61' title="bbox 592 4313 2172 4407">
     <span class='ocr_line' id='line_1_63' title="bbox 592 4313 2172 4407; baseline -0.025 -1"><span class='ocrx_word' id='word_1_447' title='bbox 592 4348 914 4407; x_wconf 79' lang='lat' dir='ltr'><strong>Guillelmus</strong></span> <span class='ocrx_word' id='word_1_448' title='bbox 943 4349 1188 4395; x_wconf 92' lang='lat' dir='ltr'><strong>mortuus</strong></span> <span class='ocrx_word' id='word_1_449' title='bbox 1226 4341 1338 4396; x_wconf 89' lang='lat' dir='ltr'><strong>est;</strong></span> <span class='ocrx_word' id='word_1_450' title='bbox 1369 4338 1421 4385; x_wconf 88' lang='lat' dir='ltr'><strong>et</strong></span> <span class='ocrx_word' id='word_1_451' title='bbox 1457 4342 1581 4398; x_wconf 82' lang='lat' dir='ltr'><strong>ego,</strong></span> <span class='ocrx_word' id='word_1_452' title='bbox 1629 4332 1762 4378; x_wconf 91' lang='lat' dir='ltr'><strong>nutu</strong></span> <span class='ocrx_word' id='word_1_453' title='bbox 1793 4319 1913 4383; x_wconf 90' lang='lat' dir='ltr'><strong>Dei,</strong></span> <span class='ocrx_word' id='word_1_454' title='bbox 1951 4331 1982 4370; x_wconf 87' lang='lat' dir='ltr'><strong>a</strong></span> <span class='ocrx_word' id='word_1_455' title='bbox 2024 4313 2172 4368; x_wconf 88' lang='lat' dir='ltr'><strong>clero</strong></span> 
     </span>
    </p>
   </div>
   <div class='ocr_carea' id='block_1_62' title="bbox 594 4403 2170 4506">
    <p class='ocr_par' dir='ltr' id='par_1_62' title="bbox 594 4403 2170 4506">
     <span class='ocr_line' id='line_1_64' title="bbox 594 4403 2170 4506; baseline -0.026 -12"><span class='ocrx_word' id='word_1_456' title='bbox 757 4431 956 4506; x_wconf 83' lang='lat' dir='ltr'><strong>populo</strong></span> <span class='ocrx_word' id='word_1_457' title='bbox 993 4425 1203 4498; x_wconf 78' lang='lat' dir='ltr'><strong>Anglia:</strong></span> <span class='ocrx_word' id='word_1_458' title='bbox 1266 4419 1493 4483; x_wconf 88' lang='lat' dir='ltr'><strong>electus,</strong></span> <span class='ocrx_word' id='word_1_459' title='bbox 1549 4423 1605 4468; x_wconf 89' lang='lat' dir='ltr'><strong>et</strong></span> <span class='ocrx_word' id='word_1_460' title='bbox 1653 4407 1902 4481; x_wconf 84' lang='lat' dir='ltr'><strong>quamvis</strong></span> <span class='ocrx_word' id='word_1_461' title='bbox 1947 4403 2170 4462; x_wconf 89' lang='lat' dir='ltr'><strong>invitus,</strong></span> 
     </span>
    </p>
   </div>
   <div class='ocr_carea' id='block_1_63' title="bbox 570 4493 2174 4605">
    <p class='ocr_par' dir='ltr' id='par_1_63' title="bbox 570 4493 2174 4605">
     <span class='ocr_line' id='line_1_65' title="bbox 570 4493 2174 4605; baseline -0.026 -18"><span class='ocrx_word' id='word_1_462' title='bbox 570 4537 816 4605; x_wconf 81' lang='lat' dir='ltr'><strong>propter</strong></span> <span class='ocrx_word' id='word_1_463' title='bbox 854 4521 1154 4579; x_wconf 87' lang='lat' dir='ltr'><strong>absentiam</strong></span> <span class='ocrx_word' id='word_1_464' title='bbox 1180 4514 1278 4578; x_wconf 91' lang='lat' dir='ltr'><strong>tui,</strong></span> <span class='ocrx_word' id='word_1_465' title='bbox 1312 4525 1404 4566; x_wconf 84' lang='lat' dir='ltr'><strong>rex</strong></span> <span class='ocrx_word' id='word_1_466' title='bbox 1429 4509 1541 4580; x_wconf 84' lang='lat' dir='ltr'><strong>jam</strong></span> <span class='ocrx_word' id='word_1_467' title='bbox 1573 4507 1927 4559; x_wconf 91' lang='lat' dir='ltr'><strong>consecratus</strong></span> <span class='ocrx_word' id='word_1_468' title='bbox 1955 4493 2174 4564; x_wconf 88' lang='lat' dir='ltr'><strong>requiro</strong></span> 
     </span>
    </p>
   </div>
   <div class='ocr_carea' id='block_1_64' title="bbox 598 4588 2176 4684">
    <p class='ocr_par' dir='ltr' id='par_1_64' title="bbox 598 4588 2176 4684">
     <span class='ocr_line' id='line_1_66' title="bbox 598 4588 2176 4684; baseline -0.029 -5"><span class='ocrx_word' id='word_1_469' title='bbox 598 4588 852 4684; x_wconf 50' lang='lat' dir='ltr'><strong>ie,-sicut</strong></span> <span class='ocrx_word' id='word_1_470' title='bbox 878 4615 1120 4674; x_wconf 88' lang='lat' dir='ltr'><strong>Patrem,</strong></span> <span class='ocrx_word' id='word_1_471' title='bbox 1158 4621 1278 4662; x_wconf 93' lang='lat' dir='ltr'><strong>cum</strong></span> <span class='ocrx_word' id='word_1_472' title='bbox 1307 4601 1454 4660; x_wconf 89' lang='lat' dir='ltr'><strong>omni</strong></span> <span class='ocrx_word' id='word_1_473' title='bbox 1487 4595 1680 4668; x_wconf 90' lang='lat' dir='ltr'><strong>populo</strong></span> <span class='ocrx_word' id='word_1_474' title='bbox 1710 4588 1939 4660; x_wconf 60' lang='lat' dir='ltr'><strong>Anglia},</strong></span> <span class='ocrx_word' id='word_1_475' title='bbox 1984 4589 2176 4654; x_wconf 87' lang='lat' dir='ltr'><strong>quate-</strong></span> 
     </span>
    </p>
   </div>
   <div class='ocr_carea' id='block_1_65' title="bbox 597 4676 2176 4770">
    <p class='ocr_par' dir='ltr' id='par_1_65' title="bbox 597 4676 2176 4770">
     <span class='ocr_line' id='line_1_67' title="bbox 597 4676 2176 4770; baseline -0.028 0"><span class='ocrx_word' id='word_1_476' title='bbox 597 4727 700 4770; x_wconf 89' lang='lat' dir='ltr'><strong>nus</strong></span> <span class='ocrx_word' id='word_1_477' title='bbox 729 4708 861 4766; x_wconf 89' lang='lat' dir='ltr'><strong>mibi</strong></span> <span class='ocrx_word' id='word_1_478' title='bbox 886 4703 996 4760; x_wconf 79' lang='lat' dir='ltr'><strong>(ilio</strong></span> <span class='ocrx_word' id='word_1_479' title='bbox 1025 4710 1118 4755; x_wconf 90' lang='lat' dir='ltr'><strong>tuo</strong></span> <span class='ocrx_word' id='word_1_480' title='bbox 1143 4706 1198 4753; x_wconf 90' lang='lat' dir='ltr'><strong>et</strong></span> <span class='ocrx_word' id='word_1_481' title='bbox 1216 4695 1392 4751; x_wconf 90' lang='lat' dir='ltr'><strong>eidem</strong></span> <span class='ocrx_word' id='word_1_482' title='bbox 1423 4687 1622 4761; x_wconf 89' lang='lat' dir='ltr'><strong>pupulo</strong></span> <span class='ocrx_word' id='word_1_483' title='bbox 1651 4683 1805 4751; x_wconf 82' lang='lat' dir='ltr'><strong>cujus</strong></span> <span class='ocrx_word' id='word_1_484' title='bbox 1837 4678 1934 4734; x_wconf 90' lang='lat' dir='ltr'><strong>tibi</strong></span> <span class='ocrx_word' id='word_1_485' title='bbox 1959 4676 2176 4730; x_wconf 85' lang='lat' dir='ltr'><strong>anima-</strong></span> 
     </span>
    </p>
   </div>
   <div class='ocr_carea' id='block_1_66' title="bbox 594 4763 2179 4860">
    <p class='ocr_par' dir='ltr' id='par_1_66' title="bbox 594 4763 2179 4860">
     <span class='ocr_line' id='line_1_68' title="bbox 594 4763 2179 4860; baseline -0.028 1"><span class='ocrx_word' id='word_1_486' title='bbox 594 4819 717 4860; x_wconf 77' lang='lat' dir='ltr'><strong>rum</strong></span> <span class='ocrx_word' id='word_1_487' title='bbox 744 4813 873 4856; x_wconf 89' lang='lat' dir='ltr'><strong>cura</strong></span> <span class='ocrx_word' id='word_1_488' title='bbox 898 4790 1193 4850; x_wconf 83' lang='lat' dir='ltr'><strong>commissa</strong></span> <span class='ocrx_word' id='word_1_489' title='bbox 1218 4792 1322 4848; x_wconf 87' lang='lat' dir='ltr'><strong>est,</strong></span> <span class='ocrx_word' id='word_1_490' title='bbox 1350 4794 1513 4850; x_wconf 87' lang='lat' dir='ltr'><strong>quam</strong></span> <span class='ocrx_word' id='word_1_491' title='bbox 1541 4775 1704 4831; x_wconf 88' lang='lat' dir='ltr'><strong>citius</strong></span> <span class='ocrx_word' id='word_1_492' title='bbox 1729 4768 1960 4842; x_wconf 88' lang='lat' dir='ltr'><strong>poteris,</strong></span> <span class='ocrx_word' id='word_1_493' title='bbox 1989 4763 2179 4820; x_wconf 90' lang='lat' dir='ltr'><strong>venias</strong></span> 
     </span>
    </p>
   </div>
   <div class='ocr_carea' id='block_1_67' title="bbox 597 4853 2180 4951">
    <p class='ocr_par' dir='ltr' id='par_1_67' title="bbox 597 4853 2180 4951">
     <span class='ocr_line' id='line_1_69' title="bbox 597 4853 2180 4951; baseline -0.027 0"><span class='ocrx_word' id='word_1_494' title='bbox 597 4894 666 4951; x_wconf 72' lang='lat' dir='ltr'><strong>a&#39;d</strong></span> <span class='ocrx_word' id='word_1_495' title='bbox 707 4883 1126 4950; x_wconf 84' lang='lat' dir='ltr'><strong>consulendum.</strong></span> <span class='ocrx_word' id='word_1_496' title='bbox 1167 4876 1430 4945; x_wconf 82' lang='lat' dir='ltr'><strong>Meipsum</strong></span> <span class='ocrx_word' id='word_1_497' title='bbox 1465 4867 1682 4943; x_wconf 89' lang='lat' dir='ltr'><strong>quidem</strong></span> <span class='ocrx_word' id='word_1_498' title='bbox 1724 4878 1789 4918; x_wconf 89' lang='lat' dir='ltr'><strong>ac</strong></span> <span class='ocrx_word' id='word_1_499' title='bbox 1821 4860 1984 4916; x_wconf 91' lang='lat' dir='ltr'><strong>totius</strong></span> <span class='ocrx_word' id='word_1_500' title='bbox 2028 4853 2180 4926; x_wconf 80' lang='lat' dir='ltr'><strong>regni</strong></span> 
     </span>
    </p>
   </div>
   <div class='ocr_carea' id='block_1_68' title="bbox 593 4951 2180 5057">
    <p class='ocr_par' dir='ltr' id='par_1_68' title="bbox 593 4951 2180 5057">
     <span class='ocr_line' id='line_1_70' title="bbox 593 4951 2180 5057; baseline -0.028 -12"><span class='ocrx_word' id='word_1_501' title='bbox 593 4985 804 5057; x_wconf 74' lang='lat' dir='ltr'><strong>Angliae</strong></span> <span class='ocrx_word' id='word_1_502' title='bbox 834 4977 1117 5052; x_wconf 85' lang='lat' dir='ltr'><strong>populum,</strong></span> <span class='ocrx_word' id='word_1_503' title='bbox 1165 4980 1258 5026; x_wconf 89' lang='lat' dir='ltr'><strong>tuo</strong></span> <span class='ocrx_word' id='word_1_504' title='bbox 1295 4975 1592 5031; x_wconf 86' lang='lat' dir='ltr'><strong>eorumque</strong></span> <span class='ocrx_word' id='word_1_505' title='bbox 1623 4953 1850 5014; x_wconf 90' lang='lat' dir='ltr'><strong>consilio</strong></span> <span class='ocrx_word' id='word_1_506' title='bbox 1883 4951 1975 5022; x_wconf 89' lang='lat' dir='ltr'><strong>qui</strong></span> <span class='ocrx_word' id='word_1_507' title='bbox 2003 4958 2180 5004; x_wconf 89' lang='lat' dir='ltr'><strong>tecum</strong></span> 
     </span>
    </p>
   </div>
   <div class='ocr_carea' id='block_1_69' title="bbox 598 5055 2177 5136">
    <p class='ocr_par' dir='ltr' id='par_1_69' title="bbox 598 5055 2177 5136">
     <span class='ocr_line' id='line_1_71' title="bbox 598 5055 2177 5136; baseline -0.026 1"><span class='ocrx_word' id='word_1_508' title='bbox 598 5055 733 5136; x_wconf 77' lang='lat' dir='ltr'><strong>milii</strong></span> <span class='ocrx_word' id='word_1_509' title='bbox 784 5068 1071 5129; x_wconf 89' lang='lat' dir='ltr'><strong>consulere</strong></span> <span class='ocrx_word' id='word_1_510' title='bbox 1120 5063 1343 5125; x_wconf 90' lang='lat' dir='ltr'><strong>debent,</strong></span> <span class='ocrx_word' id='word_1_511' title='bbox 1393 5055 1710 5118; x_wconf 89' lang='lat' dir='ltr'><strong>committo;</strong></span> <span class='ocrx_word' id='word_1_512' title='bbox 1752 5058 1808 5106; x_wconf 91' lang='lat' dir='ltr'><strong>et</strong></span> <span class='ocrx_word' id='word_1_513' title='bbox 1857 5059 2056 5119; x_wconf 91' lang='lat' dir='ltr'><strong>precor</strong></span> <span class='ocrx_word' id='word_1_514' title='bbox 2109 5057 2177 5097; x_wconf 89' lang='lat' dir='ltr'><strong>ne</strong></span> 
     </span>
    </p>
   </div>
   <div class='ocr_carea' id='block_1_70' title="bbox 595 5138 2178 5241">
    <p class='ocr_par' dir='ltr' id='par_1_70' title="bbox 595 5138 2178 5241">
     <span class='ocr_line' id='line_1_72' title="bbox 595 5138 2178 5241; baseline -0.029 -6"><span class='ocrx_word' id='word_1_515' title='bbox 595 5169 706 5236; x_wconf 77' lang='lat' dir='ltr'><strong>tibi</strong></span> <span class='ocrx_word' id='word_1_516' title='bbox 734 5167 1019 5241; x_wconf 86' lang='lat' dir='ltr'><strong>displiceat</strong></span> <span class='ocrx_word' id='word_1_517' title='bbox 1059 5157 1200 5233; x_wconf 86' lang='lat' dir='ltr'><strong>quod</strong></span> <span class='ocrx_word' id='word_1_518' title='bbox 1241 5154 1442 5231; x_wconf 75' lang='lat' dir='ltr'><strong>regiam</strong></span> <span class='ocrx_word' id='word_1_519' title='bbox 1491 5143 1928 5204; x_wconf 89' lang='lat' dir='ltr'><strong>benedictionem</strong></span> <span class='ocrx_word' id='word_1_520' title='bbox 1971 5138 2178 5206; x_wconf 87' lang='lat' dir='ltr'><strong>absque</strong></span> 
     </span>
    </p>
   </div>
   <div class='ocr_carea' id='block_1_71' title="bbox 2241 1863 3845 1952">
    <p class='ocr_par' dir='ltr' id='par_1_71' title="bbox 2241 1863 3845 1952">
     <span class='ocr_line' id='line_1_73' title="bbox 2241 1863 3845 1952; baseline -0.017 -7"><span class='ocrx_word' id='word_1_521' title='bbox 2241 1890 2426 1952; x_wconf 78' lang='lat' dir='ltr'><strong>Pater,</strong></span> <span class='ocrx_word' id='word_1_522' title='bbox 2465 1884 2678 1946; x_wconf 80' lang='lat' dir='ltr'><strong>venire,</strong></span> <span class='ocrx_word' id='word_1_523' title='bbox 2721 1896 2790 1937; x_wconf 91' lang='lat' dir='ltr'><strong>ne</strong></span> <span class='ocrx_word' id='word_1_524' title='bbox 2830 1889 3009 1933; x_wconf 89' lang='lat' dir='ltr'><strong>mater</strong></span> <span class='ocrx_word' id='word_1_525' title='bbox 3053 1881 3240 1930; x_wconf 84' lang='lat' dir='ltr'><strong>nostra</strong></span> <span class='ocrx_word' id='word_1_526' title='bbox 3276 1867 3697 1927; x_wconf 83' lang='lat' dir='ltr'><strong>Cantuariensis</strong></span> <span class='ocrx_word' id='word_1_527' title='bbox 3731 1863 3845 1920; x_wconf 78' lang='lat' dir='ltr'><strong>Ec—</strong></span> 
     </span>
    </p>
   </div>
   <div class='ocr_carea' id='block_1_72' title="bbox 2245 1957 3838 2037">
    <p class='ocr_par' dir='ltr' id='par_1_72' title="bbox 2245 1957 3838 2037">
     <span class='ocr_line' id='line_1_74' title="bbox 2245 1957 3838 2037; baseline -0.019 0"><span class='ocrx_word' id='word_1_528' title='bbox 2245 1981 2413 2037; x_wconf 82' lang='lat' dir='ltr'><strong>clesia</strong></span> <span class='ocrx_word' id='word_1_529' title='bbox 2459 1978 2550 2033; x_wconf 87' lang='lat' dir='ltr'><strong>diu</strong></span> <span class='ocrx_word' id='word_1_530' title='bbox 2596 1974 2868 2029; x_wconf 85' lang='lat' dir='ltr'><strong>ﬂuctuans</strong></span> <span class='ocrx_word' id='word_1_531' title='bbox 2909 1976 2965 2024; x_wconf 83' lang='lat' dir='ltr'><strong>et;</strong></span> <span class='ocrx_word' id='word_1_532' title='bbox 3011 1964 3288 2028; x_wconf 87' lang='lat' dir='ltr'><strong>desolata,</strong></span> <span class='ocrx_word' id='word_1_533' title='bbox 3327 1975 3493 2017; x_wconf 87' lang='lat' dir='ltr'><strong>causa</strong></span> <span class='ocrx_word' id='word_1_534' title='bbox 3529 1957 3649 2020; x_wconf 91' lang='lat' dir='ltr'><strong>tui,</strong></span> <span class='ocrx_word' id='word_1_535' title='bbox 3707 1969 3838 2009; x_wconf 77' lang='lat' dir='ltr'><strong>arn-</strong></span> 
     </span>
    </p>
   </div>
   <div class='ocr_carea' id='block_1_73' title="bbox 2246 2044 3848 2144">
    <p class='ocr_par' dir='ltr' id='par_1_73' title="bbox 2246 2044 3848 2144">
     <span class='ocr_line' id='line_1_75' title="bbox 2246 2044 3848 2144; baseline -0.017 -17"><span class='ocrx_word' id='word_1_536' title='bbox 2246 2072 2389 2144; x_wconf 89' lang='lat' dir='ltr'><strong>plins</strong></span> <span class='ocrx_word' id='word_1_537' title='bbox 2443 2067 2717 2124; x_wconf 78' lang='lat' dir='ltr'><strong>sustineat</strong></span> <span class='ocrx_word' id='word_1_538' title='bbox 2771 2061 3077 2116; x_wconf 85' lang='lat' dir='ltr'><strong>animarum</strong></span> <span class='ocrx_word' id='word_1_539' title='bbox 3129 2055 3476 2111; x_wconf 86' lang='lat' dir='ltr'><strong>detrimenta.</strong></span> <span class='ocrx_word' id='word_1_540' title='bbox 3530 2049 3698 2104; x_wconf 88' lang='lat' dir='ltr'><strong>Teste</strong></span> <span class='ocrx_word' id='word_1_541' title='bbox 3743 2044 3848 2118; x_wconf 80' lang='lat' dir='ltr'><strong>Gi-</strong></span> 
     </span>
    </p>
   </div>
   <div class='ocr_carea' id='block_1_74' title="bbox 2246 2137 3847 2230">
    <p class='ocr_par' dir='ltr' id='par_1_74' title="bbox 2246 2137 3847 2230">
     <span class='ocr_line' id='line_1_76' title="bbox 2246 2137 3847 2230; baseline -0.017 -12"><span class='ocrx_word' id='word_1_542' title='bbox 2246 2163 2408 2218; x_wconf 89' lang='lat' dir='ltr'><strong>rardo</strong></span> <span class='ocrx_word' id='word_1_543' title='bbox 2453 2159 2744 2230; x_wconf 84' lang='lat' dir='ltr'><strong>episcopo,</strong></span> <span class='ocrx_word' id='word_1_544' title='bbox 2805 2161 2860 2208; x_wconf 91' lang='lat' dir='ltr'><strong>et</strong></span> <span class='ocrx_word' id='word_1_545' title='bbox 2906 2148 3198 2207; x_wconf 85' lang='lat' dir='ltr'><strong>Gnillelmo</strong></span> <span class='ocrx_word' id='word_1_546' title='bbox 3243 2140 3613 2198; x_wconf 79' lang='lat' dir='ltr'><strong>Wintoniensi</strong></span> <span class='ocrx_word' id='word_1_547' title='bbox 3657 2137 3847 2194; x_wconf 72' lang='lat' dir='ltr'><strong>electo</strong></span> 
     </span>
    </p>
   </div>
   <div class='ocr_carea' id='block_1_75' title="bbox 2247 2227 3847 2324">
    <p class='ocr_par' dir='ltr' id='par_1_75' title="bbox 2247 2227 3847 2324">
     <span class='ocr_line' id='line_1_77' title="bbox 2247 2227 3847 2324; baseline -0.017 -16"><span class='ocrx_word' id='word_1_548' title='bbox 2247 2227 2522 2324; x_wconf 83' lang='lat' dir='ltr'><strong>episeopo,</strong></span> <span class='ocrx_word' id='word_1_549' title='bbox 2566 2257 2620 2302; x_wconf 91' lang='lat' dir='ltr'><strong>et</strong></span> <span class='ocrx_word' id='word_1_550' title='bbox 2669 2241 2956 2301; x_wconf 86' lang='lat' dir='ltr'><strong>Guillelmo</strong></span> <span class='ocrx_word' id='word_1_551' title='bbox 3009 2240 3076 2294; x_wconf 89' lang='lat' dir='ltr'><strong>de</strong></span> <span class='ocrx_word' id='word_1_552' title='bbox 3097 2233 3470 2295; x_wconf 86' lang='lat' dir='ltr'><strong>Warelimast,</strong></span> <span class='ocrx_word' id='word_1_553' title='bbox 3531 2238 3586 2284; x_wconf 89' lang='lat' dir='ltr'><strong>et</strong></span> <span class='ocrx_word' id='word_1_554' title='bbox 3631 2227 3847 2284; x_wconf 81' lang='lat' dir='ltr'><strong>comite</strong></span> 
     </span>
    </p>
   </div>
   <div class='ocr_carea' id='block_1_76' title="bbox 2250 2318 3848 2405">
    <p class='ocr_par' dir='ltr' id='par_1_76' title="bbox 2250 2318 3848 2405">
     <span class='ocr_line' id='line_1_78' title="bbox 2250 2318 3848 2405; baseline -0.02 -4"><span class='ocrx_word' id='word_1_555' title='bbox 2250 2318 2513 2405; x_wconf 68' lang='lat' dir='ltr'><strong>lieni-leo,</strong></span> <span class='ocrx_word' id='word_1_556' title='bbox 2537 2349 2592 2396; x_wconf 90' lang='lat' dir='ltr'><strong>et</strong></span> <span class='ocrx_word' id='word_1_557' title='bbox 2620 2338 2858 2394; x_wconf 78' lang='lat' dir='ltr'><strong>Roberto</strong></span> <span class='ocrx_word' id='word_1_558' title='bbox 2881 2333 2990 2387; x_wconf 82' lang='lat' dir='ltr'><strong>lilio</strong></span> <span class='ocrx_word' id='word_1_559' title='bbox 3002 2326 3311 2392; x_wconf 83' lang='lat' dir='ltr'><strong>Haimonis,</strong></span> <span class='ocrx_word' id='word_1_560' title='bbox 3329 2332 3385 2379; x_wconf 90' lang='lat' dir='ltr'><strong>et</strong></span> <span class='ocrx_word' id='word_1_561' title='bbox 3405 2321 3666 2376; x_wconf 77' lang='lat' dir='ltr'><strong>Baimone</strong></span> <span class='ocrx_word' id='word_1_562' title='bbox 3681 2318 3848 2387; x_wconf 81' lang='lat' dir='ltr'><strong>dapi-</strong></span> 
     </span>
    </p>
   </div>
   <div class='ocr_carea' id='block_1_77' title="bbox 2249 2409 3845 2501">
    <p class='ocr_par' dir='ltr' id='par_1_77' title="bbox 2249 2409 3845 2501">
     <span class='ocr_line' id='line_1_79' title="bbox 2249 2409 3845 2501; baseline -0.018 -7"><span class='ocrx_word' id='word_1_563' title='bbox 2249 2438 2384 2500; x_wconf 75' lang='lat' dir='ltr'><strong>l‘ero,</strong></span> <span class='ocrx_word' id='word_1_564' title='bbox 2399 2445 2453 2492; x_wconf 88' lang='lat' dir='ltr'><strong>et</strong></span> <span class='ocrx_word' id='word_1_565' title='bbox 2467 2434 2587 2490; x_wconf 88' lang='lat' dir='ltr'><strong>aliis</strong></span> <span class='ocrx_word' id='word_1_566' title='bbox 2607 2440 2716 2488; x_wconf 87' lang='lat' dir='ltr'><strong>tam</strong></span> <span class='ocrx_word' id='word_1_567' title='bbox 2728 2426 3003 2501; x_wconf 84' lang='lat' dir='ltr'><strong>episc0pis</strong></span> <span class='ocrx_word' id='word_1_568' title='bbox 3023 2437 3182 2492; x_wconf 87' lang='lat' dir='ltr'><strong>quam</strong></span> <span class='ocrx_word' id='word_1_569' title='bbox 3209 2417 3506 2480; x_wconf 79' lang='lat' dir='ltr'><strong>baronibus</strong></span> <span class='ocrx_word' id='word_1_570' title='bbox 3518 2409 3845 2468; x_wconf 73' lang='lat' dir='ltr'><strong>meis.Vaie.</strong></span> 
     </span>
    </p>
   </div>
   <div class='ocr_carea' id='block_1_78' title="bbox 2772 2511 3308 2574">
    <p class='ocr_par' dir='ltr' id='par_1_78' title="bbox 2772 2511 3308 2574">
     <span class='ocr_line' id='line_1_80' title="bbox 2772 2511 3308 2574; baseline -0.021 0"><span class='ocrx_word' id='word_1_571' title='bbox 2772 2513 3106 2574; x_wconf 81' lang='lat' dir='ltr'><strong>EPISTOLA</strong></span> <span class='ocrx_word' id='word_1_572' title='bbox 3146 2511 3308 2567; x_wconf 80' lang='lat' dir='ltr'><strong>XLII.</strong></span> 
     </span>
    </p>
   </div>
   <div class='ocr_carea' id='block_1_79' title="bbox 2585 2615 3495 2671">
    <p class='ocr_par' dir='ltr' id='par_1_79' title="bbox 2585 2615 3495 2671">
     <span class='ocr_line' id='line_1_81' title="bbox 2585 2615 3495 2671; baseline -0.015 -1"><span class='ocrx_word' id='word_1_573' title='bbox 2585 2627 2867 2671; x_wconf 67' lang='lat' dir='ltr'><strong>PASCIIALIS</strong></span> <span class='ocrx_word' id='word_1_574' title='bbox 2903 2623 3049 2664; x_wconf 61' lang='lat' dir='ltr'><strong>PAPE</strong></span> <span class='ocrx_word' id='word_1_575' title='bbox 3085 2621 3152 2661; x_wconf 79' lang='lat' dir='ltr'><strong>AD</strong></span> <span class='ocrx_word' id='word_1_576' title='bbox 3191 2615 3495 2658; x_wconf 60' lang='lat' dir='ltr'><strong>ANSELSIUN.</strong></span> 
     </span>
    </p>
   </div>
   <div class='ocr_carea' id='block_1_80' title="bbox 2254 2689 3853 2766">
    <p class='ocr_par' dir='ltr' id='par_1_80' title="bbox 2254 2689 3853 2766">
     <span class='ocr_line' id='line_1_82' title="bbox 2254 2689 3853 2766; baseline -0.017 0"><span class='ocrx_word' id='word_1_577' title='bbox 2254 2711 2318 2766; x_wconf 83' lang='lat' dir='ltr'><strong>Ut</strong></span> <span class='ocrx_word' id='word_1_578' title='bbox 2356 2707 2601 2764; x_wconf 71' lang='lat' dir='ltr'><strong>Ecclesiae</strong></span> <span class='ocrx_word' id='word_1_579' title='bbox 2636 2700 3010 2760; x_wconf 77' lang='lat' dir='ltr'><strong>Cuntunriensi</strong></span> <span class='ocrx_word' id='word_1_580' title='bbox 3053 2695 3322 2766; x_wconf 70' lang='lat' dir='ltr'><strong>restitutus</strong></span> <span class='ocrx_word' id='word_1_581' title='bbox 3338 2692 3461 2766; x_wconf 82' lang='lat' dir='ltr'><strong>jam</strong></span> <span class='ocrx_word' id='word_1_582' title='bbox 3505 2689 3589 2766; x_wconf 67' lang='lat' dir='ltr'><strong>det</strong></span> <span class='ocrx_word' id='word_1_583' title='bbox 3631 2702 3853 2766; x_wconf 72' lang='lat' dir='ltr'><strong>cperam</strong></span> 
     </span>
    </p>
   </div>
   <div class='ocr_carea' id='block_1_81' title="bbox 2325 2757 3854 2849">
    <p class='ocr_par' dir='ltr' id='par_1_81' title="bbox 2325 2757 3854 2849">
     <span class='ocr_line' id='line_1_83' title="bbox 2325 2757 3854 2849; baseline -0.017 -15"><span class='ocrx_word' id='word_1_584' title='bbox 2325 2757 2627 2849; x_wconf 56' lang='lat' dir='ltr'><strong>Anglicitita:</strong></span> <span class='ocrx_word' id='word_1_585' title='bbox 2647 2757 2920 2849; x_wconf 30' lang='grc' dir='ltr'><strong>ΫΕ-ζειεδίίε</strong></span> <span class='ocrx_word' id='word_1_586' title='bbox 2971 2757 3357 2849; x_wconf 65' lang='lat' dir='ltr'><strong>restaurationi</strong></span> <span class='ocrx_word' id='word_1_587' title='bbox 3385 2776 3403 2813; x_wconf 90' lang='lat'><strong><em>:</em></strong></span> <span class='ocrx_word' id='word_1_588' title='bbox 3438 2771 3500 2849; x_wconf 51' lang='lat' dir='ltr'><strong>et</strong></span> <span class='ocrx_word' id='word_1_589' title='bbox 3549 2757 3854 2828; x_wconf 76' lang='lat' dir='ltr'><strong>Anglorum</strong></span> 
     </span>
    </p>
   </div>
   <div class='ocr_carea' id='block_1_82' title="bbox 2325 2831 3562 2920">
    <p class='ocr_par' dir='ltr' id='par_1_82' title="bbox 2325 2831 3562 2920">
     <span class='ocr_line' id='line_1_84' title="bbox 2325 2831 3562 2920; baseline -0.019 -16"><span class='ocrx_word' id='word_1_590' title='bbox 2325 2831 2511 2920; x_wconf 53' lang='lat' dir='ltr'><strong>Regem</strong></span> <span class='ocrx_word' id='word_1_591' title='bbox 2545 2862 2662 2900; x_wconf 84' lang='lat' dir='ltr'><strong>cum</strong></span> <span class='ocrx_word' id='word_1_592' title='bbox 2702 2840 3048 2897; x_wconf 72' lang='lat' dir='ltr'><strong>Normanniw</strong></span> <span class='ocrx_word' id='word_1_593' title='bbox 3085 2836 3275 2890; x_wconf 84' lang='lat' dir='ltr'><strong>comite</strong></span> <span class='ocrx_word' id='word_1_594' title='bbox 3302 2831 3562 2886; x_wconf 79' lang='lat' dir='ltr'><strong>conciliet.</strong></span> 
     </span>
    </p>
   </div>
   <div class='ocr_carea' id='block_1_83' title="bbox 2326 2917 3856 3006">
    <p class='ocr_par' dir='ltr' id='par_1_83' title="bbox 2326 2917 3856 3006">
     <span class='ocr_line' id='line_1_85' title="bbox 2326 2917 3856 3006; baseline -0.02 -8"><span class='ocrx_word' id='word_1_595' title='bbox 2326 2941 2617 2998; x_wconf 66' lang='lat' dir='ltr'><strong>Pascmrns</strong></span> <span class='ocrx_word' id='word_1_596' title='bbox 2647 2937 2954 3006; x_wconf 86' lang='lat' dir='ltr'><strong>episcopus,</strong></span> <span class='ocrx_word' id='word_1_597' title='bbox 2987 2940 3178 2984; x_wconf 88' lang='lat' dir='ltr'><strong>servus</strong></span> <span class='ocrx_word' id='word_1_598' title='bbox 3217 2937 3494 2979; x_wconf 90' lang='lat' dir='ltr'><strong>servorum</strong></span> <span class='ocrx_word' id='word_1_599' title='bbox 3529 2917 3645 2981; x_wconf 89' lang='lat' dir='ltr'><strong>Dei,</strong></span> <span class='ocrx_word' id='word_1_600' title='bbox 3691 2931 3856 2969; x_wconf 82' lang='lat' dir='ltr'><strong>reve-</strong></span> 
     </span>
    </p>
   </div>
   <div class='ocr_carea' id='block_1_84' title="bbox 2258 3008 3852 3090">
    <p class='ocr_par' dir='ltr' id='par_1_84' title="bbox 2258 3008 3852 3090">
     <span class='ocr_line' id='line_1_86' title="bbox 2258 3008 3852 3090; baseline -0.02 0"><span class='ocrx_word' id='word_1_601' title='bbox 2258 3033 2582 3090; x_wconf 82' lang='lat' dir='ltr'><strong>rendissimo</strong></span> <span class='ocrx_word' id='word_1_602' title='bbox 2613 3027 2768 3082; x_wconf 77' lang='lat' dir='ltr'><strong>fratri</strong></span> <span class='ocrx_word' id='word_1_603' title='bbox 2819 3034 2875 3079; x_wconf 89' lang='lat' dir='ltr'><strong>et</strong></span> <span class='ocrx_word' id='word_1_604' title='bbox 2915 3019 3237 3090; x_wconf 86' lang='lat' dir='ltr'><strong>coepiscopo</strong></span> <span class='ocrx_word' id='word_1_605' title='bbox 3282 3016 3558 3076; x_wconf 63' lang='lat' dir='ltr'><strong>Assumo,</strong></span> <span class='ocrx_word' id='word_1_606' title='bbox 3599 3008 3852 3065; x_wconf 74' lang='lat' dir='ltr'><strong>Cantua-</strong></span> 
     </span>
    </p>
   </div>
   <div class='ocr_carea' id='block_1_85' title="bbox 2261 3097 3856 3185">
    <p class='ocr_par' dir='ltr' id='par_1_85' title="bbox 2261 3097 3856 3185">
     <span class='ocr_line' id='line_1_87' title="bbox 2261 3097 3856 3185; baseline -0.019 -5"><span class='ocrx_word' id='word_1_607' title='bbox 2261 3124 2518 3180; x_wconf 89' lang='lat' dir='ltr'><strong>riensium</strong></span> <span class='ocrx_word' id='word_1_608' title='bbox 2569 3115 3012 3185; x_wconf 80' lang='lat' dir='ltr'><strong>archiepiscopo,</strong></span> <span class='ocrx_word' id='word_1_609' title='bbox 3086 3110 3316 3164; x_wconf 86' lang='lat' dir='ltr'><strong>salutem</strong></span> <span class='ocrx_word' id='word_1_610' title='bbox 3374 3113 3429 3159; x_wconf 87' lang='lat' dir='ltr'><strong>et</strong></span> <span class='ocrx_word' id='word_1_611' title='bbox 3494 3097 3856 3172; x_wconf 74' lang='lat' dir='ltr'><strong>apostolicam</strong></span> 
     </span>
    </p>
   </div>
   <div class='ocr_carea' id='block_1_86' title="bbox 2260 3213 2715 3272">
    <p class='ocr_par' dir='ltr' id='par_1_86' title="bbox 2260 3213 2715 3272">
     <span class='ocr_line' id='line_1_88' title="bbox 2260 3213 2715 3272; baseline -0.029 0"><span class='ocrx_word' id='word_1_612' title='bbox 2260 3213 2715 3272; x_wconf 87' lang='lat' dir='ltr'><strong>benedictionem.</strong></span> 
     </span>
    </p>
   </div>
   <div class='ocr_carea' id='block_1_87' title="bbox 2332 3282 3859 3371">
    <p class='ocr_par' dir='ltr' id='par_1_87' title="bbox 2332 3282 3859 3371">
     <span class='ocr_line' id='line_1_89' title="bbox 2332 3282 3859 3371; baseline -0.019 -13"><span class='ocrx_word' id='word_1_613' title='bbox 2332 3303 2487 3358; x_wconf 84' lang='lat' dir='ltr'><strong>Sicut</strong></span> <span class='ocrx_word' id='word_1_614' title='bbox 2515 3297 2728 3371; x_wconf 84' lang='lat' dir='ltr'><strong>injuriis</strong></span> <span class='ocrx_word' id='word_1_615' title='bbox 2757 3295 2862 3351; x_wconf 85' lang='lat' dir='ltr'><strong>tuis</strong></span> <span class='ocrx_word' id='word_1_616' title='bbox 2891 3302 2945 3348; x_wconf 90' lang='lat' dir='ltr'><strong>et</strong></span> <span class='ocrx_word' id='word_1_617' title='bbox 2971 3289 3162 3347; x_wconf 65' lang='lat' dir='ltr'><strong>exsilio</strong></span> <span class='ocrx_word' id='word_1_618' title='bbox 3198 3282 3464 3354; x_wconf 85' lang='lat' dir='ltr'><strong>compassi</strong></span> <span class='ocrx_word' id='word_1_619' title='bbox 3497 3293 3710 3344; x_wconf 86' lang='lat' dir='ltr'><strong>sumus,</strong></span> <span class='ocrx_word' id='word_1_620' title='bbox 3745 3285 3859 3332; x_wconf 86' lang='lat' dir='ltr'><strong>etc.</strong></span> 
     </span>
    </p>
   </div>
   <div class='ocr_carea' id='block_1_88' title="bbox 2273 3373 3454 3450">
    <p class='ocr_par' dir='ltr' id='par_1_88' title="bbox 2273 3373 3454 3450">
     <span class='ocr_line' id='line_1_90' title="bbox 2273 3373 3454 3450; baseline -0.019 -3"><span class='ocrx_word' id='word_1_621' title='bbox 2273 3392 2400 3447; x_wconf 78' lang='lat' dir='ltr'><strong>Vide</strong></span> <span class='ocrx_word' id='word_1_622' title='bbox 2422 3391 2477 3446; x_wconf 81' lang='lat' dir='ltr'><strong>in</strong></span> <span class='ocrx_word' id='word_1_623' title='bbox 2502 3384 2752 3442; x_wconf 82' lang='lat' dir='ltr'><strong>Pascltali</strong></span> <span class='ocrx_word' id='word_1_624' title='bbox 2779 3383 2859 3449; x_wconf 82' lang='grc' dir='ltr'><strong>Η,</strong></span> <span class='ocrx_word' id='word_1_625' title='bbox 2890 3381 3054 3450; x_wconf 79' lang='lat' dir='ltr'><strong>infra,</strong></span> <span class='ocrx_word' id='word_1_626' title='bbox 3080 3378 3150 3432; x_wconf 78' lang='lat' dir='ltr'><strong>ad</strong></span> <span class='ocrx_word' id='word_1_627' title='bbox 3179 3393 3268 3429; x_wconf 85' lang='lat' dir='ltr'><strong>an.</strong></span> <span class='ocrx_word' id='word_1_628' title='bbox 3296 3375 3354 3428; x_wconf 77' lang='lat' dir='ltr'><strong>Il</strong></span> <span class='ocrx_word' id='word_1_629' title='bbox 3373 3373 3454 3428; x_wconf 79' lang='lat' dir='ltr'><strong>l8.</strong></span> 
     </span>
    </p>
   </div>
   <div class='ocr_carea' id='block_1_89' title="bbox 2728 3485 3373 3551">
    <p class='ocr_par' dir='ltr' id='par_1_89' title="bbox 2728 3485 3373 3551">
     <span class='ocr_line' id='line_1_91' title="bbox 2728 3485 3373 3551; baseline -0.02 0"><span class='ocrx_word' id='word_1_630' title='bbox 2728 3492 3058 3551; x_wconf 77' lang='lat' dir='ltr'><strong>EPISTULA</strong></span> <span class='ocrx_word' id='word_1_631' title='bbox 3101 3486 3260 3544; x_wconf 76' lang='lat' dir='ltr'><strong>XLIII</strong></span> <span class='ocrx_word' id='word_1_632' title='bbox 3281 3485 3373 3538; x_wconf 64' lang='grc' dir='ltr'><strong>Μ.</strong></span> 
     </span>
    </p>
   </div>
   <div class='ocr_carea' id='block_1_90' title="bbox 2302 3578 3819 3655">
    <p class='ocr_par' dir='ltr' id='par_1_90' title="bbox 2302 3578 3819 3655">
     <span class='ocr_line' id='line_1_92' title="bbox 2302 3578 3819 3655; baseline -0.02 0"><span class='ocrx_word' id='word_1_633' title='bbox 2302 3578 2533 3655; x_wconf 60' lang='lat' dir='ltr'><strong>ANSELHI</strong></span> <span class='ocrx_word' id='word_1_634' title='bbox 2559 3609 2626 3648; x_wconf 80' lang='lat' dir='ltr'><strong>AD</strong></span> <span class='ocrx_word' id='word_1_635' title='bbox 2662 3600 3006 3646; x_wconf 64' lang='lat' dir='ltr'><strong>BURGUNDIUSI</strong></span> <span class='ocrx_word' id='word_1_636' title='bbox 3042 3599 3110 3638; x_wconf 81' lang='grc' dir='ltr'><strong>ΕΤ</strong></span> <span class='ocrx_word' id='word_1_637' title='bbox 3143 3594 3372 3635; x_wconf 63' lang='lat' dir='ltr'><strong>RTCEZAH</strong></span> <span class='ocrx_word' id='word_1_638' title='bbox 3409 3589 3624 3632; x_wconf 63' lang='lat' dir='ltr'><strong>UXOREH</strong></span> <span class='ocrx_word' id='word_1_639' title='bbox 3667 3587 3819 3626; x_wconf 62' lang='grc' dir='ltr'><strong>ειυς).</strong></span> 
     </span>
    </p>
   </div>
   <div class='ocr_carea' id='block_1_91' title="bbox 2268 3664 3865 3752">
    <p class='ocr_par' dir='ltr' id='par_1_91' title="bbox 2268 3664 3865 3752">
     <span class='ocr_line' id='line_1_93' title="bbox 2268 3664 3865 3752; baseline -0.019 -8"><span class='ocrx_word' id='word_1_640' title='bbox 2268 3686 2581 3744; x_wconf 81' lang='lat' dir='ltr'><strong>Gratulatur</strong></span> <span class='ocrx_word' id='word_1_641' title='bbox 2610 3693 2844 3752; x_wconf 82' lang='lat' dir='ltr'><strong>nepotem</strong></span> <span class='ocrx_word' id='word_1_642' title='bbox 2872 3692 3025 3752; x_wconf 71' lang='lat' dir='ltr'><strong>suum</strong></span> <span class='ocrx_word' id='word_1_643' title='bbox 3056 3673 3164 3752; x_wconf 84' lang='lat' dir='ltr'><strong>_Deo</strong></span> <span class='ocrx_word' id='word_1_644' title='bbox 3208 3671 3263 3724; x_wconf 83' lang='lat' dir='ltr'><strong>in</strong></span> <span class='ocrx_word' id='word_1_645' title='bbox 3299 3669 3595 3752; x_wconf 57' lang='lat' dir='ltr'><strong>servitutem</strong></span> <span class='ocrx_word' id='word_1_646' title='bbox 3636 3680 3751 3717; x_wconf 74' lang='lat' dir='ltr'><strong>esse</strong></span> <span class='ocrx_word' id='word_1_647' title='bbox 3777 3664 3865 3716; x_wconf 84' lang='lat' dir='ltr'><strong>di-</strong></span> 
     </span>
    </p>
   </div>
   <div class='ocr_carea' id='block_1_92' title="bbox 2339 3736 3863 3824">
    <p class='ocr_par' dir='ltr' id='par_1_92' title="bbox 2339 3736 3863 3824">
     <span class='ocr_line' id='line_1_94' title="bbox 2339 3736 3863 3824; baseline -0.019 -11"><span class='ocrx_word' id='word_1_648' title='bbox 2339 3771 2536 3822; x_wconf 82' lang='lat' dir='ltr'><strong>catum,</strong></span> <span class='ocrx_word' id='word_1_649' title='bbox 2589 3736 2828 3824; x_wconf 71' lang='lat' dir='ltr'><strong>quodque</strong></span> <span class='ocrx_word' id='word_1_650' title='bbox 2866 3748 3018 3824; x_wconf 42' lang='lat' dir='ltr'><strong>Deus.</strong></span> <span class='ocrx_word' id='word_1_651' title='bbox 3042 3744 3281 3824; x_wconf 51' lang='lat' dir='ltr'><strong>juniores</strong></span> <span class='ocrx_word' id='word_1_652' title='bbox 3325 3754 3502 3793; x_wconf 81' lang='lat' dir='ltr'><strong>eorum</strong></span> <span class='ocrx_word' id='word_1_653' title='bbox 3539 3736 3732 3814; x_wconf 63' lang='lat' dir='ltr'><strong>liberos</strong></span> <span class='ocrx_word' id='word_1_654' title='bbox 3774 3749 3863 3785; x_wconf 83' lang='lat' dir='ltr'><strong>ra-</strong></span> 
     </span>
    </p>
   </div>
   <div class='ocr_carea' id='block_1_93' title="bbox 2339 3805 3862 3897">
    <p class='ocr_par' dir='ltr' id='par_1_93' title="bbox 2339 3805 3862 3897">
     <span class='ocr_line' id='line_1_95' title="bbox 2339 3805 3862 3897; baseline -0.018 -15"><span class='ocrx_word' id='word_1_655' title='bbox 2339 3805 2544 3897; x_wconf 63' lang='lat' dir='ltr'><strong>puerit;</strong></span> <span class='ocrx_word' id='word_1_656' title='bbox 2562 3805 2975 3892; x_wconf 57' lang='lat' dir='ltr'><strong>quam&#39;liberius</strong></span> <span class='ocrx_word' id='word_1_657' title='bbox 3001 3805 3098 3886; x_wconf 62' lang='lat' dir='ltr'><strong>ipsi</strong></span> <span class='ocrx_word' id='word_1_658' title='bbox 3123 3811 3232 3866; x_wconf 88' lang='lat' dir='ltr'><strong>Deo</strong></span> <span class='ocrx_word' id='word_1_659' title='bbox 3254 3821 3362 3864; x_wconf 84' lang='lat' dir='ltr'><strong>tota</strong></span> <span class='ocrx_word' id='word_1_660' title='bbox 3389 3815 3555 3861; x_wconf 83' lang='lat' dir='ltr'><strong>mente</strong></span> <span class='ocrx_word' id='word_1_661' title='bbox 3575 3805 3862 3859; x_wconf 71' lang='lat' dir='ltr'><strong>servirent.</strong></span> 
     </span>
    </p>
   </div>
   <div class='ocr_carea' id='block_1_94' title="bbox 2342 3916 3866 4005">
    <p class='ocr_par' dir='ltr' id='par_1_94' title="bbox 2342 3916 3866 4005">
     <span class='ocr_line' id='line_1_96' title="bbox 2342 3916 3866 4005; baseline -0.02 -4"><span class='ocrx_word' id='word_1_662' title='bbox 2342 3946 2624 4001; x_wconf 73' lang='lat' dir='ltr'><strong>ANSELMUS</strong></span> <span class='ocrx_word' id='word_1_663' title='bbox 2637 3935 3094 4005; x_wconf 84' lang='lat' dir='ltr'><strong>archiepiscopus,</strong></span> <span class='ocrx_word' id='word_1_664' title='bbox 3125 3926 3342 3983; x_wconf 86' lang='lat' dir='ltr'><strong>domino</strong></span> <span class='ocrx_word' id='word_1_665' title='bbox 3361 3933 3416 3978; x_wconf 85' lang='lat' dir='ltr'><strong>et</strong></span> <span class='ocrx_word' id='word_1_666' title='bbox 3446 3921 3623 3977; x_wconf 86' lang='lat' dir='ltr'><strong>amico</strong></span> <span class='ocrx_word' id='word_1_667' title='bbox 3647 3916 3866 3974; x_wconf 84' lang='lat' dir='ltr'><strong>charis-</strong></span> 
     </span>
    </p>
   </div>
   <div class='ocr_carea' id='block_1_95' title="bbox 2274 4010 3868 4094">
    <p class='ocr_par' dir='ltr' id='par_1_95' title="bbox 2274 4010 3868 4094">
     <span class='ocr_line' id='line_1_97' title="bbox 2274 4010 3868 4094; baseline -0.019 0"><span class='ocrx_word' id='word_1_668' title='bbox 2274 4038 2412 4094; x_wconf 85' lang='lat' dir='ltr'><strong>simo</strong></span> <span class='ocrx_word' id='word_1_669' title='bbox 2439 4035 2749 4088; x_wconf 64' lang='lat' dir='ltr'><strong>BURGUNDIO</strong></span> <span class='ocrx_word' id='word_1_670' title='bbox 2775 4035 2829 4082; x_wconf 92' lang='lat' dir='ltr'><strong>et</strong></span> <span class='ocrx_word' id='word_1_671' title='bbox 2850 4024 3002 4078; x_wconf 84' lang='lat' dir='ltr'><strong>uxori</strong></span> <span class='ocrx_word' id='word_1_672' title='bbox 3018 4019 3136 4089; x_wconf 87' lang='lat' dir='ltr'><strong>ejus</strong></span> <span class='ocrx_word' id='word_1_673' title='bbox 3150 4017 3321 4074; x_wconf 89' lang='lat' dir='ltr'><strong>sorori</strong></span> <span class='ocrx_word' id='word_1_674' title='bbox 3355 4029 3467 4070; x_wconf 67' lang='lat' dir='ltr'><strong>sua:</strong></span> <span class='ocrx_word' id='word_1_675' title='bbox 3489 4010 3868 4068; x_wconf 75' lang='lat' dir='ltr'><strong>dilectissima:</strong></span> 
     </span>
    </p>
   </div>
   <div class='ocr_carea' id='block_1_96' title="bbox 2278 4108 3459 4191">
    <p class='ocr_par' dir='ltr' id='par_1_96' title="bbox 2278 4108 3459 4191">
     <span class='ocr_line' id='line_1_98' title="bbox 2278 4108 3459 4191; baseline -0.022 -5"><span class='ocrx_word' id='word_1_676' title='bbox 2278 4131 2517 4191; x_wconf 70' lang='lat' dir='ltr'><strong>“ICEZ/E,</strong></span> <span class='ocrx_word' id='word_1_677' title='bbox 2549 4123 2773 4180; x_wconf 89' lang='lat' dir='ltr'><strong>salutem</strong></span> <span class='ocrx_word' id='word_1_678' title='bbox 2805 4128 2858 4174; x_wconf 89' lang='lat' dir='ltr'><strong>et</strong></span> <span class='ocrx_word' id='word_1_679' title='bbox 2887 4112 3315 4172; x_wconf 78' lang='lat' dir='ltr'><strong>benediCtiouem</strong></span> <span class='ocrx_word' id='word_1_680' title='bbox 3345 4108 3459 4163; x_wconf 90' lang='lat' dir='ltr'><strong>Dei.</strong></span> 
     </span>
    </p>
   </div>
   <div class='ocr_carea' id='block_1_97' title="bbox 2354 4193 3874 4286">
    <p class='ocr_par' dir='ltr' id='par_1_97' title="bbox 2354 4193 3874 4286">
     <span class='ocr_line' id='line_1_99' title="bbox 2354 4193 3874 4286; baseline -0.02 -9"><span class='ocrx_word' id='word_1_681' title='bbox 2354 4218 2556 4277; x_wconf 85' lang='lat' dir='ltr'><strong>Sciatis</strong></span> <span class='ocrx_word' id='word_1_682' title='bbox 2601 4215 2724 4286; x_wconf 87' lang='lat' dir='ltr'><strong>quia</strong></span> <span class='ocrx_word' id='word_1_683' title='bbox 2776 4211 2919 4267; x_wconf 81' lang='lat' dir='ltr'><strong>[ilius</strong></span> <span class='ocrx_word' id='word_1_684' title='bbox 2955 4215 3134 4262; x_wconf 87' lang='lat' dir='ltr'><strong>vester</strong></span> <span class='ocrx_word' id='word_1_685' title='bbox 3157 4200 3470 4263; x_wconf 87' lang='lat' dir='ltr'><strong>Anselmus,</strong></span> <span class='ocrx_word' id='word_1_686' title='bbox 3501 4193 3874 4251; x_wconf 80' lang='lat' dir='ltr'><strong>cbarissimus</strong></span> 
     </span>
    </p>
   </div>
   <div class='ocr_carea' id='block_1_98' title="bbox 2277 4286 3872 4383">
    <p class='ocr_par' dir='ltr' id='par_1_98' title="bbox 2277 4286 3872 4383">
     <span class='ocr_line' id='line_1_100' title="bbox 2277 4286 3872 4383; baseline -0.02 -15"><span class='ocrx_word' id='word_1_687' title='bbox 2277 4327 2444 4383; x_wconf 84' lang='lat' dir='ltr'><strong>nepos</strong></span> <span class='ocrx_word' id='word_1_688' title='bbox 2497 4317 2712 4369; x_wconf 87' lang='lat' dir='ltr'><strong>noster,</strong></span> <span class='ocrx_word' id='word_1_689' title='bbox 2773 4317 2940 4358; x_wconf 87' lang='lat' dir='ltr'><strong>sanus</strong></span> <span class='ocrx_word' id='word_1_690' title='bbox 2991 4308 3047 4354; x_wconf 86' lang='lat' dir='ltr'><strong>et</strong></span> <span class='ocrx_word' id='word_1_691' title='bbox 3094 4296 3250 4349; x_wconf 82' lang='lat' dir='ltr'><strong>laetus</strong></span> <span class='ocrx_word' id='word_1_692' title='bbox 3301 4299 3386 4346; x_wconf 89' lang='lat' dir='ltr'><strong>est</strong></span> <span class='ocrx_word' id='word_1_693' title='bbox 3449 4301 3662 4343; x_wconf 87' lang='lat' dir='ltr'><strong>mecum</strong></span> <span class='ocrx_word' id='word_1_694' title='bbox 3721 4286 3872 4354; x_wconf 76' lang='lat' dir='ltr'><strong>apud</strong></span> 
     </span>
    </p>
   </div>
   <div class='ocr_carea' id='block_1_99' title="bbox 2279 4373 3876 4471">
    <p class='ocr_par' dir='ltr' id='par_1_99' title="bbox 2279 4373 3876 4471">
     <span class='ocr_line' id='line_1_101' title="bbox 2279 4373 3876 4471; baseline -0.019 -16"><span class='ocrx_word' id='word_1_695' title='bbox 2279 4373 2634 4471; x_wconf 75' lang='lat' dir='ltr'><strong>Lugdunum;</strong></span> <span class='ocrx_word' id='word_1_696' title='bbox 2665 4405 2720 4448; x_wconf 89' lang='lat' dir='ltr'><strong>et</strong></span> <span class='ocrx_word' id='word_1_697' title='bbox 2745 4407 2868 4464; x_wconf 85' lang='lat' dir='ltr'><strong>ego,</strong></span> <span class='ocrx_word' id='word_1_698' title='bbox 2900 4387 2993 4443; x_wconf 92' lang='lat' dir='ltr'><strong>Dei</strong></span> <span class='ocrx_word' id='word_1_699' title='bbox 3029 4384 3230 4456; x_wconf 85' lang='lat' dir='ltr'><strong>gratia,</strong></span> <span class='ocrx_word' id='word_1_700' title='bbox 3265 4393 3526 4452; x_wconf 87' lang='lat' dir='ltr'><strong>prospere</strong></span> <span class='ocrx_word' id='word_1_701' title='bbox 3551 4390 3636 4428; x_wconf 88' lang='lat' dir='ltr'><strong>me</strong></span> <span class='ocrx_word' id='word_1_702' title='bbox 3667 4373 3876 4427; x_wconf 77' lang='lat' dir='ltr'><strong>habeo-</strong></span> 
     </span>
    </p>
   </div>
   <div class='ocr_carea' id='block_1_100' title="bbox 2204 4462 3874 4547">
    <p class='ocr_par' dir='ltr' id='par_1_100' title="bbox 2204 4462 3874 4547">
     <span class='ocr_line' id='line_1_102' title="bbox 2204 4462 3874 4547; baseline -0.022 2"><span class='ocrx_word' id='word_1_703' title='bbox 2204 4473 2252 4532; x_wconf 82' lang='grc' dir='ltr'><strong>Ῑ)</strong></span> <span class='ocrx_word' id='word_1_704' title='bbox 2282 4462 2490 4547; x_wconf 57' lang='grc' dir='ltr'><strong>ῡεῖῑιῐο</strong></span> <span class='ocrx_word' id='word_1_705' title='bbox 2518 4494 2698 4539; x_wconf 86' lang='lat' dir='ltr'><strong>vestro</strong></span> <span class='ocrx_word' id='word_1_706' title='bbox 2714 4462 2829 4536; x_wconf 84' lang='lat' dir='ltr'><strong>&#39;lioc</strong></span> <span class='ocrx_word' id='word_1_707' title='bbox 2863 4477 3016 4532; x_wconf 89' lang='lat' dir='ltr'><strong>vobis</strong></span> <span class='ocrx_word' id='word_1_708' title='bbox 3046 4475 3166 4530; x_wconf 88' lang='lat' dir='ltr'><strong>dico</strong></span> <span class='ocrx_word' id='word_1_709' title='bbox 3198 4471 3324 4540; x_wconf 90' lang='lat' dir='ltr'><strong>quia</strong></span> <span class='ocrx_word' id='word_1_710' title='bbox 3365 4465 3604 4538; x_wconf 88' lang='lat' dir='ltr'><strong>gaudere</strong></span> <span class='ocrx_word' id='word_1_711' title='bbox 3629 4462 3874 4532; x_wconf 85' lang='lat' dir='ltr'><strong>potestis</strong></span> 
     </span>
    </p>
   </div>
   <div class='ocr_carea' id='block_1_101' title="bbox 2281 4552 3880 4654">
    <p class='ocr_par' dir='ltr' id='par_1_101' title="bbox 2281 4552 3880 4654">
     <span class='ocr_line' id='line_1_103' title="bbox 2281 4552 3880 4654; baseline -0.023 -16"><span class='ocrx_word' id='word_1_712' title='bbox 2281 4579 2444 4654; x_wconf 76' lang='lat'><strong>383</strong></span> <span class='ocrx_word' id='word_1_713' title='bbox 2489 4575 2754 4636; x_wconf 85' lang='lat' dir='ltr'><strong>multum,</strong></span> <span class='ocrx_word' id='word_1_714' title='bbox 2802 4567 2945 4640; x_wconf 90' lang='lat' dir='ltr'><strong>quod</strong></span> <span class='ocrx_word' id='word_1_715' title='bbox 2990 4565 3140 4620; x_wconf 91' lang='lat' dir='ltr'><strong>illum</strong></span> <span class='ocrx_word' id='word_1_716' title='bbox 3194 4561 3307 4616; x_wconf 91' lang='lat' dir='ltr'><strong>Deo</strong></span> <span class='ocrx_word' id='word_1_717' title='bbox 3357 4552 3652 4612; x_wconf 89' lang='lat' dir='ltr'><strong>obtulistis.</strong></span> <span class='ocrx_word' id='word_1_718' title='bbox 3703 4552 3880 4605; x_wconf 83' lang='lat' dir='ltr'><strong>Amat</strong></span> 
     </span>
    </p>
   </div>
   <div class='ocr_carea' id='block_1_102' title="bbox 2281 4646 3882 4736">
    <p class='ocr_par' dir='ltr' id='par_1_102' title="bbox 2281 4646 3882 4736">
     <span class='ocr_line' id='line_1_104' title="bbox 2281 4646 3882 4736; baseline -0.022 -3"><span class='ocrx_word' id='word_1_719' title='bbox 2281 4646 2436 4734; x_wconf 60' lang='lat' dir='ltr'><strong>enini</strong></span> <span class='ocrx_word' id='word_1_720' title='bbox 2469 4673 2660 4736; x_wconf 91' lang='lat' dir='ltr'><strong>Deum,</strong></span> <span class='ocrx_word' id='word_1_721' title='bbox 2711 4675 2764 4721; x_wconf 93' lang='lat' dir='ltr'><strong>et</strong></span> <span class='ocrx_word' id='word_1_722' title='bbox 2821 4662 2962 4733; x_wconf 89' lang='lat' dir='ltr'><strong>quod</strong></span> <span class='ocrx_word' id='word_1_723' title='bbox 3010 4669 3197 4714; x_wconf 88' lang='lat' dir='ltr'><strong>amare</strong></span> <span class='ocrx_word' id='word_1_724' title='bbox 3245 4653 3436 4714; x_wconf 87' lang='lat' dir='ltr'><strong>debet;</strong></span> <span class='ocrx_word' id='word_1_725' title='bbox 3476 4646 3620 4702; x_wconf 91' lang='lat' dir='ltr'><strong>unde</strong></span> <span class='ocrx_word' id='word_1_726' title='bbox 3661 4646 3882 4714; x_wconf 87' lang='lat' dir='ltr'><strong>gratias</strong></span> 
     </span>
    </p>
   </div>
   <div class='ocr_carea' id='block_1_103' title="bbox 2285 4736 3881 4837">
    <p class='ocr_par' dir='ltr' id='par_1_103' title="bbox 2285 4736 3881 4837">
     <span class='ocr_line' id='line_1_105' title="bbox 2285 4736 3881 4837; baseline -0.021 -14"><span class='ocrx_word' id='word_1_727' title='bbox 2285 4783 2447 4837; x_wconf 82' lang='lat' dir='ltr'><strong>agere</strong></span> <span class='ocrx_word' id='word_1_728' title='bbox 2497 4760 2706 4818; x_wconf 86' lang='lat' dir='ltr'><strong>debetis</strong></span> <span class='ocrx_word' id='word_1_729' title='bbox 2748 4755 2856 4812; x_wconf 89' lang='lat' dir='ltr'><strong>illis</strong></span> <span class='ocrx_word' id='word_1_730' title='bbox 2897 4761 2952 4808; x_wconf 90' lang='lat' dir='ltr'><strong>et</strong></span> <span class='ocrx_word' id='word_1_731' title='bbox 2981 4765 3076 4806; x_wconf 89' lang='lat' dir='ltr'><strong>eos</strong></span> <span class='ocrx_word' id='word_1_732' title='bbox 3106 4759 3290 4802; x_wconf 88' lang='lat' dir='ltr'><strong>amare</strong></span> <span class='ocrx_word' id='word_1_733' title='bbox 3318 4740 3411 4814; x_wconf 90' lang='lat' dir='ltr'><strong>qui</strong></span> <span class='ocrx_word' id='word_1_734' title='bbox 3443 4753 3566 4795; x_wconf 90' lang='lat' dir='ltr'><strong>eum</strong></span> <span class='ocrx_word' id='word_1_735' title='bbox 3599 4736 3653 4789; x_wconf 92' lang='lat' dir='ltr'><strong>in</strong></span> <span class='ocrx_word' id='word_1_736' title='bbox 3680 4749 3881 4790; x_wconf 83' lang='lat' dir='ltr'><strong>amore</strong></span> 
     </span>
    </p>
   </div>
   <div class='ocr_carea' id='block_1_104' title="bbox 2283 4828 3881 4915">
    <p class='ocr_par' dir='ltr' id='par_1_104' title="bbox 2283 4828 3881 4915">
     <span class='ocr_line' id='line_1_106' title="bbox 2283 4828 3881 4915; baseline -0.023 1"><span class='ocrx_word' id='word_1_737' title='bbox 2283 4860 2377 4915; x_wconf 90' lang='lat' dir='ltr'><strong>Dei</strong></span> <span class='ocrx_word' id='word_1_738' title='bbox 2407 4866 2457 4914; x_wconf 89' lang='lat' dir='ltr'><strong>et</strong></span> <span class='ocrx_word' id='word_1_739' title='bbox 2491 4855 2573 4910; x_wconf 85' lang='lat' dir='ltr'><strong>sui</strong></span> <span class='ocrx_word' id='word_1_740' title='bbox 2604 4849 2812 4907; x_wconf 90' lang='lat' dir='ltr'><strong>ordinis</strong></span> <span class='ocrx_word' id='word_1_741' title='bbox 2845 4855 2899 4902; x_wconf 93' lang='lat' dir='ltr'><strong>et</strong></span> <span class='ocrx_word' id='word_1_742' title='bbox 2941 4844 2995 4899; x_wconf 92' lang='lat' dir='ltr'><strong>in</strong></span> <span class='ocrx_word' id='word_1_743' title='bbox 3043 4841 3200 4896; x_wconf 91' lang='lat' dir='ltr'><strong>bonis</strong></span> <span class='ocrx_word' id='word_1_744' title='bbox 3253 4833 3493 4890; x_wconf 89' lang='lat' dir='ltr'><strong>moribus</strong></span> <span class='ocrx_word' id='word_1_745' title='bbox 3539 4828 3881 4885; x_wconf 82' lang='lat' dir='ltr'><strong>nutrierunt.</strong></span> 
     </span>
    </p>
   </div>
   <div class='ocr_carea' id='block_1_105' title="bbox 2285 4911 3885 5006">
    <p class='ocr_par' dir='ltr' id='par_1_105' title="bbox 2285 4911 3885 5006">
     <span class='ocr_line' id='line_1_107' title="bbox 2285 4911 3885 5006; baseline -0.021 -2"><span class='ocrx_word' id='word_1_746' title='bbox 2285 4949 2355 5004; x_wconf 84' lang='lat' dir='ltr'><strong>Et</strong></span> <span class='ocrx_word' id='word_1_747' title='bbox 2399 4954 2551 5002; x_wconf 88' lang='lat' dir='ltr'><strong>certe</strong></span> <span class='ocrx_word' id='word_1_748' title='bbox 2597 4939 2762 4996; x_wconf 86' lang='lat' dir='ltr'><strong>credo</strong></span> <span class='ocrx_word' id='word_1_749' title='bbox 2809 4935 2936 5006; x_wconf 90' lang='lat' dir='ltr'><strong>quia</strong></span> <span class='ocrx_word' id='word_1_750' title='bbox 2981 4927 3204 5003; x_wconf 83' lang='lat' dir='ltr'><strong>propter</strong></span> <span class='ocrx_word' id='word_1_751' title='bbox 3258 4927 3364 4981; x_wconf 85' lang='lat' dir='ltr'><strong>hoc</strong></span> <span class='ocrx_word' id='word_1_752' title='bbox 3416 4921 3672 4978; x_wconf 90' lang='lat' dir='ltr'><strong>meritum</strong></span> <span class='ocrx_word' id='word_1_753' title='bbox 3731 4911 3885 4987; x_wconf 78' lang='lat' dir='ltr'><strong>quod</strong></span> 
     </span>
    </p>
   </div>
   <div class='ocr_carea' id='block_1_106' title="bbox 2284 5010 3885 5112">
    <p class='ocr_par' dir='ltr' id='par_1_106' title="bbox 2284 5010 3885 5112">
     <span class='ocr_line' id='line_1_108' title="bbox 2284 5010 3885 5112; baseline -0.02 -20"><span class='ocrx_word' id='word_1_754' title='bbox 2284 5035 2706 5112; x_wconf 74' lang='lat' dir='ltr'><strong>primogenitum</strong></span> <span class='ocrx_word' id='word_1_755' title='bbox 2749 5038 2989 5085; x_wconf 88' lang='lat' dir='ltr'><strong>vestrum</strong></span> <span class='ocrx_word' id='word_1_756' title='bbox 3033 5025 3144 5080; x_wconf 90' lang='lat' dir='ltr'><strong>Deo</strong></span> <span class='ocrx_word' id='word_1_757' title='bbox 3189 5023 3380 5077; x_wconf 88' lang='lat' dir='ltr'><strong>devota</strong></span> <span class='ocrx_word' id='word_1_758' title='bbox 3412 5021 3594 5070; x_wconf 86' lang='lat' dir='ltr'><strong>mente</strong></span> <span class='ocrx_word' id='word_1_759' title='bbox 3620 5010 3885 5074; x_wconf 70' lang='lat' dir='ltr'><strong>dedistis,</strong></span> 
     </span>
    </p>
   </div>
   <div class='ocr_carea' id='block_1_107' title="bbox 2296 5111 3889 5196">
    <p class='ocr_par' dir='ltr' id='par_1_107' title="bbox 2296 5111 3889 5196">
     <span class='ocr_line' id='line_1_109' title="bbox 2296 5111 3889 5196; baseline -0.018 -10"><span class='ocrx_word' id='word_1_760' title='bbox 2296 5129 2472 5187; x_wconf 90' lang='lat' dir='ltr'><strong>noluit</strong></span> <span class='ocrx_word' id='word_1_761' title='bbox 2498 5127 2639 5182; x_wconf 84' lang='lat' dir='ltr'><strong>Dens</strong></span> <span class='ocrx_word' id='word_1_762' title='bbox 2658 5121 2895 5196; x_wconf 85' lang='lat' dir='ltr'><strong>perdere</strong></span> <span class='ocrx_word' id='word_1_763' title='bbox 2924 5119 3090 5174; x_wconf 92' lang='lat' dir='ltr'><strong>ullum</strong></span> <span class='ocrx_word' id='word_1_764' title='bbox 3115 5116 3182 5172; x_wconf 90' lang='lat' dir='ltr'><strong>de</strong></span> <span class='ocrx_word' id='word_1_765' title='bbox 3203 5111 3355 5184; x_wconf 88' lang='lat' dir='ltr'><strong>prole</strong></span> <span class='ocrx_word' id='word_1_766' title='bbox 3379 5115 3599 5173; x_wconf 84' lang='lat' dir='ltr'><strong>vestra;</strong></span> <span class='ocrx_word' id='word_1_767' title='bbox 3629 5117 3732 5159; x_wconf 91' lang='lat' dir='ltr'><strong>nec</strong></span> <span class='ocrx_word' id='word_1_768' title='bbox 3759 5118 3889 5174; x_wconf 80' lang='lat' dir='ltr'><strong>per-</strong></span> 
     </span>
    </p>
   </div>
   <div class='ocr_carea' id='block_1_108' title="bbox 1906 5319 2574 5387">
    <p class='ocr_par' dir='ltr' id='par_1_108' title="bbox 1906 5319 2574 5387">
     <span class='ocr_line' id='line_1_110' title="bbox 1906 5319 2574 5387; baseline -0.022 0"><span class='ocrx_word' id='word_1_769' title='bbox 1906 5328 2140 5387; x_wconf 62' lang='lat' dir='ltr'><strong>&quot;ARIIE</strong></span> <span class='ocrx_word' id='word_1_770' title='bbox 2172 5319 2574 5383; x_wconf 62' lang='lat' dir='ltr'><strong>LEC&#39;I‘iONES.</strong></span> 
     </span>
    </p>
   </div>
   <div class='ocr_carea' id='block_1_109' title="bbox 711 5487 3508 5586">
    <p class='ocr_par' dir='ltr' id='par_1_109' title="bbox 711 5487 3508 5586">
     <span class='ocr_line' id='line_1_111' title="bbox 711 5487 3508 5586; baseline -0.026 -5"><span class='ocrx_word' id='word_1_771' title='bbox 711 5525 781 5556; x_wconf 79' lang='grc'><strong>’⁸⁸</strong></span> <span class='ocrx_word' id='word_1_772' title='bbox 805 5520 1007 5578; x_wconf 89' lang='lat' dir='ltr'><strong>Debilis</strong></span> <span class='ocrx_word' id='word_1_773' title='bbox 1046 5529 1205 5586; x_wconf 87' lang='lat' dir='ltr'><strong>qnam</strong></span> <span class='ocrx_word' id='word_1_774' title='bbox 1248 5503 1562 5586; x_wconf 71' lang='lat' dir='ltr'><strong>habiliS&#39;ms</strong></span> <span class='ocrx_word' id='word_1_775' title='bbox 1591 5501 1793 5556; x_wconf 88' lang='lat' dir='ltr'><strong>debens</strong></span> <span class='ocrx_word' id='word_1_776' title='bbox 1829 5505 1995 5575; x_wconf 74' lang='lat' dir='ltr'><strong>quam</strong></span> <span class='ocrx_word' id='word_1_777' title='bbox 2038 5487 2265 5586; x_wconf 50' lang='lat' dir='ltr'><strong>halri‘ensl</strong></span> <span class='ocrx_word' id='word_1_778' title='bbox 2353 5487 2422 5586; x_wconf 41' lang='grc' dir='ltr'><strong>’.ἢ</strong></span> <span class='ocrx_word' id='word_1_779' title='bbox 2469 5487 3508 5586; x_wconf 45' lang='grc' dir='ltr'><strong>ιλιιῖςμξιιιιρηῗὲηιῃορέεἰῗωηιξκῒκξεῶᾋᾘιξξ</strong></span> 
     </span>
     <span class='ocr_line' id='line_1_112' title="bbox 1519 5549 3225 5586; baseline -0.026 22"><span class='ocrx_word' id='word_1_780' title='bbox 1519 5585 1523 5586; x_wconf 70' lang='lat'><strong><em>&#39;</em></strong></span> <span class='ocrx_word' id='word_1_781' title='bbox 1588 5584 1596 5586; x_wconf 71' lang='lat'><em>‘</em></span> <span class='ocrx_word' id='word_1_782' title='bbox 1781 5575 2059 5586; x_wconf 50' lang='lat'><strong>~-----—4--~</strong></span> <span class='ocrx_word' id='word_1_783' title='bbox 2099 5577 2104 5582; x_wconf 91' lang='lat'><em>-</em></span> <span class='ocrx_word' id='word_1_784' title='bbox 2165 5572 2246 5586; x_wconf 73' lang='lat' dir='ltr'><strong>nn.</strong></span> <span class='ocrx_word' id='word_1_785' title='bbox 2305 5568 2363 5586; x_wconf 65' lang='lat' dir='ltr'><strong>an</strong></span> <span class='ocrx_word' id='word_1_786' title='bbox 2396 5567 2439 5586; x_wconf 73' lang='grc' dir='ltr'><strong>ια</strong></span> <span class='ocrx_word' id='word_1_787' title='bbox 2477 5565 2542 5586; x_wconf 69' lang='grc' dir='ltr'><strong>ιν.</strong></span> <span class='ocrx_word' id='word_1_788' title='bbox 2571 5564 2601 5586; x_wconf 73' lang='grc' dir='ltr'><strong><em>ο</em></strong></span> <span class='ocrx_word' id='word_1_789' title='bbox 2656 5561 2763 5586; x_wconf 59' lang='lat' dir='ltr'><strong>nun</strong></span> <span class='ocrx_word' id='word_1_790' title='bbox 2944 5555 2989 5586; x_wconf 19' lang='grc' dir='ltr'><strong>γι</strong></span> <span class='ocrx_word' id='word_1_791' title='bbox 3127 5552 3156 5585; x_wconf 55' lang='lat' dir='ltr'>L</span> <span class='ocrx_word' id='word_1_792' title='bbox 3214 5549 3225 5584; x_wconf 59' lang='grc' dir='ltr'><strong>ε</strong></span> 
     </span>
    </p>
   </div>
   <div class='ocr_carea' id='block_1_110' title="bbox 2099 5527 3536 5624">
    <p class='ocr_par' dir='ltr' id='par_1_110' title="bbox 2099 5527 3536 5624">
     <span class='ocr_line' id='line_1_113' title="bbox 2099 5527 3536 5624; baseline -0.023 -14"><span class='ocrx_word' id='word_1_793' title='bbox 2099 5527 2265 5624; x_wconf 55' lang='lat' dir='ltr'><strong>7633a</strong></span> <span class='ocrx_word' id='word_1_794' title='bbox 2305 5552 2442 5608; x_wconf 84' lang='lat' dir='ltr'><strong>satis</strong></span> <span class='ocrx_word' id='word_1_795' title='bbox 2469 5527 2822 5624; x_wconf 55' lang='lat' dir='ltr'><strong>piifetqttam</strong></span> <span class='ocrx_word' id='word_1_796' title='bbox 2862 5527 3086 5622; x_wconf 61' lang='lat' dir='ltr'><strong>noiium</strong></span> <span class='ocrx_word' id='word_1_797' title='bbox 3127 5527 3434 5598; x_wconf 67' lang='lat' dir='ltr'><strong>exertiplum</strong></span> <span class='ocrx_word' id='word_1_798' title='bbox 3465 5527 3536 5579; x_wconf 88' lang='lat' dir='ltr'><strong>sit</strong></span> 
     </span>
    </p>
   </div>
   <div class='ocr_carea' id='block_1_111' title="bbox 1450 5605 3467 5699">
    <p class='ocr_par' dir='ltr' id='par_1_111' title="bbox 1450 5605 3467 5699">
     <span class='ocr_line' id='line_1_114' title="bbox 1450 5605 3467 5699; baseline -0.023 -2"><span class='ocrx_word' id='word_1_799' title='bbox 1450 5605 1994 5699; x_wconf 50' lang='grc' dir='ltr'><strong>πλιὲὅιῖιέἶῖιιιιξῗεῑον</strong></span> <span class='ocrx_word' id='word_1_800' title='bbox 2031 5647 2106 5683; x_wconf 77' lang='lat' dir='ltr'><strong>ms</strong></span> <span class='ocrx_word' id='word_1_801' title='bbox 2121 5605 2592 5699; x_wconf 35' lang='lat' dir='ltr'><strong>“con—temneretur</strong></span> <span class='ocrx_word' id='word_1_802' title='bbox 2614 5605 2744 5670; x_wconf 57' lang='lat' dir='ltr'><strong>et&#39;in</strong></span> <span class='ocrx_word' id='word_1_803' title='bbox 2771 5611 3011 5667; x_wconf 81' lang='lat' dir='ltr'><strong>derisum</strong></span> <span class='ocrx_word' id='word_1_804' title='bbox 3036 5605 3467 5699; x_wconf 56' lang='lat' dir='ltr'><strong>.cun&#39;verleretur&#39;</strong></span> 
     </span>
     <span class='ocr_line' id='line_1_115' title="bbox 2485 5673 3467 5699; baseline 0 0"><span class='ocrx_word' id='word_1_805' title='bbox 2485 5689 2525 5699; x_wconf 85' lang='grc'><strong>..</strong></span> <span class='ocrx_word' id='word_1_806' title='bbox 2565 5687 2604 5699; x_wconf 63' lang='grc' dir='ltr'><strong>.ε</strong></span> <span class='ocrx_word' id='word_1_807' title='bbox 2677 5686 2688 5699; x_wconf 73' lang='grc' dir='ltr'>ι</span> <span class='ocrx_word' id='word_1_808' title='bbox 2758 5685 2768 5695; x_wconf 77' lang='grc' dir='ltr'>ι</span> <span class='ocrx_word' id='word_1_809' title='bbox 2829 5697 2855 5699; x_wconf 59' lang='lat'><strong>,_</strong></span> <span class='ocrx_word' id='word_1_810' title='bbox 2917 5695 2989 5699; x_wconf 74' lang='lat'><strong>___-</strong></span> <span class='ocrx_word' id='word_1_811' title='bbox 3054 5679 3136 5699; x_wconf 59' lang='grc' dir='ltr'><strong>ἐ-..</strong></span> <span class='ocrx_word' id='word_1_812' title='bbox 3165 5673 3328 5699; x_wconf 51' lang='lat' dir='ltr'><strong>nni...“</strong></span> <span class='ocrx_word' id='word_1_813' title='bbox 3379 5679 3467 5699; x_wconf 65' lang='lat' dir='ltr'><strong>cura</strong></span> 
     </span>
    </p>
   </div>
   <div class='ocr_carea' id='block_1_112' title="bbox 605 5563 2080 5665">
    <p class='ocr_par' dir='ltr' id='par_1_112' title="bbox 605 5563 2080 5665">
     <span class='ocr_line' id='line_1_116' title="bbox 605 5563 2080 5665; baseline -0.028 -13"><span class='ocrx_word' id='word_1_814' title='bbox 605 5597 720 5665; x_wconf 83' lang='lat' dir='ltr'><strong>ejus</strong></span> <span class='ocrx_word' id='word_1_815' title='bbox 827 5592 896 5665; x_wconf 54' lang='grc' dir='ltr'><strong>ἳξο</strong></span> <span class='ocrx_word' id='word_1_816' title='bbox 926 5563 1648 5665; x_wconf 41' lang='grc' dir='ltr'><strong>Β-ςξίιιῖἰτενείρἁωηεριιξιο.</strong></span> <span class='ocrx_word' id='word_1_817' title='bbox 1678 5586 1756 5625; x_wconf 74' lang='lat' dir='ltr'><strong>ms</strong></span> <span class='ocrx_word' id='word_1_818' title='bbox 1781 5563 2080 5665; x_wconf 64' lang='lat' dir='ltr'><strong>requirere.</strong></span> 
     </span>
    </p>
   </div>
   <div class='ocr_carea' id='block_1_113' title="bbox 606 5661 1336 5726">
    <p class='ocr_par' dir='ltr' id='par_1_113' title="bbox 606 5661 1336 5726">
     <span class='ocr_line' id='line_1_117' title="bbox 606 5661 1336 5726; baseline -0.023 -4"><span class='ocrx_word' id='word_1_819' title='bbox 606 5661 926 5722; x_wconf 73' lang='lat' dir='ltr'><strong>execrabile.</strong></span> <span class='ocrx_word' id='word_1_820' title='bbox 958 5661 1216 5726; x_wconf 69' lang='lat' dir='ltr'><strong>Qumrnnt</strong></span> <span class='ocrx_word' id='word_1_821' title='bbox 1238 5665 1336 5708; x_wconf 81' lang='lat' dir='ltr'><strong>etc.</strong></span> 
     </span>
    </p>
   </div>
   <div class='ocr_carea' id='block_1_114' title="bbox 607 5694 2350 5798">
    <p class='ocr_par' dir='ltr' id='par_1_114' title="bbox 607 5694 2350 5798">
     <span class='ocr_line' id='line_1_118' title="bbox 625 5694 1704 5721; baseline -0.024 0"><span class='ocrx_word' id='word_1_822' title='bbox 625 5694 652 5721; x_wconf 83' lang='grc'><strong>⁸.</strong></span> <span class='ocrx_word' id='word_1_823' title='bbox 689 5694 704 5701; x_wconf 46' lang='grc' dir='ltr'><strong>λ’</strong></span> <span class='ocrx_word' id='word_1_824' title='bbox 728 5694 735 5698; x_wconf 77' lang='grc'>⁷</span> <span class='ocrx_word' id='word_1_825' title='bbox 760 5694 780 5696; x_wconf 62' lang='grc'><strong>⁷⁷</strong></span> <span class='ocrx_word' id='word_1_826' title='bbox 806 5694 836 5717; x_wconf 88' lang='grc'><strong>11</strong></span> <span class='ocrx_word' id='word_1_827' title='bbox 862 5694 926 5716; x_wconf 69' lang='lat' dir='ltr'><strong>lc.</strong></span> <span class='ocrx_word' id='word_1_828' title='bbox 1010 5694 1216 5712; x_wconf 62' lang='lat' dir='ltr'><strong>lltblllllv</strong></span> <span class='ocrx_word' id='word_1_829' title='bbox 1238 5694 1336 5708; x_wconf 64' lang='grc' dir='ltr'><strong>νιν.</strong></span> <span class='ocrx_word' id='word_1_830' title='bbox 1553 5694 1572 5699; x_wconf 76' lang='lat'>_</span> <span class='ocrx_word' id='word_1_831' title='bbox 1595 5694 1651 5698; x_wconf 37' lang='grc' dir='ltr'><strong>νγ.</strong></span> <span class='ocrx_word' id='word_1_832' title='bbox 1697 5694 1704 5695; x_wconf 60' lang='lat'><strong><em>,</em></strong></span> 
     </span>
     <span class='ocr_line' id='line_1_119' title="bbox 607 5694 2350 5798; baseline -0.026 -6"><span class='ocrx_word' id='word_1_833' title='bbox 607 5694 1298 5798; x_wconf 46' lang='lat' dir='ltr'><strong>iiiig&#39;ieéthpmaenna;</strong></span> <span class='ocrx_word' id='word_1_834' title='bbox 1325 5735 1403 5798; x_wconf 46' lang='lat' dir='ltr'><strong>ius</strong></span> <span class='ocrx_word' id='word_1_835' title='bbox 1437 5710 1788 5798; x_wconf 81' lang='lat' dir='ltr'><strong>autltoritatis</strong></span> <span class='ocrx_word' id='word_1_836' title='bbox 1823 5694 2350 5798; x_wconf 44' lang='lat' dir='ltr'><strong>vestgprudantm</strong></span> 
     </span>
    </p>
   </div>
   <div class='ocr_carea' id='block_1_115' title="bbox 1231 5751 2930 5847">
    <p class='ocr_par' dir='ltr' id='par_1_115' title="bbox 1231 5751 2930 5847">
     <span class='ocr_line' id='line_1_120' title="bbox 1231 5751 2930 5847; baseline -0.018 1"><span class='ocrx_word' id='word_1_837' title='bbox 1231 5751 1300 5825; x_wconf 49' lang='grc' dir='ltr'><strong>πί</strong></span> <span class='ocrx_word' id='word_1_838' title='bbox 1325 5751 1425 5847; x_wconf 52' lang='grc' dir='ltr'><strong>ὄιές</strong></span> <span class='ocrx_word' id='word_1_839' title='bbox 1438 5751 1792 5843; x_wconf 62' lang='lat' dir='ltr'><strong>iiiiiéii‘Ti&#39;.</strong></span> <span class='ocrx_word' id='word_1_840' title='bbox 1819 5751 2132 5847; x_wconf 51' lang='lat' dir='ltr'><strong>piamina</strong></span> <span class='ocrx_word' id='word_1_841' title='bbox 2184 5766 2253 5799; x_wconf 68' lang='lat' dir='ltr'>N</span> <span class='ocrx_word' id='word_1_842' title='bbox 2279 5762 2410 5820; x_wconf 81' lang='lat' dir='ltr'><strong>Cum</strong></span> <span class='ocrx_word' id='word_1_843' title='bbox 2433 5758 2613 5814; x_wconf 73' lang='lat' dir='ltr'><strong>eodem</strong></span> <span class='ocrx_word' id='word_1_844' title='bbox 2639 5771 2715 5810; x_wconf 72' lang='lat' dir='ltr'><strong>m8</strong></span> <span class='ocrx_word' id='word_1_845' title='bbox 2739 5751 2930 5808; x_wconf 72' lang='lat' dir='ltr'><strong>collata</strong></span> 
     </span>
    </p>
   </div>
   <div class='ocr_carea' id='block_1_116' title="bbox 603 5801 1118 5868">
    <p class='ocr_par' dir='ltr' id='par_1_116' title="bbox 603 5801 1118 5868">
     <span class='ocr_line' id='line_1_121' title="bbox 603 5801 1118 5868; baseline -0.031 -1"><span class='ocrx_word' id='word_1_846' title='bbox 603 5811 781 5868; x_wconf 79' lang='lat' dir='ltr'><strong>eodem</strong></span> <span class='ocrx_word' id='word_1_847' title='bbox 820 5820 898 5860; x_wconf 75' lang='lat' dir='ltr'><strong>ms</strong></span> <span class='ocrx_word' id='word_1_848' title='bbox 928 5801 1118 5858; x_wconf 79' lang='lat' dir='ltr'><strong>collata</strong></span> 
     </span>
    </p>
   </div>
   <div class='ocr_carea' id='block_1_117' title="bbox 2353 5451 3898 5547">
    <p class='ocr_par' dir='ltr' id='par_1_117' title="bbox 2353 5451 3898 5547">
     <span class='ocr_line' id='line_1_122' title="bbox 2353 5451 3898 5547; baseline -0.019 -12"><span class='ocrx_word' id='word_1_849' title='bbox 2353 5480 2422 5512; x_wconf 71' lang='grc'><strong>’³³</strong></span> <span class='ocrx_word' id='word_1_850' title='bbox 2445 5485 2447 5487; x_wconf 80' lang='grc'><strong>’</strong></span> <span class='ocrx_word' id='word_1_851' title='bbox 2469 5475 2877 5547; x_wconf 74' lang='lat' dir='ltr'><strong>Lugdunensem</strong></span> <span class='ocrx_word' id='word_1_852' title='bbox 2924 5465 3040 5547; x_wconf 61' lang='lat' dir='ltr'><strong>ejus</strong></span> <span class='ocrx_word' id='word_1_853' title='bbox 3078 5479 3154 5542; x_wconf 71' lang='lat' dir='ltr'><strong>ms</strong></span> <span class='ocrx_word' id='word_1_854' title='bbox 3186 5458 3598 5547; x_wconf 66' lang='lat' dir='ltr'><strong>Lugdunensem</strong></span> <span class='ocrx_word' id='word_1_855' title='bbox 3630 5451 3898 5534; x_wconf 60' lang='lat' dir='ltr'><strong>detentus</strong></span> 
     </span>
    </p>
   </div>
   <div class='ocr_carea' id='block_1_118' title="bbox 3561 5523 3899 5591">
    <p class='ocr_par' dir='ltr' id='par_1_118' title="bbox 3561 5523 3899 5591">
     <span class='ocr_line' id='line_1_123' title="bbox 3561 5523 3899 5591; baseline 0.003 -16"><span class='ocrx_word' id='word_1_856' title='bbox 3561 5523 3808 5591; x_wconf 85' lang='lat' dir='ltr'><strong>posteris</strong></span> <span class='ocrx_word' id='word_1_857' title='bbox 3836 5534 3899 5576; x_wconf 87' lang='lat' dir='ltr'><strong>et</strong></span> 
     </span>
    </p>
   </div>
   <div class='ocr_carea' id='block_1_119' title="bbox 3570 5592 3901 5646">
    <p class='ocr_par' dir='ltr' id='par_1_119' title="bbox 3570 5592 3901 5646">
     <span class='ocr_line' id='line_1_124' title="bbox 3570 5592 3901 5646; baseline -0.015 3"><span class='ocrx_word' id='word_1_858' title='bbox 3570 5592 3639 5625; x_wconf 70' lang='grc' dir='ltr'><strong>’δ’</strong></span> <span class='ocrx_word' id='word_1_859' title='bbox 3672 5593 3901 5646; x_wconf 45' lang='grc' dir='ltr'><strong>,Αυιιιο-</strong></span> 
     </span>
    </p>
   </div>
   <div class='ocr_carea' id='block_1_120' title="bbox 2456 5661 3899 5740">
    <p class='ocr_par' dir='ltr' id='par_1_120' title="bbox 2456 5661 3899 5740">
     <span class='ocr_line' id='line_1_125' title="bbox 2456 5661 3899 5740; baseline -0.02 3"><span class='ocrx_word' id='word_1_860' title='bbox 2456 5689 2527 5724; x_wconf 65' lang='grc'>³⁸³</span> <span class='ocrx_word' id='word_1_861' title='bbox 2564 5685 2864 5740; x_wconf 75' lang='lat' dir='ltr'><strong>Ecclesium</strong></span> <span class='ocrx_word' id='word_1_862' title='bbox 2894 5661 2990 5732; x_wconf 46' lang='lat' dir='ltr'><strong>an</strong></span> <span class='ocrx_word' id='word_1_863' title='bbox 3032 5673 3329 5732; x_wconf 72' lang='lat' dir='ltr'><strong>Ecclesium</strong></span> <span class='ocrx_word' id='word_1_864' title='bbox 3379 5679 3533 5722; x_wconf 82' lang='lat' dir='ltr'><strong>suam</strong></span> <span class='ocrx_word' id='word_1_865' title='bbox 3645 5661 3719 5696; x_wconf 71' lang='grc'><strong>’³⁸</strong></span> <span class='ocrx_word' id='word_1_866' title='bbox 3750 5661 3899 5716; x_wconf 79' lang='lat' dir='ltr'><strong>Cum</strong></span> 
     </span>
    </p>
   </div>
  </div>
