4028 6302
217 316 273 369 77
1517 304 1643 369 LIB.
1681 302 1767 364 Ill,
1803 300 2016 356 EPIST.
2053 300 2257 355 XLVII.

3390 301 3455 355 78

217 425 358 480 misit
401 438 496 480 eos
533 436 668 492 quos
705 420 964 493 genuistis
1020 433 1189 487 usque
1219 416 1285 471 ad
1316 415 1460 470 illam
1487 424 1700 468 aetatem
1730 415 1781 466 in
1810 401 1855 455 Α
1886 414 2353 468 Cantuarieusium
2404 412 2849 483 archiepiscopo‘,
2881 413 3234 472 BENEDICTL’S,
3275 413 3326 466 in
3363 414 3462 467 Do-

217 534 316 585 qua
345 517 585 587 peccatis
609 524 665 570 et
692 514 912 570 malitiae
939 510 1101 580 hujus
1129 507 1315 564 mundi
1350 506 1777 566 sordidarentur,

215 608 518 678 pervenire,
546 619 607 659 ut
636 604 803 658 vitam
841 612 1098 658 aeternam
1129 600 1439 670 perderent,
1472 595 1566 650 sed
1595 607 1785 649 onmes
1868 659 1875 663 _

216 714 310 754 eos
366 697 508 751 bono
554 696 661 750 ﬁne
700 694 767 748 de
792 694 895 748 hac
929 692 1038 747 vita
1071 691 1137 745 ad
1175 704 1235 743 se
1262 688 1496 742 transire
1522 683 1668 738 fecit.
1700 682 1782 736 ln-

215 803 373 859 super
402 789 445 843 si
482 787 754 856 sapientes
797 785 949 849 estis,
991 791 1047 839 et
1085 781 1357 851 sapienter
1403 775 1780 837 consideratis,

216 880 532 949 intelligetis
567 879 734 934 Deum
774 877 972 947 fecisse
1002 875 1159 929 vobis
1198 886 1446 941 magnam
1478 866 1784 922 misericor-

216 967 354 1020 diam
390 966 456 1021 de
485 966 637 1021 vobis
684 963 839 1034 ipsis,
886 962 1142 1031 quoniam
1193 957 1416 1012 abstulit
1445 955 1599 1010 vobis
1622 967 1781 1008 ocra-

214 1056 415 1108 sionem
448 1054 665 1107 amandi
694 1053 797 1107 hoc
820 1050 1096 1113 saeculum,
1129 1058 1183 1101 et
1209 1046 1548 1109 desiderandi
1578 1059 1638 1097 ea
1664 1057 1784 1111 qua:

216 1153 515 1209 transeunt,
549 1158 671 1198 cum
719 1143 871 1196 vobis
915 1139 1140 1195 abstulit
1174 1139 1419 1193 hmredes
1445 1135 1497 1188 in
1523 1135 1623 1188 hac
1650 1134 1781 1196 vita,

213 1242 265 1287 et
295 1232 423 1287 fecit
458 1232 595 1287 ﬁlios
641 1240 851 1286 vestros
894 1244 1023 1284 suos
1062 1227 1306 1283 lueredes
1331 1235 1541 1280 etsuos
1567 1221 1702 1275 ﬁlios
1730 1223 1782 1274 in

211 1334 409 1379 mterna
447 1324 578 1377 vita.
612 1320 766 1375 Nunc
792 1322 931 1390 agite
962 1319 1168 1390 gratias
1197 1320 1306 1373 Deo
1338 1318 1466 1387 quia
1492 1315 1781 1373 exonerati

210 1416 344 1469 estis
396 1423 450 1469 et
492 1412 755 1480 expediti,
808 1421 868 1463 ut
921 1409 1090 1464 libere
1136 1418 1249 1464 toto
1302 1409 1490 1469 corde,
1545 1417 1654 1461 tota
1707 1407 1786 1460 in-

212 1505 448 1560 tentioue
489 1513 542 1561 et
583 1504 709 1559 t0tis
758 1503 965 1558 viribus
1010 1503 1244 1557 curratis
1275 1502 1342 1556 ad
1372 1502 1560 1567 Deum,
1595 1510 1649 1555 et
1676 1498 1785 1554 sol-

213 1598 344 1652 "citi
373 1596 494 1651 sitis
523 1594 864 1651 solummodo
906 1591 976 1647 de
1025 1592 1198 1647 salute
1239 1592 1543 1647 animarum
1579 1598 1788 1642 vestra-

212 1706 361 1754 rum;
404 1699 460 1743 et
495 1697 556 1741 ut
601 1685 730 1740 illuc
776 1694 1076 1754 spontanea
1125 1683 1399 1749 voluntate
1439 1681 1786 1750 pervenistis,

210 1796 315 1848 quo
339 1780 479 1835 Deus
511 1764 653 1833 ﬁlios
691 1784 906 1831 vestros
959 1775 1053 1844 qui
1105 1774 1302 1829 mortui
1336 1782 1483 1836 sunt,
1516 1771 1668 1826 vobis
1696 1786 1793 1824 no-

210 1870 463 1935 lentibus,
503 1852 934 1922 misericorditer
967 1864 1155 1927 traxit,
1203 1872 1259 1917 et
1295 1876 1403 1930 quo
1444 1861 1605 1915 istum
1629 1874 1791 1928 quem

213 1961 323 2017 Deo
355 1960 606 2023 dedistis,
638 1959 747 2013 Deo
770 1956 1079 2025 adiuvante,
1106 1964 1487 2025 perventurum
1508 1961 1793 2021 exspecta-

212 2068 353 2118 mus,
412 2050 501 2104 ubi
552 2048 758 2119 pariter
804 2058 959 2117 pater
994 2055 1048 2101 ct
1083 2054 1279 2109 mater,
1335 2042 1431 2097 ﬁlii
1478 2050 1532 2097 et
1579 2040 1701 2094 ﬁlia:
1731 2041 1785 2092 in

211 2150 509 2211 conspectu
541 2139 636 2193 Dei
664 2140 715 2193 in
745 2139 915 2209 gloria
946 2146 1149 2192 teterna
1181 2133 1495 2203 gaudeatis;
1540 2139 1595 2185 et
1624 2144 1789 2183 unus-

211 2233 442 2302 quisque
492 2238 701 2283 tantum
752 2229 817 2281 de
863 2226 1094 2297 singulis
1145 2224 1265 2278 aliis
1304 2231 1565 2292 quantum
1617 2220 1682 2274 de
1729 2234 1790 2274 se

206 2321 486 2392 glorietur.
512 2320 677 2390 Ergo,
699 2317 1033 2373 dilectissimi
1065 2315 1133 2347 “7
1159 2324 1215 2369 et
1243 2312 1583 2377 amicissimi,
1618 2308 1791 2364 frater

206 2414 534 2469 charissime
574 2420 627 2466 et
673 2426 830 2467 soror
879 2408 1220 2472 charissima,
1272 2421 1488 2477 precor,
1537 2404 1782 2466 obsecro,

205 2519 426 2570 moneo,
452 2504 675 2560 consulo
697 2516 764 2557 ne
787 2498 1153 2555 contemnatis
1174 2493 1602 2550 misericordiam
1626 2504 1788 2560 quam

207 2591 350 2646 Deus
384 2592 539 2646 vobis
571 2606 679 2645 non
713 2586 1216 2659 przenieditantibns
1262 2582 1423 2640 fecit;
1465 2589 1521 2634 et
1560 2594 1627 2631 nc
1664 2593 1787 2647 per-

208 2683 354 2735 datis
399 2681 627 2752 gloriam
653 2695 816 2749 quam
840 2679 986 2731 Deus
1010 2676 1184 2739 vobis,
1222 2676 1266 2729 si
1293 2674 1447 2742 culpa
1477 2682 1653 2726 vestra
1685 2686 1789 2724 non

208 2771 418 2839 fuerit,
488 2771 832 2843 prmparavit.
877 2768 1245 2839 Cognoscite,
1297 2763 1615 2835 cognoscite
1663 2762 1791 2831 quia

207 2865 353 2933 quod
382 2864 527 2918 Deus
574 2877 671 2917 vos
720 2862 791 2915 ita
826 2859 1080 2914 omnibus
1139 2856 1264 2911 ﬁliis
1315 2856 1535 2909 orbatos
1585 2852 1638 2905 in
1689 2852 1793 2906 hac

205 2957 317 3010 vita
347 2955 491 3009 solos
543 2954 695 3020 fecit,
748 2968 857 3007 non
907 2960 989 3006 est
1034 2950 1114 3004 ira
1164 2948 1278 3011 Dei,
1312 2947 1404 3002 sed
1447 2944 1619 3016 gratia
1671 2943 1785 3007 Dei,

1823 1746 1867 1801 Β

1866 505 2035 563 .mino
2065 503 2315 557 salutem.
3194 562 3195 565 η

1960 594 2128 647 Amor
2173 591 2449 658 scribere,
2507 602 2561 647 et
2611 594 2764 648 dolor
2811 595 2992 649 cordis
3045 594 3149 647 mei
3202 593 3461 662 gemitum

1889 684 2140 738 charttati
2175 692 2366 736 vestra:
2396 684 2667 751 compellit
2710 686 2941 753 aperire.
2987 685 3054 738 Et
3093 685 3221 753 quia
3248 685 3463 754 sapien-

1889 774 2033 827 tibus
2060 771 2271 839 loquor,
2303 779 2358 824 et
2385 771 2475 839 qui
2517 773 2584 825 de
2627 787 2792 841 parva
2840 774 3066 827 materia
3113 784 3314 829 norunt
3359 774 3467 829 fer-

1852 904 1859 907 .
1886 862 2005 916 cula
2025 861 2294 916 conﬁcere
2321 861 2510 924 multa,
2529 861 2650 917 ideo
2679 863 2915 916 breviter
2935 864 3318 934 suerinetequc
3346 880 3467 930 san-

1889 952 2063 1008 ctitati
2115 961 2311 1005 vestra:
2354 952 2475 1006 dico
2520 954 2773 1021 quoniam
2825 954 3056 1008 Satanas
3097 956 3314 1011 videtur
3346 972 3467 1012 esse

1888 1043 2112 1097 solutus.
2136 1042 2246 1097 Rex
2288 1058 2522 1112 namque
2565 1043 2831 1111 superbiae
2855 1056 3022 1112 prope
3049 1053 3167 1109 est;
3204 1054 3279 1109 et,
3319 1044 3465 1114 quod

1890 1135 1994 1189 dici
2024 1132 2175 1189 nefas
2207 1140 2311 1199 est,
2344 1136 2689 1188 sacerdotum
2717 1134 2765 1187 ei
2796 1142 3133 1203 przeparatur
3166 1137 3463 1199 exercitus,

1891 1228 2017 1296 quia
2068 1229 2279 1283 cervice
2319 1228 2461 1283 elata
2505 1226 2739 1280 militant
2786 1226 2880 1295 qui
2920 1227 3195 1296 praepositi
3251 1236 3380 1283 sunt
3410 1239 3469 1281 ut

1890 1320 2168 1389 praebeant
2206 1319 2451 1388 exempla
2499 1306 2862 1371 humilitatis:
2892 1317 2971 1371 sic
3002 1327 3059 1371 ut
3092 1318 3331 1374 Danielis
3372 1335 3468 1372 va-

1893 1410 2138 1464 ticinium
2190 1410 2440 1464 videatur
2499 1425 2621 1465 esse
2671 1410 3018 1480 completum.
3070 1411 3212 1480 Ergo
3268 1414 3358 1482 qni
3414 1414 3467 1467 in

1888 1498 2070 1554 Judtea
2095 1510 2173 1555 est
2204 1501 2269 1554 ad
2298 1511 2508 1555 montes
2545 1501 2736 1570 fugiat,
2770 1511 2818 1554 et
2858 1502 2948 1565 qui
2980 1502 3032 1554 in
3064 1513 3196 1556 tecto
3233 1515 3331 1568 est,
3365 1521 3467 1557 non

1890 1590 2394 1644 descendatvtollere
2441 1590 2643 1661 aliquid
2687 1592 2751 1644 de
2799 1591 2952 1644 domo
3009 1592 3244 1660 (Matth.
3286 1612 3465 1658 -X.\‘l\',

1895 1683 2006 1749 17),
2032 1691 2134 1736 etc.
2164 1682 2400 1738 Proinde
2429 1698 2545 1747 vos,
2600 1684 2690 1752 qui
2720 1684 2774 1737 in
2824 1693 2966 1738 tecto
3011 1685 3225 1739 Domini
3275 1701 3467 1755 passer

1892 1774 2170 1828 solitarius
2217 1774 2498 1838 extitistis,
2544 1785 2599 1828 et
2643 1790 2832 1845 agrum
2886 1776 2981 1829 Dei
3026 1792 3247 1832 vomere
3276 1778 3471 1849 lingme

1871 1862 2127 1916 viriliter
2173 1865 2540 1927 conscidistis,
2571 1866 2637 1919 ad
2670 1874 2880 1919 montes
2908 1864 3098 1935 fugere
3126 1882 3235 1923 nec.
3257 1873 3472 1938 oportet

1858 1984 1861 1988 ~
1893 1953 1960 2008 de
1988 1954 2150 2022 plano
2180 1954 2381 2024 aliquid
2412 1955 2621 2011 tollere.
2668 1956 2781 2011 Etsi
2827 1957 3014 2011 Romae
3051 1973 3158 2012 non
3196 1968 3280 2013 est
3328 1975 3473 2014 nunc

1892 2043 2210 2115 Gregorius,
2261 2055 2343 2100 est
2399 2056 2578 2102 tamen
2618 2046 2824 2115 Anglice
2867 2046 3243 2117 Augustinus;
3278 2059 3341 2104 et
3378 2052 3471 2121 qui

1891 2136 2113 2190 deditei
2144 2136 2299 2206 signa
2344 2145 2399 2190 et
2436 2138 2680 2207 prodigia
2732 2137 2937 2201 facere,
2978 2140 3125 2193 dabit
3179 2141 3331 2195 vobis
3374 2158 3473 2212 pro

1889 2221 2088 2277 Christi
2118 2223 2221 2278 ﬁde
2245 2225 2312 2278 ad
2344 2224 2503 2279 ﬁnem
2530 2241 2700 2295 usque
2732 2226 2958 2282 viriliter
2982 2237 3194 2284 certare
3220 2244 3234 2282 :
3268 2229 3471 2285 Fidelis

1889 2327 1965 2372 est
2010 2320 2146 2371 enim
2186 2319 2345 2384 Deus,
2383 2322 2472 2390 qui
2508 2337 2612 2375 non
2643 2322 2870 2390 patietur
2896 2338 2981 2376 vos
3012 2323 3202 2376 tentari
3235 2341 3397 2393 supra
3420 2326 3473 2377 id

1888 2407 2027 2476 quod
2072 2405 2215 2463 ferre
2246 2411 2458 2478 potestis
2503 2408 2553 2480 (I
2599 2409 2723 2463 Cor.
2764 2426 2829 2475 x,
2867 2411 2978 2481 15).
3030 2411 3470 2468 Benedictioucm

1891 2508 2073 2552 autem
2104 2507 2341 2554 vestram
2380 2515 2483 2570 qua
2526 2500 2684 2555 debui
2712 2511 2904 2556 mente
2943 2502 3176 2572 suscepi,
3223 2503 3359 2558 bene
3385 2521 3473 2558 sa-

1869 2590 2149 2658 pientem,
2186 2591 2323 2645 bene
2352 2590 2706 2647 redolentem.
2756 2592 2867 2647 Deo
2910 2601 3090 2648 autem
3122 2595 3326 2664 gratias
3360 2597 3472 2666 agi-

1894 2684 2199 2751 mus,'quia
2227 2699 2488 2753 saporosa
2512 2694 2638 2740 sunt
2661 2694 2713 2740 et
2739 2687 2970 2741 odorosa
2996 2702 3115 2756 quas
3139 2688 3318 2757 agitis,
3353 2705 3473 2758 qua:

1894 2771 2098 2837 dicitis,
2144 2786 2268 2841 qua:
2313 2773 2475 2828 datis.
2527 2774 2602 2828 De
2652 2776 2757 2828 vita
2801 2784 2981 2829 autem
3013 2786 3194 2829 vestra
3231 2778 3473 2831 dicamus

1894 2863 2116 2932 pariter,
2149 2863 2394 2919 dicamus
2435 2879 2627 2919 omnes
2671 2883 2683 2918 :
2730 2862 2912 2918 Gloria
2962 2867 3017 2919 in
3065 2866 3281 2919 excelsis
3342 2868 3472 2930 Deo,

1891 2954 2016 3005 etin
2060 2962 2202 3007 terra
2230 2966 2337 3022 pas.~
2379 2954 2675 3008 hominibus
2715 2955 2862 3008 bonae
2904 2954 3191 3009 voluntatis
3232 2956 3383 3027 (Luc.
3411 2974 3472 3022 tt,

206 3060 268 3104 ut
316 3049 407 3118 qui
449 3049 562 3119 jam
609 3047 709 3102 soli
750 3042 1114 3108 remansistis,
1157 3040 1297 3138 nihil
1326 3041 1589 3138 habentes
1646 3036 1789 3138 quod
1817 3077 1861 3138 Ο
1897 3043 2006 3115 ll).
2054 3044 2204 3117 Rogo
2232 3061 2347 3110 vos,
2389 3055 2542 3101 orate
2570 3061 2667 3116 pro
2700 3061 2783 3100 me
2828 3055 2889 3100 ut
2929 3046 3115 3102 Simon
3162 3063 3248 3102 me
3291 3048 3473 3118 aliqua

207 3139 424 3204 ametis,
456 3137 574 3191 sine
612 3134 759 3192 omni
798 3134 1185 3205 impedimento
1232 3130 1299 3184 ad
1345 3129 1494 3184 illum
1534 3127 1787 3192 curratis,

205 3239 264 3283 et
292 3230 342 3284 ei
371 3244 469 3284 vos
494 3238 549 3283 et
573 3236 755 3283 vestra
802 3224 1067 3281 reddatis.
1115 3221 1471 3291 Omnipotens
1520 3218 1661 3273 Deus
1710 3217 1790 3273 sic

205 3335 307 3375 vos
330 3334 427 3375 suo
455 3332 639 3374 amore
687 3317 948 3373 accendat
986 3323 1046 3369 ut
1089 3329 1305 3369 omnem
1355 3313 1515 3383 hujus
1544 3312 1669 3365 vitae
1696 3311 1788 3364 de-

201 3412 557 3466 .ectationem
588 3410 753 3466 faciat
779 3416 1151 3470 contemnere,
1185 3412 1239 3459 et
1270 3403 1336 3459 ad
1366 3419 1424 3459 se
1452 3411 1565 3458 toto
1590 3400 1785 3457 atieetu

204 3504 436 3560 tendere
462 3514 516 3559 et
542 3501 847 3573 pervenire.
880 3500 1071 3554 Amen.

725 3588 1059 3646 EPISTULA
1097 3585 1279 3641 XLIV.

540 3698 819 3738 PASCHALIS
858 3696 1005 3735 ΡΑΡΛΞ
1044 3696 1112 3733 AD
1154 3692 1455 3733 ARSELMUM.

192 3774 277 3831 σε
300 3783 595 3829 constanter
617 3790 672 3827 se
708 3772 948 3895 gerat
974 3771 1164 3825 tuenda
1200 3769 1447 3824 Ecclesia
1482 3766 1786 3838 Anglicana:

892 3860 907 3895 ι
945 3852 1126 3895 ertate.

892 3852 1126 3895 ibertate.

269 3936 570 3991 PASCBALIS
617 3934 926 4005 episcopus,
967 3948 1158 3988 servus
1207 3945 1487 3985 servorum
1529 3930 1641 3993 Dei,
1682 3944 1777 3983 ve-

192 4027 434 4083 nerabili
464 4027 616 4081 fratri
639 4036 693 4081 et
718 4026 1040 4095 coepiscopo
1069 4024 1324 4077 Assumo
1346 4023 1783 4087 Cantuariorum,

188 4117 437 4173 salutem
474 4123 529 4169 et
556 4115 913 4183 apostolicam
945 4114 1404 4168 benedictionem.

269 4206 397 4261 Non
418 4206 637 4276 ignoras
659 4206 853 4260 divinae
875 4204 1168 4259 voluntatis
1191 4204 1501 4271 consilium,
1525 4214 1630 4260 etc.
1658 4203 1787 4258 Vide

184 4302 247 4355 in
275 4296 533 4352 Paschali
555 4295 618 4350 11
654 4297 722 4350 ad
751 4313 840 4349 an.
874 4295 1031 4351 1118.

728 4387 1067 4443 EPISTOLA
1106 4387 1240 4442 XLV
1255 4427 1268 4441 .

685 4494 916 4535 EIUSDEM
949 4495 1016 4533 AD
1050 4493 1294 4534 EUMDEM.

177 4572 449 4628 Anselmo
475 4586 593 4624 eum
623 4571 687 4624 de
726 4571 925 4641 aliquot
962 4571 1134 4623 dubiis
1174 4568 1462 4623 consulenti
1490 4569 1779 4639 respondet.

258 4664 569 4717 pASCHALIS
608 4660 916 4731 episcopus,
947 4674 1137 4714 servus
1163 4675 1442 4714 servorum
1474 4659 1587 4723 Dei,
1619 4674 1783 4714 vene-

173 4755 354 4812 rabili
388 4752 543 4806 fratri
573 4761 627 4807 et
655 4751 971 4821 Coepiscopo
1006 4753 1286 4814 Assumo,
1311 4750 1538 4805 salutem
1565 4758 1619 4803 et
1649 4764 1779 4819 apo-

170 4846 449 4902 stolicam
481 4841 933 4897 benedictionem.

245 4933 526 4995 Consulta
564 4932 657 4988 illa
700 4948 820 5003 qure
858 4947 957 5002 per
1000 4931 1346 4987 venerabiles
1389 4931 1609 4986 nuntios
1659 4940 1780 4986 tuos

167 5031 513 5087 Baldemum
545 5036 602 5081 et
624 5026 1010 5089 Alexandrum,
1033 5033 1139 5079 etc.
1178 5021 1307 5077 Vide
1334 5024 1387 5077 in
1421 5022 1664 5077 Pascltali
1694 5020 1779 5075 Il.

589 5115 755 5187 334
798 5115 1131 5172 EPISTULA
1190 5115 1374 5171 XLVI.

620 5223 900 5262 BENEDICTI
939 5224 1006 5262 AD
1047 5223 1356 5264 ANSELIUH.

307 5297 691 5357 Consolatoria
718 5308 793 5351 est
819 5308 866 5351 et
896 5300 1079 5352 amicis
1106 5299 1319 5351 condita
1357 5298 1675 5365 alfectibus.’

247 5399 496 5454 Domino
543 5404 600 5450 et
649 5391 937 5449 venerabili
981 5388 1128 5443 Patri
1154 5388 1429 5452 Auseuto,
1478 5389 1650 5456 gratia
1682 5386 1776 5439 Dei

1894 3144 2048 3204 parte
2071 3149 2422 3204 corrumpere
2458 3143 2706 3205 nequeat,
2745 3145 2801 3189 et
2845 3136 2986 3191 Deus
3023 3137 3093 3192 ab
3134 3137 3238 3193 boc
3280 3139 3472 3209 pelago

1893 3244 1959 3301 ad
1989 3255 2214 3316 portam
2244 3246 2434 3302 salutis
2463 3247 2743 3318 perducat.

2332 3337 2667 3394 EPISTOLA
2705 3338 2887 3395 XLVII
2916 3339 3007 3393 ⁹⁵⁸.

2229 3446 2450 3485 ΑΝςΕιΜι
2491 3446 2559 3485 ΑΒ
2596 3446 2901 3487 PASCHALEM
2940 3448 3131 3487 ΡΔΡΑΙ.

1897 3526 2108 3580 Auditis
2136 3527 2353 3581 decretis
2379 3525 2599 3579 Romani
2624 3528 2856 3593 concilii,
2884 3530 2968 3581 cui
3004 3528 3277 3582 Anselmus
3314 3531 3470 3585 inter-

1963 3597 2158 3669 fuerat,
2199 3612 2296 3650 rea:
2334 3597 2397 3649 de
2435 3596 2539 3669 illis
2578 3612 2838 3669 summum
2868 3598 3170 3668 pontiﬁcem
3216 3602 3472 3669 requirit,-

1960 3668 2087 3735 quid
2131 3676 2307 3721 autem
2345 3683 2482 3736 papa
2506 3667 2874 3736 judicaverit,’
2897 3668 2999 3723 δὶῡὶ
3042 3667 3333 3739 signiﬁcari
3364 3673 3471 3723 An-

1959 3737 2033 3790 sel
2044 3753 2159 3790 mus
2179 3739 2324 3807 petit.

1965 3830 2193 3884 Domino
2234 3830 2554 3895 reverenda,
2599 3838 2653 3886 et
2697 3829 2843 3885 Patri
2876 3829 3154 3900 diligendo
3200 3832 3468 3888 PASCIIALI

1894 3920 1982 3984 ⁵⁵⁵⁸,
2028 3934 2239 3975 summo
2293 3919 2566 3991 pontiﬁci,
2625 3922 2929 3983 Auseruus,
2981 3937 3174 3977 servus
3220 3924 3471 3982 Ecclesiae

1882 4014 2327 4083 ,Cantuariensis,
2376 4013 2614 4068 debitam
2657 4013 3049 4081 subjectionem
3080 4024 3134 4069 et
3162 4016 3470 4071 orationum

1893 4107 2288 4161 assiduitatem.
3124 4164 3125 4169 η

1962 4198 2257 4268 Postquam
2322 4210 2610 4255 revocatus
2667 4202 2737 4255 ad
2793 4200 3168 4272 episcopatum
3224 4204 3359 4259 redii
3415 4205 3470 4259 in

1892 4287 2166 4359 Angliam,
2208 4288 2419 4345 ostendi
2470 4290 2701 4346 decreta-
2737 4291 3034 4361 apostolica
3086 4308 3205 4363 quae
3258 4295 3311 4349 in
3366 4294 3468 4351 Ro-

1814 4413 1860 4468 D
1894 4390 2056 4434 manu
2083 4380 2316 4436 concilio
2362 4395 2603 4450 praesens
2644 4382 2822 4437 audivi
2849 4399 2864 4446 ;
2906 4383 2973 4437 de
2998 4398 3105 4452 qua
3134 4399 3192 4439 re
3217 4384 3469 4441 dominus

1892 4484 2045 4526 meus
2068 4486 2161 4529 rex
2185 4480 2421 4526 vestram
2445 4473 2728 4539 requisivit
2746 4473 3091 4529 sanctitatem
3113 4488 3210 4543 per
3232 4473 3469 4545 legatum

1893 4579 2072 4631 suum,
2096 4573 2151 4618 et
2170 4578 2271 4635 ego
2294 4579 2390 4633 per
2416 4564 2701 4632 epistolam
2726 4580 2900 4619 meam
2926 4575 3166 4621 vestrum
3189 4566 3466 4635 inquisivi,

1891 4660 2189 4715 secundum
2218 4657 2360 4728 quod
2394 4672 2508 4712 rem
2539 4661 2962 4729 cognosceretis,
2992 4659 3301 4714 consilium.
3331 4660 3467 4729 liegi

1892 4764 1989 4819 per
2016 4749 2231 4803 litteras
2259 4757 2475 4802 vestras
2501 4750 2877 4818 respondistis,
2904 4751 3034 4804 mihi
3060 4765 3187 4809 vero
3212 4750 3462 4814 minime;

1888 4840 1983 4895 sed
2036 4839 2292 4909 quoniam
2334 4838 2411 4891 illi
2458 4853 2780 4908 responsum
2813 4841 2956 4908 quod
2987 4836 3062 4892 illi
3094 4836 3364 4894 sufﬁceret
3394 4839 3465 4872 ’⁸ο

1889 4947 1998 4987 non
2042 4931 2269 4987 dedistis
2290 4970 2306 4997 ,
2349 4930 2526 4985 adhuc
2562 4941 2798 4986 vestram
2831 4947 2929 5000 pro
2958 4930 3147 4984 eadem
3177 4945 3236 4985 re
3262 4934 3466 4990 adeunt

1890 5024 2108 5095 quidam
2139 5023 2378 5094 episcopi
2417 5022 2792 5091 priesentiam;
2832 5029 2888 5076 et
2933 5035 3033 5091 ego
3065 5032 3282 5079 nostros
3309 5025 3465 5083 mitto

1892 5116 2117 5186 legatos,
2159 5113 2400 5183 responsi
2445 5113 2612 5166 vestri
2645 5112 2774 5165 mihi
2804 5111 3071 5169 relaturos
3116 5118 3461 5183 sententiam,

1889 5219 1959 5259 ne
1984 5203 2123 5257 forte
2152 5204 2340 5257 videar
2374 5201 2535 5255 alicui
2582 5216 2727 5257 meo.
2753 5201 2877 5261 solo.
2910 5219 3071 5260 sensu
3110 5208 3194 5262 vel
3242 5211 3463 5279 propria

1882 5290 2164 5348 voluntate
2220 5292 2512 5362 quidquam
2564 5296 2765 5349 facere.
2823 5293 3049 5351 Servata
3102 5297 3268 5367 igitur
3316 5300 3457 5368 apud

1888 5398 1975 5438 me
2034 5382 2339 5438 reverentia
2401 5383 2545 5439 sedis
2611 5384 2958 5454 apostolicae,
3026 5400 3222 5456 precor
3274 5396 3333 5442 ut
3387 5388 3460 5443 de

1479 5518 1707 5575 VARUE
1744 5517 2145 5577 LECTIONES.

246 5623 329 5655 ’³⁷
357 5621 471 5690 Ego
497 5618 832 5675 dilectissimi
862 5634 938 5671 ms
966 5631 1096 5688 ergo
1119 5612 1456 5690 dilectissimi
1532 5612 1602 5690 ’δξ
1629 5609 1760 5690 (ἔρνη
1794 5613 1975 5690 eodem
1998 5628 2085 5690 nis
2106 5610 2301 5690 collata

163 5690 358 5753 seltali
406 5682 481 5744 ins
516 5691 741 5744 Domino
785 5682 1079 5744 reverenda
1108 5694 1159 5741 et
1188 5684 1331 5739 Patri
1367 5682 1636 5753 diligendo
1661 5682 1903 5739 Paschali

2414 5608 2480 5643 ’δ’
2513 5611 2739 5666 Domino
2768 5623 2820 5667 et
2856 5613 3000 5668 Patri
3041 5612 3335 5668 reverenth
3363 5612 3463 5668 Pa-

2017 5681 2087 5713 ’⁸ο
2138 5680 2358 5733 Vestras
2416 5696 2754 5755 responsuri:
2790 5683 2933 5749 quod
2980 5684 3054 5739 illi
3083 5681 3355 5755 sufﬁceret
3383 5700 3461 5737 ms

166 5748 419 5820 vestras
447 5759 817 5827 respondistis,
852 5758 983 5812 mihi
1013 5770 1139 5812 vero
1164 5754 1384 5809 minime
1410 5772 1423 5808 :
1450 5748 1541 5809 s'ed
1578 5755 1834 5833 quoniam
1886 5752 1959 5808 illi
2006 5764 2321 5819 responsum
2353 5748 2494 5822 quod
2508 5748 2593 5807 illi
2622 5748 2907 5825 sufﬁceret
