4028 6302
575 329 676 390 ’ἳῐι
1131 332 1188 385 S.
1232 331 1526 387 ANSELMI
1571 333 1916 388 CANIL‘AB.
1965 335 2191 393 ARCHII

2322 338 2471 396 OPP.
2508 340 2687 399 PARS
2726 342 2809 397 III.
2852 372 2918 384 ——
2959 341 3333 401 EPISTOLIE.

3859 349 3936 408 80

606 444 874 515 petitione
923 457 1085 512 quam
1123 441 1274 496 vobis
1318 441 1562 513 prmdicti
1605 443 1844 520 episcopi
1903 452 2175 512 exponant
2206 446 2249 502 Α
2278 447 2611 504 cbarissimis
2639 435 2916 506 monachis
2949 451 3000 505 in
3031 450 3306 508 Cestrensi
3335 453 3584 510 cmnobio
3619 453 3687 511 S.
3723 455 3923 513 “Fer-

618 533 785 608 385
849 535 990 604 quod
1060 533 1250 589 melius
1310 545 1367 590 et
1432 535 1620 590 utilius
1686 529 1950 606 sapientia
2008 546 2184 590 vestra

607 627 904 681 secundum
945 625 1110 679 Deum
1155 623 1518 694 iudicaverit,
1558 625 1894 695 disponatis;
1935 635 1990 681 et
2029 626 2184 695 quid-

609 717 737 786 quid
775 715 908 769 illud
948 713 1134 776 fuerit,
1173 729 1272 783 per
1311 715 1522 785 legatos
1570 725 1790 771 nostros
1836 730 1922 769 me
1975 725 2183 771 certum

609 811 845 866 faciatis.
907 808 1063 864 Sicut
1119 809 1264 864 enim
1319 823 1425 864 non
1483 807 1821 880 pertinet'ad
1858 809 1954 864 'me
2007 809 2186 865 absol-

606 915 732 956 vere
779 899 923 970 quod
973 899 1175 970 ligatis,
1228 898 1298 952 ita
1338 900 1443 955 non
1491 907 1575 954 est
1621 913 1800 955 meum
1833 899 2004 971 ligare
2040 901 2185 971 quod

606 990 908 1046 absolvitis.
937 982 944 989 ’
1159 994 1170 1003 ’

623 1092 626 1094 ⁷
775 1099 777 1102 ‘
1102 1079 1432 1139 EPISTOLA
1457 1079 1682 1138 XLVIII.

1093 1190 1314 1228 ANSELMI
1355 1191 1422 1228 AD
1459 1190 1698 1229 EUMDEU.

605 1265 894 1322 Consilium
931 1265 983 1318 in
1013 1265 1243 1318 adrcrsis
1267 1281 1382 1327 quae
1394 1264 1508 1332 jam
1537 1280 1628 1332 per
1665 1279 1842 1316 norem
1868 1278 2034 1315 annos
2064 1279 2187 1332 pas-

673 1354 763 1390 sus
802 1345 877 1390 est
928 1345 1208 1403 exspectat.
1263 1333 1618 1402 Precaturqtte
1660 1344 1715 1388 ut
1767 1332 1988 1401 pallium
2025 1332 2185 1386 electo

590 1455 592 1458 ,
680 1407 998 1464 Eboracensi
1025 1406 1262 1474 episcopo
1293 1404 1564 1457 concedat.

678 1496 827 1559 Domi
837 1513 905 1560 no
928 1504 982 1551 et
1010 1495 1155 1550 Patri
1185 1493 1479 1550 reverendo
1501 1494 1788 1557 PASCHALI,
1812 1506 2027 1548 summo
2056 1507 2189 1562 pon-

605 1589 774 1651 tiﬁci.
817 1589 1132 1649 Amasenus,
1185 1601 1376 1642 servus
1432 1584 1686 1643 Ecclesiae
1737 1582 2186 1648 Cantuariensis,

603 1681 841 1734 debitam
881 1677 1293 1745 subjectiouem.

674 1770 893 1838 Quanto
945 1768 1122 1822 studio
1176 1782 1328 1822 mens
1371 1781 1490 1822 mea
1540 1780 1641 1836 pro
1689 1780 1784 1820 sua
1831 1763 2188 1835 possibilitate
2217 1783 2263 1843 Β

601 1863 746 1918 sedis
774 1861 1082 1933 apostolicae
1116 1859 1478 1921 reverentiam,
1499 1865 1554 1913 et
1588 1857 1949 1915 obedientiam
1981 1857 2188 1927 ample-

599 1965 798 2020 ctatur,
842 1961 1112 2010 testantur
1140 1952 1322 2006 multae
1357 1959 1413 2006 et
1446 1950 1781 2021 gravissima:
1814 1948 2191 2004 tribulationes
2271 1985 2274 1987 λ

599 2047 783 2103 cordis
812 2047 940 2112 mei,
974 2046 1072 2102 soli
1104 2045 1215 2099 Deo
1264 2052 1320 2098 et
1359 2042 1491 2099 mihi
1530 2049 1692 2106 notae,
1740 2056 1878 2110 quas
1920 2039 1988 2094 ab
2037 2039 2190 2094 initio

598 2139 944 2209 episcopatus
975 2137 1081 2192 mei
1108 2136 1364 2192 continue
1389 2133 1504 2205 jam
1541 2148 1637 2203 per
1677 2147 1869 2187 novem
1896 2146 2089 2196 annos,
2133 2139 2190 2186 et

601 2214 878 2284 inexsilio
918 2235 976 2281 et
1021 2226 1335 2296 episc0patu
1385 2239 1577 2294 passus
1611 2239 1755 2288 sum,
1785 2223 1910 2293 quia
1945 2223 2188 2290 ejusdem

602 2317 750 2374 sedis
788 2315 1108 2387 subjectioni
1152 2324 1208 2369 et
1253 2313 1576 2371 obedientiie
1622 2313 2052 2384 inseparabiliter
2093 2315 2190 2369 ad-

605 2411 759 2464 htesi.
799 2407 841 2462 A
867 2423 972 2478 qua
1003 2407 1302 2466 intentione
1339 2421 1496 2477 spero
1526 2407 1578 2461 in
1615 2405 1727 2461 Deo
1763 2407 1889 2476 quia
1930 2406 2064 2460 nihil
2107 2416 2191 2462 est

604 2501 749 2566 qttod
782 2514 866 2552 me
898 2497 1069 2568 possit
1114 2497 1414 2554 retrahere.
1464 2495 1729 2563 Quoniam
1769 2495 1838 2552 de
1876 2497 1960 2552 his
1995 2497 2191 2566 quibus

603 2589 981 2645 excellentiam
1025 2598 1262 2644 vestram
1293 2587 1551 2658 requisivi
1595 2601 1694 2658 per
1735 2587 2019 2658 epistolam
2059 2589 2191 2646 mis-

603 2697 717 2736 sam
769 2681 898 2735 olim
952 2695 1046 2750 per
1095 2679 1462 2746 Guillelmum,
1516 2681 1660 2752 regis
1715 2679 1886 2737 nostri
1929 2680 2186 2750 legatum,

602 2772 804 2827 nullum
841 2771 1054 2841 suscepi
1089 2785 1426 2840 responsum,
1475 2770 1672 2826 iterum
1707 2785 1772 2826 ea
1817 2785 2041 2827 necesse
2092 2771 2191 2827 ha-

603 2867 702 2920 beo
738 2875 1002 2935 repetere.
1060 2864 1135 2919 De
1180 2863 1285 2919 hoc
1321 2863 1465 2933 quod
1497 2863 1643 2919 inter
1679 2877 1861 2933 regem
1896 2872 1950 2918 et
1988 2877 2075 2917 me
2107 2873 2192 2918 est

600 2957 845 3013 subicere
873 2964 1005 3025 puto
1033 2954 1316 3025 sapientiae
1347 2963 1540 3011 vestra:
1583 2952 1726 3023 quod
1763 2953 1817 3007 in
1848 2953 1968 3008 aliis
1995 2952 2191 3007 litteris

600 3049 850 3120 signiﬁco
879 3054 932 3102 et
951 3046 1100 3116 quod
1129 3060 1228 3115 per
1253 3043 1461 3115 legatos
1484 3055 1700 3101 nostros
1724 3043 2087 3116 cognoscetis.
2116 3044 2192 3100 De

601 3157 708 3210 qua
756 3154 812 3193 re
867 3152 974 3194 non
1020 3145 1104 3192 est
1150 3135 1468 3191 humilitatis
1509 3150 1642 3190 mea:
1677 3145 1870 3190 vestrae
1911 3133 2190 3204 sapientia:
2216 3141 2258 3198 C

602 3231 758 3297 dare,
786 3229 880 3283 sed
909 3227 976 3281 ab
1007 3241 1070 3281 ea
1097 3235 1417 3294 exspectare
1457 3224 1760 3281 consilium.
1791 3224 1989 3281 Precor
2010 3234 2188 3280 autem

602 3319 1028 3389 omnipotentem
1063 3316 1230 3373 Deum
1272 3323 1542 3388 quatenus
1578 3315 1694 3388 ipse
1731 3330 1828 3371 cor
1856 3324 2094 3372 vestrum
2122 3316 2189 3371 ad

602 3411 815 3467 laudem
844 3407 1150 3478 etgloriam
1191 3407 1427 3464 nominis
1462 3407 1546 3462 sui
1593 3415 1648 3462 et
1676 3406 1965 3462 utilitatem
2005 3405 2192 3462 Eccle-

602 3501 698 3558 siae
744 3514 856 3555 suae
909 3498 1147 3570 dirigat,
1197 3506 1256 3553 ut
1311 3498 1379 3553 de
1433 3497 1578 3554 vultu
1625 3497 1742 3569 ejus
1792 3497 2052 3567 judicium
2097 3513 2192 3553 ve-

602 3601 777 3646 strum
822 3589 1076 3661 prodeat,
1125 3595 1180 3644 et
1223 3587 1364 3644 oculi
1420 3588 1537 3658 ejus
1587 3587 1937 3643 inromuibus
1984 3587 2192 3644 actibus

593 3682 800 3737 vestris
821 3681 1039 3736 videant
1069 3679 1400 3750 aequitatem.
1437 3679 1513 3733 De
1551 3678 1960 3748 archiepiscopo
1989 3679 2192 3735 Ebora-

604 3775 751 3832 censi
784 3774 979 3838 electo,
1022 3772 1163 3828 sicut
1201 3786 1296 3841 per
1341 3770 1624 3840 episcopos
1669 3770 1908 3840 quicum
1938 3783 2002 3827 eo
2041 3779 2185 3834 sunt,

602 3857 851 3936 poteritis
880 3875 1194 3935 agnoscere,
1225 3857 1449 3930 supplex
1490 3874 1684 3929 precor
1718 3869 1988 3930 quatenus
2026 3860 2190 3931 pallio

603 3965 824 4028 propter
849 3953 994 4026 quod
1025 3955 1260 4009 vestram
1287 3952 1402 4007 adit
1449 3949 1845 4014 excellentiam,
1873 3948 2029 4005 nobis
2065 3965 2189 4006 eum

598 4044 979 4104 coutirmatum
1013 4053 1067 4101 et
1092 4045 1264 4116 gratia
1295 4052 1475 4100 vestra
1507 4042 1830 4096 honoratum
1874 4040 2186 4121 remittatis.

591 4137 774 4192 Credo
798 4135 944 4190 enim
981 4135 1122 4204 quod
1146 4149 1251 4189 non
1278 4143 1365 4188 est
1398 4133 1450 4187 in
1478 4129 1667 4202 Anglia
1696 4131 1786 4201 qui
1823 4136 2028 4186 tantum
2061 4147 2188 4202 pos-

601 4228 675 4282 sit
703 4227 756 4280 in
782 4224 1168 4280 ecclesiasticis
1193 4226 1355 4280 rebus
1383 4224 1672 4294 prodesse;
1703 4234 1760 4279 et
1779 4239 1942 4294 spero
1971 4224 2026 4280 in
2054 4225 2184 4292 Deo,

598 4317 728 4387 quia
781 4316 923 4370 sicut
956 4330 987 4370 a
1032 4315 1141 4370 Deo
1183 4315 1394 4384 accepit
1439 4315 1770 4380 facultatem,
1824 4316 1984 4370 habet
2023 4315 2183 4371 etiam

588 4407 955 4462 voluntatem.
985 4404 1241 4473 Quaedam
1287 4405 1391 4461 alia
1432 4421 1553 4476 quae
1595 4407 1764 4461 nostri
1805 4406 1964 4478 legati
1995 4418 2185 4462 vestrae

2285 538 2468 607 liurgze
2488 543 2954 597 cormuaneutibus
2976 542 3203 598 salutem
3223 553 3276 598 et
3299 544 3752 603 benedictionem
3789 548 3928 615 Dei,

2286 635 2341 680 ει
2364 642 2540 685 suam.

2359 737 2677 794 Benedictus
2711 741 2848 796 Deus
2874 741 2926 796 in
2970 743 3128 798 donis
3152 743 3285 810 suis,
3315 753 3372 800 et
3406 755 3634 803 sanctus
3673 745 3740 802 in
3780 763 3918 803 ωηο

2272 827 2442 900 uibus
2471 830 2726 898 operibus
2772 833 2906 899 suis,
2946 834 3037 904 qui
3083 843 3137 889 ct
3163 840 3275 891 ’νος
3302 837 3372 868 ’⁸³
3407 835 3622 892 facitet
3646 854 3921 894 nurnero

2287 933 2532 973 crescere
2568 929 2622 974 et
2666 915 2952 990 augmento
2987 925 3261 994 religionis
3301 927 3584 998 prolicere.
3611 927 3920 995 Quamvis

2286 998 2428 1050 enim
2478 999 2542 1054 de
2585 1002 2824 1056 omnium
2865 1019 3144 1058 servorum
3192 1005 3283 1059 Dei
3314 1007 3558 1077 proiectu
3581 1009 3917 1078 gaudeam,

2288 1089 2341 1144 in
2379 1093 2529 1148 vobis
2559 1104 2735 1150 tamen
2774 1093 2972 1168 aliquid
3016 1098 3189 1153 habeo
3213 1099 3444 1169 speciale
3467 1115 3563 1154 cur
3593 1101 3669 1156 de
3701 1113 3919 1158 vestro

2287 1180 2462 1236 lactari
2492 1180 2734 1253 profeCtu
2763 1187 3011 1254 debeam,
3052 1192 3306 1260 quoniam
3333 1207 3428 1261 per
3453 1207 3538 1247 me
3572 1191 3734 1247 Deus
3769 1209 3918 1248 conv

2286 1273 2612 1342 gregatiouis
2628 1283 2822 1330 vestra:
2842 1286 2924 1331 est
2945 1277 3196 1348 dignatus
3211 1279 3500 1335 instituere
3519 1279 3915 1351 principium,

2287 1357 2559 1427 abbatem,
2589 1362 2866 1418 dominum
2893 1351 3102 1422 scilicet
3142 1367 3457 1433 Ricardum,
3490 1369 3914 1426 charissimam

2288 1447 2454 1524 ﬁlium
2511 1462 2778 1509 nostrum.
2814 1457 3030 1512 Gratias
3072 1458 3235 1530 igitur
3275 1475 3376 1532 ago
3419 1462 3529 1517 Deo
3571 1447 3678 1532 pro
3711 1465 3910 1534 gratia

2289 1555 2384 1595 sua
2411 1557 2568 1611 quam
2600 1547 2838 1602 ostendit
2867 1548 2919 1603 in
2951 1550 3132 1616 vobis;
3181 1559 3237 1606 et
3273 1567 3372 1607 oro
3409 1562 3488 1619 ut,
3518 1554 3665 1609 sicut
3692 1555 3910 1610 eadem

2288 1633 2460 1701 gratia
2498 1649 2592 1688 vos
2618 1638 2915 1705 przevenire
2964 1640 3214 1711 dignatus
3253 1651 3354 1708 est,
3387 1642 3459 1697 ita
3505 1644 3910 1698 indesinenter

2291 1724 2673 1795 subsequatur,
2699 1739 2966 1800 quatenus
2993 1749 3267 1803 nunquam
3293 1751 3390 1792 vos
3417 1736 3484 1790 de
3506 1737 3607 1792 hoc
3636 1736 3716 1792 ad
3746 1737 3907 1806 quod

2290 1827 2386 1868 vos
2433 1819 2710 1885 provexit,
2759 1821 3034 1890 permittat
3089 1824 3354 1893 deiicere,
3406 1818 3779 1897 sed'semper
3835 1827 3905 1881 ad

2290 1903 2512 1959 meliora
2560 1905 2725 1963 donet
2770 1910 3075 1979 prolicere;
3127 1913 3268 1982 quod
3301 1929 3400 1984 pro
3438 1925 3588 1970 certo
3633 1915 3763 1984 ipse
3812 1915 3903 1969 fa-

2288 1997 2418 2064 ciet,
2444 1997 2488 2053 si
2522 2013 2626 2054 non
2667 2001 3002 2072 negligentes
3050 2003 3264 2062 fueritis
3312 2007 3452 2062 bona
3494 2010 3564 2063 ad
3608 1992 3752 2080 quae,
3779 2012 3901 2084 jam

2289 2088 2635 2156 pervenistis,
2669 2104 2906 2146 servare.
2941 2091 3073 2148 Cum
3113 2095 3256 2149 enim
3305 2097 3399 2152 Dei
3449 2097 3518 2152 sit
3563 2113 3663 2165 sua
3709 2100 3898 2170 gratia

2288 2192 2503 2250 semper
2537 2194 2635 2235 nos
2663 2182 2963 2251 praevenire
2991 2183 3081 2251 "3,
3116 2195 3361 2241 nostrum
3397 2197 3478 2242 est
3504 2189 3649 2258 quod
3680 2190 3900 2262 accipi-

2290 2286 2430 2334 mus,
2462 2271 2578 2339 ejus
2619 2273 2818 2329 auxilio
2861 2274 3098 2330 studiose
3136 2277 3429 2333 custodire.
3461 2277 3596 2334 Nam
3628 2282 3899 2350 quamvis

2280 2355 2392 2416 "nec
2430 2362 2631 2419 habere
2676 2379 2778 2419 nec
2821 2379 3042 2420 servare
3087 2369 3355 2436 possimus
3404 2369 3628 2439 aliquid,
3653 2370 3767 2426 nisi
3795 2387 3897 2442 per

2276 2450 2458 2517 illum,
2508 2455 2734 2524 perdere
2772 2463 2951 2512 tamen
2996 2466 3052 2514 et
3099 2459 3330 2515 deiicere
3365 2443 3476 2516 non
3511 2469 3616 2526 est,
3662 2463 3777 2519 nisi
3812 2464 3894 2518 'ex

2289 2553 2473 2600 nostra
2500 2545 2846 2618 negligentia,
2873 2563 2992 2618 quae
3021 2551 3318 2622 saapissime
3343 2552 3533 2624 incipit
3559 2569 3591 2608 a
3612 2555 3892 2622 minimis,

2290 2634 2344 2688 in
2397 2635 2595 2706 quibus
2643 2652 2744 2693 nos
2786 2638 3014 2696 callidus
3061 2641 3232 2697 hostis
3274 2642 3412 2698 solet
3438 2627 3720 2714 decipere,
3761 2661 3892 2702 cum

2289 2727 2444 2782 nobis
2471 2729 2763 2798 persuadet
2783 2744 2844 2784 ea
2871 2745 2975 2786 non
3001 2732 3181 2801 magni
3208 2735 3464 2804 pendere.
3493 2735 3620 2791 Inde
3643 2752 3891 2807 namque

2289 2821 2536 2888 sequitur
2558 2820 2687 2875 illud
2708 2821 2963 2877 damnum
2988 2825 3322 2880 exsecrabile
3347 2827 3489 2896 quod
3517 2826 3742 2898 legitur,
3760 2833 3890 2899 quia

2289 2913 2378 2982 qui
2405 2913 2602 2981 spernit
2637 2913 2842 2967 modica
2861 2955 2876 2982 ,
2907 2915 3160 2984 paulatim
3197 2916 3397 2972 decidet
3426 2918 3617 2991 (Eccli.
3647 2936 3775 2987 XIX,
3809 2922 3832 2976 Ι
3847 2927 3884 2990 j.

2290 3007 2666 3062 Certissimum
2707 3024 2939 3078 namque
2978 3020 3079 3077 est,
3113 3011 3255 3081 quod
3300 3013 3354 3067 in
3398 3013 3583 3069 multis
3618 3015 3887 3071 Ecclesiis

2291 3096 2661 3166 experimento
2719 3099 3044 3166 didicimus,
3104 3101 3231 3170 quia
3285 3101 3340 3157 in
3400 3107 3739 3162 monasterio
3795 3108 3883 3162 ubi

2293 3188 2513 3244 minima
2569 3191 2814 3246 districte
2879 3194 3285 3260 custodiuntur,
3346 3195 3416 3252 ibi
3471 3197 3619 3267 rigor
3668 3201 3884 3256 ordinis

2292 3279 2678 3334 monachorum
2730 3281 3114 3338 inviolabiliter
3156 3295 3472 3354 permanet;
3516 3288 3588 3344 ibi
3635 3305 3744 3360 pax
3796 3293 3882 3348 in-

2292 3376 2376 3424 ter
2429 3371 2670 3432 fratres,
2723 3380 2775 3428 et
2831 3373 2886 3428 in
2940 3373 3174 3444 capitulo
3227 3377 3681 3445 proclamationes
3743 3399 3876 3440 con-

2291 3461 2606 3531 quiescunt;
2640 3464 2729 3520 ubi
2771 3479 2901 3520 vero
2944 3466 3151 3522 minimi
3197 3483 3456 3526 excessus
3504 3473 3875 3549 negliguntur,

2291 3553 2364 3608 ibi
2420 3563 2566 3610 totus
2608 3557 2741 3610 ordo
2787 3557 3045 3628 paulatim
3101 3560 3395 3631 dissipatur
3445 3573 3502 3619 et
3553 3567 3878 3627 destruitur.

2293 3643 2348 3699 Si
2384 3660 2513 3718 ergo
2555 3647 2621 3702 de
2661 3649 2861 3703 virtute
2908 3651 2960 3703 in
3006 3651 3260 3706 virtutem
3312 3662 3368 3708 et
3413 3656 3480 3710 de
3521 3657 3768 3727 profectu
3808 3666 3878 3718 ad

2290 3735 2591 3806 profectum
2636 3736 2798 3792 vultis
2846 3737 2918 3769 '”
2961 3740 3275 3805 asecnderc,
3322 3757 3538 3814 semper
3581 3746 3774 3806 timete
3823 3754 3876 3810 in

2291 3829 2515 3899 singulis
2553 3829 2792 3885 minimis
2829 3830 2996 3886 Deum
3039 3830 3478 3890 oﬂ'endere.'Non
3509 3837 3723 3897 debetis
3749 3859 3878 3899 con-

2289 3921 2531 3978 siderare
2551 3936 2712 3990 quam
2738 3936 2905 3992 parva
2931 3924 3003 3978 sit
3030 3937 3116 3980 res
3136 3940 3296 3995 quam
3323 3938 3510 3983 contra
3551 3931 3876 4000 prohibitio-

2289 4029 2412 4070 nem
2453 4012 2653 4078 facitis,
2697 4015 2792 4070 sed
2833 4024 3091 4085 quantunt
3143 4017 3340 4074 malum
3390 4021 3461 4075 sit
3509 4021 3873 4082 inohedientia

2289 4121 2450 4175 quam
2477 4120 2574 4175 pro
2595 4120 2760 4175 parva
2798 4121 2858 4160 re
2891 4107 3187 4163 incurritis.
3231 4109 3354 4164 Sola
3387 4112 3530 4166 enim
3561 4113 3874 4174 obedientia

2286 4197 2464 4268 potuit
2511 4198 2784 4254 hominem
2827 4199 2879 4252 in
2919 4200 3168 4268 paradiso
3202 4203 3454 4268 retinere,
3484 4206 3624 4261 unde
3661 4222 3760 4277 per
3789 4211 3874 4266 iu.

2288 4289 2647 4347 obedientiam
2687 4294 2893 4363 ejectus
2927 4303 3038 4359 est;
3061 4307 3236 4364 neque
3258 4295 3325 4350 ad
3357 4311 3581 4366 regnum
3609 4299 3872 4358 malorum

2290 4380 2488 4450 aliquis
2524 4383 2624 4436 nisi
2653 4399 2750 4452 per
2777 4384 3140 4439 obedientiam
3169 4386 3482 4454 perducitur
3517 4389 3606 4440 ⁸⁸⁵.
3641 4388 3874 4448 Pensate

601 4497 914 4569 paternitati
937 4514 1003 4552 ex
1035 4506 1219 4553 nostra
1270 4505 1424 4568 parte
1461 4506 1766 4568 suggerent,
1791 4511 1985 4566 precor
2009 4503 2064 4552 ut
2093 4513 2187 4553 au-
2215 4483 2263 4543 D
2289 4470 2415 4541 quia
2468 4470 2511 4525 Si
2562 4472 2722 4569 “om?
2771 4487 2869 4543 per
2911 4489 3072 4528 “nam
3109 4475 3290 4569 fma"?
3344 4475 3763 4569 ίξιοδθάίεηιῑθηι
3816 4483 3871 4537 ίη

599 4592 717 4646 dire
741 4601 905 4660 atque
949 4589 1016 4644 ad
1055 4603 1118 4645 ea
1156 4588 1482 4659 reSpondere
1520 4588 1831 4659 dignemini.
1864 4589 2094 4646 Oramus
2129 4599 2188 4644 ut

600 4683 744 4738 Deus
793 4678 1136 4751 omnipotens
1175 4679 1518 4734 sanctitatem
1583 4689 1820 4734 vestram
1876 4679 1968 4735 diu
2029 4681 2186 4738 nobis

598 4781 904 4828 conservet.

1047 4855 1391 4914 EPISTULA
1430 4856 1597 4912 XLIX
1629 4857 1723 4912 ³⁸³.

883 4967 1104 5007 ANSELII
1132 4967 1201 5005 AD
1239 4963 1516 5004 KONACBOS
1543 4963 1896 5005 CESTRENSES.

597 5041 678 5096 De
707 5058 920 5095 suorum
954 5043 1328 5097 monachorum
1356 5041 1592 5110 profectu
1619 5041 1834 5111 gaudet,
1854 5051 1902 5096 et
1928 5042 1998 5096 ad
2019 5059 2178 5098 accu-

691 5121 861 5166 ratam
897 5113 1054 5166 etiam
1082 5113 1139 5166 in
1163 5111 1395 5167 minimis
1423 5112 1802 5166 observantiam
1828 5113 2088 5167 hortatur.

669 5199 958 5276 Auselmus
990 5201 1448 5274 archiepiscopus,
1497 5201 1757 5258 fratribus
1800 5210 1859 5258 et
1893 5201 2021 5260 ﬁliis
2064 5203 2179 5262 suis

2291 4573 2493 4620 tantam
2526 4565 2797 4620 miseriam
2826 4581 2984 4636 quam
3010 4567 3246 4637 patimur
3276 4567 3329 4621 in
3359 4567 3464 4623 hoc
3509 4569 3707 4624 mundo
3739 4587 3869 4641 pro-

2279 4654 2458 4724 jectus
2481 4663 2585 4720 est,
2616 4665 2874 4724 quantum
2913 4657 3206 4712 debeamus
3237 4671 3358 4713 eam
3395 4658 3623 4714 horrere
3661 4669 3714 4714 et
3746 4664 3873 4718 obe-

2285 4747 2502 4801 dientize
2532 4745 2673 4800 bono
2701 4747 2940 4802 studere.
2965 4747 3022 4802 In
3047 4747 3352 4806 obedientia
3376 4757 3528 4803 totus
3550 4749 3700 4818 vigor
3725 4749 3870 4808 bene

2285 4838 2498 4893 vivendi
2529 4838 2882 4904 construitur,
2929 4839 2980 4893 in
3024 4837 3141 4908 ejus
3188 4839 3510 4912 negligentia
3547 4841 3864 4900 destrttitur.

2283 4928 2480 4984 Abbati
2508 4943 2637 5000 ergo
2662 4938 2844 4985 vestro
2861 4919 3222 4985 obedientiam
3249 4947 3358 4986 non
3392 4933 3565 4988 solum
3589 4934 3640 4988 in
3679 4949 3862 5003 opere,

2285 5019 2381 5073 sed
2422 5019 2586 5073 etiam
2639 5019 2693 5074 in
2729 5019 3007 5074 voluntate
3042 5035 3139 5089 per
3187 5021 3368 5076 omnia
3399 5022 3652 5078 exhibete
3683 5023 3773 5088 ⁸⁸⁸,
3807 5038 3866 5081 et

2285 5111 2352 5166 ad
2377 5111 2604 5167 invicem
2639 5126 2829 5182 pacem
2854 5121 2910 5168 et
2935 5112 3276 5170 concordiam
3315 5130 3413 5187 per
3456 5125 3693 5171 mutuam
3723 5115 3860 5173 dile-

2287 5203 2520 5258 ctionem
2551 5203 2774 5269 habete;
2803 5218 2964 5274 quam
2991 5203 3336 5262 dilectionem
3367 5208 3449 5263 sic
3479 5209 3548 5240 ’⁸⁷
3578 5207 3781 5264 nutrire
3807 5223 3863 5267 et

1020 5329 1024 5334 -
1878 5292 2116 5350 νΑιιιίΕ
2152 5292 2558 5350 LECTIONES.

703 5361 770 5394 ’⁵³
820 5359 1026 5436 Collata
1046 5377 1175 5414 cum
1203 5361 1381 5436 eodem
1403 5379 1495 5417 .ms
1525 5372 1574 5417 et
1619 5379 1738 5416 cum
1766 5361 1914 5418 Edit.
1962 5363 2082 5436 (ἔοι.
2111 5376 2160 5421 et
2199 5364 2318 5436 Col.
2345 5365 2483 5436 1575
2574 5364 2643 5396 η’
2669 5364 2928 5436 Quisuos
2957 5376 3108 5436 ms}!
3138 5363 3283 5420 Edit.
3315 5367 3408 5436 qui
3436 5381 3534 5421 vos
3606 5366 3676 5436 Ψ
3704 5365 3858 5419 Seru—
3901 5415 3904 5417 Α

591 5447 695 5502 per
716 5432 1121 5502 prmv‘enirems
1147 5441 1194 5483 et
1227 5429 1374 5502 Edit.
1408 5447 1622 5502 semper
1651 5448 1747 5486 nos
1773 5433 2071 5502 praevenire

595 5499 743 5557 fectu
777 5501 845 5556 ad
884 5500 1184 5568 profectum
1219 5499 1382 5554 vultis

2181 5435 2252 5467 ’⁸⁵
2282 5433 2338 5489 In
2387 5435 2640 5489 virtutem
2667 5434 2826 5491 vultis
2852 5452 2928 5490 ms
2956 5445 3003 5489 et
3023 5434 3168 5488 Edit.
3199 5437 3252 5490 in
3280 5433 3530 5492 virtutem
3557 5441 3614 5491 et
3642 5435 3705 5489 de
3733 5453 3856 5504 pm-

1492 5502 1562 5576 ?"
1585 5501 1949 5576 Perducitur.‘
1973 5503 2167 5576 Abbati
2188 5545 2202 5568 ,
2233 5515 2340 5560 etc.
2363 5522 2455 5576 nts
2489 5515 2536 5558 et
2567 5504 2691 5576 edit.
2726 5505 3058 5576 Perducitur.
3094 5505 3322 5576 Pensate
3346 5509 3472 5576 quia
3503 5506 3549 5560 si
3580 5501 3857 5574 homo'pcr

596 5586 760 5645 unam
803 5571 968 5624 solam
991 5568 1438 5645 _inobedientiarn
1486 5570 1542 5645 in
1570 5580 1771 5645 tantam
1805 5571 2079 5645 miseriam
2115 5589 2276 5645 quam
2315 5574 2550 5645 patimur
2580 5575 2633 5627 in
2677 5575 2778 5629 hoc
2823 5574 3024 5628 mundo
3052 5575 3322 5645 projectus
3361 5568 3446 5631 est
3470 5584 3727 5644 quantum
3761 5568 3858 5632 de-

594 5641 821 5697 beamus
845 5655 962 5712 eam
991 5640 1239 5712 horrere,
1289 5647 1343 5712 et
1382 5637 1700 5712 obedientize
1750 5643 1892 5696 bono
1918 5637 2158 5712 studere.
2214 5643 2266 5697 In
2301 5637 2607 5698 obedientia
2645 5653 2788 5697 totus
2817 5645 2973 5711 “vigor
3000 5637 3374 5700 bene'vivendi
3409 5637 3851 5708 constrititttr;'in

594 5713 714 5786 ejus
761 5709 1085 5786 negligentia
1113 5709 1428 5786 destruitur.
1458 5708 1674 5786 Abbati,
1704 5721 1808 5765 etc.
1873 5712 1957 5786 _"°
1979 5708 1984 5712 ’
2007 5709 2292 5770 Voluntate
2318 5712 2568 5769 exhibete
2608 5729 2683 5768 ms
2713 5723 2760 5768 et
2796 5708 2940 5767 Edit.
2977 5715 3250 5770 voluntate
3276 5729 3373 5786 per
3401 5715 3580 5772 omnia
3601 5714 3854 5776 exhibere

597 5783 665 5814 ’⁸⁷
689 5779 950 5850 quamsic
975 5795 1054 5835 ms
1075 5789 1122 5835 et
1145 5780 1447 5847 edit.quam
1476 5779 1816 5865 dilectionem
1841 5781 1919 5838 sic
