4028 6302
156 321 227 377 81
748 362 779 369 ..
1541 316 1668 372 LIB.
1709 318 1747 372 ll

1853 317 2045 372 artsr.
2075 316 2158 372 Lf.
2790 392 2792 394 ν
2917 360 2920 366 η
3360 323 3453 392 δατ

155 445 381 486 scrvare
404 428 674 499 poteritis,
706 427 750 482 si
788 427 1154 500 unusquisque
1183 442 1289 483 non
1314 438 1372 482 ut
1398 427 1537 484 alius
1564 443 1737 496 suam,
1770 417 1814 472 Α
1844 427 1985 482 dicio
2017 425 2324 481 ostenditur
2367 426 2642 495 sustinens
2669 443 2805 498 esse
2839 443 2989 494 suus,
3021 429 3074 483 iu
3112 431 3428 488 monachico

155 522 252 577 sed
304 529 368 576 ut
421 521 539 592 ipse
585 519 805 574 alterius
849 519 1175 576 voluntatem
1231 519 1415 586 faciat,
1456 521 1742 576 studuerit.

154 598 506 666 Otiositatem
533 624 745 680 quoque
793 609 933 665 sicut
971 626 1084 664 rem
1132 610 1408 666 inimicam
1443 611 1744 665 animarum

155 719 184 752 a
213 701 372 756 vouis
403 699 694 762 excludite,
718 708 774 753 et
803 700 1173 768 unusquisque
1193 700 1498 755 consideret
1523 701 1648 770 quia
1680 701 1746 756 de

156 791 388 862 singulis
413 789 703 845 momentis
736 789 858 845 vita:
887 801 1088 846 nostra:
1120 789 1380 845 reddituri
1419 805 1607 845 sumus
1636 791 1747 846 Deo

157 883 450 937 rationem.
473 881 786 952 Cuicunque
807 897 940 954 ergo
964 881 1107 939 Deus
1136 883 1231 937 dat
1249 882 1485 954 aliquam
1515 886 1746 953 gratam

157 971 225 1026 ad
273 972 574 1042 quamlibet
615 972 928 1041 utilitatem,
968 990 1032 1029 ea
1082 957 1265 1030 utatur
1295 975 1615 1045 inquantum
1651 976 1746 1030 ha-

159 1060 336 1116 bzierit
357 1065 837 1131 opportunitatem.
857 1064 958 1132 Qui
983 1066 1126 1122 enim
1158 1081 1264 1122 non
1289 1068 1459 1120 utitur
1482 1074 1748 1134 potestate

158 1153 537 1232 ba‘nefaciendi
576 1172 740 1226 quam
781 1156 967 1224 habet,
1015 1158 1069 1212 in
1117 1158 1204 1213 die
1233 1157 1421 1227 judicii
1452 1159 1604 1227 quasi
1640 1174 1745 1212 non

158 1245 367 1301 habens
388 1246 743 1316 judicabitur,
771 1257 826 1303 et
863 1249 932 1304 ab
973 1248 1065 1305 illo
1103 1249 1381 1305 auferetur
1427 1250 1530 1305 hoc
1573 1250 1746 1319 ipsum

158 1336 305 1406 quod
335 1337 540 1394 habere
575 1338 804 1414 videtur,
829 1339 958 1408 quia
1000 1348 1056 1394 et
1100 1340 1324 1410 praemio
1365 1342 1508 1410 quod
1550 1342 1746 1397 mereri

158 1432 335 1500 potuit
373 1431 602 1496 carebit,
654 1440 709 1486 et
763 1432 1018 1502 deinceps
1087 1432 1290 1488 nullam
1318 1432 1568 1504 _aliCujus
1621 1433 1746 1488 boni

162 1522 347 1590 operis
384 1531 706 1590 potestatem
747 1523 804 1578 in
850 1525 1028 1594 ptenis
1067 1523 1308 1580 habebit.
1355 1522 1518 1591 Quasi
1567 1535 1746 1578 autem

159 1609 252 1664 alii
283 1611 501 1666 dabitur
545 1612 688 1682 quod
735 1613 804 1668 ab
848 1613 938 1668 illo
978 1612 1276 1678 auferetur,
1312 1613 1526 1684 quando
1557 1613 1632 1668 illi
1658 1613 1748 1683 qui

157 1698 300 1754 bene
329 1709 588 1768 operatur
629 1703 925 1757 secundum
950 1704 1092 1773 quod
1112 1704 1183 1736 ’⁵⁸
1210 1704 1440 1773 accepit,
1465 1704 1746 1773 praemium

1847 517 2110 589 probatur
2132 531 2236 570 non
2265 531 2383 571 csse
2406 521 2556 572 suus.
2588 516 2720 572 Nam
2749 519 2996 588 quamvis
3022 535 3115 573 rex
3139 529 3230 587 aut
3257 521 3426 584 divos,

1847 622 1970 663 cum
1993 615 2183 677 sponte
2213 606 2458 677 vapulat,
2487 623 2544 662 se
2569 597 2914 677 ipe’ccatorem
2946 609 3221 665 humiliter
3247 621 3429 668 osten-

1847 699 1962 765 dat,
1997 699 2140 753 nulla
2175 709 2351 754 tamen
2395 695 2620 753 alterius
2665 700 2896 756 hominis
2930 699 3273 773 iussionem
3302 703 3430 760 huic

1848 785 2138 845 humilitati
2165 803 2223 844 se
2254 791 2464 860 patiens
2503 787 2777 858 subdcrct,
2807 792 2902 846 sed
2941 792 3149 862 jubenti
3181 794 3456 850 omnibus.

1847 881 2052 936 viribus
2082 882 2376 936 resisteret.
2408 879 2542 936 Cum
2569 890 2750 934 autent
2773 869 3090 940 monachus
3117 902 3182 940 ex
3209 898 3428 942 sentcn-

1850 973 1920 1027 tia
1951 973 2159 1043 praelati
2190 975 2241 1028 in
2277 973 2511 1042 capitulo
2550 973 2826 1029 humiliter
2853 973 3075 1044 ﬂagellis
3104 993 3163 1032 se
3190 979 3450 1052 subjicit,,

1850 1073 2002 1119 tanto
2067 1062 2287 1133 majoris
2338 1063 2518 1119 meriti
2576 1063 2720 1120 hunc
2770 1078 2891 1120 esse
2940 1067 3138 1121 veritas
3181 1066 3426 1134 judicat,

1849 1163 2052 1224 quanto
2080 1146 2342 1223 magis'et
2373 1153 2553 1208 verius
2593 1167 2652 1208 se
2699 1169 2860 1224 quam
2903 1152 2991 1209 ille
3035 1156 3299 1210 humiliat.
3340 1157 3442 1213 Ille»

1847 1258 2080 1313 namque
2119 1258 2178 1297 se
2220 1243 2318 1297 soli
2368 1243 2479 1298 Deo
2524 1243 2773 1299 lmmiliat
2819 1254 3038 1314 propter
3086 1257 3429 1316 peccatorum

1848 1333 2260 1398 conscientiam,
2293 1334 2392 1388 iste
2423 1348 2550 1390 vero
2589 1335 2756 1392 etiam
2797 1336 3023 1400 homini,
3054 1345 3275 1406 propter
3300 1338 3442 1393 ohe--

1847 1425 2127 1480 dientiam.
2160 1425 2424 1480 Humilior
2452 1435 2630 1482 autem
2656 1428 2750 1498 qui
2782 1435 2837 1483 et
2864 1427 2972 1484 Deo
2995 1437 3050 1483 et
3081 1429 3284 1484 homini
3309 1443 3456 1501 pro-~

1849 1526 1968 1587 pter
1996 1518 2165 1573 Deum
2211 1531 2270 1572 se
2301 1516 2570 1584 humiliat,
2597 1533 2759 1588 quam
2800 1519 2892 1589 qui
2932 1519 3032 1574 soli
3075 1520 3185 1575 Deo
3229 1527 3286 1574 et
3326 1534 3432 1573 non

1849 1609 2098 1664 humana:
2117 1609 2348 1680 jussioni
2387 1623 2448 1664 se
2475 1609 2736 1663 humiliat.
2784 1609 2927 1680 Ergo
2969 1610 3013 1664 si
3044 1610 3134 1680 qui
3166 1624 3226 1666 se
3252 1610 3431 1666 humi-

1853 1702 1968 1766 liat.,
2000 1699 2359 1765 exaltabitur;
2393 1699 2483 1774 qui
2517 1713 2579 1755 se.
2597 1700 2769 1768 magis
2793 1699 3060 1764 humiliat,
3091 1699 3262 1770 magis
3287 1699 3433 1753 exat.

159 1790 469 1859 augebitur,
506 1791 632 1861 quia
674 1791 830 1862 juxta
867 1770 1016 1847 illum
1070 1793 1162 1863 qui
1209 1770 1544 1863 negligenter
1593 1792 1743 1856 vixit,
1779 1770 1820 1828 Β
1853 1794 2072 1848 labitur.
2103 1791 2257 1859 Quod
2283 1792 2353 1824 ²⁶⁶
2381 1772 2563 1847 autem
2601 1792 2735 1858 dixi,
2773 1806 2896 1848 cum
2941 1792 3236 1848 monachus
3269 1806 3436 1861 vapu-

153 1877 273 1946 ejus
296 1882 548 1953 exemplo
572 1897 602 1936 a
632 1883 774 1938 bono
803 1898 970 1951 opere
991 1897 1108 1944 non
1148 1882 1364 1938 defecit.
1397 1883 1614 1940 Gratias
1649 1897 1750 1952 ago

151 1967 306 2022 vobis
331 1970 464 2039 quia
493 1987 588 2041 pro
617 1987 703 2029 me
729 1973 920 2040 oratis,
949 1979 1002 2028 et
1042 1986 1141 2028 oro
1167 1979 1226 2026 ut
1251 1972 1322 2027 ab
1353 1973 1456 2027 hac
1484 1971 1749 2027 charitate

155 2073 261 2113 non
291 2059 596 2118 desistatis.

584 2154 753 2226 336
781 2154 1114 2212 EPISTOLA
1153 2154 1196 2209 L
1229 2157 1320 2212 ην.

433 2260 658 2301 ΑΝΒΕΙΑΙΙ
695 2262 764 2300 ΔΙ)
799 2262 1120 2303 BEBNARDUM
1168 2264 1476 2304 MONACBUM.

155 2331 337 2388 Pluris
367 2351 488 2390 esse
518 2337 726 2420 unicam
752 2337 1134 2422 vapulationent
1165 2357 1229 2394 ea:
1248 2341 1558 2405 obedientia,
1587 2357 1748 2410 quam

529 2423 832 2462 nmumeras
861 2424 926 2462 ea:
951 2425 1164 2480 proprto
1201 2427 1377 2465 sensu.

223 2494 516 2551 Ausemus
573 2497 1012 2569 archiepiscopus
1042 2541 1057 2564 ,
1105 2489 1428 2566 Bsnmano,
1481 2504 1748 2558 monacho

155 2587 389 2640 cteuobii
428 2588 489 2643 S.
519 2588 858 2661 Werburgte,
889 2590 1117 2646 salutem
1151 2604 1204 2647 et
1229 2595 1553 2649 orationem.

229 2670 429 2728 Audivi
457 2691 485 2729 a
518 2677 734 2731 domino
769 2678 963 2733 abbate
998 2688 1090 2732 tuo
1125 2679 1269 2747 quod
1316 2681 1537 2748 majoris
1571 2682 1747 2736 meriti

155 2760 368 2832 judicas
404 2778 531 2818 cum
563 2767 860 2822 monachus
904 2781 965 2821 se
998 2775 1094 2820 aut
1129 2769 1398 2835 verberat,
1430 2780 1521 2836 aut
1547 2771 1615 2824 ab
1645 2770 1751 2825 alio

161 2867 222 2906 se
244 2853 521 2910 verberari
547 2856 802 2927 postulat,
827 2872 990 2927 quam
1019 2873 1145 2913 cum
1169 2858 1224 2912 in
1253 2859 1492 2928 capitulo
1520 2875 1585 2915 ex
1617 2876 1752 2930 pra:-

161 2955 319 3012 eepto
369 2947 603 3015 praelati,
648 2962 755 3002 non
806 2963 872 3003 ex
925 2963 1021 3004 sua
1069 2948 1346 3004 voluntate
1391 2950 1610 3020 vapulat
1657 2952 1747 3005 ²⁶⁰.

162 3034 315 3102 Quod
354 3053 459 3092 non
494 3039 565 3092 ita
599 3049 678 3093 est
715 3038 948 3093 sicut-m
981 3039 1282 3096 existimas.
1328 3039 1462 3096 Illud
1487 3042 1631 3096 enim
1660 3040 1750 3110 jn-

165 3125 366 3180 dicium
394 3129 536 3197 quod
568 3139 759 3198 sponte
788 3130 890 3184 sibi
938 3129 1133 3200 aliquis
1162 3131 1372 3197 indicit,
1415 3131 1596 3202 regale
1627 3141 1705 3187 est
1731 3148 1747 3198 ;

166 3215 296 3271 illud
324 3220 392 3251 ²⁶²
426 3233 552 3274 vero
582 3221 724 3290 quod
755 3238 853 3292 per
885 3223 1248 3278 obedientiam
1278 3225 1330 3279 in
1372 3225 1607 3295 capitulo
1632 3242 1748 3281 sus-

166 3304 330 3372 tinet,
365 3310 741 3366 monachicum
774 3321 877 3367 est.
936 3311 1180 3368 Alterum
1226 3325 1401 3370 estex
1435 3315 1505 3346 ¹⁴¹³
1536 3332 1630 3370 sua
1662 3332 1750 3370 vo-

164 3393 393 3464 luntate,
420 3399 648 3455 alterum
672 3417 738 3457 ex
761 3404 1090 3471 obedientia,
1121 3420 1221 3460 nec
1239 3420 1308 3460 ex
1326 3421 1420 3461 sua
1454 3407 1749 3462 voluntate.

164 3484 294 3539 lllud
321 3490 463 3556 quod
509 3491 689 3562 regale
741 3493 861 3549 dico
892 3509 1036 3565 saepe
1088 3496 1191 3553 sibi
1239 3511 1394 3566 reges
1437 3507 1492 3552 et
1532 3498 1746 3568 superbi

163 3577 355 3635 divites
379 3579 495 3636 fieri
523 3585 863 3654 prmcipiunt,
889 3586 1016 3641 illud
1045 3603 1172 3644 vero
1197 3591 1339 3658 quod
1370 3588 1742 3644 monachicum

162 3667 309 3735 dico,
345 3688 454 3727 non
484 3677 885 3744 praecipientes,
927 3679 1021 3734 sed
1067 3679 1381 3735 obedientes
1421 3681 1742 3749 suscipiunt.

162 3755 362 3828 Regale
401 3771 550 3818 tanto
582 3763 752 3822 levius
793 3777 878 3822 est
907 3769 997 3834 ’6‘,
1038 3778 1241 3840 quanto
1277 3770 1540 3825 voluntati
1585 3772 1748 3827 susti-

162 3849 342 3905 nentis
369 3854 684 3909 concordat.
715 3845 1088 3913 Monachicum
1117 3867 1296 3915 autem
1348 3868 1498 3914 tanto
1527 3861 1746 3930 gravius

160 3945 365 4006 quanto
393 3960 425 4000 a
458 3946 734 4004 voluntate
761 3949 1019 4018 patientis
1054 3951 1344 4008 discordat.
1372 3952 1428 4007 lu
1470 3952 1632 4024 reguli
1661 3952 1749 4022 ju-

1850 1881 1942 1946 lat,
1969 1883 2070 1938 hoc
2100 1897 2131 1935 a
2159 1897 2253 1936 sua
2280 1882 2555 1938 voluntate
2580 1881 2917 1947 discordare,
2936 1899 3047 1937 non
3064 1884 3144 1937 ita
3168 1882 3435 1952 intelligas

1849 1971 2004 2040 quasi
2036 1969 2172 2026 nolit
2220 1970 2324 2026 hoc
2353 1971 2626 2030 obedienti
2674 1972 2955 2028 voluntate
2996 1972 3264 2041 patienter
3306 1987 3433 2042 por-

1850 2067 1987 2125 tare,
2017 2061 2110 2116 sed
2135 2061 2390 2131 quoniam
2421 2076 2488 2116 ex
2529 2063 2766 2122 naturali
2793 2062 3032 2132 appetitu
3080 2062 3435 2132 carnisidolo-

1848 2165 1962 2205 rem
2001 2150 2166 2206 nollet
2217 2151 2466 2208 tolerare.
2501 2152 2655 2218 Quod
2697 2153 2744 2207 si
2793 2153 2968 2210 dicis:
2997 2151 3116 2211 Non
3148 2162 3257 2206 tam
3287 2150 3436 2222 fugio

1848 2241 2114 2312 publicam
2161 2243 2560 2314 vapulationcm
2585 2243 2652 2275 '"
2679 2253 2900 2314 propter
2945 2242 3162 2300 dolores
3204 2257 3342 2312 quos
3379 2253 3436 2298 et

1848 2346 2056 2390 secrete
2112 2336 2289 2391 sentio
2332 2351 2492 2405 quam
2563 2345 2782 2405 propter
2830 2334 3251 2400 verecundiam,
3299 2335 3468 2388 scito-

1847 2426 1974 2506 quia
2001 2427 2089 2482 ille
2113 2427 2302 2483 fortior
2326 2437 2410 2482 est
2445 2427 2538 2497 qui
2568 2428 2708 2484 hanc
2754 2442 2968 2498 quoque
3007 2426 3278 2482 sustinere
3306 2441 3437 2496 gae-

1849 2519 1940 2573 det
1962 2528 2183 2589 propter
2206 2519 2591 2576 obedientiam.
2623 2520 2816 2575 Certus
2853 2535 2985 2590 ergo
3009 2530 3130 2574 esto
3149 2518 3276 2588 quia
3317 2533 3435 2572 ma-
3463 2555 3466 2560 ι

1844 2608 1981 2678 joris
2005 2609 2182 2664 meriti
2211 2619 2298 2664 est
2326 2625 2432 2664 una
2477 2608 2746 2680 vapulatio
2787 2609 3037 2664 monachi
3088 2607 3312 2664 tolerata
3341 2620 3437 2677 per

1851 2699 2236 2765 obedientiam,
2265 2718 2424 2771 quam
2455 2699 2878 2756 innumerabiles
2907 2708 3144 2769 accepta:
3174 2714 3271 2770 per
3313 2713 3440 2767 pro-

1852 2791 2024 2859 priam
2075 2793 2421 2844 sententiam.
2453 2791 2560 2846 Sed
2597 2806 2718 2846 cum
2767 2791 2889 2845 talis
2918 2800 3007 2846 est
3039 2791 3340 2846 monachus
3380 2799 3439 2844 ut

1852 2889 1908 2934 et
1942 2895 2155 2950 semper
2189 2880 2385 2936 habeat
2408 2897 2504 2936 cor
2547 2890 2796 2953 paratum
2834 2883 2955 2937 sine
3000 2882 3437 2936 murmuratione

1850 2987 1951 3043 per
1989 2972 2355 3027 obedientiam
2392 2972 2666 3043 vapulare,
2719 2981 2850 3028 tunc
2896 2973 3011 3028 sive
3059 2980 3290 3038 secrete,
3325 2971 3466 3042 sive,

1778 3108 1822 3170 ϐ
1853 3062 2068 3132 publice
2099 3063 2332 3133 vapulet,
2369 3065 2550 3135 magni
2591 3064 2771 3121 meriti
2813 3078 2938 3119 eum
2983 3062 3244 3120 debemus
3290 3061 3440 3130 judi-

1851 3169 1998 3209 οδε-(ι.

2361 3267 2694 3324 EPISTOLA
2731 3268 2795 3322 ιι
2829 3266 2917 3321 ³⁸⁸.

2049 3375 2274 3416 ΑΝδεωΔι
2315 3376 2382 3415 ΔΙ)
2429 3375 2744 3414 STEPHANI)!
2784 3372 3236 3414 Ληοιιιυιλεοηωι.

1852 3448 1921 3502 Ut
1960 3450 2277 3505 abbatissam
2326 3461 2374 3504 et
2434 3449 2859 3505 sanctimoniales
2906 3448 3149 3503 Rumesei
3189 3467 3220 3500 α
3256 3464 3444 3516 super-

1910 3522 2122 3590 stitioso
2145 3521 2369 3574 hominis
2385 3521 2636 3589 defuncti,
2654 3535 2804 3590 quem
2831 3535 2925 3589 pro
2945 3531 3128 3573 sancto
3156 3518 3437 3580 habebam,

1927 3589 2066 3644 cultu
2093 3590 2383 3660 prohibeat.

1924 3680 2203 3735 Amemus
2234 3678 2701 3747 archiepiscopus,
2745 3677 3030 3733 Srerumo
3057 3677 3439 3732 archidiacono

1851 3768 1921 3801 ’θ’
1953 3767 2183 3822 salutem
2217 3775 2271 3821 et
2296 3768 2749 3823 benedictionem.

1924 3858 2116 3914 Mando
2148 3858 2301 3913 vobis
2323 3866 2382 3912 ut
2410 3857 2536 3929 (12).
2554 3858 2691 3912 eatis
2729 3857 2798 3911 ad
2831 3855 3106 3920 Rumesei,
3138 3863 3194 3910 et
3223 3853 3436 3914 dicatis,

1851 3961 1906 4005 et
1945 3951 2172 4006 dicendo
2201 3951 2529 4022 prtecipiatis
2567 3951 2778 4007 domna:
2808 3948 3098 4004 abbatissa:
3123 3947 3193 3980 ’ὀ
3228 3955 3284 3999 et
3311 3959 3439 3997 san-

1474 4082 1702 4139 VARUE
1741 4083 2142 4138 LECTIONES.

271 4187 346 4220 ’⁸⁸
378 4189 690 4265 secundum
724 4194 865 4265 quod
893 4183 972 4265 ms
1004 4204 1052 4265 et
1086 4194 1227 4248 Edit.
1258 4195 1550 4265 secundum
1578 4197 1774 4250 donum
1798 4195 1939 4265 quod

1248 4264 1400 4331 Quod
1429 4280 1534 4317 non
1564 4265 1632 4319 ita
1659 4274 1741 4320 est
1770 4264 1911 4321 sicut

160 4326 479 4384 nachicum.
513 4331 760 4386 Alterum
792 4347 858 4385 ex
893 4349 972 4386 ms
1017 4326 1390 4389 Monachiéum
1430 4342 1532 4387 est.
1563 4333 1805 4390 Alterum
1849 4343 1933 4390 est
1967 4351 2033 4390 ex

295 4411 407 4481 one
445 4415 524 4453 ms
549 4403 778 4481 alterius
818 4403 1053 4481 hominis
1075 4403 1321 4481 jussione
1365 4403 1502 4481 ___’"
1534 4405 1677 4481 Ergo
1705 4406 1796 4476 qui
1829 4405 2212 4481 _se__lmmil_iat
2253 4405 2607 4481 emirabitur.
2638 4403 2801 4481 Quod
2843 4422 2920 4459 ms
2971 4419 3099 4474 ergo
3153 4403 3198 4481 si
3231 4403 3320 4481 qui
3380 4418 3442 4456 se

161 4464 416 4543 humiliat.
441 4469 792 4543 exaltabitur,
824 4473 916 4543 qui
940 4487 998 4528 se
1029 4464 1202 4543 magis
1231 4473 1506 4538 humiliat,
1535 4464 1702 4543 magis
1722 4464 2071 4530 exaltabitur.
2113 4476 2268 4542 Quod

159 4253 217 4306 in
240 4271 320 4310 ms
437 4257 502 4294 ³⁸³
529 4259 669 4326 Quid
699 4253 802 4316 non
829 4263 939 4317 ita?
971 4264 1110 4318 sicut
1137 4280 1218 4317 ms

155 4390 402 4472 jussione
445 4415 524 4453 ms
551 4399 778 4472 alterius
818 4401 1053 4457 hominis
1075 4402 1321 4472 jnssione

2050 4193 2484 4275 ff’RCumfodem
2503 4211 2588 4275 μηδ
2616 4191 2809 4275 collata
2917 4191 2990 4275 Ψ
3019 4191 3440 4275 Yapulatndfest

2019 4264 2089 4296 ¹⁶²
2125 4264 2346 4336 Regale.
2367 4264 2517 4347 _l|lud
2545 4281 2623 4320 ms
2655 4263 2831 4388 refale
2853 4273 2938 4320 est
2969 4281 2984 4319 :
3021 4261 3148 4319 illud
3223 4262 3292 4295 ⁸⁵³
3330 4261 3442 4344 itio-

2019 4352 2033 4390 ἱ
2145 4335 2214 4368 ’⁸⁸
2252 4335 2450 4391 Leuius
2477 4345 2560 4390 est
2587 4351 2668 4390 ms
2730 4349 2883 4391 evms
2909 4345 2994 4390 est
3099 4333 3170 4365 ’“
3202 4332 3442 4388 Alterius

2378 4475 2447 4506 m
2486 4473 2912 4544 Appellationem
2941 4491 3018 4528 ms
3040 4473 3438 4544 vapulationem

157 4533 228 4566 ³⁸⁸
251 4534 384 4594 Cum
422 4541 602 4595 eodem
633 4557 711 4595 ms
740 4533 934 4597 collata
1043 4533 1373 4600 m‘1)iacono
1400 4533 1902 4602 ms'Arcl'iidiacono
1973 4547 2044 4578 "’°
2073 4533 2313 4602 Domina:
2329 4533 2629 4601 Abbatisste
2658 4561 2771 4601 ms.
2790 4546 3006 4599 Domum
3035 4533 3335 4600 Ali'batissa:

521 4639 524 4642 ’
1385 4656 1669 4715 JOANMS
1692 4659 1966 4715 PICARDI
1997 4657 2231 4715 NOTAE.

224 4742 342 4822 ζ
379 4744 550 4822 ΕςιιξεΔ
572 4748 641 4822 ad
667 4747 931 4822 Rungesei,
975 4749 1273 4822 et_dicatis,
1306 4758 1415 4822 etc.
1451 4750 1601 4822 Haud
1632 4751 1756 4822 levi,
1794 4758 1839 4813 D
1868 4751 2180 4822 monasterii
2219 4751 2539 4821 primarium
2575 4759 2630 4806 et
2670 4749 3000 4822 praecipuum
3050 4747 3435 4801 institutorem.

158 4809 261 4891 fuit
278 4814 456 4891 labori
488 4817 586 4891 hic
609 4819 756 4874 locus
782 4809 977 4875 fateor.
1023 4820 1157 4891 Nam
1189 4809 1311 4875 cum
1336 4821 1471 4875 inter
1500 4809 1754 4891 legendos

159 4883 344 4962 script.
359 4886 566 4962 Anglos
578 4901 890 4962 occurreret
907 4890 1105 4959 passim
1124 4890 1432 4962 Rameseia,
1448 4891 1520 4944 Ra
1529 4883 1762 4962 niesien-

160 4957 459 5032 sisque,_et
482 4957 540 5032 in
562 4973 626 5013 ea
673 4957 928 5032 degentes
962 4961 1256 5025 monachi,
1293 4963 1514 5032 stabam
1532 4959 1750 5032 dubius,

159 5023 437 5098 lidenpsin
478 5029 582 5082 hac
600 5023 768 5098 epist:
816 5045 1136 5098 expressum
1185 5023 1384 5085 numen
1432 5023 1748 5086 abbatissa}.

161 5085 378 5170 Tabula;
422 5111 553 5170 vero
589 5085 994 5170 Lincolniensis
1032 5099 1277 5156 ecclesia:
1323 5117 1422 5155 ms.
1471 5101 1524 5156 in
1562 5085 1750 5156 nostra

162 5156 494 5240 bibliotheca
532 5167 784 5240 injectum
823 5185 1075 5225 exemere
1105 5171 1418 5240 scrupulum
1463 5171 1514 5225 in
1548 5186 1749 5240 paucu-

165 5225 250 5308 lis.
279 5235 540 5308 Alauiuo:
569 5225 751 5292 consul
785 5256 850 5292 eo
895 5249 1124 5308 tempore
1150 5225 1430 5294 rabbatiam
1469 5225 1752 5296 Remeretw

165 5306 304 5378 ΨΜ
339 5306 567 5378 paludes
607 5308 743 5377 ﬁxit.
776 5309 930 5377 Quod
954 5306 1134 5364 autem
1165 5311 1250 5364 ha:
1277 5313 1516 5366 tribuant
1554 5311 1749 5365 funda-

170 5375 366 5431 tioncm
403 5375 772 5434 ﬂamesiensis
801 5375 1034 5434 coenobii
1061 5379 1294 5434 Aluvino
1321 5395 1488 5435 consu
1514 5382 1531 5436 i
1565 5382 1640 5435 ita
1665 5380 1752 5434 vi-

169 5437 269 5493 deo
291 5448 687 5520 accipiendum,
715 5451 840 5518 quia
871 5449 958 5503 ille
985 5449 1275 5520 plurimum
1298 5464 1475 5520 Operae
1505 5460 1560 5506 et
1587 5463 1748 5520 opum

170 5520 391 5591 suarum
436 5516 659 5591 largitus
685 5516 756 5575 sit
781 5521 848 5574 ad
883 5521 935 5574 id
969 5516 1168 5591 operis.
1195 5516 1406 5591 Reliqui
1435 5521 1579 5575 enim
1615 5516 1747 5591 scri-

172 5585 373 5661 Plores,
405 5595 464 5661 ut
487 5585 825 5661 Malimesber.
853 5590 947 5646 lib.
975 5585 1028 5646 tv
1048 5591 1125 5648 De
1154 5585 1508 5661 Pont‘.~'Angl.
1536 5589 1746 5647 lloned.

175 5656 225 5734 ξι
257 5651 468 5734 Polyd.,
503 5667 558 5713 et
581 5660 748 5734 Lilius
779 5661 833 5734 in
863 5661 1066 5734 Chron.
1095 5662 1162 5718 ad
1193 5678 1392 5734 annum
1414 5651 1511 5718 9"?!
1554 5661 1751 5734 pracdi-

177 5729 302 5777 cant
335 5737 581 5786 sanctum
614 5730 923 5788 Oswaldum
949 5733 1178 5791 Eboraci
1215 5729 1567 5803 autisititem,’
1588 5733 1744 5804 hujus

1865 4819 2419 4891 Malmesberftamen
2458 4831 2512 4876 et
2557 4819 2763 4876 Honed.
2801 4819 2996 4874 Annal.
3032 4825 3174 4886 part.
3205 4829 3251 4874 ι,
3299 4827 3441 4891 attito

1857 4890 1982 4952 97l.
2025 4890 2266 4945 fatentur
2305 4891 2684 4946 communibus
2717 4891 2999 4956 utriusque
3032 4880 3137 4953 ope
3166 4892 3219 4936 et
3249 4880 3440 4950 opibus

1855 4961 2142 5016 ecclesiam
2196 4959 2365 5017 fuisse
2416 4962 2714 5016 conditam.
2767 4958 2822 5011 ln
2883 4957 3175 5011 llonedeno
3222 4960 3436 5018 autem,

1855 5045 2017 5101 quem
2030 5031 2339 5101 AAluvinum
2371 5032 2605 5101 scrip_t_:e
2627 5027 2821 5101 tabulae
2842 5024 3254 5101 _l_.incolnienses
3281 5036 3440 5101 voca-

1853 5091 1982 5156 vere
2018 5098 2389 5168 Etheluvium;
2423 5091 2786 5168 in'Malmesb.
2808 5094 3154 5168 _Egelavinu_s
3194 5091 3441 5168 appella-

1856 5178 1967 5228 tur.
2000 5171 2252 5226 Rumesei
2279 5163 2410 5226 vero
2432 5170 2501 5225 de
2527 5183 2636 5230 quo
2663 5163 2950 5220 Anselmus
2980 5165 3082 5220 hoc
3117 5163 3330 5230 inloco,
3359 5171 3461 5217 est-

1898 5242 2128 5294 artheno
2186 5240 2485 5296 dimceseos
2547 5233 2968 5302 Wintoniensis,
3035 5236 3307 5290 excitatus
3372 5233 3440 5286 ab

1892 5311 2114 5380 Iduardo
2139 5325 2283 5380 rege,
2315 5320 2370 5364 ut
2409 5309 2759 5380 lloneJenus
2780 5315 3010 5380 tuestaurr
3037 5305 3194 5380 hisce
3217 5305 3394 5357 verbis
3424 5321 3436 5354 :

1866 5396 1884 5430 ι
1907 5379 2064 5434 Anno
2086 5379 2188 5435 967
2206 5376 2306 5434 rex
2323 5379 2616 5449 Anglorum
2645 5377 2901 5448 paciﬁcus
2921 5378 3165 5447 Edgarus
3181 5376 3232 5449 in
3261 5389 3462 5449 mona-j

1861 5452 2030 5521 sterio
2059 5450 2346 5506 Bumeseie
2368 5446 2496 5521 (ηόη
2530 5446 2831 5521 Ranieseie,
2852 5459 2906 5501 ut
2937 5446 3440 5521 corrupteimpreui

1859 5518 1980 5574 libri
2022 5521 2234 5588 habent)
2273 5517 2415 5591 quod
2451 5535 2581 5574 avus
2629 5535 2723 5575 rex
2759 5518 3039 5591 Eduar‘dus
3081 5517 3264 5572 senior
3309 5527 3439 5568 cou-

1859 5601 2155 5658 struxerat,
2206 5588 2649 5648 sanctimonialcs
2691 5588 2985 5647 collocavit
3019 5604 3035 5640 :
3084 5595 3438 5658 sanctamque

1859 5650 2154 5738 Mervinam
2201 5678 2365 5738 super
2392 5677 2484 5738 eas
2513 5659 2858 5738 _abbatissant
2906 5657 3217 5738 constituit.
3249 5650 3456 5738 inhiat--

1859 5733 2028 5790 mcsb.
2055 5733 2218 5790 etiam
2243 5723 2334 5792 lib.
2365 5750 2402 5792 tt
2431 5735 2494 5791 de
2513 5731 2574 5788 ιι.
2601 5732 2666 5786 A.‘
2696 5743 2981 5789 recensens
3009 5726 3258 5783 coanobia
3277 5723 3455 5778 Win:-
