4028 6302
563 375 636 429 83
1083 374 1138 429 S.
1186 371 1484 429 ANSELMI
1515 371 1864 430 CANTUAB.
1908 361 2225 426 ARCi-HEP.
2269 361 2419 418 OPP.
2465 357 2643 414 PARS
2683 359 2767 414 Ill.
2801 389 2870 400 -—
2901 351 3283 414 EPISTOLE.

3776 351 3858 406 δι

563 487 966 542 ctimonialibus
1007 502 1072 542 ex
1115 495 1295 541 nostra
1331 493 1505 556 parte,
1545 483 1598 539 et
1636 501 1701 540 ex
1731 491 1884 555 parte
1912 477 2145 552 episcopi
2177 467 2222 538 Α
2253 485 2348 540 pos
2381 470 2470 540 qui
2510 469 2562 523 in
2611 479 2720 556 tam
2761 467 3110 524 exsecrabilis
3157 463 3377 522 sceleris
3424 461 3858 556 protelatiunem

565 579 976 640 Wintoniensis,
1002 588 1054 634 et
1085 586 1260 632 vestra
1290 577 1380 644 νη,
1430 585 1490 630 ut
1520 576 1564 630 si
1601 575 1792 648 nolunt
1834 589 1920 628 me
1972 573 2146 641 prohi-

563 673 695 727 bere
723 672 827 726 illis
858 671 1093 726 divinum
1126 667 1359 722 ofﬁcium
1399 666 1599 729 facere,
1633 676 1758 720 tunc
1783 681 1848 720 ex
1883 672 1996 718 toto
2023 663 2154 732 pro-'

565 751 882 814 ltiheanl'ut
917 759 1092 813 nullus
1124 760 1317 822 honor,
1347 757 1437 826 qui
1477 757 1636 812 alicui
1659 765 1866 811 sancto
1899 753 2142 809 exhiberi

565 849 723 902 debet
755 850 1076 904 exhibentur
1113 849 1179 902 ab
1211 847 1340 912 illis,
1372 855 1466 899 aut
1503 847 1822 916 permittant
1868 844 1935 898 ab
1963 842 2144 912 aliquo

562 938 804 992 exhiberi
867 947 1078 994 mortuo
1125 937 1200 992 illi
1249 953 1408 1006 quem
1449 937 1666 1005 quidam
1697 937 1766 970 ’⁷³
1817 934 1996 990 volunt
2048 949 2144 1002 pro

561 1037 754 1083 sancto
776 1029 983 1084 haberi.
1013 1027 1207 1082 Filium
1238 1036 1418 1081 autem
1447 1026 1615 1095 ipsius
1644 1027 1839 1080 mortui
1866 1021 2144 1094 propellite

561 1136 591 1172 ει
634 1119 781 1182 villa,
807 1135 908 1174 nec
937 1119 1166 1188 amplius
1194 1126 1543 1173 conversetur
1567 1118 1616 1170 in
1647 1115 1758 1170 illa.

1057 1248 1390 1306 EPISTOLA
1431 1247 1512 1302 LII
1551 1248 1645 1300 ’7'.

563 1377 788 1416 Ακςεωι
827 1378 894 1416 AD
929 1376 1216 1416 GERMIDUM-
1259 1372 1708 1416 ARCHIEPISCOPUH
1747 1373 2140 1412 EBORACENSEII.

561 1476 723 1530 Docet
755 1477 994 1529 inducias
1023 1495 1116 1530 suo
1141 1492 1354 1528 assensu
1387 1473 1547 1543 fuisse
1583 1477 1736 1528 datas
1775 1473 2029 1542 sacrilego
2055 1476 2144 1543 qui

797 1547 1062 1600 mulierem
1097 1547 1316 1598 relatam
1343 1546 1398 1598 in
1425 1561 1636 1598 uxorem
1669 1548 1914 1597 duxerat.

635 1637 935 1700 Amulius,
967 1636 1140 1706 gratia
1189 1637 1278 1689 Dei
1327 1635 1770 1705 archiepiscopus
1815 1634 2142 1701 Cantuarire,

563 1727 838 1791 Cumano,
863 1728 1267 1797 archiepiscopo
1291 1727 1645 1793 Eboracensi,
1678 1727 1926 1782 salutem.

2247 557 2556 620 consentire
2593 555 2909 630 potuerunt.
2966 557 3310 628 Quapropter
3355 556 3510 610 decet
3553 557 3676 623 nos,
3731 555 3860 610 imo

2247 659 2478 708 necesse
2512 661 2596 707 est
2646 649 2898 706 omnibus
2945 649 3104 704 nobis
3150 647 3240 718 qui
3290 645 3344 700 in
3397 645 3504 700 hoc
3555 646 3860 700 consensi—

2246 757 2367 797 mus
2393 741 2486 808 ηδ,
2511 739 2556 795 si
2583 748 2694 794 tam
2719 737 2989 793 indecenti
3037 735 3368 806 improperio
3405 733 3695 803 subjacere
3739 747 3858 787 no-

2247 829 2460 892 lumus‘,
2509 835 2777 897 quatenus
2823 826 2940 881 dies
2987 823 3230 892 ejusdem
3279 836 3460 877 causae
3517 821 3858 876 definiendus

2246 921 2611 978 constituatur
2657 919 2911 983 celerius,
2959 917 3013 970 in
3049 929 3156 985 quo
3195 912 3538 984 praesentiam
3591 922 3856 968 nostram

2245 1021 2300 1068 et
2329 1015 2586 1080 vestram,
2618 1020 2712 1066 aut
2739 1011 2782 1066 si
2817 1010 2920 1064 hoc
2949 1022 3068 1066 esse
3095 1006 3302 1076 nequit,
3337 1004 3572 1076 aliquam
3601 1005 3856 1060 rationa-

2247 1101 2408 1156 bilem
2439 1115 2506 1156 ex
2541 1111 2726 1155 nostra
2765 1107 2820 1154 et
2857 1097 3106 1154 similiter
3135 1111 3202 1151 ex
3231 1102 3414 1150 vestra
3459 1105 3616 1164 parte
3653 1109 3856 1163 perso—

2245 1205 2369 1245 nam
2423 1191 2613 1245 adesse
2661 1190 2930 1258 cupimus.
2982 1187 3150 1254 Quem
3206 1187 3346 1242 diem
3403 1187 3458 1240 in
3503 1197 3697 1242 octava
3755 1185 3858 1241 die

2247 1277 2557 1334 Nativitatis
2595 1279 2653 1334 S.
2701 1279 2793 1333 Dei
2831 1277 3109 1348 genitricis
3157 1275 3358 1339 Mariae,
3397 1275 3645 1346 quamvis
3683 1276 3858 1332 nobis

2248 1371 2408 1425 nimis
2441 1369 2731 1440 longinqua
2779 1378 3000 1438 propter
3025 1367 3342 1438 praedictam
3365 1381 3596 1421 causam
3627 1367 3722 1428 sit,
3759 1377 3854 1420 ta-

2247 1473 2368 1512 men
2411 1455 2850 1530 qtiia‘cogiiosco
2897 1471 2995 1512 vos
3043 1457 3176 1512 velle
3225 1457 3508 1519 interesse,
3563 1457 3852 1526 ponimus.

2247 1547 2456 1618 Quippe
2483 1557 2582 1602 nec
2603 1548 2888 1616 episcopus
2917 1547 2983 1600 ad
3009 1559 3168 1615 quem
3192 1559 3352 1600 causa
3377 1544 3631 1614 pertinet,
3653 1544 3850 1607 vellet,

2247 1637 2290 1690 si
2319 1651 2418 1707 ego
2445 1635 2668 1702 vellem;
2700 1650 2801 1690 nec
2826 1649 2926 1705 ego
2951 1634 3163 1699 vellem,
3210 1635 3254 1688 si
3303 1633 3392 1688 ille
3416 1632 3576 1687 vellet
3607 1633 3712 1686 hoc
3741 1633 3856 1687 dif-

2245 1728 2392 1784 ferre
2419 1728 2644 1794 diutius,
2677 1730 2720 1783 si
2756 1729 2896 1782 Deus
2923 1741 3022 1782 nos
3044 1727 3112 1780 ab
3142 1725 3288 1779 omni
3323 1723 3716 1794 impedimento
3745 1725 3852 1778 de-

635 1821 828 1874 Notum
863 1819 1020 1884 facio,
1047 1819 1242 1874 dilecte
1285 1819 1378 1885 mi,
1412 1818 1732 1874 reverentia:
1777 1827 1996 1883 vestrae,
2017 1818 2148 1888 quia
2177 1831 2218 1885 Β
2251 1819 2504 1874 fetiderit.
2556 1817 2688 1872 Nam
2733 1825 2944 1873 tantum
2991 1826 3113 1887 post.
3164 1815 3490 1884 colloquium
3545 1823 3798 1869 nostrum
3831 1858 3850 1878 ,

563 1911 792 1965 induciae
833 1911 900 1964 de
947 1923 1110 1965 causa
1160 1907 1304 1964 illius
1339 1910 1431 1978 qui
1483 1910 1767 1964 mulierem
1809 1909 2042 1963 velatam
2087 1909 2139 1962 in

559 2001 863 2073 conjugium
920 2004 1022 2058 sibi
1076 2003 1331 2074 copulare
1389 2003 1759 2072 prmsumpsit,
1813 2018 1948 2072 quas
1997 2001 2162 2056 dedit.

555 2093 841 2161 episcopus
863 2091 1158 2147 Lundoniae
1185 2103 1364 2147 vestra
1397 2093 1672 2155 instantia,
1713 2107 1800 2146 me
1829 2092 2064 2156 favente,
2091 2092 2144 2144 in

557 2191 763 2235 tantam
815 2181 1097 2236 infamiam
1145 2197 1421 2238 conversa:
1459 2191 1580 2237 sunt
1617 2183 1768 2247 mihi,
1805 2191 1860 2236 et
1902 2182 2054 2236 vobis
2091 2191 2164 2240 et.

557 2274 810 2328 clunibus
845 2289 1072 2343 quorum
1106 2289 1368 2330 consensu
1415 2275 1551 2330 datae
1580 2287 1725 2340 sunt,
1757 2276 1898 2344 apud
1931 2274 2144 2329 Lundo-

555 2362 775 2416 nienses
805 2372 860 2416 et
897 2365 1035 2433 apud
1077 2379 1266 2419 omnes
1293 2365 1384 2434 qui
1431 2366 1534 2420 hoc
1576 2366 1818 2433 audiunt,
1861 2375 1918 2419 ut
1946 2367 2143 2422 nullius

557 2453 664 2506 hoc
694 2453 787 2519 ⁸⁷⁵,
817 2455 920 2509 nisi
953 2455 1202 2527 religioso
1233 2471 1424 2512 carens
1444 2457 1670 2526 pudore,
1699 2459 1742 2513 si
1771 2459 1956 2530 fugere
1980 2459 2140 2523 valet,

557 2543 794 2601 tolerare
820 2557 1006 2616 queat.
1055 2549 1353 2619 Desperant
1391 2551 1556 2604 etiam
1599 2549 1766 2604 ullum
1803 2552 2014 2606 bonum"
2047 2551 2144 2604 ali-

555 2637 776 2704 quando
821 2647 1206 2708 proventurnm
1237 2639 1492 2695 Ecclesiae
1521 2641 1612 2695 Dei
1651 2655 1746 2711 per
1777 2641 1896 2696 illos
1939 2641 2150 2711 episco-

2251 1911 2534 1967 didieimus
2566 1914 2632 1967 de
2676 1911 2750 1965 rei
2783 1911 3034 1974 veritate,
3073 1917 3135 1962 ut
3177 1909 3230 1963 si
3277 1909 3642 1962 acceleramus
3695 1909 3852 1975 quod

2247 2003 2463 2059 dilferre
2483 2015 2956 2074 proposueramus,
2983 2000 3124 2056 nulla
3150 1999 3444 2054 notandum
3465 1999 3568 2054 hoc
3581 1997 3656 2030 ⁸η
3675 1999 3752 2054 sit
3785 1999 3850 2054 in

2251 2095 2340 2148 tali
2376 2095 2591 2166 negotio
2619 2095 2858 2149 levitate.

2739 2203 3075 2259 EPISTOLA
3115 2201 3227 2257 Llll
3255 2203 3346 2254 ⁸⁷⁷.

2301 2297 2622 2350 lllLDEBERTl
2654 2307 3051 2351 CENOIIANENSIS
3085 2295 3319 2348 EPlSCOPl
3361 2309 3426 2347 AD
3465 2307 3776 2348 ANSELMITH.
3849 2323 3852 2325 ·

2248 2387 2432 2442 Crates
2461 2387 2700 2456 persolvit
2731 2387 2791 2456 ob
2823 2397 3107 2439 tractatum
3133 2383 3211 2438 De
3241 2383 3852 2456 processioneispiritus

2317 2455 2486 2512 sancti
2515 2469 2694 2511 natura
2725 2455 2934 2510 (ἔναιε-οδ
2967 2457 3216 2524 scriptum
3253 2465 3304 2508 et
3341 2455 3410 2507 ad
3443 2472 3496 2507 se
3525 2455 3770 2508 missum.

2323 2549 2630 2604 Venerabili
2657 2545 2962 2603 Cantuarios
3009 2546 3438 2616 archiepiscopo,
3464 2545 3630 2616 gloria
3663 2555 3720 2600 et
3749 2547 3850 2600 lm-

2254 2655 2384 2696 nore
2412 2640 2751 2711 dignissimo,
2783 2639 3055 2710 Assumo,
3083 2637 3464 2694 HiLusnua'rus
3491 2637 3632 2710 (l5),
3657 2639 3846 2692 humi-

1791 2773 2021 2828 VAlile
2065 2774 2468 2832 LECTiONES.

627 2883 694 2912 ’⁷³
723 2883 968 2954 Episcopi
991 2895 1048 2940 et
1073 2895 1253 2942 vestra
1282 2903 1362 2941 ms
1385 2887 1630 2957 EpiscOpi
1655 2887 2049 2942 Wintoniensis
2073 2895 2128 2940 et
2177 2897 2356 2940 vestra

2466 2888 2534 2920 ³⁷³
2563 2887 2731 2952 Quem
2760 2886 2974 2953 quidem
3005 2901 3084 2938 ms
3106 2900 3263 2953 quem
3289 2885 3510 2953 quidam
3619 2887 3691 2920 ’⁷³
3717 2884 3846 2938 σοι.

559 2954 671 3005 lata
698 2969 815 3006 cum
841 2958 1016 3007 eodem
1043 2973 1118 3008 ms
1195 2957 1266 2987 '7"
1299 2957 1366 3011 Ut
1390 2954 1696 3010 ttullusiioc
1719 2974 1796 3009 ms
1827 2957 2022 3008 nullius
2049 2957 2150 3010 hoc
2178 2957 2267 3009 sed
2297 2957 2434 3010 male
2505 2956 3038 3010 '"Consenserimus
3066 2972 3143 3008 ms
3166 2956 3537 3010 consensimus
3609 2955 3680 2986 ’⁷⁸
3711 2957 3818 3010 Νυι
3837 2990 3848 2999 -

556 3025 653 3077 lus
684 3023 786 3078 hoc
811 3041 890 3077 ms
913 3024 1058 3078 nulla
1104 3027 1400 3079 notandum
1448 3027 1548 3080 hoc

1657 3027 1725 3057 ’7’
1761 3025 1967 3079 Collatu
2018 3042 2134 3079 cum
2183 3027 2364 3079 eodem
2406 3043 2484 3080 ms
2521 3037 2566 3080 et
2599 3042 2718 3090 cum
2750 3043 2826 3079 ms
2855 3023 2912 3080 S.
2949 3026 3184 3079 Audoeni
3213 3023 3524 3094 Rothomug.

1721 3158 2005 3216 JOANNIS
2043 3158 2196 3212 ΡΙοΑ
2208 3157 2320 3212 RD!
2346 3157 2576 3215 ΝΟΤᾸΕ.

555 3270 826 3342 toniensis
867 3268 1364 3342 dimceseostcjus
1405 3272 1654 3328 meminit
1700 3281 1758 3327 et
1809 3272 2136 3326 Rutneseiam
2163 3279 2204 3336 C
2237 3271 2592 3342 ces;excusi
2637 3279 2816 3326 autem
2873 3271 3224 3335 Hildebertus,
3265 3272 3361 3326 sed
3396 3283 3454 3342 et
3495 3271 3544 3326 in
3579 3273 3832 3342 ejusdem

553 3349 736 3404 vocat,
760 3341 1084 3412 discrepans
1113 3343 1179 3398 ab
1205 3341 1515 3404 lionedeno,
1548 3343 1688 3412 quod
1723 3343 1995 3412 Edgarum
2031 3356 2134 3396 non

554 3411 866 3466 Eduardum
921 3411 1259 3482 conditorem
1317 3411 1573 3468 asserat.
1615 3411 1882 3466 Locorum
1939 3413 2132 3482 igitur,

553 3491 858 3552 temporum
882 3489 936 3534 et
959 3481 1305 3552 fundatorum
1331 3482 1566 3537 varietas
1589 3491 1772 3550 aperte
1798 3481 2136 3552 distinguunt

553 3552 675 3604 haec
697 3549 804 3604 duo
829 3549 1073 3604 emnobia
1093 3590 1106 3614 ,
1139 3552 1287 3620 quib.
1323 3552 1501 3606 littera
1531 3569 1566 3606 u
1597 3549 1648 3605 in
1673 3569 1704 3604 τι
1735 3549 2134 3614 ιηιιιειῑθζὶάειη

553 3633 779 3690 prorsus
807 3627 888 3674 est
917 3634 1132 3674 nomen.
1155 3621 1422 3676 Castorum
1453 3622 1616 3676 homo
1643 3621 1755 3686 ille,
1779 3620 2134 3690 quorumdam

554 3689 810 3760 Opinione
834 3698 1074 3760 sanctus,
1101 3707 1132 3745 a
1163 3691 1316 3760 cujus
1357 3691 1502 3745 cultu
1528 3705 1586 3746 et
1625 3689 1830 3749 honore
1851 3691 2138 3760 Anselmtts

553 3759 1241 3830 prmcipithltumesienses’
1269 3761 1504 3830 virgines
1554 3763 1856 3825 abstinere,
1900 3769 1985 3816 est
2011 3759 2138 3814 Val-

554 3831 774 3891 deosus,
803 3828 1152 3895 Valtbeol‘us‘,
1188 3828 1443 3886 Valdel‘us
1473 3848 1567 3886 seu
1597 3830 1907 3896 Veldeol‘ns,
1947 3843 2135 3885 comes

552 3897 942 3969 nobilissimus,
965 3915 1124 3968 quem
1145 3899 1464 3955 G-uillelmus
1488 3901 1692 3956 Nothus
1713 3901 1782 3955 ob
1809 3901 2130 3955 levissimam

553 3969 944 4040 cotiiurationis
983 3971 1348 4040 suspicionem
1397 3973 1574 4040 capite
1622 3973 1920 4026 damnavit.
1975 3971 2134 4024 Inno-

552 4039 788 4094 centiam
829 4055 958 4095 vero
1008 4039 1125 4108 ejus
1155 4041 1322 4111 multa
1359 4039 1530 4110 eaque
1567 4041 1825 4111 praeclara
1875 4041 2132 4096 miracula

546 4111 959 4231 wniiicarunt.
991 4110 1392 4192 testihaliialm.
1425 4112 1463 4164 l.
1495 4128 1546 4166 tv
1571 4110 1648 4166 De
1691 4119 1840 4180 pont.
1878 4111 2035 4192 Angl.
2077 4120 2134 4192 et

625 4179 817 4231 alsmtr.
846 4197 899 4231 tn
924 4177 1131 4231 anod.
1157 4182 1344 4231 t\eust.
1368 4183 1434 4231 ad
1460 4199 1549 4231 an.
1577 4182 1735 4231 1075.
1761 4179 2134 4231 Rumestensrs

625 4179 817 4250 alsing.
846 4180 899 4232 in
924 4177 1131 4250 Hypod.
1157 4181 1344 4236 Neust.
1368 4183 1434 4236 ad
1460 4199 1549 4236 an.
1577 4177 1735 4236 1075.
1761 4177 2134 4236 Rumesiensis

550 4247 721 4316 igitur
745 4247 1118 4320 antistita,ch
1159 4251 1386 4318 alicujus
1437 4253 1683 4306 miraculi
1739 4259 1982 4320 permota
2042 4267 2131 4304 ru-

551 4317 817 4382 musculo,
851 4327 944 4372 aut
969 4319 1148 4388 iniqua
1187 4317 1401 4375 comitis
1428 4337 1583 4385 nece,
1611 4317 1852 4389 publicas
1873 4320 2132 4376 fundebat

549 4401 762 4459 preces,
797 4397 1028 4456 votaque
1063 4391 1475 4457 nuncupabatur
1498 4391 1547 4444 ei
1570 4406 1730 4459 quem
1761 4391 1998 4459 nondum
2031 4391 2133 4444 Ec-

552 4457 720 4510 clesia
777 4459 831 4511 in
885 4459 1038 4513 divos
1089 4460 1379 4516 retulisset.
1430 4457 1790 4526 Quamobrem
1841 4458 2130 4514 Ansclmus

549 4527 748 4581 merito
798 4529 1040 4601 praecipit
1077 4545 1195 4584 eam
1249 4530 1890 4601 cessareanequeenim
1915 4529 2126 4601 publici

551 4607 862 4670 sanctorum
887 4599 1126 4670 honores
1150 4601 1386 4670 pendent
1414 4615 1481 4654 ex
1507 4598 1818 4654 ferventiori
1846 4598 2130 4670 cujuslibet

551 4667 698 4732 zelo,
747 4669 840 4721 sed
887 4667 1196 4737 apostolicae
1241 4670 1384 4724 sedis
1433 4679 1490 4724 et
1547 4670 1800 4724 Ecclesiae
1845 4669 2126 4725 catholica:

542 4738 773 4810 judicio,
817 4739 1032 4810 licetin
1071 4739 1280 4810 synodo
1323 4737 1570 4802 Pondini,
1605 4739 1916 4810 habitatio.
1967 4740 2128 4807 1102,

547 4823 670 4881 eam
687 4807 890 4881 obirem
911 4809 962 4863 id
983 4807 1338 4881 promulgarit
1359 4809 1769 4878 edictum,un
1783 4809 1966 4881 Malm.
1979 4820 2130 4866 retu-

549 4880 612 4931 lit
638 4879 670 4933 l.
704 4895 719 4931 ι
753 4880 826 4932 De
847 4879 1168 4950 pont.Angl.
1191 4879 1242 4934 in
1257 4881 1761 4935 bancs'ententiam:
1781 4900 1801 4932 ί
1824 4880 2035 4950 Nequis
2051 4889 2132 4936 te-

547 4949 786 5020 meraria
823 4949 1060 5020 novitate
1090 4951 1413 5020 corporibus
1442 4961 1778 5006 mortuorum
1809 4959 1904 5005 aut
1928 4949 2128 5006 l'ontib.

549 5026 644 5069 aut
684 5017 804 5096 aliis
842 5019 1002 5096 rebus
1043 5017 1201 5089 (quze'
1221 5020 1513 5096 contigisse
1548 5021 1816 5096 novimus)
1857 5021 1974 5096 sine
2013 5023 2128 5092 epi-

547 5087 754 5152 scepali
776 5087 1097 5144 auctoritate
1113 5087 1469 5146 reverentiam
1487 5087 1804 5146 sanctitatis
1817 5087 2122 5149 exhibeat.»

547 5158 667 5220 Quo
693 5155 982 5231 interdicto
1007 5159 1177 5231 voluit
1209 5160 1500 5215 Anseimns
1539 5174 1886 5231 compescere
1916 5164 2125 5218 subita—

548 5238 684 5298 neas
711 5228 973 5298 quasdam
1006 5229 1293 5296 plebeculae
1315 5228 1754 5298 superstitiones,
1778 5247 1844 5286 ex
1876 5235 2124 5288 immatu-

547 5295 682 5372 ᾐνιιρ
725 5297 926 5372 pietate
973 5295 1203 5368 genitas,
1232 5316 1336 5355 non
1381 5295 1716 5358 laudabilem
1733 5295 1800 5358 et
1846 5305 2122 5372 antiquam

547 5363 807 5444 Ecclesia:
849 5363 1106 5444 [inmania
1153 5363 1594 5429 censuetudinetn
1647 5373 1703 5430 in
1743 5363 2126 5444 apotheosibus

548 5437 758 5508 servari
784 5437 998 5508 solitam
1025 5445 1332 5508 aspernari.

621 5505 734 5572 (15)
775 5505 1132 5566 Hildebertus.
1184 5510 1452 5567 Robertus
1494 5513 1710 5570 Ccnalis
1755 5511 1847 5566 lib.
1887 5529 1904 5566 ι
1955 5512 2030 5568 De
2070 5528 2128 5566 re

547 5572 784 5648 gallica,
835 5579 1180 5648 perioche6.
1209 5583 1398 5638 scribit
1449 5581 1808 5647 Gildebertua;
1854 5581 2122 5637 Guillelm.

546 5643 1041 5722 geminet.‘lib._vt
1070 5651 1270 5706 Histor.
1313 5654 1509 5708 ducum
1549 5643 1833 5718 Numnam,
1864 5667 1983 5722 cap.
2022 5651 2124 5722 10.

547 5712 841 5792 Idcbertus,
869 5719 961 5792 alii
994 5721 1298 5792 lldeberdus
1323 5739 1340 5787 ;
1380 5738 1540 5792 quam
1568 5712 2126 5792 postremam-hujus;

545 5799 650 5853 que
667 5789 824 5856 epist.
862 5791 1204 5860 scriptionem
1237 5789 1544 5864 promiscue
1568 5789 1786 5848 habent
1817 5809 1946 5850 mss.
1977 5789 2126 5863 codi-

2241 3341 2422 3412 Gestis
2451 3343 2592 3410 (qua:
2612 3343 2898 3412 impetravi
2929 3358 2960 3396 a
2993 3343 3058 3397 V.
3097 3344 3278 3412 priore
3299 3341 3534 3403 Tuﬁ'et‘o,
3557 3341 3838 3402 cdeuobila

2242 3413 2300 3466 S.
2338 3411 2598 3482 Vincentii
2644 3411 3108 3482 Cenomanensis)
3135 3422 3418 3482 utramque
3459 3413 3695 3468 vicissim
3747 3433 3842 3470 re.

2239 3482 2374 3550 peri.
2404 3481 2651 3538 Hzcccine
2703 3497 2829 3537 vero
2855 3483 3039 3545 Gesta,
3074 3481 3144 3536 ne
3175 3481 3377 3536 diutius
3409 3481 3612 3536 lateant
3641 3495 3832 3551 postea

2239 3565 2358 3616 ros,
2390 3552 2646 3606 addemus
2673 3551 2791 3606 hic:
2829 3571 2847 3602 ι
2879 3552 3212 3606 Venerabilis
3245 3551 3582 3606 Hildebertus
3617 3567 3682 3607 ex
3721 3553 3832 3608 La-

2238 3623 2544 3676 verdinensi
2581 3632 2764 3676 castro
2809 3622 3204 3683 mediocribus,
3233 3621 3327 3675 scd
3361 3630 3541 3675 tamen
3587 3622 3832 3678 honestis

2236 3700 2389 3748 ortus
2417 3693 2732 3764 parentibus
2757 3709 2788 3745 a
2835 3690 3064 3764 Domino
3095 3691 3258 3746 Hoelo
3279 3690 3456 3764 _[alias
3484 3691 3688 3764 Boello]
3729 3695 3836 3749 Cc-

2237 3761 2552 3832 nomanensi
2612 3761 2865 3832 episcopo
2916 3761 3094 3816 factus
3151 3761 3410 3832 magister
3477 3761 3826 3830 scholarum,

2237 3829 2428 3900 deinde
2493 3829 2946 3900 archidiaconus,
2999 3841 3052 3885 et
3107 3829 3566 3900 post‘decessum
3621 3833 3826 3887 domini

2237 3898 2385 3970 lloeli
2408 3901 2460 3953 in
2481 3899 2600 3970 ejus
2622 3901 2736 3956 loco
2765 3910 2847 3955 est
2876 3898 3220 3956 substitutus.
3248 3899 3344 3954 llic
3368 3901 3551 3970 itaque
3581 3903 3850 3959 moribus-

2237 3968 2476 4034 placidus
2513 3968 2574 4025 et
2601 3973 2917 4036 modestus,
2961 3972 3134 4040 primo
3171 3971 3326 4026 initio
3357 3972 3438 4024 sui
3463 3968 3830 4041 episcopatus

2235 4041 2514 4108 satagebat
2555 4051 2864 4099 restaurare
2903 4056 2966 4094 ca
3004 4057 3124 4110 qua:
3166 4051 3570 4096 autecessorum
3597 4056 3824 4098 suorum

2237 4111 2562 4184 negligentia
2587 4112 2668 4184 vel
2694 4112 2964 4184 destructa
2987 4112 3069 4164 vel
3094 4112 3290 4184 amissa
3323 4112 3830 4184 fuerant,_i_nfatigao

2232 4177 2327 4234 bili
2347 4177 2546 4236 studio.
2579 4179 2848 4236 Continuo
2873 4196 3103 4249 namque
3140 4183 3358 4236 domum
3381 4181 3601 4250 capituli
3633 4197 3663 4238 a
3693 4177 3827 4237 ΐιῇι-

2234 4250 2502 4304 damentis
2531 4251 2694 4320 erepit
2735 4259 3053 4306 construere
3073 4292 3087 4315 ,
3127 4260 3179 4306 et
3213 4251 3448 4320 undique
3477 4253 3672 4307 vitreis
3703 4253 3828 4308 illu-

2233 4321 2514 4385 suavit,et
2535 4321 2774 4376 forniceo
2799 4336 2960 4389 Opere
2989 4333 3336 4390 snpertegere
3360 4323 3590 4378 curavit.
3617 4323 3826 4378 Eodem

2235 4403 2469 4460 namque
2512 4401 2754 4460 tempore
2791 4393 2994 4445 bellum
3035 4392 3416 4460 gravissimum
3461 4402 3708 4446 exortum
3741 4405 3832 4448 est

2233 4456 2691 4530 interi-[emicant
2735 4461 2754 4515 Ι
2807 4456 3102 4530 Anglorum
3141 4476 3354 4530 regem,
3386 4469 3441 4516 et
3479 4461 3688 4522 Heliam
3729 4478 3830 4519 co-

2233 4529 2418 4584 mitem
2447 4522 2949 4602 (ienomanensem',
2975 4545 3041 4585 eo
3081 4522 3230 4600 quod
3253 4522 3369 4602 ipse
3407 4545 3500 4602 rex
3543 4534 3828 4602 episcopa-

2239 4606 2362 4674 lunt
2397 4601 2861 4674 calumniabatur,
2919 4601 3148 4674 ideoque
3201 4601 3527 4674 ordinationi
3579 4601 3824 4674 episcOpi

2238 4669 2562 4726 moliebatur
2598 4672 2881 4726 obsistere.
2923 4671 3056 4725 Cum
3099 4680 3294 4725 autem.
3321 4671 3562 4726 audisset
3601 4669 3832 4729 ordina-

2241 4747 2352 4812 tum
2385 4756 2528 4808 esse,
2567 4742 2866 4798 manifestis
2898 4739 3162 4812 bellorum
3197 4741 3505 4812 incursibus
3540 4744 3822 4812 patcleeit.

2235 4809 2400 4878 Cujus
2445 4812 2674 4882 inceptis
2712 4826 2896 4867 comes
2943 4811 3125 4866 Helias
3165 4811 3331 4880 coepit
3381 4809 3656 4868 resistere.
3703 4815 3828 4881 Quo

2234 4892 2532 4949 comperto,
2569 4881 2754 4946 Fulco,
2787 4896 2973 4937 comes
3007 4882 3412 4952 Andegavensis
3451 4883 3503 4936 in
3541 4883 3824 4942 civitatem

2233 4952 2474 5018 advenit,
2517 4960 2573 5007 et
2605 4966 2872 5008 consensu
2911 4953 3108 5008 civium
3149 4953 3204 5006 in
3254 4953 3644 5008 munitionibus
3681 4955 3826 5012 civi-

2234 5021 2364 5076 tatis
2389 5021 2688 5092 custodiam
2717 5022 2924 5089 posuit,
2948 5021 3129 5092 ibique
3157 5021 3344 5078 relicto
3369 5021 3479 5078 lilio
3498 5037 3596 5080 suo
3621 5027 3690 5079 ad
3711 5026 3828 5080 alia

2235 5091 2566 5160 properavit.
2610 5091 2818 5146 Interea
2849 5107 2945 5146 rex
2975 5091 3270 5160 Anglorum
3312 5093 3500 5148 videns
3543 5095 3826 5151 civitatem

2241 5161 2322 5214 sui
2350 5162 2610 5231 principis
2651 5162 2901 5230 pnesidio
2931 5163 3242 5218 destitutam
3267 5204 3284 5230 ,
3314 5161 3420 5218 huc
3455 5165 3720 5231 accessit;
3753 5169 3823 5222 ad

2234 5231 2488 5287 Colonias
2522 5232 2772 5304 accedit;
2803 5233 3048 5304 consedit
3064 5231 3267 5304 urbem
3309 5233 3554 5304 exercitu
3587 5249 3824 5304 magum.

2233 5309 2417 5372 postea
2449 5303 2710 5358 cremavit
2733 5301 3028 5358 Coloniam.
3059 5301 3172 5358 Re:
3193 5312 3394 5368 autem,
3412 5303 3601 5372 videns
3617 5301 3828 5362 sciesso

2236 5370 2470 5432 illusum,
2512 5389 2634 5428 cum
2671 5375 2914 5430 exercitu
2949 5387 3049 5426 suo
3087 5373 3359 5428 discessit.
3405 5371 3566 5428 Cives
3603 5385 3822 5441 autem,

2233 5457 2356 5516 cum
2399 5443 2480 5516 ad
2505 5458 2740 5516 pugnam
2791 5460 2852 5499 se
2897 5451 3316 5516 praeparassent,
3355 5453 3636 5516 comperta
3677 5450 3826 5516 regis

2237 5512 2392 5581 fuga.
2417 5515 2483 5567 ad
2509 5512 2695 5568 urbem
2728 5523 2854 5568 sunt
2882 5512 3104 5568 reversi.
3135 5513 3253 5579 Quo
3278 5514 3462 5567 audito
3502 5529 3686 5570 comes
3715 5512 3828 5571 Ητ-

2235 5581 2356 5656 lias,
2391 5584 2588 5656 timens
2602 5599 2679 5656 ne
2710 5583 2874 5656 Fulco
2917 5583 3544 5656 comesAndegavensis
3583 5590 3822 5656 proscri.

2233 5654 2402 5728 p_ti_o_ni
2432 5655 2549 5724 ejus
2599 5654 2932 5728 intenderet,
2963 5653 3238 5728 mandavit.
3273 5655 3361 5728 ad“
3387 5668 3458 5708 se
3501 5653 3822 5728 episcopum

2235 5719 2624 5793 lltldebertutti,
2643 5731 2705 5793 et
2734 5726 2994 5792 quosdam
3019 5737 3084 5779 ex
3121 5723 3448 5793 primoribus
3475 5719 3736 5790 civitatis.
3763 5739 3828 5784 et

2233 5807 2354 5846 cum
2399 5792 2478 5848 eis
2518 5791 2680 5864 coepit
2727 5791 3036 5864 excogitare
3083 5791 3280 5864 quibus
3325 5795 3497 5851 modis
3540 5798 3824 5856 civitatem
