4028 6302
201 348 270 401 85
780 398 792 405 ἡ
942 400 945 401 ν
1171 329 1178 336 ’
1422 336 1544 392 LIB.
1580 335 1668 404 III,
1696 333 1913 392 EPIST.
1955 336 2077 391 LIII.
3398 332 3466 389 86

196 459 263 512 lis
290 455 723 520 Cenomanorum
755 452 1028 519 sacerdos,
1075 451 1305 507 salutem
1332 450 1403 483 ’⁷⁸
1431 460 1487 505 et
1511 450 1783 505 orationes
1812 450 1858 506 A
1885 449 2141 520 peccatis.
2176 449 2329 507 Unde
2372 447 2591 517 dignum
2639 448 2737 504 fuit
2779 457 2839 503 ut
2889 449 3182 504 advocatus
3227 449 3474 501 veritatis

197 549 250 603 in
283 549 513 603 Domino
550 547 675 601 Jesu
705 546 942 602 Christo.

244 641 333 703 Et
369 641 485 695 dies
514 639 668 694 hctus
709 650 764 693 et
812 639 991 694 vultus
1036 638 1304 694 solemnes
1350 652 1470 691 cum
1516 644 1609 691 tuo
1654 634 1786 691 mihi

198 733 455 787 Tractatu
481 731 703 800 pariter,
732 731 1075 785 sanctissime
1103 729 1263 784 Pater
1290 727 1380 790 ν’,
1415 736 1782 783 accesserunt.

200 822 555 891 Susceperam
589 822 738 888 prius
764 822 1198 876 benedictionem
1252 829 1398 874 tuam
1448 834 1637 874 servus
1665 834 1785 889 ego,

198 930 389 969 servus
418 923 539 967 tuus
569 912 657 975 ’3',
690 921 745 965 et
781 913 889 982 egit
928 913 1131 983 gratias
1160 913 1387 968 Domino
1434 912 1565 975 Deo,
1608 923 1659 966 et
1691 912 1786 966 tibi

200 1004 520 1058 "‘devotus
568 1000 794 1056 affectus
823 1001 914 1067 ’3’,
974 1000 1199 1057 allectus
1255 1017 1427 1056 meus.
1478 1002 1784 1056 Humanum

89 1154 111 1166 -
200 1091 416 1161 quidem
471 1092 568 1145 luit
619 1092 907 1147 subvenire
956 1098 1203 1163 proximo
1253 1106 1348 1163 per
1397 1093 1789 1162 compassiouis

198 1182 450 1236 allectum
482 1181 579 1247 m;
615 1182 707 1235 sed
753 1181 1017 1247 divinum,
1046 1181 1203 1237 ﬁdem
1243 1180 1529 1236 defendere
1557 1182 1786 1236 catholi-

196 1290 315 1329 cam
370 1288 467 1344 per
531 1272 928 1327 inbabitantem
990 1274 1044 1328 in
1095 1282 1145 1328 te
1199 1272 1459 1344 Spiritum
1519 1281 1783 1327 sanctum.

197 1365 499 1434 Utrumque
530 1374 707 1421 autem
740 1375 995 1435 operatus
1041 1374 1127 1419 est
1167 1382 1305 1420 unus
1354 1374 1516 1435 atque
1548 1364 1617 1396 ’⁸⁵
1644 1364 1784 1418 idem

197 1457 456 1527 Spiritus,
485 1456 673 1513 volens
709 1457 803 1511 tibi
830 1457 994 1528 387
1024 1457 1283 1511 virtutum
1326 1455 1626 1511 exuberare
1662 1468 1786 1524 gra-

196 1548 350 1613 tiam,
380 1563 541 1616 quem
572 1563 684 1601 sua:
721 1547 1085 1615 processionis
1115 1562 1142 1600 a
1171 1547 1307 1601 Filio
1338 1548 1645 1602 reservabat
1693 1546 1785 1600 tle-

196 1634 491 1691 fensorem.
521 1637 577 1692 In
616 1638 933 1692 malevolam
978 1638 1121 1692 enim
1154 1639 1390 1692 animam
1432 1654 1536 1693 ron
1574 1643 1786 1706 poterat

196 1725 425 1783 introire
466 1728 752 1797 sapientia,
800 1742 897 1783 nec
929 1727 1173 1783 habitare
1209 1728 1262 1781 in
1304 1740 1529 1797 corpore
1567 1726 1783 1781 subdito

1890 542 2195 613 exemplum
2222 543 2577 611 prietenderet
2598 541 2667 574 ’⁸³
2691 542 2983 614 religionis.
3014 540 3473 613 Talis'propterca

1890 635 1961 667 ³⁸⁸
1985 633 2344 703 pastoralibus
2374 633 2616 689 excubiis
2660 634 3013 704 congruebat,
3043 633 3129 688 cui
3158 632 3289 688 nihil
3320 633 3474 688 dces-

1889 735 1972 782 set
2000 727 2067 780 ad
2096 728 2165 764 ²⁸⁷
2191 724 2578 796 plenitudinem
2622 724 2868 794 iustitiae,
2896 725 3029 781 nihil
3053 725 3122 757 ’⁸⁸
3147 723 3215 779 ad
3257 724 3477 795 integri-

1893 827 2057 873 tatem
2082 817 2360 872 doctrinre.
2396 814 2618 871 Beatum
2648 831 2779 871 sane
2813 827 3021 886 pectus,
3045 815 3187 887 quod
3214 815 3473 869 virtutum

1892 918 2191 964 conventus
2232 908 2589 963 reverendum
2626 908 2697 940 ’θ’
2730 907 2830 961 sibi
2872 907 3147 977 penetrale
3182 920 3474 962 consecra-

1889 1001 1985 1055 vit.
2040 1002 2164 1055 Inde
2209 1000 2352 1054 velut
2392 1016 2457 1054 ex
2500 1000 2660 1055 aditis
2701 1000 2878 1055 divina
2928 1001 3194 1069 prodeunt
3231 998 3471 1057 oracula.

1890 1093 2128 1162 nihilque
2156 1092 2299 1146 aliud
2328 1108 2483 1147 sacra
2510 1092 2747 1147 labia?”
2773 1091 3096 1164 profitentur
3122 1106 3283 1161 quam
3313 1089 3475 1144 cutic-

1890 1184 1989 1237 stis
2021 1185 2367 1253 interpretem
2391 1182 2701 1237 voluntatis.
2735 1183 2932 1237 Eorum
2959 1197 3041 1236 me
3068 1182 3265 1252 swpins
3293 1195 3471 1233 recor-

1890 1273 2104 1328 dantem
2134 1284 2322 1343 stupor
2356 1275 2639 1343 opprimit;
2688 1283 2743 1336 et
2782 1274 2909 1326 dum
2950 1271 3156 1343 singula
3189 1270 3475 1339 diligenter

1891 1364 2125 1429 intueor,
2157 1365 2340 1419 omnia
2387 1364 2610 1434 Spiritui
2666 1364 2838 1419 lateor
2886 1363 3224 1427 ascribenda,
3267 1360 3474 1415 cum’“

1888 1455 2174 1510 Psalmista
2200 1455 2424 1511 dicens:
2456 1458 2497 1509 Α
2529 1456 2753 1509 Domino
2784 1456 2979 1524 factum
3014 1463 3087 1507 est
3113 1452 3275 1516 istud,
3321 1461 3367 1505 et
3398 1460 3476 1506 est

1888 1545 2126 1598 mirabile
2171 1546 2224 1599 in
2276 1544 2440 1599 oculis
2486 1547 2673 1599 nostris
2722 1544 2894 1615 (Psal.
2941 1558 3107 1607 cxvn,
3148 1542 3263 1611 23).
3320 1540 3475 1603 Vale,

1888 1636 2227 1691 sanctissime
2261 1638 2329 1667 ’9'
2356 1636 2535 1702 Pater,
2569 1636 2748 1691 sciens
2769 1636 2839 1667 ³³³
2863 1636 2988 1704 quia
3036 1633 3305 1692 desiderio
3332 1633 3479 1687 desi-

1888 1728 2040 1782 derat
2074 1727 2254 1782 anima
2292 1744 2409 1783 mea
2444 1736 2494 1784 te
2521 1728 2724 1788 videre,
2758 1743 2862 1781 non
2901 1742 3041 1799 :rgre
3080 1726 3253 1781 latura
3288 1733 3501 1779 ventos-

1511 1857 1749 1915 VARUS
1788 1858 2191 1914 LECTIONES.

300 2003 371 2034 ’⁷⁸
422 2001 688 2058 Salutem.
738 2018 816 2054 ms
860 1999 1089 2054 salutem
1123 2040 1136 2061 .
1197 2006 1247 2053 et
1298 1997 1570 2050 orationes
1616 1996 1666 2049 in
1721 1994 1945 2049 Domino
1991 1992 2115 2047 Jesn
2170 1993 2408 2050 Christo.

707 2072 776 2102 ⁸⁸⁸
813 2072 925 2138 Ego
964 2085 1153 2124 servus
1219 2077 1341 2122 tuus
1404 2084 1480 2119 ms
1531 2081 1719 2119 servus
1775 2081 1876 2138 ego
1926 2079 2117 2118 servus
2167 2074 2291 2119 tuus

1311 2138 1379 2169 ’⁸³
1436 2138 1670 2190 Devotus
1703 2154 1714 2188 :
1752 2136 1976 2189 allectus
2003 2152 2079 2187 ms
2106 2138 2333 2189 devotus
2354 2134 2609 2200 allectus;
2653 2134 2877 2189 allectus
2900 2151 2975 2187 ms
3001 2132 3057 2187 S.
3085 2133 3227 2187 Aud.
3254 2134 3479 2187 devotus

196 2072 337 2123 And.
392 2073 601 2142 pariter

194 2160 275 2211 ms
327 2140 563 2197 S.‘Aud.
610 2142 815 2211 gratias
846 2143 968 2211 Deo
1012 2149 1067 2193 et
1107 2140 1199 2193 tibi

193 2210 419 2265 allectus
445 2204 796 2266 meusflftlit.
830 2209 948 2265 Pic.
989 2211 1213 2262 devotus
1240 2206 1462 2261 (illectus
1492 2214 1575 2259 est
1600 2204 1821 2258 alibi-lus

976 2279 1045 2317 ’δ”
1078 2279 1223 2334 Unus
1257 2278 1343 2331 ille
1369 2286 1551 2345 atque,
1584 2276 1859 2335 omittitur,
1895 2274 1981 2328 ille
2002 2275 2056 2327 in
2088 2291 2164 2327 ms
2194 2272 2251 2328 8.
2282 2274 2421 2345 And.

992 2350 1062 2386 ³⁸⁸
1085 2348 1230 2402 Talis
1250 2350 1410 2399 etiam
1436 2363 1513 2398 ms
1545 2347 1603 2398 8.
1636 2346 1773 2398 ΑηιΙ.
1806 2345 1949 2397 'l‘alis
1975 2354 2254 2413 propterea

615 2423 685 2453 ’⁸⁸
714 2421 1135 2483 Plenitttdinem,
1164 2420 1293 2472 nihil
1326 2435 1430 2471 mss
1458 2416 1843 2485 plenitudinem
1862 2414 2109 2481 jllSlIlIiB,
2144 2413 2275 2485 nihil

194 2501 388 2545 Ventus
412 2494 766 2547 reverendam
791 2508 895 2545 mss
917 2490 1059 2559 quod
1082 2492 1337 2542 virtutum
1371 2497 1670 2559 conventus
1730 2486 2078 2559 reveremlnm

191 2282 585 2350 cotnpassionis
612 2280 862 2336 all‘ertnm

192 2351 497 2418 exemplum
527 2352 884 2421 prmlentlcret

194 2423 407 2475 deesset
437 2422 504 2474 atl

2524 1994 2595 2027 ¹⁷⁹
2649 1992 3002 2048 Sanctissimc
3053 1992 3215 2048 Pater
3274 2010 3353 2047 ms
3412 1992 3474 2047 8.

2400 2064 2465 2094 ’δ’
2513 2064 2733 2117 Gratias
2810 2063 3037 2117 Domino
3092 2064 3229 2127 Deo,
3282 2074 3339 2119 et
3382 2062 3475 2116 tibi

1929 2205 1998 2235 ’⁸³
2035 2204 2331 2258 Cbaritatis
2381 2204 2634 2257 allectum
2683 2221 2761 2257 ms
2793 2202 2851 2258 8.
2898 2203 3038 2273 And.
3081 2214 3128 2256 et
3179 2202 3328 2256 Edtt.
3363 2202 3477 2255 llic.

1929 2274 1981 2326 "le
2002 2275 2056 2326 in
2088 2291 2164 2326 ms
2194 2272 2251 2326 8.
2282 2274 2421 2326 And.
2534 2273 2601 2303 ³⁸⁸
2632 2274 2947 2326 Exemplum
3003 2273 3331 2326 relinquerat
3374 2288 3477 2323 mss

2649 2288 2947 2327 SXCIHDIIIHI
3003 2288 3331 2327 I'BIIIIOIICI'HI
3374 2288 3477 2323 mss

2368 2282 2421 2325 (ι.
2534 2282 2601 2303 ’⁸ο
2632 2282 2947 2343 Exemplum
3003 2282 3331 2343 relinquerat
3374 2288 3476 2323 mss

2368 2344 2436 2374 ’⁸⁷
2485 2341 2624 2397 Nihil
2670 2344 2821 2397 deest
2849 2344 2914 2396 ad
2940 2360 3019 2397 ms
3048 2343 3108 2397 S.
3148 2344 3287 2397 And.
3340 2340 3476 2395 nihil

2387 2414 2455 2445 ’⁸³
2484 2412 2637 2479 Quod
2682 2416 3010 2470 reverendus
3052 2414 3310 2468 virtutum
3346 2428 3480 2467 eon-

2192 2484 2261 2514 ²⁹⁰
2302 2483 2470 2538 Sacra
2516 2484 2654 2537 labia
2697 2500 2774 2537 ms
2827 2483 2886 2537 S.
2942 2485 3077 2537 And.
3108 2500 3262 2538 sacra
3311 2485 3473 2537 verba

194 2561 265 2591 ¹⁹¹
297 2561 565 2630 Opprimit
584 2572 637 2616 et
665 2571 901 2615 mutatus
929 2553 1097 2615 nostri
1123 2561 1380 2630 temporis
1405 2556 1678 2630 hominem
1705 2557 1829 2608 talia
1854 2570 2027 2630 posse,
2053 2554 2261 2609 calamo
2285 2556 2489 2630 scribto
2507 2555 2761 2630 velociter
2783 2555 3069 2630 scribentis
3096 2556 3275 2630 omnia
3306 2553 3479 2630 fateor

196 2624 540 2693 ascribenda,
576 2648 697 2684 cum
728 2648 803 2684 ms
828 2631 887 2684 S.
916 2631 1054 2681 And.
1084 2638 1130 2682 et
1163 2624 1249 2681 ius
1270 2628 1408 2681 Vict.
1438 2628 1489 2679 in
1522 2625 1693 2693 Mary.
1740 2626 2011 2695 recentiori
2046 2642 2227 2689 manu,
2260 2625 2549 2694 opprimit;
2579 2636 2657 2695 et_
2673 2625 2799 2695 dum
2844 2624 3367 2695 singttIadiligenter
3394 2626 3478 2676 in.

201 2707 375 2755 tueor.
406 2700 586 2753 omnia
614 2699 836 2769 Spiritui
866 2709 1054 2753 sancto
1080 2699 1264 2769 lateor
1294 2697 1632 2751 aseribenda.
1667 2711 1787 2769 cunt
1875 2696 1943 2769 υἷ’
1965 2694 2116 2755 Vale,
2149 2693 2598 2769 sanctissimems
2622 2693 2680 2748 S.
2710 2694 2850 2769 And.
2884 2705 2929 2769 et
2950 2712 3029 2747 ms
3062 2693 3197 2769 Vict.
3226 2697 3277 2748 in
3298 2694 3472 2769 dfert].

200 2770 482 2822 recentiori
514 2762 674 2822 monti
703 2785 721 2823 :
756 2772 924 2822 vicem
961 2768 1113 2829 mihi.
1138 2768 1301 2821 Pater
1326 2775 1532 2825 sancte.
1568 2765 1848 2833 rependes,
1874 2765 1937 2819 si
1972 2775 2184 2818 tuarum
2238 2780 2323 2820 tne
2374 2765 2687 2834 participem
2735 2764 2932 2819 feceris
2966 2768 3290 2819 orationum.
3326 2762 3472 2816 ‘v'alc.

196 2838 274 2872 ³⁸³
299 2839 648 2896 Sanctissimc
671 2838 852 2907 Pater,
877 2839 1053 2895 sciens
1080 2854 1154 2892 ms
1187 2836 1244 2891 S.
1280 2837 1417 2890 And.
1436 2834 1621 2889 omittit

1386 2948 1669 3006 JOANNIS
1706 2948 1977 3004 PICARDI
2004 2948 2236 3005 NOTAE.

200 3063 315 3133 regi
340 3061 609 3135 traderent
634 3105 648 3128 ,
681 3063 964 3135 ipsumque
989 3079 1018 3117 a
1042 3063 1275 3119 vinculis
1303 3062 1614 3135 liberarent.
1660 3062 1787 3116 Erat
1821 3044 1862 3103 Β
1890 3072 2102 3135 gresso,
2140 3062 2381 3117 universi
2414 3063 2568 3132 quasi
2600 3062 2793 3135 angelo
2834 3064 2924 3116 Dei
2967 3064 3224 3117 honorem
3252 3064 3475 3119 exhibe-

196 3139 344 3188 enim
374 3134 489 3201 ipse
522 3133 709 3189 comes
731 3134 909 3189 Helias
942 3136 994 3188 in
1021 3135 1250 3189 vinculis
1280 3134 1421 3204 regis
1453 3133 1781 3204 Anglorum:

198 3205 427 3258 timebat
454 3206 599 3258 enim
633 3220 701 3259 ne
729 3220 914 3259 comes
936 3204 1118 3269 Fulco,
1156 3206 1317 3273 regiis
1352 3205 1662 3258 muneribus
1690 3204 1773 3257 de-

193 3284 410 3343 ceptus,
434 3290 555 3329 cmn
579 3290 644 3328 eo
670 3290 853 3344 pacem
878 3276 1099 3337 faceret,
1125 3286 1177 3328 et
1202 3277 1395 3329 tradita
1427 3273 1648 3344 civitate
1674 3274 1786 3344 ipse

194 3355 461 3415 perpetuo
497 3343 865 3399 damnaretur.
902 3346 1196 3415 Episc0pns
1235 3360 1449 3407 autem,
1519 3343 1636 3411 ejus
1691 3343 1786 3415 an-

192 3414 407 3483 gustias
432 3415 740 3478 miseratus,
764 3432 884 3469 eum
914 3431 979 3470 eo
1002 3418 1066 3470 de
1088 3414 1205 3482 ejus
1229 3416 1545 3470 liberatione
1570 3422 1653 3467 est
1676 3414 1786 3467 col-

190 3486 429 3540 locutus.
461 3483 578 3553 Ipse
604 3499 733 3539 vero
766 3500 857 3539 rex
882 3486 1039 3555 paulo
1069 3496 1189 3555 post
1213 3486 1439 3540 liberum
1466 3495 1519 3539 et
1542 3485 1781 3555 quietum

192 3557 349 3627 abire
380 3556 641 3627 permisit.
676 3555 800 3627 Rex,
832 3554 1019 3611 antem
1058 3554 1211 3627 capta
1241 3557 1489 3627 ciritate,
1520 3565 1574 3609 et
1607 3554 1782 3609 muni-

190 3625 435 3679 tionibus
466 3626 750 3695 impositis,
790 3625 843 3679 in
875 3625 1540 3695 Angliamtransfretavit.

268 3714 289 3747 σ
329 3695 557 3761 Quidam
595 3706 775 3750 autem
820 3710 885 3750 ex
932 3698 1145 3751 clericis
1171 3739 1183 3760 ,
1223 3698 1523 3751 invidentes
1566 3712 1783 3761 promo-

189 3766 335 3821 tioni
380 3766 651 3833 episcopi,
698 3774 753 3820 et
801 3766 950 3819 dolos
990 3768 1338 3829 insidiantes,
1393 3777 1781 3822 accusaverunt

185 3852 321 3891 cum
350 3834 490 3905 apud
523 3850 699 3907 regem
729 3837 1236 3907 Angliae,dicentes
1284 3854 1406 3907 eum
1438 3837 1605 3891 fuisse
1657 3854 1785 3892 con-

186 3909 370 3962 scinm
418 3906 755 3977 proditionis,
802 3906 1019 3975 quando
1062 3922 1246 3962 comes
1283 3906 1466 3963 Helias
1501 3910 1784 3975 occupavit

186 3978 477 4033 civitatem
507 3979 971 4032 consentientibus
998 3979 1267 4033 omnibus.
1302 3977 1453 4033 Unde
1478 3993 1568 4031 rex
1596 3994 1785 4046 suspe-

185 4059 347 4103 ctum
372 4046 577 4101 habens
608 4046 1007 4111 Hildebertum,
1046 4049 1313 4102 instanter
1343 4049 1410 4101 ab
1439 4063 1504 4103 eo
1534 4049 1785 4116 exigebat

184 4128 250 4171 nt
275 4130 458 4188 turres
479 4116 722 4188 ecclesia:
750 4118 905 4188 dirui
936 4119 1256 4188 praeciperet
1304 4119 1524 4186 (quibus
1553 4118 1786 4188 dith

182 4189 296 4242 sibi
340 4187 596 4256 damnum
636 4186 844 4240 illatum
889 4186 1075 4250 fuisse)
1109 4186 1402 4256 antequam
1438 4188 1490 4240 in
1536 4187 1783 4256 Angliam

184 4255 600 4312 transfretaret.
626 4256 691 4309 Et
719 4265 776 4309 ut
810 4264 987 4309 turres
1021 4255 1294 4321 dirueret’,
1324 4258 1518 4311 obtulit
1541 4255 1781 4326 pontiﬁci

180 4327 498 4396 maximum
529 4327 737 4396 pondus
770 4326 887 4380 auri
915 4336 970 4380 et
1009 4329 1215 4396 argenti
1261 4329 1329 4382 ad
1369 4326 1780 4383 aediﬁcationem

1888 3131 2039 3185 bant.

1965 3220 1983 3251 ι
2021 3202 2284 3272 Roget-ius
2328 3213 2527 3264 autem,
2579 3203 2689 3259 dux
2737 3203 2959 3266 δίοἰιίςε,
3005 3204 3184 3257 audita
3238 3202 3378 3258 fama
3421 3216 3479 3261 et

1888 3272 2405 3341 scientiapricsulis,
2446 3275 2593 3328 illum
2625 3276 2677 3328 in
2725 3275 2961 3327 maximo
3002 3276 3204 3329 honore
3234 3283 3289 3328 et
3320 3291 3471 3332 reve-

1890 3344 2064 3396 rentia
2097 3344 2358 3413 suscepit,
2399 3354 2454 3397 et
2476 3346 2623 3399 dedit
2664 3346 2713 3398 ei
2757 3346 2895 3399 idem
2942 3345 3205 3413 Rogerius
3251 3356 3475 3402 centum

1889 3414 2079 3486 uncias
2102 3415 2215 3466 auri
2250 3415 2654 3486 adlaciendum
2686 3431 2822 3486 opus
2867 3417 3010 3469 beati
3040 3414 3240 3469 Juliani
3265 3456 3280 3481 ,
3316 3426 3372 3471 et
3408 3417 3477 3471 ad

1887 3483 2089 3537 victum
2142 3484 2527 3539 canonicorum
2574 3483 2758 3540 decem
2809 3485 2976 3540 libras
3025 3495 3256 3540 monetae
3302 3487 3473 3541 dedit.

1888 3552 2082 3607 Postea
2110 3567 2240 3625 vero
2271 3555 2407 3625 idem
2446 3555 2732 3625 episcopus
2762 3556 2826 3611 ad
2861 3556 3279 3610 Ccnomanicam
3312 3557 3477 3611 rediit

1889 3624 2240 3695 provinciam.
2278 3623 2488 3677 Eodem
2527 3623 2769 3695 tempore
2800 3641 2982 3681 comes
3013 3625 3192 3680 Helias
3234 3627 3476 3682 liberalis

1888 3694 2088 3767 lectum
2121 3696 2174 3748 in
2216 3710 2324 3767 quo
2360 3695 2500 3747 beati
2532 3694 2730 3767 Juliani
2762 3697 2919 3750 beata
2961 3698 3205 3751 membra
3263 3697 3475 3767 requie-

1888 3764 2110 3818 scebant
2139 3779 2271 3819 auro
2295 3764 2570 3819 decoravit
2601 3776 2655 3819 et
2680 3776 2926 3830 argento.

1966 3853 1984 3884 ι
2034 3834 2235 3888 Deinde
2268 3850 2411 3889 anno
2439 3834 2647 3890 Domini
2678 3836 2816 3890 1120
2847 3838 2914 3889 ad
2956 3837 3349 3892 dedicationem
3384 3853 3470 3892 ee-

1888 3903 2412 3969 clesiaiaceelcrans,
2434 3906 2599 3959 multa
2632 3906 2701 3961 ibi
2734 3909 3037 3960 necessaria
3056 3911 3393 3969 ministrans,
3418 3909 3473 3961 in

1886 3985 2078 4027 octavo
2122 3975 2207 4029 die
2259 3975 2482 4030 Pascha:
2528 3976 2871 4030 Hildebertus
2897 3978 3241 4031 consecravit
3271 3994 3389 4029 eam
3420 3978 3473 4030 in

1886 4045 2092 4098 honore
2114 4054 2167 4097 et
2192 4049 2407 4100 nomine
2430 4055 2632 4100 sancta}
2656 4054 2709 4098 et
2733 4046 2983 4113 gloriosm
3010 4046 3240 4113 Virginis
3269 4046 3474 4104 .‘llarim.

1887 4127 1941 4188 et.
1974 4116 2254 4188 beatorum
2286 4126 2582 4188 martyrum
2604 4114 2850 4188 Gervasii
2889 4124 2939 4169 et
2966 4114 3196 4188 Protasii
3216 4159 3229 4182 ,
3258 4133 3322 4173 ac
3344 4118 3475 4188 piis-

1888 4184 2009 4235 simi
2040 4181 2264 4235 .luliani.
2309 4181 2501 4238 Postea
2535 4199 2664 4239 vero
2690 4185 2817 4240 fecit
2847 4202 2910 4240 ex
2950 4187 3173 4255 proprio
3211 4204 3310 4245 suo
3338 4181 3475 4244 duas

1885 4266 2043 4325 casas
2069 4264 2296 4325 ant-oet
2325 4265 2547 4325 argento
2579 4255 2941 4325 pulcherrime
2972 4261 3382 4324 circumteetas,
3419 4261 3471 4314 in

1886 4323 2082 4391 quibus
2133 4322 2411 4394 reliquias
2440 4322 2752 4379 sauciorum
2796 4325 2979 4381 Tutilii
3032 4338 3087 4383 et
3132 4322 3377 4385 Victoris
3420 4343 3473 4383 et

174 4396 430 4469 sepulcri
472 4389 614 4469 beati
642 4395 883 4469 donaui,
913 4406 971 4451 ut
1001 4389 1231 4452 dicebat.
1269 4400 1422 4465 Quod
1453 4400 1521 4453 ad
1554 4399 1781 4469 ignomi-
1808 4389 1849 4447 C
1883 4389 2181 4469 Innocentii
2207 4389 2325 4469 ,_'et
2371 4405 2572 4469 sancta:
2605 4397 2909 4469 'l‘enestinte
2940 4409 2995 4453 et
3021 4398 3181 4463 Odar,
3213 4410 3269 4455 ct
3298 4405 3471 4455 sancti

173 4466 343 4525 niam
398 4467 511 4520 ﬁeri
568 4466 757 4521 videns
800 4467 1103 4536 episcopus,
1161 4470 1387 4523 consilio
1436 4466 1657 4536 accepto
1712 4468 1777 4522 ad

172 4553 349 4595 suam
379 4550 630 4609 reversus
664 4547 747 4592 est
783 4536 1102 4593 Ecclesiam.
1137 4538 1377 4595 Primum
1410 4539 1779 4609 detulitplane

177 4612 292 4666 duo
318 4606 575 4680 cymbala
597 4609 855 4678 pretiosa,
883 4618 939 4663 et
964 4610 1223 4680 optimam
1253 4610 1572 4680 eappam1de
1594 4606 1775 4679 pallio,

178 4690 238 4735 et
268 4675 417 4733 duas
446 4675 626 4744 pelves
648 4687 954 4748 argenteas,
979 4675 1101 4734 cum
1132 4679 1253 4734 aliis
1280 4675 1462 4735 multis
1489 4675 1777 4733 ornamen-

179 4753 273 4806 tis.
303 4749 520 4821 Interea
548 4750 744 4821 praesul
772 4751 1141 4821 depracepto
1174 4751 1318 4821 regis
1363 4751 1518 4804 valde
1561 4749 1773 4812 anxius,

177 4823 250 4877 de
278 4818 439 4874 urbis
461 4818 732 4881 incendio,
750 4820 818 4873 de
838 4820 1117 4874 domorum
1143 4818 1363 4874 suarum
1386 4821 1773 4883 destructione,

177 4893 250 4947 de
302 4890 508 4960 civium
550 4890 904 4960 expulsione,
955 4891 1021 4945 de
1068 4890 1389 4944 clericorum
1443 4890 1777 4960 dispersione

174 4958 606 5025 maestissimus,
636 4959 727 5014 Dei
773 4960 1159 5029 omnipotentis
1198 4958 1543 5015 clementiam
1573 4958 1778 5029 jugiter

174 5032 535 5103 precabatur,
570 5039 632 5083 ut
669 5031 737 5084 ab
781 5030 1100 5103 Ecclesia‘et
1128 5031 1326 5100 populo
1364 5032 1775 5103 iramjndigna-

177 5098 351 5158 iionis
373 5098 696 5168 dignaretur
723 5109 990 5155 avertere.
1018 5098 1272 5156 Misértus
1300 5112 1483 5157 autem
1514 5098 1774 5157 Dominus

176 5172 505 5227 amictionis
547 5169 711 5236 illius,
758 5170 1177 5241 indignationem
1225 5186 1401 5236 suam,
1441 5172 1579 5225 ultra
1610 5188 1771 5241 quam

177 5242 398 5316 sperari
426 5247 661 5316 poterat,
693 5241 984 5316 mitigavit,
1012 5251 1067 5316 e_t
1088 5241 1253 5316 facies
1280 5242 1623 5316 inimicorum
1655 5243 1773 5313 ejus

178 5310 511 5370 confusione
538 5318 592 5363 et
620 5310 910 5380 ignominia
938 5312 1180 5381 replevit,
1202 5322 1261 5367 ut
1288 5312 1560 5367 canticum
1585 5310 1771 5366 eorum
1806 5334 1811 5341 ο

177 5390 501 5439 verteretur
530 5382 583 5435 in
622 5381 847 5444 luctum,
877 5389 934 5434 et
960 5396 1221 5451 organum
1260 5398 1449 5437 eorum
1493 5384 1545 5435 in
1587 5396 1772 5436 vocem

178 5456 457 5511 ﬂentium.
500 5451 636 5506 Nam
682 5453 809 5507 dum
856 5452 1090 5521 quodam
1135 5452 1222 5507 die
1258 5453 1310 5505 in
1338 5452 1528 5507 silvam
1561 5466 1653 5504 rex
1684 5468 1772 5505 ve-

181 5526 350 5582 nandi
382 5522 555 5593 gratia
600 5523 949 5592 perrexisset,
998 5521 1066 5576 ab
1106 5538 1213 5577 nuo
1255 5538 1321 5578 ex
1368 5523 1482 5577 suis
1504 5522 1773 5593 militibus

182 5596 302 5666 (qui
335 5592 522 5666 secum
550 5594 727 5666 erant)
759 5594 954 5666 sagitta
985 5607 1275 5666 percussus
1315 5593 1540 5666 interiit.
1572 5592 1768 5648 Paeata

183 5663 412 5723 civitate
432 5672 487 5717 et
509 5663 753 5719 hostibus
784 5663 999 5733 fugatis,
1027 5664 1368 5721 Hildebertus
1393 5663 1621 5719 Romam
1648 5680 1772 5732 pro—

1886 4464 2075 4552 Ililarii
2105 4466 2433 4552 presbyteri,
2467 4466 3179 4552 solemniterocon‘signavit.

1958 4554 1976 4584 ι
2013 4534 2144 4589 Post
2188 4534 2520 4606 aliquantum
2575 4539 2837 4607 temporis
2884 4534 3249 4597 Guillebcrtus
3299 4543 3472 4595 Tum-

1883 4607 2543 4678 nensisuarchiepiscopus
2575 4611 2827 4674 moritur,
2856 4619 2911 4664 et
2940 4611 3009 4664 in.
3031 4612 3160 4666 sede
3193 4623 3248 4667 cl
3275 4615 3325 4666 in
3355 4614 3472 4665 loco

1880 4676 2025 4729 illius
2061 4675 2405 4752 Hildebertus
2443 4675 2882 4752 :Cenornanensis
2927 4681 3216 4752 episcopus
3262 4684 3468 4749 apicem

1880 4755 1965 4799 est
1987 4747 2237 4810 sortitus,
2261 4746 2589 4801 concedente
2615 4747 2888 4806 Ludovico
2910 4746 3468 4808 Grosso'Fraueorum

1881 4831 2029 4885 rege.
2062 4818 2219 4871 Auno
2247 4817 2456 4871 Domini
2490 4818 2650 4874 “29.

1956 4905 1974 4937 ι
2013 4885 2254 4941 Tandem
2287 4902 2416 4943 vero
2464 4904 2535 4942 sv
2574 4888 2800 4945 Kalend.
2829 4890 3078 4957 Januar.,
3116 4893 3170 4946 id
3218 4903 3299 4948 est
3335 4908 3467 4949 xvm

1881 4958 2158 5023 Decemb.,
2193 4974 2336 5012 anno
2365 4960 2573 5013 Domini
2612 4961 2768 5026 1156,
2802 4962 2854 5014 in
2891 4971 3169 5017 senectute
3208 4964 3345 5018 bona
3372 4965 3470 5019 ob-

1878 5027 2134 5100 dormivit
2186 5029 2239 5082 in
2298 5029 2558 5100 Domino,
2608 5041 2664 5083 et
2712 5031 2958 5100 sepultus
3000 5041 3085 5086 est
3124 5032 3359 5089 Turonis
3416 5038 3466 5090 in

1876 5098 2108 5154 ecclesia
2144 5100 2329 5154 Sancti
2372 5099 2640 5163 Mauritii;
2675 5098 2922 5168 rexitque
2953 5102 3247 5159 Ecclesiam
3291 5104 3465 5159 Turo-

1876 5184 2101 5223 nensem
2126 5171 2283 5223 annis
2309 5180 2538 5239 septem,
2557 5178 2612 5223 et
2638 5171 2914 5226 mensibus
2942 5188 3057 5237 sex,
3086 5184 3141 5231 et
3164 5175 3465 5231 Ecclesium

1875 5240 2340 5292 Cenomanensem
2393 5241 2549 5317 aiinis
2583 5256 2731 5304 xxii,
2771 5250 2825 5294 et
2875 5243 2974 5317 l'uit
3010 5246 3119 5317 vita
3162 5248 3279 5317 ejus
3311 5252 3464 5317 ullust

1877 5323 2018 5390 Lxsx
2071 5322 2359 5362 annorum.
2395 5327 2414 5362 ι
2471 5310 2759 5380 [lucusque
2812 5315 3068 5371 sohedula
3118 5310 3466 5387 niihitraizs-

1877 5393 2060 5431 1111588.

1918 5449 2001 5533 Ἰιι
2036 5462 2199 5533 quam
2223 5465 2387 5533 unum
2418 5460 2475 5507 et
2500 5451 2728 5533 alterum
2754 5454 3049 5533 observare
3077 5475 3164 5515 me
3186 5459 3466 5533 compellit

1878 5519 2150 5576 historica:
2174 5523 2419 5577 veritatis
2458 5539 2630 5579 amor.
2664 5527 2934 5582 Arnoldtts
2970 5528 3147 5583 Wion.
3182 5530 3276 5584 lib.
3310 5519 3347 5583 II
3379 5534 3463 5585 sui

1878 5591 2028 5661 Ligni
2075 5592 2217 5657 vitae,
2268 5607 2387 5662 cap.
2414 5595 2515 5660 39,
2563 5610 2627 5650 ex
2672 5598 2927 5652 Chronic.
2975 5600 3317 5657 Cluniacensi
3358 5619 3458 5656 ms.

1880 5664 2043 5718 refert
2086 5677 2215 5739 eum
2246 5662 2788 5739 l'uissepmonaclnnn
2842 5669 3288 5739 Cluniacenscm,
3336 5689 3465 5727 cum

185 5736 474 5805 liciscitnr,
522 5747 684 5805 quem
738 5731 1011 5791 Paschalis
1058 5738 1328 5791 secundus
1380 5751 1512 5805 papa
1567 5731 1768 5805 recepit
1802 5731 1849 5791 D
1877 5734 2211 5805 tamenbzec
2240 5737 2642 5791 narratiuneula
2693 5739 2839 5793 brevi
2880 5731 3314 5796 commemoratis
3350 5738 3503 5795 liil-’

186 5804 472 5863 attentius.
522 5802 721 5862 Deinde
764 5805 835 5861 illi
870 5806 922 5862 in
966 5806 1205 5871 Siciliain
1242 5802 1591 5880 Apuliamque
1636 5802 1762 5876 pro-

1876 5804 2082 5861 deberti
2116 5820 2305 5873 cunas,
2335 5807 2474 5864 dicat
2501 5808 2646 5864 illum
2676 5810 2847 5878 egisse
2872 5822 3056 5881 postea
3080 5813 3469 5877 scbolarcbatu
