  <div class='ocr_page' id='page_1' title='image "/cluster/home/n/w/nwhite01/storage/ocr_20150623/159/hvd.32044024236648/051.png"; bbox 0 0 4028 6302; ppageno 0'>
   <div class='ocr_carea' id='block_1_1' title="bbox 564 302 3837 371">
    <p class='ocr_par' dir='ltr' id='par_1_1' title="bbox 564 302 3837 371">
     <span class='ocr_line' id='line_1_1' title="bbox 564 302 3837 371; baseline -0.003 -5"><span class='ocrx_word' id='word_1_1' title='bbox 564 314 633 367; x_wconf 72' lang='lat'><strong>37</strong></span> <span class='ocrx_word' id='word_1_2' title='bbox 1139 311 1197 365; x_wconf 84' lang='lat' dir='ltr'><strong>S.</strong></span> <span class='ocrx_word' id='word_1_3' title='bbox 1235 310 1539 367; x_wconf 69' lang='lat' dir='ltr'><strong>ANSELMI</strong></span> <span class='ocrx_word' id='word_1_4' title='bbox 1572 310 1943 371; x_wconf 56' lang='lat' dir='ltr'><strong>CANTUAR.</strong></span> <span class='ocrx_word' id='word_1_5' title='bbox 1969 310 2287 366; x_wconf 75' lang='lat' dir='ltr'><strong>ARCHIEP.</strong></span> <span class='ocrx_word' id='word_1_6' title='bbox 2324 308 2476 365; x_wconf 78' lang='lat' dir='ltr'><strong>OPP.</strong></span> <span class='ocrx_word' id='word_1_7' title='bbox 2507 309 2686 365; x_wconf 69' lang='lat' dir='ltr'><strong>PARS</strong></span> <span class='ocrx_word' id='word_1_8' title='bbox 2711 308 2880 361; x_wconf 88' lang='lat' dir='ltr'><strong>lll.—-</strong></span> <span class='ocrx_word' id='word_1_9' title='bbox 2909 302 3291 361; x_wconf 69' lang='grc' dir='ltr'><strong>ΕΡΙΞΤΟιΑε.</strong></span> <span class='ocrx_word' id='word_1_10' title='bbox 3752 302 3837 356; x_wconf 78' lang='lat'><strong>-88</strong></span> 
     </span>
    </p>
   </div>
   <div class='ocr_carea' id='block_1_2' title="bbox 567 409 3836 492">
    <p class='ocr_par' dir='ltr' id='par_1_2' title="bbox 567 409 3836 492">
     <span class='ocr_line' id='line_1_2' title="bbox 567 409 3836 492; baseline -0.005 -15"><span class='ocrx_word' id='word_1_11' title='bbox 567 432 663 477; x_wconf 85' lang='lat' dir='ltr'><strong>aut</strong></span> <span class='ocrx_word' id='word_1_12' title='bbox 693 424 937 492; x_wconf 78' lang='lat' dir='ltr'><strong>pelagus,</strong></span> <span class='ocrx_word' id='word_1_13' title='bbox 963 422 1250 476; x_wconf 83' lang='lat' dir='ltr'><strong>dummodo</strong></span> <span class='ocrx_word' id='word_1_14' title='bbox 1276 421 1437 476; x_wconf 87' lang='lat' dir='ltr'><strong>liceat</strong></span> <span class='ocrx_word' id='word_1_15' title='bbox 1463 421 1746 477; x_wconf 81' lang='lat' dir='ltr'><strong>consilium</strong></span> <span class='ocrx_word' id='word_1_16' title='bbox 1785 422 1976 477; x_wconf 85' lang='lat' dir='ltr'><strong>salutis</strong></span> <span class='ocrx_word' id='word_1_17' title='bbox 2000 422 2144 476; x_wconf 85' lang='lat' dir='ltr'><strong>acci—</strong></span> <span class='ocrx_word' id='word_1_18' title='bbox 2176 426 2225 481; x_wconf 74' lang='grc' dir='ltr'><strong>Α</strong></span> <span class='ocrx_word' id='word_1_19' title='bbox 2250 421 2418 484; x_wconf 84' lang='lat' dir='ltr'><strong>laudi,</strong></span> <span class='ocrx_word' id='word_1_20' title='bbox 2440 428 2757 490; x_wconf 77' lang='lat' dir='ltr'><strong>exspectate</strong></span> <span class='ocrx_word' id='word_1_21' title='bbox 2776 432 2922 479; x_wconf 89' lang='lat' dir='ltr'><strong>eum,</strong></span> <span class='ocrx_word' id='word_1_22' title='bbox 2944 429 3070 485; x_wconf 73' lang='lat' dir='ltr'><strong>quia</strong></span> <span class='ocrx_word' id='word_1_23' title='bbox 3111 429 3217 468; x_wconf 88' lang='lat' dir='ltr'><strong>non</strong></span> <span class='ocrx_word' id='word_1_24' title='bbox 3245 409 3510 475; x_wconf 80' lang='lat' dir='ltr'><strong>tardabit;</strong></span> <span class='ocrx_word' id='word_1_25' title='bbox 3542 410 3658 478; x_wconf 85' lang='lat' dir='ltr'><strong>ipse</strong></span> <span class='ocrx_word' id='word_1_26' title='bbox 3684 409 3836 464; x_wconf 83' lang='lat' dir='ltr'><strong>enim</strong></span> 
     </span>
    </p>
   </div>
   <div class='ocr_carea' id='block_1_3' title="bbox 567 510 2149 582">
    <p class='ocr_par' dir='ltr' id='par_1_3' title="bbox 567 510 2149 582">
     <span class='ocr_line' id='line_1_3' title="bbox 567 510 2149 582; baseline -0.001 -16"><span class='ocrx_word' id='word_1_27' title='bbox 567 529 700 581; x_wconf 87' lang='lat' dir='ltr'><strong>pere</strong></span> <span class='ocrx_word' id='word_1_28' title='bbox 726 512 797 543; x_wconf 77' lang='lat'><strong>’“</strong></span> <span class='ocrx_word' id='word_1_29' title='bbox 821 512 920 568; x_wconf 82' lang='lat' dir='ltr'><strong>abs</strong></span> <span class='ocrx_word' id='word_1_30' title='bbox 964 522 1036 578; x_wconf 87' lang='lat' dir='ltr'><strong>te,</strong></span> <span class='ocrx_word' id='word_1_31' title='bbox 1063 512 1203 582; x_wconf 88' lang='lat' dir='ltr'><strong>quod</strong></span> <span class='ocrx_word' id='word_1_32' title='bbox 1237 527 1504 582; x_wconf 85' lang='lat' dir='ltr'><strong>nusquam</strong></span> <span class='ocrx_word' id='word_1_33' title='bbox 1534 527 1655 568; x_wconf 90' lang='lat' dir='ltr'><strong>esse</strong></span> <span class='ocrx_word' id='word_1_34' title='bbox 1695 512 1880 578; x_wconf 84' lang='lat' dir='ltr'><strong>credo,</strong></span> <span class='ocrx_word' id='word_1_35' title='bbox 1929 512 2032 566; x_wconf 84' lang='lat' dir='ltr'><strong>nisi</strong></span> <span class='ocrx_word' id='word_1_36' title='bbox 2080 510 2149 566; x_wconf 83' lang='lat' dir='ltr'><strong>sit</strong></span> 
     </span>
    </p>
   </div>
   <div class='ocr_carea' id='block_1_4' title="bbox 569 603 815 671">
    <p class='ocr_par' dir='ltr' id='par_1_4' title="bbox 569 603 815 671">
     <span class='ocr_line' id='line_1_4' title="bbox 569 603 815 671; baseline 0.008 -15"><span class='ocrx_word' id='word_1_37' title='bbox 569 603 710 671; x_wconf 88' lang='lat' dir='ltr'><strong>apud</strong></span> <span class='ocrx_word' id='word_1_38' title='bbox 743 611 815 658; x_wconf 87' lang='lat' dir='ltr'><strong>te.</strong></span> 
     </span>
    </p>
   </div>
   <div class='ocr_carea' id='block_1_5' title="bbox 1038 697 1689 753">
    <p class='ocr_par' dir='ltr' id='par_1_5' title="bbox 1038 697 1689 753">
     <span class='ocr_line' id='line_1_5' title="bbox 1038 697 1689 753; baseline -0.005 0"><span class='ocrx_word' id='word_1_39' title='bbox 1038 697 1371 753; x_wconf 80' lang='lat' dir='ltr'><strong>EPISTOLA</strong></span> <span class='ocrx_word' id='word_1_40' title='bbox 1420 697 1552 751; x_wconf 75' lang='lat' dir='ltr'><strong>LIV.</strong></span> <span class='ocrx_word' id='word_1_41' title='bbox 1599 697 1689 750; x_wconf 83' lang='grc'><strong>¹⁹³.</strong></span> 
     </span>
    </p>
   </div>
   <div class='ocr_carea' id='block_1_6' title="bbox 971 806 1753 846">
    <p class='ocr_par' dir='ltr' id='par_1_6' title="bbox 971 806 1753 846">
     <span class='ocr_line' id='line_1_6' title="bbox 971 806 1753 846; baseline -0.004 -1"><span class='ocrx_word' id='word_1_42' title='bbox 971 807 1037 845; x_wconf 74' lang='grc' dir='ltr'><strong>ΑΙ)</strong></span> <span class='ocrx_word' id='word_1_43' title='bbox 1069 807 1345 846; x_wconf 67' lang='grc' dir='ltr'><strong>ΙΟΧΔΕΕΟΞ</strong></span> <span class='ocrx_word' id='word_1_44' title='bbox 1384 806 1711 845; x_wconf 59' lang='grc' dir='ltr'><strong>Αιωκεκεες</strong></span> <span class='ocrx_word' id='word_1_45' title='bbox 1741 831 1753 842; x_wconf 85' lang='grc'><strong><em>.</em></strong></span> 
     </span>
    </p>
   </div>
   <div class='ocr_carea' id='block_1_7' title="bbox 565 877 2150 948">
    <p class='ocr_par' dir='ltr' id='par_1_7' title="bbox 565 877 2150 948">
     <span class='ocr_line' id='line_1_7' title="bbox 565 877 2150 948; baseline -0.001 -15"><span class='ocrx_word' id='word_1_46' title='bbox 565 877 823 933; x_wconf 78' lang='lat' dir='ltr'><strong>Hortatur</strong></span> <span class='ocrx_word' id='word_1_47' title='bbox 863 882 1145 935; x_wconf 79' lang='lat' dir='ltr'><strong>monachos</strong></span> <span class='ocrx_word' id='word_1_48' title='bbox 1184 880 1254 932; x_wconf 79' lang='lat' dir='ltr'><strong>ad</strong></span> <span class='ocrx_word' id='word_1_49' title='bbox 1282 881 1581 934; x_wconf 77' lang='lat' dir='ltr'><strong>continuam</strong></span> <span class='ocrx_word' id='word_1_50' title='bbox 1624 895 1733 931; x_wconf 74' lang='lat' dir='ltr'><strong>sua:</strong></span> <span class='ocrx_word' id='word_1_51' title='bbox 1761 879 1951 948; x_wconf 79' lang='lat' dir='ltr'><strong>regula:</strong></span> <span class='ocrx_word' id='word_1_52' title='bbox 1976 881 2150 934; x_wconf 73' lang='lat' dir='ltr'><strong>obser-</strong></span> 
     </span>
    </p>
   </div>
   <div class='ocr_carea' id='block_1_8' title="bbox 846 948 1865 1020">
    <p class='ocr_par' dir='ltr' id='par_1_8' title="bbox 846 948 1865 1020">
     <span class='ocr_line' id='line_1_8' title="bbox 846 948 1865 1020; baseline 0 -17"><span class='ocrx_word' id='word_1_53' title='bbox 846 950 1097 1004; x_wconf 81' lang='lat' dir='ltr'><strong>vantiam.</strong></span> <span class='ocrx_word' id='word_1_54' title='bbox 1144 948 1304 1017; x_wconf 82' lang='lat' dir='ltr'><strong>(Vide</strong></span> <span class='ocrx_word' id='word_1_55' title='bbox 1353 951 1498 1020; x_wconf 74' lang='lat' dir='ltr'><strong>epist.</strong></span> <span class='ocrx_word' id='word_1_56' title='bbox 1525 949 1647 1013; x_wconf 83' lang='grc'>160,</span> <span class='ocrx_word' id='word_1_57' title='bbox 1678 949 1865 1013; x_wconf 77' lang='lat' dir='ltr'><strong>inira.)</strong></span> 
     </span>
    </p>
   </div>
   <div class='ocr_carea' id='block_1_9' title="bbox 630 1037 2144 1109">
    <p class='ocr_par' dir='ltr' id='par_1_9' title="bbox 630 1037 2144 1109">
     <span class='ocr_line' id='line_1_9' title="bbox 630 1037 2144 1109; baseline -0.002 -17"><span class='ocrx_word' id='word_1_58' title='bbox 630 1039 933 1103; x_wconf 70' lang='lat' dir='ltr'><strong>AxssLlns,</strong></span> <span class='ocrx_word' id='word_1_59' title='bbox 965 1039 1140 1109; x_wconf 76' lang='lat' dir='ltr'><strong>gratia</strong></span> <span class='ocrx_word' id='word_1_60' title='bbox 1192 1038 1283 1092; x_wconf 85' lang='lat' dir='ltr'><strong>Dei</strong></span> <span class='ocrx_word' id='word_1_61' title='bbox 1340 1038 1779 1108; x_wconf 90' lang='lat' dir='ltr'><strong>archiepiscopus</strong></span> <span class='ocrx_word' id='word_1_62' title='bbox 1820 1037 2144 1101; x_wconf 65' lang='lat' dir='ltr'><strong>Cantuarim,</strong></span> 
     </span>
    </p>
   </div>
   <div class='ocr_carea' id='block_1_10' title="bbox 562 1127 2148 1197">
    <p class='ocr_par' dir='ltr' id='par_1_10' title="bbox 562 1127 2148 1197">
     <span class='ocr_line' id='line_1_10' title="bbox 562 1127 2148 1197; baseline 0.001 -17"><span class='ocrx_word' id='word_1_63' title='bbox 562 1128 823 1184; x_wconf 75' lang='lat' dir='ltr'><strong>fratribus</strong></span> <span class='ocrx_word' id='word_1_64' title='bbox 844 1129 915 1165; x_wconf 82' lang='grc'><strong>²⁹⁸</strong></span> <span class='ocrx_word' id='word_1_65' title='bbox 936 1138 992 1184; x_wconf 87' lang='lat' dir='ltr'><strong>et</strong></span> <span class='ocrx_word' id='word_1_66' title='bbox 1040 1128 1165 1184; x_wconf 84' lang='lat' dir='ltr'><strong>filiis</strong></span> <span class='ocrx_word' id='word_1_67' title='bbox 1217 1129 1574 1193; x_wconf 88' lang='lat' dir='ltr'><strong>charissimis,</strong></span> <span class='ocrx_word' id='word_1_68' title='bbox 1624 1127 1823 1182; x_wconf 90' lang='lat' dir='ltr'><strong>domno</strong></span> <span class='ocrx_word' id='word_1_69' title='bbox 1860 1128 2056 1197; x_wconf 86' lang='lat' dir='ltr'><strong>priori,</strong></span> <span class='ocrx_word' id='word_1_70' title='bbox 2092 1139 2148 1183; x_wconf 86' lang='lat' dir='ltr'><strong>et</strong></span> 
     </span>
    </p>
   </div>
   <div class='ocr_carea' id='block_1_11' title="bbox 564 1219 2147 1276">
    <p class='ocr_par' dir='ltr' id='par_1_11' title="bbox 564 1219 2147 1276">
     <span class='ocr_line' id='line_1_11' title="bbox 564 1219 2147 1276; baseline 0.001 -2"><span class='ocrx_word' id='word_1_71' title='bbox 564 1221 685 1276; x_wconf 82' lang='lat' dir='ltr'><strong>aliis</strong></span> <span class='ocrx_word' id='word_1_72' title='bbox 710 1221 884 1276; x_wconf 85' lang='lat' dir='ltr'><strong>servis</strong></span> <span class='ocrx_word' id='word_1_73' title='bbox 912 1221 1006 1276; x_wconf 92' lang='lat' dir='ltr'><strong>Dei</strong></span> <span class='ocrx_word' id='word_1_74' title='bbox 1038 1222 1089 1276; x_wconf 91' lang='lat' dir='ltr'><strong>in</strong></span> <span class='ocrx_word' id='word_1_75' title='bbox 1120 1221 1449 1276; x_wconf 90' lang='lat' dir='ltr'><strong>monasterio</strong></span> <span class='ocrx_word' id='word_1_76' title='bbox 1478 1219 1665 1275; x_wconf 86' lang='lat' dir='ltr'><strong>Sancti</strong></span> <span class='ocrx_word' id='word_1_77' title='bbox 1702 1220 1890 1275; x_wconf 81' lang='lat' dir='ltr'><strong>Albani</strong></span> <span class='ocrx_word' id='word_1_78' title='bbox 1916 1237 2147 1275; x_wconf 87' lang='lat' dir='ltr'><strong>manen-</strong></span> 
     </span>
    </p>
   </div>
   <div class='ocr_carea' id='block_1_12' title="bbox 566 1318 1539 1385">
    <p class='ocr_par' dir='ltr' id='par_1_12' title="bbox 566 1318 1539 1385">
     <span class='ocr_line' id='line_1_12' title="bbox 566 1318 1539 1385; baseline 0.003 -17"><span class='ocrx_word' id='word_1_79' title='bbox 566 1318 731 1385; x_wconf 89' lang='lat' dir='ltr'><strong>tibus,</strong></span> <span class='ocrx_word' id='word_1_80' title='bbox 756 1318 985 1372; x_wconf 76' lang='lat' dir='ltr'><strong>salutem</strong></span> <span class='ocrx_word' id='word_1_81' title='bbox 1007 1326 1061 1374; x_wconf 91' lang='lat' dir='ltr'><strong>et</strong></span> <span class='ocrx_word' id='word_1_82' title='bbox 1088 1318 1539 1375; x_wconf 86' lang='lat' dir='ltr'><strong>benedictionem.</strong></span> 
     </span>
    </p>
   </div>
   <div class='ocr_carea' id='block_1_13' title="bbox 634 1406 2149 1480">
    <p class='ocr_par' dir='ltr' id='par_1_13' title="bbox 634 1406 2149 1480">
     <span class='ocr_line' id='line_1_13' title="bbox 634 1406 2149 1480; baseline -0.001 -17"><span class='ocrx_word' id='word_1_83' title='bbox 634 1406 849 1463; x_wconf 84' lang='lat' dir='ltr'><strong>Gratias</strong></span> <span class='ocrx_word' id='word_1_84' title='bbox 882 1423 981 1479; x_wconf 81' lang='lat' dir='ltr'><strong>ago</strong></span> <span class='ocrx_word' id='word_1_85' title='bbox 1011 1409 1144 1476; x_wconf 88' lang='lat' dir='ltr'><strong>Deo,</strong></span> <span class='ocrx_word' id='word_1_86' title='bbox 1176 1425 1205 1462; x_wconf 94' lang='lat' dir='ltr'><strong>a</strong></span> <span class='ocrx_word' id='word_1_87' title='bbox 1237 1425 1344 1480; x_wconf 91' lang='lat' dir='ltr'><strong>quo</strong></span> <span class='ocrx_word' id='word_1_88' title='bbox 1373 1418 1455 1464; x_wconf 92' lang='lat' dir='ltr'><strong>est</strong></span> <span class='ocrx_word' id='word_1_89' title='bbox 1490 1424 1649 1464; x_wconf 91' lang='lat' dir='ltr'><strong>omne</strong></span> <span class='ocrx_word' id='word_1_90' title='bbox 1692 1410 1916 1471; x_wconf 88' lang='lat' dir='ltr'><strong>bonum,</strong></span> <span class='ocrx_word' id='word_1_91' title='bbox 1957 1416 2010 1462; x_wconf 86' lang='lat' dir='ltr'><strong>et</strong></span> <span class='ocrx_word' id='word_1_92' title='bbox 2051 1422 2149 1461; x_wconf 82' lang='lat' dir='ltr'><strong>vo-</strong></span> 
     </span>
    </p>
   </div>
   <div class='ocr_carea' id='block_1_14' title="bbox 563 1498 2149 1573">
    <p class='ocr_par' dir='ltr' id='par_1_14' title="bbox 563 1498 2149 1573">
     <span class='ocr_line' id='line_1_14' title="bbox 563 1498 2149 1573; baseline 0.001 -20"><span class='ocrx_word' id='word_1_93' title='bbox 563 1501 671 1568; x_wconf 86' lang='lat' dir='ltr'><strong>his,</strong></span> <span class='ocrx_word' id='word_1_94' title='bbox 709 1502 802 1571; x_wconf 90' lang='lat' dir='ltr'><strong>qui</strong></span> <span class='ocrx_word' id='word_1_95' title='bbox 832 1504 1065 1557; x_wconf 91' lang='lat' dir='ltr'><strong>servatis</strong></span> <span class='ocrx_word' id='word_1_96' title='bbox 1110 1503 1228 1573; x_wconf 93' lang='lat' dir='ltr'><strong>ejus</strong></span> <span class='ocrx_word' id='word_1_97' title='bbox 1275 1503 1494 1569; x_wconf 91' lang='lat' dir='ltr'><strong>donum,</strong></span> <span class='ocrx_word' id='word_1_98' title='bbox 1528 1500 1653 1571; x_wconf 88' lang='lat' dir='ltr'><strong>quia</strong></span> <span class='ocrx_word' id='word_1_99' title='bbox 1686 1500 1753 1555; x_wconf 92' lang='lat' dir='ltr'><strong>de</strong></span> <span class='ocrx_word' id='word_1_100' title='bbox 1797 1499 1951 1554; x_wconf 89' lang='lat' dir='ltr'><strong>vobis</strong></span> <span class='ocrx_word' id='word_1_101' title='bbox 1986 1498 2149 1555; x_wconf 85' lang='lat' dir='ltr'><strong>audio</strong></span> 
     </span>
    </p>
   </div>
   <div class='ocr_carea' id='block_1_15' title="bbox 564 1590 2149 1657">
    <p class='ocr_par' dir='ltr' id='par_1_15' title="bbox 564 1590 2149 1657">
     <span class='ocr_line' id='line_1_15' title="bbox 564 1590 2149 1657; baseline -0.001 -11"><span class='ocrx_word' id='word_1_102' title='bbox 564 1608 726 1647; x_wconf 88' lang='lat' dir='ltr'><strong>omne</strong></span> <span class='ocrx_word' id='word_1_103' title='bbox 769 1592 990 1648; x_wconf 89' lang='lat' dir='ltr'><strong>bonum.</strong></span> <span class='ocrx_word' id='word_1_104' title='bbox 1040 1592 1307 1657; x_wconf 78' lang='lat' dir='ltr'><strong>Memores</strong></span> <span class='ocrx_word' id='word_1_105' title='bbox 1342 1592 1485 1649; x_wconf 89' lang='lat' dir='ltr'><strong>enim</strong></span> <span class='ocrx_word' id='word_1_106' title='bbox 1530 1607 1628 1648; x_wconf 91' lang='lat' dir='ltr'><strong>vos</strong></span> <span class='ocrx_word' id='word_1_107' title='bbox 1674 1605 1795 1647; x_wconf 88' lang='lat' dir='ltr'><strong>esse</strong></span> <span class='ocrx_word' id='word_1_108' title='bbox 1832 1590 2149 1646; x_wconf 81' lang='lat' dir='ltr'><strong>monstratis</strong></span> 
     </span>
    </p>
   </div>
   <div class='ocr_carea' id='block_1_16' title="bbox 563 1682 2148 1755">
    <p class='ocr_par' dir='ltr' id='par_1_16' title="bbox 563 1682 2148 1755">
     <span class='ocr_line' id='line_1_16' title="bbox 563 1682 2148 1755; baseline 0.001 -20"><span class='ocrx_word' id='word_1_109' title='bbox 563 1685 689 1751; x_wconf 86' lang='lat' dir='ltr'><strong>quia</strong></span> <span class='ocrx_word' id='word_1_110' title='bbox 724 1694 938 1753; x_wconf 86' lang='lat' dir='ltr'><strong>oportet</strong></span> <span class='ocrx_word' id='word_1_111' title='bbox 976 1700 1070 1739; x_wconf 89' lang='lat' dir='ltr'><strong>vos</strong></span> <span class='ocrx_word' id='word_1_112' title='bbox 1119 1701 1216 1755; x_wconf 90' lang='lat' dir='ltr'><strong>per</strong></span> <span class='ocrx_word' id='word_1_113' title='bbox 1252 1684 1449 1739; x_wconf 88' lang='lat' dir='ltr'><strong>multas</strong></span> <span class='ocrx_word' id='word_1_114' title='bbox 1502 1682 1879 1739; x_wconf 90' lang='lat' dir='ltr'><strong>tribulationes</strong></span> <span class='ocrx_word' id='word_1_115' title='bbox 1922 1682 2148 1737; x_wconf 90' lang='lat' dir='ltr'><strong>introire</strong></span> 
     </span>
    </p>
   </div>
   <div class='ocr_carea' id='block_1_17' title="bbox 2250 500 3835 580">
    <p class='ocr_par' dir='ltr' id='par_1_17' title="bbox 2250 500 3835 580">
     <span class='ocr_line' id='line_1_17' title="bbox 2250 500 3835 580; baseline -0.008 -15"><span class='ocrx_word' id='word_1_116' title='bbox 2250 520 2330 567; x_wconf 90' lang='lat' dir='ltr'><strong>est</strong></span> <span class='ocrx_word' id='word_1_117' title='bbox 2352 511 2563 580; x_wconf 85' lang='lat' dir='ltr'><strong>adjutor</strong></span> <span class='ocrx_word' id='word_1_118' title='bbox 2594 511 2648 563; x_wconf 91' lang='lat' dir='ltr'><strong>in</strong></span> <span class='ocrx_word' id='word_1_119' title='bbox 2670 505 3181 579; x_wconf 77' lang='lat' dir='ltr'><strong>opportunitatibus,</strong></span> <span class='ocrx_word' id='word_1_120' title='bbox 3208 503 3263 557; x_wconf 90' lang='lat' dir='ltr'><strong>in</strong></span> <span class='ocrx_word' id='word_1_121' title='bbox 3304 500 3673 556; x_wconf 80' lang='lat' dir='ltr'><strong>tribulatione.</strong></span> <span class='ocrx_word' id='word_1_122' title='bbox 3699 500 3835 556; x_wconf 85' lang='lat' dir='ltr'><strong>0m-</strong></span> 
     </span>
    </p>
   </div>
   <div class='ocr_carea' id='block_1_18' title="bbox 2254 591 3837 671">
    <p class='ocr_par' dir='ltr' id='par_1_18' title="bbox 2254 591 3837 671">
     <span class='ocr_line' id='line_1_18' title="bbox 2254 591 3837 671; baseline -0.009 -15"><span class='ocrx_word' id='word_1_123' title='bbox 2254 602 2502 671; x_wconf 87' lang='lat' dir='ltr'><strong>nipotens</strong></span> <span class='ocrx_word' id='word_1_124' title='bbox 2547 601 2692 655; x_wconf 91' lang='lat' dir='ltr'><strong>Deus</strong></span> <span class='ocrx_word' id='word_1_125' title='bbox 2738 598 2902 654; x_wconf 88' lang='lat' dir='ltr'><strong>corda</strong></span> <span class='ocrx_word' id='word_1_126' title='bbox 2946 606 3127 650; x_wconf 88' lang='lat' dir='ltr'><strong>vestra</strong></span> <span class='ocrx_word' id='word_1_127' title='bbox 3180 593 3234 649; x_wconf 92' lang='lat' dir='ltr'><strong>in</strong></span> <span class='ocrx_word' id='word_1_128' title='bbox 3282 591 3505 648; x_wconf 85' lang='lat' dir='ltr'><strong>servitio</strong></span> <span class='ocrx_word' id='word_1_129' title='bbox 3557 605 3655 646; x_wconf 90' lang='lat' dir='ltr'><strong>suo</strong></span> <span class='ocrx_word' id='word_1_130' title='bbox 3705 604 3837 644; x_wconf 83' lang='lat' dir='ltr'><strong>cor-</strong></span> 
     </span>
    </p>
   </div>
   <div class='ocr_carea' id='block_1_19' title="bbox 2254 681 3841 762">
    <p class='ocr_par' dir='ltr' id='par_1_19' title="bbox 2254 681 3841 762">
     <span class='ocr_line' id='line_1_19' title="bbox 2254 681 3841 762; baseline -0.009 -15"><span class='ocrx_word' id='word_1_131' title='bbox 2254 694 2517 747; x_wconf 86' lang='lat' dir='ltr'><strong>rohorare</strong></span> <span class='ocrx_word' id='word_1_132' title='bbox 2570 691 2823 762; x_wconf 80' lang='lat' dir='ltr'><strong>dignetur</strong></span> <span class='ocrx_word' id='word_1_133' title='bbox 2876 696 2934 744; x_wconf 91' lang='lat' dir='ltr'><strong>et</strong></span> <span class='ocrx_word' id='word_1_134' title='bbox 2981 683 3275 742; x_wconf 88' lang='lat' dir='ltr'><strong>consolari.</strong></span> <span class='ocrx_word' id='word_1_135' title='bbox 3325 681 3435 739; x_wconf 91' lang='lat' dir='ltr'><strong>Oro</strong></span> <span class='ocrx_word' id='word_1_136' title='bbox 3487 696 3625 747; x_wconf 83' lang='lat' dir='ltr'><strong>vos,</strong></span> <span class='ocrx_word' id='word_1_137' title='bbox 3680 688 3841 736; x_wconf 79' lang='lat' dir='ltr'><strong>orate</strong></span> 
     </span>
    </p>
   </div>
   <div class='ocr_carea' id='block_1_20' title="bbox 2251 799 2492 856">
    <p class='ocr_par' dir='ltr' id='par_1_20' title="bbox 2251 799 2492 856">
     <span class='ocr_line' id='line_1_20' title="bbox 2251 799 2492 856; baseline 0.004 -20"><span class='ocrx_word' id='word_1_138' title='bbox 2251 802 2348 856; x_wconf 85' lang='lat' dir='ltr'><strong>pro</strong></span> <span class='ocrx_word' id='word_1_139' title='bbox 2386 799 2492 838; x_wconf 90' lang='lat' dir='ltr'><strong>me.</strong></span> 
     </span>
    </p>
   </div>
   <div class='ocr_carea' id='block_1_21' title="bbox 2763 864 3337 925">
    <p class='ocr_par' dir='ltr' id='par_1_21' title="bbox 2763 864 3337 925">
     <span class='ocr_line' id='line_1_21' title="bbox 2763 864 3337 925; baseline -0.01 0"><span class='ocrx_word' id='word_1_140' title='bbox 2763 867 3098 925; x_wconf 79' lang='lat' dir='ltr'><strong>EPISTOLA</strong></span> <span class='ocrx_word' id='word_1_141' title='bbox 3138 865 3226 921; x_wconf 82' lang='lat' dir='ltr'><strong>LV</strong></span> <span class='ocrx_word' id='word_1_142' title='bbox 3246 864 3337 920; x_wconf 72' lang='lat'><strong>”&#39;.</strong></span> 
     </span>
    </p>
   </div>
   <div class='ocr_carea' id='block_1_22' title="bbox 2395 969 3669 1029">
    <p class='ocr_par' dir='ltr' id='par_1_22' title="bbox 2395 969 3669 1029">
     <span class='ocr_line' id='line_1_22' title="bbox 2395 969 3669 1029; baseline -0.013 -7"><span class='ocrx_word' id='word_1_143' title='bbox 2395 980 2686 1023; x_wconf 73' lang='grc' dir='ltr'><strong>ιιΑτιιιιυις</strong></span> <span class='ocrx_word' id='word_1_144' title='bbox 2722 978 2933 1020; x_wconf 67' lang='lat' dir='ltr'><strong>BEGINE</strong></span> <span class='ocrx_word' id='word_1_145' title='bbox 2972 974 3254 1029; x_wconf 66' lang='lat' dir='ltr'><strong>ANGLOBUI</strong></span> <span class='ocrx_word' id='word_1_146' title='bbox 3291 974 3358 1012; x_wconf 73' lang='lat' dir='ltr'><strong>AD</strong></span> <span class='ocrx_word' id='word_1_147' title='bbox 3387 969 3669 1011; x_wconf 65' lang='lat' dir='ltr'><strong>ANSELIUH</strong></span> 
     </span>
    </p>
   </div>
   <div class='ocr_carea' id='block_1_23' title="bbox 2423 1046 3663 1119">
    <p class='ocr_par' dir='ltr' id='par_1_23' title="bbox 2423 1046 3663 1119">
     <span class='ocr_line' id='line_1_23' title="bbox 2423 1046 3663 1119; baseline -0.011 -7"><span class='ocrx_word' id='word_1_148' title='bbox 2423 1055 2490 1111; x_wconf 87' lang='lat' dir='ltr'><strong>Ut</strong></span> <span class='ocrx_word' id='word_1_149' title='bbox 2521 1056 2721 1111; x_wconf 85' lang='lat' dir='ltr'><strong>modice</strong></span> <span class='ocrx_word' id='word_1_150' title='bbox 2749 1053 3113 1119; x_wconf 85' lang='lat' dir='ltr'><strong>quatidianum</strong></span> <span class='ocrx_word' id='word_1_151' title='bbox 3148 1048 3343 1104; x_wconf 72' lang='lat' dir='ltr'><strong>relaxet</strong></span> <span class='ocrx_word' id='word_1_152' title='bbox 3373 1046 3663 1117; x_wconf 81' lang='lat' dir='ltr'><strong>jejunium.</strong></span> 
     </span>
    </p>
   </div>
   <div class='ocr_carea' id='block_1_24' title="bbox 2322 1133 3843 1204">
    <p class='ocr_par' dir='ltr' id='par_1_24' title="bbox 2322 1133 3843 1204">
     <span class='ocr_line' id='line_1_24' title="bbox 2322 1133 3843 1204; baseline -0.011 -1"><span class='ocrx_word' id='word_1_153' title='bbox 2322 1148 2549 1204; x_wconf 89' lang='lat' dir='ltr'><strong>Domino</strong></span> <span class='ocrx_word' id='word_1_154' title='bbox 2592 1155 2647 1202; x_wconf 90' lang='lat' dir='ltr'><strong>et</strong></span> <span class='ocrx_word' id='word_1_155' title='bbox 2687 1144 2835 1199; x_wconf 87' lang='lat' dir='ltr'><strong>Patri</strong></span> <span class='ocrx_word' id='word_1_156' title='bbox 2885 1140 3185 1198; x_wconf 90' lang='lat' dir='ltr'><strong>reverendo</strong></span> <span class='ocrx_word' id='word_1_157' title='bbox 3234 1136 3597 1202; x_wconf 63' lang='lat' dir='ltr'><strong>Assae-0”&quot;,</strong></span> <span class='ocrx_word' id='word_1_158' title='bbox 3647 1133 3843 1204; x_wconf 65' lang='lat' dir='ltr'><strong>prium</strong></span> 
     </span>
    </p>
   </div>
   <div class='ocr_carea' id='block_1_25' title="bbox 2249 1226 3842 1306">
    <p class='ocr_par' dir='ltr' id='par_1_25' title="bbox 2249 1226 3842 1306">
     <span class='ocr_line' id='line_1_25' title="bbox 2249 1226 3842 1306; baseline -0.011 -12"><span class='ocrx_word' id='word_1_159' title='bbox 2249 1238 2398 1294; x_wconf 88' lang='lat' dir='ltr'><strong>sedis</strong></span> <span class='ocrx_word' id='word_1_160' title='bbox 2437 1235 2874 1306; x_wconf 82' lang='lat' dir='ltr'><strong>archiepiscopo,</strong></span> <span class='ocrx_word' id='word_1_161' title='bbox 2912 1233 3272 1287; x_wconf 84' lang='lat' dir='ltr'><strong>Hibernorum</strong></span> <span class='ocrx_word' id='word_1_162' title='bbox 3320 1226 3675 1295; x_wconf 90' lang='lat' dir='ltr'><strong>omniumque</strong></span> <span class='ocrx_word' id='word_1_163' title='bbox 3714 1238 3842 1293; x_wconf 80' lang='lat' dir='ltr'><strong>sep-</strong></span> 
     </span>
    </p>
   </div>
   <div class='ocr_carea' id='block_1_26' title="bbox 2252 1314 3840 1392">
    <p class='ocr_par' dir='ltr' id='par_1_26' title="bbox 2252 1314 3840 1392">
     <span class='ocr_line' id='line_1_26' title="bbox 2252 1314 3840 1392; baseline -0.012 -8"><span class='ocrx_word' id='word_1_164' title='bbox 2252 1326 2655 1385; x_wconf 89' lang='lat' dir='ltr'><strong>tentrionalium</strong></span> <span class='ocrx_word' id='word_1_165' title='bbox 2683 1324 2981 1380; x_wconf 85' lang='lat' dir='ltr'><strong>insularum</strong></span> <span class='ocrx_word' id='word_1_166' title='bbox 3022 1337 3144 1392; x_wconf 84' lang='lat' dir='ltr'><strong>quae</strong></span> <span class='ocrx_word' id='word_1_167' title='bbox 3174 1318 3416 1375; x_wconf 84' lang='lat' dir='ltr'><strong>Oreades</strong></span> <span class='ocrx_word' id='word_1_168' title='bbox 3442 1315 3698 1371; x_wconf 88' lang='lat' dir='ltr'><strong>dicantur</strong></span> <span class='ocrx_word' id='word_1_169' title='bbox 3726 1314 3840 1384; x_wconf 87' lang='lat' dir='ltr'><strong>pri-</strong></span> 
     </span>
    </p>
   </div>
   <div class='ocr_carea' id='block_1_27' title="bbox 2250 1403 3841 1485">
    <p class='ocr_par' dir='ltr' id='par_1_27' title="bbox 2250 1403 3841 1485">
     <span class='ocr_line' id='line_1_27' title="bbox 2250 1403 3841 1485; baseline -0.011 -13"><span class='ocrx_word' id='word_1_170' title='bbox 2250 1417 2738 1483; x_wconf 74' lang='lat' dir='ltr'><strong>mati,liluuu.t&gt;ts,</strong></span> <span class='ocrx_word' id='word_1_171' title='bbox 2761 1413 2852 1469; x_wconf 89' lang='lat' dir='ltr'><strong>Dei</strong></span> <span class='ocrx_word' id='word_1_172' title='bbox 2876 1410 3383 1485; x_wconf 80' lang='lat' dir='ltr'><strong>gratia.Anglorum</strong></span> <span class='ocrx_word' id='word_1_173' title='bbox 3409 1406 3612 1477; x_wconf 79' lang='lat' dir='ltr'><strong>regina,</strong></span> <span class='ocrx_word' id='word_1_174' title='bbox 3636 1403 3841 1457; x_wconf 58' lang='lat' dir='ltr'><strong>humilo</strong></span> 
     </span>
    </p>
   </div>
   <div class='ocr_carea' id='block_1_28' title="bbox 2250 1494 3842 1577">
    <p class='ocr_par' dir='ltr' id='par_1_28' title="bbox 2250 1494 3842 1577">
     <span class='ocr_line' id='line_1_28' title="bbox 2250 1494 3842 1577; baseline -0.01 -16"><span class='ocrx_word' id='word_1_175' title='bbox 2250 1508 2377 1562; x_wconf 90' lang='lat' dir='ltr'><strong>lima</strong></span> <span class='ocrx_word' id='word_1_176' title='bbox 2430 1508 2547 1577; x_wconf 82' lang='lat' dir='ltr'><strong>ejus</strong></span> <span class='ocrx_word' id='word_1_177' title='bbox 2595 1505 2831 1571; x_wconf 89' lang='lat' dir='ltr'><strong>ancilla,</strong></span> <span class='ocrx_word' id='word_1_178' title='bbox 2878 1501 3164 1574; x_wconf 83' lang='lat' dir='ltr'><strong>praesentis</strong></span> <span class='ocrx_word' id='word_1_179' title='bbox 3214 1501 3339 1554; x_wconf 68' lang='lat' dir='ltr'><strong>vitae</strong></span> <span class='ocrx_word' id='word_1_180' title='bbox 3381 1512 3545 1553; x_wconf 90' lang='lat' dir='ltr'><strong>cursu</strong></span> <span class='ocrx_word' id='word_1_181' title='bbox 3603 1494 3842 1550; x_wconf 87' lang='lat' dir='ltr'><strong>feliciter</strong></span> 
     </span>
    </p>
   </div>
   <div class='ocr_carea' id='block_1_29' title="bbox 2250 1585 3653 1669">
    <p class='ocr_par' dir='ltr' id='par_1_29' title="bbox 2250 1585 3653 1669">
     <span class='ocr_line' id='line_1_29' title="bbox 2250 1585 3653 1669; baseline -0.011 -16"><span class='ocrx_word' id='word_1_182' title='bbox 2250 1606 2490 1669; x_wconf 90' lang='lat' dir='ltr'><strong>peracto,</strong></span> <span class='ocrx_word' id='word_1_183' title='bbox 2515 1597 2581 1653; x_wconf 89' lang='lat' dir='ltr'><strong>ad</strong></span> <span class='ocrx_word' id='word_1_184' title='bbox 2603 1595 2788 1663; x_wconf 84' lang='lat' dir='ltr'><strong>finem,</strong></span> <span class='ocrx_word' id='word_1_185' title='bbox 2813 1594 2905 1664; x_wconf 90' lang='lat' dir='ltr'><strong>qui</strong></span> <span class='ocrx_word' id='word_1_186' title='bbox 2926 1593 3176 1649; x_wconf 81' lang='lat' dir='ltr'><strong>Christus</strong></span> <span class='ocrx_word' id='word_1_187' title='bbox 3204 1598 3313 1654; x_wconf 87' lang='lat' dir='ltr'><strong>est,</strong></span> <span class='ocrx_word' id='word_1_188' title='bbox 3347 1585 3653 1659; x_wconf 81' lang='lat' dir='ltr'><strong>pervenire.</strong></span> 
     </span>
    </p>
   </div>
   <div class='ocr_carea' id='block_1_30' title="bbox 2321 1678 3841 1758">
    <p class='ocr_par' dir='ltr' id='par_1_30' title="bbox 2321 1678 3841 1758">
     <span class='ocr_line' id='line_1_30' title="bbox 2321 1678 3841 1758; baseline -0.01 -13"><span class='ocrx_word' id='word_1_189' title='bbox 2321 1688 2474 1757; x_wconf 86' lang='lat' dir='ltr'><strong>Quod</strong></span> <span class='ocrx_word' id='word_1_190' title='bbox 2500 1688 2874 1758; x_wconf 89' lang='lat' dir='ltr'><strong>quotidianum</strong></span> <span class='ocrx_word' id='word_1_191' title='bbox 2911 1684 3175 1757; x_wconf 85' lang='lat' dir='ltr'><strong>jejunium</strong></span> <span class='ocrx_word' id='word_1_192' title='bbox 3201 1681 3314 1751; x_wconf 90' lang='lat' dir='ltr'><strong>jatn</strong></span> <span class='ocrx_word' id='word_1_193' title='bbox 3354 1678 3629 1735; x_wconf 88' lang='lat' dir='ltr'><strong>verteritis</strong></span> <span class='ocrx_word' id='word_1_194' title='bbox 3656 1678 3711 1731; x_wconf 88' lang='lat' dir='ltr'><strong>itt</strong></span> <span class='ocrx_word' id='word_1_195' title='bbox 3740 1693 3841 1731; x_wconf 81' lang='lat' dir='ltr'><strong>na-</strong></span> 
     </span>
    </p>
   </div>
   <div class='ocr_carea' id='block_1_31' title="bbox 565 1770 3842 1846">
    <p class='ocr_par' dir='ltr' id='par_1_31' title="bbox 565 1770 3842 1846">
     <span class='ocr_line' id='line_1_31' title="bbox 565 1770 3842 1846; baseline -0.002 -17"><span class='ocrx_word' id='word_1_196' title='bbox 565 1776 618 1829; x_wconf 89' lang='lat' dir='ltr'><strong>in</strong></span> <span class='ocrx_word' id='word_1_197' title='bbox 644 1791 867 1846; x_wconf 80' lang='lat' dir='ltr'><strong>regnum</strong></span> <span class='ocrx_word' id='word_1_198' title='bbox 904 1774 1019 1840; x_wconf 89' lang='lat' dir='ltr'><strong>Dei,</strong></span> <span class='ocrx_word' id='word_1_199' title='bbox 1046 1784 1099 1831; x_wconf 90' lang='lat' dir='ltr'><strong>et</strong></span> <span class='ocrx_word' id='word_1_200' title='bbox 1125 1776 1247 1845; x_wconf 86' lang='lat' dir='ltr'><strong>quia</strong></span> <span class='ocrx_word' id='word_1_201' title='bbox 1280 1777 1507 1831; x_wconf 88' lang='lat' dir='ltr'><strong>lentatio</strong></span> <span class='ocrx_word' id='word_1_202' title='bbox 1532 1777 1725 1846; x_wconf 86' lang='lat' dir='ltr'><strong>probat</strong></span> <span class='ocrx_word' id='word_1_203' title='bbox 1753 1788 1810 1832; x_wconf 88' lang='lat' dir='ltr'><strong>et</strong></span> <span class='ocrx_word' id='word_1_204' title='bbox 1842 1782 2014 1831; x_wconf 89' lang='lat' dir='ltr'><strong>tentat</strong></span> <span class='ocrx_word' id='word_1_205' title='bbox 2054 1774 2145 1844; x_wconf 83' lang='lat' dir='ltr'><strong>ju-</strong></span> <span class='ocrx_word' id='word_1_206' title='bbox 2180 1772 2222 1825; x_wconf 84' lang='grc' dir='ltr'>Β</span> <span class='ocrx_word' id='word_1_207' title='bbox 2252 1794 2427 1837; x_wconf 62' lang='lat' dir='ltr'><strong>turam</strong></span> <span class='ocrx_word' id='word_1_208' title='bbox 2456 1790 2516 1835; x_wconf 86' lang='lat' dir='ltr'><strong>ut</strong></span> <span class='ocrx_word' id='word_1_209' title='bbox 2540 1779 2669 1834; x_wconf 88' lang='lat' dir='ltr'><strong>nulli</strong></span> <span class='ocrx_word' id='word_1_210' title='bbox 2687 1780 2756 1811; x_wconf 72' lang='lat' dir='ltr'><strong>m</strong></span> <span class='ocrx_word' id='word_1_211' title='bbox 2780 1778 2895 1834; x_wconf 86' lang='lat' dir='ltr'><strong>fere</strong></span> <span class='ocrx_word' id='word_1_212' title='bbox 2922 1776 3167 1839; x_wconf 89' lang='lat' dir='ltr'><strong>dubium,</strong></span> <span class='ocrx_word' id='word_1_213' title='bbox 3194 1776 3265 1828; x_wconf 90' lang='lat' dir='ltr'><strong>ita</strong></span> <span class='ocrx_word' id='word_1_214' title='bbox 3289 1789 3388 1828; x_wconf 91' lang='lat' dir='ltr'><strong>nec</strong></span> <span class='ocrx_word' id='word_1_215' title='bbox 3418 1771 3548 1826; x_wconf 90' lang='lat' dir='ltr'><strong>mihi</strong></span> <span class='ocrx_word' id='word_1_216' title='bbox 3574 1780 3661 1824; x_wconf 88' lang='lat' dir='ltr'><strong>est</strong></span> <span class='ocrx_word' id='word_1_217' title='bbox 3685 1770 3842 1840; x_wconf 76' lang='lat' dir='ltr'><strong>igno-</strong></span> 
     </span>
    </p>
   </div>
   <div class='ocr_carea' id='block_1_32' title="bbox 564 1866 2145 1938">
    <p class='ocr_par' dir='ltr' id='par_1_32' title="bbox 564 1866 2145 1938">
     <span class='ocr_line' id='line_1_32' title="bbox 564 1866 2145 1938; baseline -0.003 -15"><span class='ocrx_word' id='word_1_218' title='bbox 564 1876 726 1933; x_wconf 84' lang='lat' dir='ltr'><strong>stum,</strong></span> <span class='ocrx_word' id='word_1_219' title='bbox 756 1867 802 1922; x_wconf 91' lang='lat' dir='ltr'><strong>si</strong></span> <span class='ocrx_word' id='word_1_220' title='bbox 848 1867 1032 1938; x_wconf 71' lang='lat' dir='ltr'><strong>diligat</strong></span> <span class='ocrx_word' id='word_1_221' title='bbox 1078 1868 1274 1934; x_wconf 86' lang='lat' dir='ltr'><strong>Deum,</strong></span> <span class='ocrx_word' id='word_1_222' title='bbox 1322 1885 1443 1924; x_wconf 91' lang='lat' dir='ltr'><strong>cum</strong></span> <span class='ocrx_word' id='word_1_223' title='bbox 1471 1868 1615 1923; x_wconf 90' lang='lat' dir='ltr'><strong>nulla</strong></span> <span class='ocrx_word' id='word_1_224' title='bbox 1660 1883 1754 1923; x_wconf 88' lang='lat' dir='ltr'><strong>vos</strong></span> <span class='ocrx_word' id='word_1_225' title='bbox 1790 1866 2091 1923; x_wconf 78' lang='lat' dir='ltr'><strong>adversitas</strong></span> <span class='ocrx_word' id='word_1_226' title='bbox 2116 1882 2145 1918; x_wconf 91' lang='lat' dir='ltr'><strong>a</strong></span> 
     </span>
    </p>
   </div>
   <div class='ocr_carea' id='block_1_33' title="bbox 563 1958 2146 2031">
    <p class='ocr_par' dir='ltr' id='par_1_33' title="bbox 563 1958 2146 2031">
     <span class='ocr_line' id='line_1_33' title="bbox 563 1958 2146 2031; baseline 0.001 -22"><span class='ocrx_word' id='word_1_227' title='bbox 563 1958 803 2013; x_wconf 83' lang='lat' dir='ltr'><strong>custodia</strong></span> <span class='ocrx_word' id='word_1_228' title='bbox 854 1961 1017 2014; x_wconf 90' lang='lat' dir='ltr'><strong>vestri</strong></span> <span class='ocrx_word' id='word_1_229' title='bbox 1045 1960 1253 2015; x_wconf 89' lang='lat' dir='ltr'><strong>ordinis</strong></span> <span class='ocrx_word' id='word_1_230' title='bbox 1296 1961 1591 2030; x_wconf 89' lang='lat' dir='ltr'><strong>prohibere</strong></span> <span class='ocrx_word' id='word_1_231' title='bbox 1613 1970 1813 2031; x_wconf 79' lang='lat' dir='ltr'><strong>potest.</strong></span> <span class='ocrx_word' id='word_1_232' title='bbox 1860 1959 1952 2014; x_wconf 89' lang='lat' dir='ltr'><strong>Sic</strong></span> <span class='ocrx_word' id='word_1_233' title='bbox 2002 1959 2146 2013; x_wconf 85' lang='lat' dir='ltr'><strong>enim</strong></span> 
     </span>
    </p>
   </div>
   <div class='ocr_carea' id='block_1_34' title="bbox 560 2052 2144 2123">
    <p class='ocr_par' dir='ltr' id='par_1_34' title="bbox 560 2052 2144 2123">
     <span class='ocr_line' id='line_1_34' title="bbox 560 2052 2144 2123; baseline 0.001 -21"><span class='ocrx_word' id='word_1_234' title='bbox 560 2059 878 2119; x_wconf 80' lang='lat' dir='ltr'><strong>exSpeetare</strong></span> <span class='ocrx_word' id='word_1_235' title='bbox 912 2065 1101 2107; x_wconf 81' lang='lat' dir='ltr'><strong>secure</strong></span> <span class='ocrx_word' id='word_1_236' title='bbox 1132 2052 1663 2123; x_wconf 83' lang='lat' dir='ltr'><strong>potestispraemium</strong></span> <span class='ocrx_word' id='word_1_237' title='bbox 1689 2054 1754 2106; x_wconf 87' lang='lat' dir='ltr'><strong>de</strong></span> <span class='ocrx_word' id='word_1_238' title='bbox 1779 2068 1884 2122; x_wconf 86' lang='lat' dir='ltr'><strong>quo</strong></span> <span class='ocrx_word' id='word_1_239' title='bbox 1907 2052 2105 2105; x_wconf 89' lang='lat' dir='ltr'><strong>dicitur</strong></span> <span class='ocrx_word' id='word_1_240' title='bbox 2132 2067 2144 2102; x_wconf 90' lang='lat'>:</span> 
     </span>
    </p>
   </div>
   <div class='ocr_carea' id='block_1_35' title="bbox 560 2137 2152 2213">
    <p class='ocr_par' dir='ltr' id='par_1_35' title="bbox 560 2137 2152 2213">
     <span class='ocr_line' id='line_1_35' title="bbox 560 2137 2152 2213; baseline 0.003 -22"><span class='ocrx_word' id='word_1_241' title='bbox 560 2137 755 2193; x_wconf 81' lang='lat' dir='ltr'><strong>Beatus</strong></span> <span class='ocrx_word' id='word_1_242' title='bbox 781 2140 862 2194; x_wconf 76' lang='lat' dir='ltr'><strong>vir</strong></span> <span class='ocrx_word' id='word_1_243' title='bbox 879 2142 967 2210; x_wconf 89' lang='lat' dir='ltr'><strong>qui</strong></span> <span class='ocrx_word' id='word_1_244' title='bbox 997 2142 1180 2210; x_wconf 77' lang='lat' dir='ltr'><strong>suﬂ&#39;ert</strong></span> <span class='ocrx_word' id='word_1_245' title='bbox 1209 2143 1568 2209; x_wconf 85' lang='lat' dir='ltr'><strong>tentationem,</strong></span> <span class='ocrx_word' id='word_1_246' title='bbox 1586 2142 1856 2213; x_wconf 87' lang='lat' dir='ltr'><strong>quoniam,</strong></span> <span class='ocrx_word' id='word_1_247' title='bbox 1884 2156 2001 2194; x_wconf 89' lang='lat' dir='ltr'><strong>cum</strong></span> <span class='ocrx_word' id='word_1_248' title='bbox 2029 2158 2152 2210; x_wconf 58' lang='lat' dir='ltr'><strong>pro-</strong></span> 
     </span>
    </p>
   </div>
   <div class='ocr_carea' id='block_1_36' title="bbox 561 2230 2143 2303">
    <p class='ocr_par' dir='ltr' id='par_1_36' title="bbox 561 2230 2143 2303">
     <span class='ocr_line' id='line_1_36' title="bbox 561 2230 2143 2303; baseline 0.003 -22"><span class='ocrx_word' id='word_1_249' title='bbox 561 2232 712 2284; x_wconf 69' lang='lat' dir='ltr'><strong>tatus</strong></span> <span class='ocrx_word' id='word_1_250' title='bbox 764 2230 946 2299; x_wconf 76' lang='lat' dir='ltr'><strong>fuerit,</strong></span> <span class='ocrx_word' id='word_1_251' title='bbox 1002 2232 1217 2303; x_wconf 77' lang='lat' dir='ltr'><strong>accipiet</strong></span> <span class='ocrx_word' id='word_1_252' title='bbox 1276 2248 1523 2287; x_wconf 82' lang='lat' dir='ltr'><strong>coronam</strong></span> <span class='ocrx_word' id='word_1_253' title='bbox 1574 2234 1689 2288; x_wconf 65' lang='lat' dir='ltr'><strong>vitae</strong></span> <span class='ocrx_word' id='word_1_254' title='bbox 1736 2232 1889 2303; x_wconf 84' lang='lat' dir='ltr'><strong>(Jac.</strong></span> <span class='ocrx_word' id='word_1_255' title='bbox 1943 2248 1985 2297; x_wconf 94' lang='grc' dir='ltr'><strong>ι,</strong></span> <span class='ocrx_word' id='word_1_256' title='bbox 2029 2231 2143 2302; x_wconf 85' lang='grc'>22).</span> 
     </span>
    </p>
   </div>
   <div class='ocr_carea' id='block_1_37' title="bbox 562 2318 2149 2388">
    <p class='ocr_par' dir='ltr' id='par_1_37' title="bbox 562 2318 2149 2388">
     <span class='ocr_line' id='line_1_37' title="bbox 562 2318 2149 2388; baseline 0.003 -16"><span class='ocrx_word' id='word_1_257' title='bbox 562 2318 778 2386; x_wconf 81' lang='lat' dir='ltr'><strong>Quanto</strong></span> <span class='ocrx_word' id='word_1_258' title='bbox 806 2334 934 2388; x_wconf 74' lang='lat' dir='ltr'><strong>ergo</strong></span> <span class='ocrx_word' id='word_1_259' title='bbox 967 2336 1065 2377; x_wconf 89' lang='lat' dir='ltr'><strong>vos</strong></span> <span class='ocrx_word' id='word_1_260' title='bbox 1100 2322 1397 2378; x_wconf 87' lang='lat' dir='ltr'><strong>studiosius</strong></span> <span class='ocrx_word' id='word_1_261' title='bbox 1448 2323 1516 2377; x_wconf 88' lang='lat' dir='ltr'><strong>ad</strong></span> <span class='ocrx_word' id='word_1_262' title='bbox 1548 2322 1981 2378; x_wconf 82' lang='lat' dir='ltr'><strong>conservandum</strong></span> <span class='ocrx_word' id='word_1_263' title='bbox 2033 2337 2149 2377; x_wconf 51' lang='lat' dir='ltr'><strong>mo.</strong></span> 
     </span>
    </p>
   </div>
   <div class='ocr_carea' id='block_1_38' title="bbox 564 2412 2149 2486">
    <p class='ocr_par' dir='ltr' id='par_1_38' title="bbox 564 2412 2149 2486">
     <span class='ocr_line' id='line_1_38' title="bbox 564 2412 2149 2486; baseline 0.004 -23"><span class='ocrx_word' id='word_1_264' title='bbox 564 2412 851 2465; x_wconf 86' lang='lat' dir='ltr'><strong>nachicum</strong></span> <span class='ocrx_word' id='word_1_265' title='bbox 877 2414 1120 2469; x_wconf 89' lang='lat' dir='ltr'><strong>ordinem</strong></span> <span class='ocrx_word' id='word_1_266' title='bbox 1173 2415 1425 2470; x_wconf 86' lang='lat' dir='ltr'><strong>insistere</strong></span> <span class='ocrx_word' id='word_1_267' title='bbox 1480 2430 1767 2486; x_wconf 78' lang='lat' dir='ltr'><strong>cognosco,</strong></span> <span class='ocrx_word' id='word_1_268' title='bbox 1797 2424 1944 2470; x_wconf 92' lang='lat' dir='ltr'><strong>tanto</strong></span> <span class='ocrx_word' id='word_1_269' title='bbox 1995 2430 2149 2470; x_wconf 89' lang='lat' dir='ltr'><strong>secu-</strong></span> 
     </span>
    </p>
   </div>
   <div class='ocr_carea' id='block_1_39' title="bbox 564 2495 2143 2576">
    <p class='ocr_par' dir='ltr' id='par_1_39' title="bbox 564 2495 2143 2576">
     <span class='ocr_line' id='line_1_39' title="bbox 564 2495 2143 2576; baseline 0.003 -21"><span class='ocrx_word' id='word_1_270' title='bbox 564 2504 679 2557; x_wconf 84' lang='lat' dir='ltr'><strong>rius</strong></span> <span class='ocrx_word' id='word_1_271' title='bbox 704 2518 801 2558; x_wconf 89' lang='lat' dir='ltr'><strong>vos</strong></span> <span class='ocrx_word' id='word_1_272' title='bbox 848 2513 1072 2574; x_wconf 87' lang='lat' dir='ltr'><strong>paterna</strong></span> <span class='ocrx_word' id='word_1_273' title='bbox 1126 2495 1421 2562; x_wconf 79' lang='lat' dir='ltr'><strong>monitione</strong></span> <span class='ocrx_word' id='word_1_274' title='bbox 1469 2507 1727 2561; x_wconf 73' lang='lat' dir='ltr'><strong>exhortor</strong></span> <span class='ocrx_word' id='word_1_275' title='bbox 1768 2514 2031 2576; x_wconf 86' lang='lat' dir='ltr'><strong>quatenus</strong></span> <span class='ocrx_word' id='word_1_276' title='bbox 2090 2507 2143 2560; x_wconf 89' lang='lat' dir='ltr'><strong>in</strong></span> 
     </span>
    </p>
   </div>
   <div class='ocr_carea' id='block_1_40' title="bbox 562 2596 2142 2669">
    <p class='ocr_par' dir='ltr' id='par_1_40' title="bbox 562 2596 2142 2669">
     <span class='ocr_line' id='line_1_40' title="bbox 562 2596 2142 2669; baseline 0.002 -22"><span class='ocrx_word' id='word_1_277' title='bbox 562 2596 705 2650; x_wconf 91' lang='lat' dir='ltr'><strong>hono</strong></span> <span class='ocrx_word' id='word_1_278' title='bbox 730 2598 1004 2666; x_wconf 83' lang='lat' dir='ltr'><strong>preposito</strong></span> <span class='ocrx_word' id='word_1_279' title='bbox 1025 2608 1076 2653; x_wconf 91' lang='lat' dir='ltr'><strong>et</strong></span> <span class='ocrx_word' id='word_1_280' title='bbox 1106 2599 1157 2653; x_wconf 91' lang='lat' dir='ltr'><strong>in</strong></span> <span class='ocrx_word' id='word_1_281' title='bbox 1187 2599 1289 2654; x_wconf 90' lang='lat' dir='ltr'><strong>hoc</strong></span> <span class='ocrx_word' id='word_1_282' title='bbox 1323 2600 1392 2655; x_wconf 91' lang='lat' dir='ltr'><strong>ad</strong></span> <span class='ocrx_word' id='word_1_283' title='bbox 1426 2600 1569 2669; x_wconf 89' lang='lat' dir='ltr'><strong>quod</strong></span> <span class='ocrx_word' id='word_1_284' title='bbox 1592 2614 1688 2654; x_wconf 89' lang='lat' dir='ltr'><strong>vos</strong></span> <span class='ocrx_word' id='word_1_285' title='bbox 1709 2600 1850 2654; x_wconf 89' lang='lat' dir='ltr'><strong>Deus</strong></span> <span class='ocrx_word' id='word_1_286' title='bbox 1870 2599 2142 2668; x_wconf 78' lang='lat' dir='ltr'><strong>provexit,</strong></span> 
     </span>
    </p>
   </div>
   <div class='ocr_carea' id='block_1_41' title="bbox 562 2688 2139 2761">
    <p class='ocr_par' dir='ltr' id='par_1_41' title="bbox 562 2688 2139 2761">
     <span class='ocr_line' id='line_1_41' title="bbox 562 2688 2139 2761; baseline 0.001 -21"><span class='ocrx_word' id='word_1_287' title='bbox 562 2688 957 2755; x_wconf 86' lang='lat' dir='ltr'><strong>perseveretis;</strong></span> <span class='ocrx_word' id='word_1_288' title='bbox 989 2698 1043 2743; x_wconf 91' lang='lat' dir='ltr'><strong>et</strong></span> <span class='ocrx_word' id='word_1_289' title='bbox 1087 2704 1304 2761; x_wconf 90' lang='lat' dir='ltr'><strong>semper</strong></span> <span class='ocrx_word' id='word_1_290' title='bbox 1339 2690 1406 2745; x_wconf 90' lang='lat' dir='ltr'><strong>ad</strong></span> <span class='ocrx_word' id='word_1_291' title='bbox 1437 2690 1682 2757; x_wconf 89' lang='lat' dir='ltr'><strong>meliora,</strong></span> <span class='ocrx_word' id='word_1_292' title='bbox 1732 2690 1784 2745; x_wconf 95' lang='lat' dir='ltr'><strong>in</strong></span> <span class='ocrx_word' id='word_1_293' title='bbox 1838 2705 1934 2760; x_wconf 87' lang='lat' dir='ltr'><strong>spe</strong></span> <span class='ocrx_word' id='word_1_294' title='bbox 1975 2688 2139 2745; x_wconf 83' lang='lat' dir='ltr'><strong>divini</strong></span> 
     </span>
    </p>
   </div>
   <div class='ocr_carea' id='block_1_42' title="bbox 562 2778 2140 2853">
    <p class='ocr_par' dir='ltr' id='par_1_42' title="bbox 562 2778 2140 2853">
     <span class='ocr_line' id='line_1_42' title="bbox 562 2778 2140 2853; baseline 0.003 -23"><span class='ocrx_word' id='word_1_295' title='bbox 562 2778 771 2845; x_wconf 77' lang='lat' dir='ltr'><strong>auxilii,</strong></span> <span class='ocrx_word' id='word_1_296' title='bbox 800 2780 1060 2849; x_wconf 68' lang='lat' dir='ltr'><strong>proficere</strong></span> <span class='ocrx_word' id='word_1_297' title='bbox 1082 2790 1136 2838; x_wconf 90' lang='lat' dir='ltr'><strong>et</strong></span> <span class='ocrx_word' id='word_1_298' title='bbox 1165 2798 1436 2853; x_wconf 88' lang='lat' dir='ltr'><strong>nunquam</strong></span> <span class='ocrx_word' id='word_1_299' title='bbox 1465 2783 1698 2839; x_wconf 81' lang='lat' dir='ltr'><strong>deficere</strong></span> <span class='ocrx_word' id='word_1_300' title='bbox 1720 2782 1962 2838; x_wconf 88' lang='lat' dir='ltr'><strong>tentetis.</strong></span> <span class='ocrx_word' id='word_1_301' title='bbox 1989 2780 2140 2848; x_wconf 83' lang='lat' dir='ltr'><strong>Quod</strong></span> 
     </span>
    </p>
   </div>
   <div class='ocr_carea' id='block_1_43' title="bbox 559 2868 2139 2943">
    <p class='ocr_par' dir='ltr' id='par_1_43' title="bbox 559 2868 2139 2943">
     <span class='ocr_line' id='line_1_43' title="bbox 559 2868 2139 2943; baseline 0.001 -18"><span class='ocrx_word' id='word_1_302' title='bbox 559 2868 853 2925; x_wconf 71' lang='lat' dir='ltr'><strong>efﬁcaciter</strong></span> <span class='ocrx_word' id='word_1_303' title='bbox 882 2873 1128 2943; x_wconf 87' lang='lat' dir='ltr'><strong>poteritis</strong></span> <span class='ocrx_word' id='word_1_304' title='bbox 1181 2874 1416 2941; x_wconf 84' lang='lat' dir='ltr'><strong>efﬁcere,</strong></span> <span class='ocrx_word' id='word_1_305' title='bbox 1456 2876 1503 2930; x_wconf 92' lang='lat' dir='ltr'><strong>si</strong></span> <span class='ocrx_word' id='word_1_306' title='bbox 1544 2875 1688 2930; x_wconf 87' lang='lat' dir='ltr'><strong>nulla</strong></span> <span class='ocrx_word' id='word_1_307' title='bbox 1717 2875 1940 2929; x_wconf 89' lang='lat' dir='ltr'><strong>minima</strong></span> <span class='ocrx_word' id='word_1_308' title='bbox 1975 2872 2139 2927; x_wconf 87' lang='lat' dir='ltr'><strong>vestri</strong></span> 
     </span>
    </p>
   </div>
   <div class='ocr_carea' id='block_1_44' title="bbox 563 2962 2141 3037">
    <p class='ocr_par' dir='ltr' id='par_1_44' title="bbox 563 2962 2141 3037">
     <span class='ocr_line' id='line_1_44' title="bbox 563 2962 2141 3037; baseline 0.003 -24"><span class='ocrx_word' id='word_1_309' title='bbox 563 2962 772 3017; x_wconf 88' lang='lat' dir='ltr'><strong>ordinis</strong></span> <span class='ocrx_word' id='word_1_310' title='bbox 801 2962 1077 3019; x_wconf 87' lang='lat' dir='ltr'><strong>volueritis</strong></span> <span class='ocrx_word' id='word_1_311' title='bbox 1104 2974 1476 3033; x_wconf 83' lang='lat' dir='ltr'><strong>contemnere,</strong></span> <span class='ocrx_word' id='word_1_312' title='bbox 1508 2968 1765 3036; x_wconf 88' lang='lat' dir='ltr'><strong>quoniam</strong></span> <span class='ocrx_word' id='word_1_313' title='bbox 1819 2966 1908 3037; x_wconf 90' lang='lat' dir='ltr'><strong>qui</strong></span> <span class='ocrx_word' id='word_1_314' title='bbox 1948 2965 2141 3035; x_wconf 77' lang='lat' dir='ltr'><strong>spernit</strong></span> 
     </span>
    </p>
   </div>
   <div class='ocr_carea' id='block_1_45' title="bbox 558 3053 2147 3130">
    <p class='ocr_par' dir='ltr' id='par_1_45' title="bbox 558 3053 2147 3130">
     <span class='ocr_line' id='line_1_45' title="bbox 558 3053 2147 3130; baseline 0.005 -24"><span class='ocrx_word' id='word_1_315' title='bbox 558 3053 794 3121; x_wconf 58' lang='lat' dir='ltr'><strong>modica,</strong></span> <span class='ocrx_word' id='word_1_316' title='bbox 817 3055 1068 3123; x_wconf 83' lang='lat' dir='ltr'><strong>paulatim</strong></span> <span class='ocrx_word' id='word_1_317' title='bbox 1105 3058 1302 3113; x_wconf 79' lang='lat' dir='ltr'><strong>decidet</strong></span> <span class='ocrx_word' id='word_1_318' title='bbox 1331 3058 1520 3129; x_wconf 70' lang='lat' dir='ltr'><strong>(Eccli.</strong></span> <span class='ocrx_word' id='word_1_319' title='bbox 1552 3075 1668 3122; x_wconf 72' lang='lat' dir='ltr'><strong>xxx,</strong></span> <span class='ocrx_word' id='word_1_320' title='bbox 1697 3061 1770 3130; x_wconf 91' lang='grc'><strong>1).</strong></span> <span class='ocrx_word' id='word_1_321' title='bbox 1814 3060 1956 3114; x_wconf 86' lang='lat' dir='ltr'><strong>Deus</strong></span> <span class='ocrx_word' id='word_1_322' title='bbox 1999 3058 2147 3115; x_wconf 82' lang='lat' dir='ltr'><strong>videt</strong></span> 
     </span>
    </p>
   </div>
   <div class='ocr_carea' id='block_1_46' title="bbox 561 3144 2144 3217">
    <p class='ocr_par' dir='ltr' id='par_1_46' title="bbox 561 3144 2144 3217">
     <span class='ocr_line' id='line_1_46' title="bbox 561 3144 2144 3217; baseline 0.007 -22"><span class='ocrx_word' id='word_1_323' title='bbox 561 3144 692 3212; x_wconf 87' lang='lat' dir='ltr'><strong>quid</strong></span> <span class='ocrx_word' id='word_1_324' title='bbox 721 3144 874 3200; x_wconf 85' lang='lat' dir='ltr'><strong>vobis</strong></span> <span class='ocrx_word' id='word_1_325' title='bbox 903 3148 1157 3217; x_wconf 78' lang='lat' dir='ltr'><strong>expediat</strong></span> <span class='ocrx_word' id='word_1_326' title='bbox 1186 3167 1200 3202; x_wconf 87' lang='lat'><strong>:</strong></span> <span class='ocrx_word' id='word_1_327' title='bbox 1232 3150 1277 3205; x_wconf 87' lang='lat' dir='ltr'><strong>si</strong></span> <span class='ocrx_word' id='word_1_328' title='bbox 1322 3164 1530 3205; x_wconf 88' lang='lat' dir='ltr'><strong>moram</strong></span> <span class='ocrx_word' id='word_1_329' title='bbox 1582 3148 1773 3205; x_wconf 88' lang='lat' dir='ltr'><strong>fecerit</strong></span> <span class='ocrx_word' id='word_1_330' title='bbox 1815 3164 1913 3206; x_wconf 89' lang='lat' dir='ltr'><strong>vos</strong></span> <span class='ocrx_word' id='word_1_331' title='bbox 1950 3164 2144 3207; x_wconf 90' lang='lat' dir='ltr'><strong>conso-</strong></span> 
     </span>
    </p>
   </div>
   <div class='ocr_carea' id='block_1_47' title="bbox 2254 1863 3841 1943">
    <p class='ocr_par' dir='ltr' id='par_1_47' title="bbox 2254 1863 3841 1943">
     <span class='ocr_line' id='line_1_47' title="bbox 2254 1863 3841 1943; baseline -0.01 -13"><span class='ocrx_word' id='word_1_332' title='bbox 2254 1886 2387 1930; x_wconf 88' lang='lat' dir='ltr'><strong>tum.</strong></span> <span class='ocrx_word' id='word_1_333' title='bbox 2422 1874 2686 1943; x_wconf 85' lang='lat' dir='ltr'><strong>Quodque</strong></span> <span class='ocrx_word' id='word_1_334' title='bbox 2736 1871 2910 1941; x_wconf 84' lang='lat' dir='ltr'><strong>magis</strong></span> <span class='ocrx_word' id='word_1_335' title='bbox 2964 1868 3231 1931; x_wconf 86' lang='lat' dir='ltr'><strong>admiror,</strong></span> <span class='ocrx_word' id='word_1_336' title='bbox 3275 1864 3506 1935; x_wconf 90' lang='lat' dir='ltr'><strong>plurium</strong></span> <span class='ocrx_word' id='word_1_337' title='bbox 3540 1863 3841 1933; x_wconf 87' lang='lat' dir='ltr'><strong>proborum</strong></span> 
     </span>
    </p>
   </div>
   <div class='ocr_carea' id='block_1_48' title="bbox 2254 1952 3841 2036">
    <p class='ocr_par' dir='ltr' id='par_1_48' title="bbox 2254 1952 3841 2036">
     <span class='ocr_line' id='line_1_48' title="bbox 2254 1952 3841 2036; baseline -0.011 -14"><span class='ocrx_word' id='word_1_338' title='bbox 2254 1967 2523 2036; x_wconf 79' lang='lat' dir='ltr'><strong>frequenti</strong></span> <span class='ocrx_word' id='word_1_339' title='bbox 2567 1964 2830 2019; x_wconf 84' lang='lat' dir='ltr'><strong>relatione</strong></span> <span class='ocrx_word' id='word_1_340' title='bbox 2856 1960 3043 2025; x_wconf 89' lang='lat' dir='ltr'><strong>didici,</strong></span> <span class='ocrx_word' id='word_1_341' title='bbox 3076 1969 3129 2011; x_wconf 90' lang='lat' dir='ltr'><strong>et</strong></span> <span class='ocrx_word' id='word_1_342' title='bbox 3160 1964 3280 2027; x_wconf 89' lang='lat' dir='ltr'><strong>post</strong></span> <span class='ocrx_word' id='word_1_343' title='bbox 3312 1955 3467 2025; x_wconf 85' lang='lat' dir='ltr'><strong>longa</strong></span> <span class='ocrx_word' id='word_1_344' title='bbox 3488 1952 3697 2022; x_wconf 85' lang='lat' dir='ltr'><strong>jejnuia</strong></span> <span class='ocrx_word' id='word_1_345' title='bbox 3728 1968 3841 2006; x_wconf 88' lang='lat' dir='ltr'><strong>non</strong></span> 
     </span>
    </p>
   </div>
   <div class='ocr_carea' id='block_1_49' title="bbox 2253 2042 3839 2125">
    <p class='ocr_par' dir='ltr' id='par_1_49' title="bbox 2253 2042 3839 2125">
     <span class='ocr_line' id='line_1_49' title="bbox 2253 2042 3839 2125; baseline -0.012 -12"><span class='ocrx_word' id='word_1_346' title='bbox 2253 2066 2447 2113; x_wconf 89' lang='lat' dir='ltr'><strong>natura</strong></span> <span class='ocrx_word' id='word_1_347' title='bbox 2477 2053 2809 2125; x_wconf 78' lang='lat' dir='ltr'><strong>postulante,</strong></span> <span class='ocrx_word' id='word_1_348' title='bbox 2836 2051 2930 2106; x_wconf 87' lang='lat' dir='ltr'><strong>sed</strong></span> <span class='ocrx_word' id='word_1_349' title='bbox 2975 2049 3217 2119; x_wconf 88' lang='lat' dir='ltr'><strong>quolibet</strong></span> <span class='ocrx_word' id='word_1_350' title='bbox 3242 2061 3273 2101; x_wconf 92' lang='lat' dir='ltr'><strong>e</strong></span> <span class='ocrx_word' id='word_1_351' title='bbox 3302 2042 3572 2098; x_wconf 82' lang='lat' dir='ltr'><strong>famulitio</strong></span> <span class='ocrx_word' id='word_1_352' title='bbox 3600 2042 3670 2074; x_wconf 84' lang='grc'><strong>³⁰⁰</strong></span> <span class='ocrx_word' id='word_1_353' title='bbox 3709 2056 3839 2096; x_wconf 86' lang='lat' dir='ltr'><strong>sua-</strong></span> 
     </span>
    </p>
   </div>
   <div class='ocr_carea' id='block_1_50' title="bbox 2254 2134 3843 2212">
    <p class='ocr_par' dir='ltr' id='par_1_50' title="bbox 2254 2134 3843 2212">
     <span class='ocr_line' id='line_1_50' title="bbox 2254 2134 3843 2212; baseline -0.011 -11"><span class='ocrx_word' id='word_1_354' title='bbox 2254 2148 2435 2212; x_wconf 83' lang='lat' dir='ltr'><strong>dente,</strong></span> <span class='ocrx_word' id='word_1_355' title='bbox 2466 2146 2645 2200; x_wconf 87' lang='lat' dir='ltr'><strong>cibum</strong></span> <span class='ocrx_word' id='word_1_356' title='bbox 2687 2156 2902 2197; x_wconf 89' lang='lat' dir='ltr'><strong>sumere</strong></span> <span class='ocrx_word' id='word_1_357' title='bbox 2925 2139 3165 2195; x_wconf 82' lang='lat' dir='ltr'><strong>solitutn.</strong></span> <span class='ocrx_word' id='word_1_358' title='bbox 3192 2135 3318 2190; x_wconf 66' lang='lat' dir='ltr'><strong>llaac</strong></span> <span class='ocrx_word' id='word_1_359' title='bbox 3360 2134 3523 2189; x_wconf 88' lang='lat' dir='ltr'><strong>etiam</strong></span> <span class='ocrx_word' id='word_1_360' title='bbox 3553 2147 3655 2186; x_wconf 90' lang='lat' dir='ltr'><strong>vos</strong></span> <span class='ocrx_word' id='word_1_361' title='bbox 3691 2140 3843 2184; x_wconf 85' lang='lat' dir='ltr'><strong>tanta</strong></span> 
     </span>
    </p>
   </div>
   <div class='ocr_carea' id='block_1_51' title="bbox 2254 2222 3845 2308">
    <p class='ocr_par' dir='ltr' id='par_1_51' title="bbox 2254 2222 3845 2308">
     <span class='ocr_line' id='line_1_51' title="bbox 2254 2222 3845 2308; baseline -0.011 -15"><span class='ocrx_word' id='word_1_362' title='bbox 2254 2239 2567 2308; x_wconf 71' lang='lat' dir='ltr'><strong>frugalitate</strong></span> <span class='ocrx_word' id='word_1_363' title='bbox 2593 2228 2807 2291; x_wconf 76' lang='lat' dir='ltr'><strong>sumere</strong></span> <span class='ocrx_word' id='word_1_364' title='bbox 2835 2250 2940 2289; x_wconf 90' lang='lat' dir='ltr'><strong>non</strong></span> <span class='ocrx_word' id='word_1_365' title='bbox 2973 2233 3182 2302; x_wconf 83' lang='lat' dir='ltr'><strong>ignoro,</strong></span> <span class='ocrx_word' id='word_1_366' title='bbox 3208 2236 3269 2282; x_wconf 89' lang='lat' dir='ltr'><strong>ut</strong></span> <span class='ocrx_word' id='word_1_367' title='bbox 3293 2226 3468 2295; x_wconf 81' lang='lat' dir='ltr'><strong>magis</strong></span> <span class='ocrx_word' id='word_1_368' title='bbox 3499 2233 3728 2285; x_wconf 63' lang='lat' dir='ltr'><strong>natura},</strong></span> <span class='ocrx_word' id='word_1_369' title='bbox 3750 2222 3845 2292; x_wconf 88' lang='lat' dir='ltr'><strong>jus</strong></span> 
     </span>
    </p>
   </div>
   <div class='ocr_carea' id='block_1_52' title="bbox 2254 2314 3842 2399">
    <p class='ocr_par' dir='ltr' id='par_1_52' title="bbox 2254 2314 3842 2399">
     <span class='ocr_line' id='line_1_52' title="bbox 2254 2314 3842 2399; baseline -0.009 -16"><span class='ocrx_word' id='word_1_370' title='bbox 2254 2330 2530 2399; x_wconf 76' lang='lat' dir='ltr'><strong>proprium</strong></span> <span class='ocrx_word' id='word_1_371' title='bbox 2558 2326 2850 2390; x_wconf 88' lang='lat' dir='ltr'><strong>demendo,</strong></span> <span class='ocrx_word' id='word_1_372' title='bbox 2869 2324 2976 2379; x_wconf 90' lang='lat' dir='ltr'><strong>vim</strong></span> <span class='ocrx_word' id='word_1_373' title='bbox 2999 2322 3194 2377; x_wconf 86' lang='lat' dir='ltr'><strong>fecisse</strong></span> <span class='ocrx_word' id='word_1_374' title='bbox 3224 2334 3386 2390; x_wconf 90' lang='lat' dir='ltr'><strong>quam</strong></span> <span class='ocrx_word' id='word_1_375' title='bbox 3410 2317 3584 2388; x_wconf 78' lang='lat' dir='ltr'><strong>legem</strong></span> <span class='ocrx_word' id='word_1_376' title='bbox 3605 2314 3842 2370; x_wconf 85' lang='lat' dir='ltr'><strong>solvisse</strong></span> 
     </span>
    </p>
   </div>
   <div class='ocr_carea' id='block_1_53' title="bbox 2255 2406 3842 2476">
    <p class='ocr_par' dir='ltr' id='par_1_53' title="bbox 2255 2406 3842 2476">
     <span class='ocr_line' id='line_1_53' title="bbox 2255 2406 3842 2476; baseline -0.01 -3"><span class='ocrx_word' id='word_1_377' title='bbox 2255 2419 2568 2473; x_wconf 87' lang='lat' dir='ltr'><strong>videamini.</strong></span> <span class='ocrx_word' id='word_1_378' title='bbox 2602 2416 2755 2473; x_wconf 89' lang='lat' dir='ltr'><strong>Unde</strong></span> <span class='ocrx_word' id='word_1_379' title='bbox 2803 2430 2925 2470; x_wconf 90' lang='lat' dir='ltr'><strong>cum</strong></span> <span class='ocrx_word' id='word_1_380' title='bbox 2967 2412 3189 2476; x_wconf 90' lang='lat' dir='ltr'><strong>multis,</strong></span> <span class='ocrx_word' id='word_1_381' title='bbox 3246 2420 3358 2463; x_wconf 89' lang='lat' dir='ltr'><strong>tum</strong></span> <span class='ocrx_word' id='word_1_382' title='bbox 3411 2408 3543 2462; x_wconf 88' lang='lat' dir='ltr'><strong>mihi</strong></span> <span class='ocrx_word' id='word_1_383' title='bbox 3597 2406 3842 2459; x_wconf 76' lang='lat' dir='ltr'><strong>maxime</strong></span> 
     </span>
    </p>
   </div>
   <div class='ocr_carea' id='block_1_54' title="bbox 2255 2496 3843 2575">
    <p class='ocr_par' dir='ltr' id='par_1_54' title="bbox 2255 2496 3843 2575">
     <span class='ocr_line' id='line_1_54' title="bbox 2255 2496 3843 2575; baseline -0.01 -9"><span class='ocrx_word' id='word_1_384' title='bbox 2255 2511 2603 2567; x_wconf 84' lang='lat' dir='ltr'><strong>metuendum</strong></span> <span class='ocrx_word' id='word_1_385' title='bbox 2631 2518 2714 2564; x_wconf 88' lang='lat' dir='ltr'><strong>est</strong></span> <span class='ocrx_word' id='word_1_386' title='bbox 2738 2523 2803 2561; x_wconf 90' lang='lat' dir='ltr'><strong>ne</strong></span> <span class='ocrx_word' id='word_1_387' title='bbox 2831 2515 2983 2561; x_wconf 91' lang='lat' dir='ltr'><strong>tanto</strong></span> <span class='ocrx_word' id='word_1_388' title='bbox 3011 2504 3173 2575; x_wconf 90' lang='lat' dir='ltr'><strong>patri,</strong></span> <span class='ocrx_word' id='word_1_389' title='bbox 3203 2501 3359 2571; x_wconf 88' lang='lat' dir='ltr'><strong>cujus</strong></span> <span class='ocrx_word' id='word_1_390' title='bbox 3386 2513 3507 2554; x_wconf 92' lang='lat' dir='ltr'><strong>sum</strong></span> <span class='ocrx_word' id='word_1_391' title='bbox 3548 2496 3843 2552; x_wconf 81' lang='lat' dir='ltr'><strong>beneficiis</strong></span> 
     </span>
    </p>
   </div>
   <div class='ocr_carea' id='block_1_55' title="bbox 2255 2593 3846 2674">
    <p class='ocr_par' dir='ltr' id='par_1_55' title="bbox 2255 2593 3846 2674">
     <span class='ocr_line' id='line_1_55' title="bbox 2255 2593 3846 2674; baseline -0.012 -16"><span class='ocrx_word' id='word_1_392' title='bbox 2255 2603 2516 2674; x_wconf 76' lang='lat' dir='ltr'><strong>oLligata,</strong></span> <span class='ocrx_word' id='word_1_393' title='bbox 2551 2609 2660 2655; x_wconf 89' lang='lat' dir='ltr'><strong>tam</strong></span> <span class='ocrx_word' id='word_1_394' title='bbox 2688 2599 2813 2653; x_wconf 88' lang='lat' dir='ltr'><strong>forti</strong></span> <span class='ocrx_word' id='word_1_395' title='bbox 2864 2598 2955 2651; x_wconf 87' lang='lat' dir='ltr'><strong>Dei</strong></span> <span class='ocrx_word' id='word_1_396' title='bbox 2987 2595 3203 2650; x_wconf 82' lang='lat' dir='ltr'><strong>athletae</strong></span> <span class='ocrx_word' id='word_1_397' title='bbox 3249 2604 3305 2648; x_wconf 84' lang='lat' dir='ltr'><strong>et</strong></span> <span class='ocrx_word' id='word_1_398' title='bbox 3347 2593 3597 2645; x_wconf 71' lang='lat' dir='ltr'><strong>humana:</strong></span> <span class='ocrx_word' id='word_1_399' title='bbox 3628 2596 3846 2641; x_wconf 76' lang='lat' dir='ltr'><strong>natura:</strong></span> 
     </span>
    </p>
   </div>
   <div class='ocr_carea' id='block_1_56' title="bbox 2252 2684 3844 2763">
    <p class='ocr_par' dir='ltr' id='par_1_56' title="bbox 2252 2684 3844 2763">
     <span class='ocr_line' id='line_1_56' title="bbox 2252 2684 3844 2763; baseline -0.008 -12"><span class='ocrx_word' id='word_1_400' title='bbox 2252 2697 2467 2760; x_wconf 85' lang='lat' dir='ltr'><strong>victori,</strong></span> <span class='ocrx_word' id='word_1_401' title='bbox 2497 2693 2650 2763; x_wconf 88' lang='lat' dir='ltr'><strong>cujus</strong></span> <span class='ocrx_word' id='word_1_402' title='bbox 2695 2692 3023 2748; x_wconf 81' lang='lat' dir='ltr'><strong>indeficienti</strong></span> <span class='ocrx_word' id='word_1_403' title='bbox 3053 2690 3237 2761; x_wconf 82' lang='lat' dir='ltr'><strong>vigore</strong></span> <span class='ocrx_word' id='word_1_404' title='bbox 3267 2703 3370 2758; x_wconf 83' lang='lat' dir='ltr'><strong>pax</strong></span> <span class='ocrx_word' id='word_1_405' title='bbox 3399 2687 3549 2755; x_wconf 83' lang='lat' dir='ltr'><strong>regni</strong></span> <span class='ocrx_word' id='word_1_406' title='bbox 3582 2684 3844 2740; x_wconf 81' lang='lat' dir='ltr'><strong>sacerdo-</strong></span> 
     </span>
    </p>
   </div>
   <div class='ocr_carea' id='block_1_57' title="bbox 2254 2772 3845 2857">
    <p class='ocr_par' dir='ltr' id='par_1_57' title="bbox 2254 2772 3845 2857">
     <span class='ocr_line' id='line_1_57' title="bbox 2254 2772 3845 2857; baseline -0.01 -16"><span class='ocrx_word' id='word_1_407' title='bbox 2254 2788 2419 2857; x_wconf 90' lang='lat' dir='ltr'><strong>tiique</strong></span> <span class='ocrx_word' id='word_1_408' title='bbox 2442 2785 2680 2856; x_wconf 83' lang='lat' dir='ltr'><strong>dignitas</strong></span> <span class='ocrx_word' id='word_1_409' title='bbox 2710 2783 2919 2837; x_wconf 84' lang='lat' dir='ltr'><strong>lirtnata</strong></span> <span class='ocrx_word' id='word_1_410' title='bbox 2954 2788 3038 2835; x_wconf 92' lang='lat' dir='ltr'><strong>est</strong></span> <span class='ocrx_word' id='word_1_411' title='bbox 3069 2788 3232 2848; x_wconf 81' lang='lat' dir='ltr'><strong>atque</strong></span> <span class='ocrx_word' id='word_1_412' title='bbox 3285 2775 3532 2839; x_wconf 85' lang='lat' dir='ltr'><strong>defensa,</strong></span> <span class='ocrx_word' id='word_1_413' title='bbox 3556 2782 3667 2827; x_wconf 90' lang='lat' dir='ltr'><strong>tam</strong></span> <span class='ocrx_word' id='word_1_414' title='bbox 3697 2772 3845 2826; x_wconf 87' lang='lat' dir='ltr'><strong>fideli</strong></span> 
     </span>
    </p>
   </div>
   <div class='ocr_carea' id='block_1_58' title="bbox 2252 2864 3846 2947">
    <p class='ocr_par' dir='ltr' id='par_1_58' title="bbox 2252 2864 3846 2947">
     <span class='ocr_line' id='line_1_58' title="bbox 2252 2864 3846 2947; baseline -0.009 -17"><span class='ocrx_word' id='word_1_415' title='bbox 2252 2885 2469 2945; x_wconf 89' lang='lat' dir='ltr'><strong>tamque</strong></span> <span class='ocrx_word' id='word_1_416' title='bbox 2493 2873 2749 2947; x_wconf 86' lang='lat' dir='ltr'><strong>prudenti</strong></span> <span class='ocrx_word' id='word_1_417' title='bbox 2780 2872 2875 2926; x_wconf 81' lang='lat' dir='ltr'><strong>Dei</strong></span> <span class='ocrx_word' id='word_1_418' title='bbox 2907 2867 3294 2941; x_wconf 86' lang='lat' dir='ltr'><strong>dispensatori,</strong></span> <span class='ocrx_word' id='word_1_419' title='bbox 3322 2866 3476 2938; x_wconf 91' lang='lat' dir='ltr'><strong>cujus</strong></span> <span class='ocrx_word' id='word_1_420' title='bbox 3519 2879 3638 2919; x_wconf 90' lang='lat' dir='ltr'><strong>sum</strong></span> <span class='ocrx_word' id='word_1_421' title='bbox 3672 2864 3846 2917; x_wconf 53' lang='lat' dir='ltr'><strong>bene-</strong></span> 
     </span>
    </p>
   </div>
   <div class='ocr_carea' id='block_1_59' title="bbox 2252 2957 3847 3037">
    <p class='ocr_par' dir='ltr' id='par_1_59' title="bbox 2252 2957 3847 3037">
     <span class='ocr_line' id='line_1_59' title="bbox 2252 2957 3847 3037; baseline -0.008 -14"><span class='ocrx_word' id='word_1_422' title='bbox 2252 2969 2486 3023; x_wconf 88' lang='lat' dir='ltr'><strong>dictione</strong></span> <span class='ocrx_word' id='word_1_423' title='bbox 2534 2968 2587 3022; x_wconf 93' lang='lat' dir='ltr'><strong>in</strong></span> <span class='ocrx_word' id='word_1_424' title='bbox 2633 2966 2929 3037; x_wconf 82' lang='lat' dir='ltr'><strong>legitimum</strong></span> <span class='ocrx_word' id='word_1_425' title='bbox 2960 2963 3365 3019; x_wconf 89' lang='lat' dir='ltr'><strong>matrimonium</strong></span> <span class='ocrx_word' id='word_1_426' title='bbox 3403 2968 3650 3023; x_wconf 90' lang='lat' dir='ltr'><strong>sacrata,</strong></span> <span class='ocrx_word' id='word_1_427' title='bbox 3683 2957 3847 3027; x_wconf 90' lang='lat' dir='ltr'><strong>cujus</strong></span> 
     </span>
    </p>
   </div>
   <div class='ocr_carea' id='block_1_60' title="bbox 2251 3048 3845 3125">
    <p class='ocr_par' dir='ltr' id='par_1_60' title="bbox 2251 3048 3845 3125">
     <span class='ocr_line' id='line_1_60' title="bbox 2251 3048 3845 3125; baseline -0.007 -12"><span class='ocrx_word' id='word_1_428' title='bbox 2251 3057 2595 3114; x_wconf 87' lang='lat' dir='ltr'><strong>ordinatione</strong></span> <span class='ocrx_word' id='word_1_429' title='bbox 2639 3058 2693 3111; x_wconf 92' lang='lat' dir='ltr'><strong>in</strong></span> <span class='ocrx_word' id='word_1_430' title='bbox 2736 3055 2937 3110; x_wconf 88' lang='lat' dir='ltr'><strong>terreni</strong></span> <span class='ocrx_word' id='word_1_431' title='bbox 2976 3054 3134 3125; x_wconf 84' lang='lat' dir='ltr'><strong>regni</strong></span> <span class='ocrx_word' id='word_1_432' title='bbox 3167 3053 3488 3123; x_wconf 80' lang='lat' dir='ltr'><strong>dignitatem</strong></span> <span class='ocrx_word' id='word_1_433' title='bbox 3520 3048 3845 3113; x_wconf 88' lang='lat' dir='ltr'><strong>sublimata,</strong></span> 
     </span>
    </p>
   </div>
   <div class='ocr_carea' id='block_1_61' title="bbox 2251 3142 3844 3219">
    <p class='ocr_par' dir='ltr' id='par_1_61' title="bbox 2251 3142 3844 3219">
     <span class='ocr_line' id='line_1_61' title="bbox 2251 3142 3844 3219; baseline -0.006 -16"><span class='ocrx_word' id='word_1_434' title='bbox 2251 3147 2403 3219; x_wconf 89' lang='lat' dir='ltr'><strong>cujus</strong></span> <span class='ocrx_word' id='word_1_435' title='bbox 2432 3147 2685 3219; x_wconf 85' lang='lat' dir='ltr'><strong>precibus</strong></span> <span class='ocrx_word' id='word_1_436' title='bbox 2716 3146 2768 3200; x_wconf 91' lang='lat' dir='ltr'><strong>in</strong></span> <span class='ocrx_word' id='word_1_437' title='bbox 2813 3144 3022 3201; x_wconf 77' lang='lat' dir='ltr'><strong>caelesti</strong></span> <span class='ocrx_word' id='word_1_438' title='bbox 3062 3143 3254 3217; x_wconf 78' lang='lat' dir='ltr'><strong>gloria,</strong></span> <span class='ocrx_word' id='word_1_439' title='bbox 3286 3142 3398 3198; x_wconf 91' lang='lat' dir='ltr'><strong>Deo</strong></span> <span class='ocrx_word' id='word_1_440' title='bbox 3426 3150 3724 3205; x_wconf 88' lang='lat' dir='ltr'><strong>annuente,</strong></span> <span class='ocrx_word' id='word_1_441' title='bbox 3749 3154 3844 3194; x_wconf 88' lang='lat' dir='ltr'><strong>co-</strong></span> 
     </span>
    </p>
   </div>
   <div class='ocr_carea' id='block_1_62' title="bbox 1797 3323 2520 3397">
    <p class='ocr_par' dir='ltr' id='par_1_62' title="bbox 1797 3323 2520 3397">
     <span class='ocr_line' id='line_1_62' title="bbox 1797 3323 2520 3397; baseline -0.003 -16"><span class='ocrx_word' id='word_1_442' title='bbox 1797 3393 1801 3397; x_wconf 13' lang='lat'><strong>,</strong></span> <span class='ocrx_word' id='word_1_443' title='bbox 1845 3325 2080 3383; x_wconf 68' lang='lat' dir='ltr'><strong>VARUS</strong></span> <span class='ocrx_word' id='word_1_444' title='bbox 2117 3323 2520 3381; x_wconf 72' lang='lat' dir='ltr'><strong>LECTIONES.</strong></span> 
     </span>
    </p>
   </div>
   <div class='ocr_carea' id='block_1_63' title="bbox 671 3437 2508 3521">
    <p class='ocr_par' dir='ltr' id='par_1_63' title="bbox 671 3437 2508 3521">
     <span class='ocr_line' id='line_1_63' title="bbox 671 3437 2508 3521; baseline 0.002 -29"><span class='ocrx_word' id='word_1_445' title='bbox 671 3438 745 3470; x_wconf 79' lang='lat'><strong>”&quot;</strong></span> <span class='ocrx_word' id='word_1_446' title='bbox 767 3437 1061 3521; x_wconf 84' lang='lat' dir='ltr'><strong>Consilium</strong></span> <span class='ocrx_word' id='word_1_447' title='bbox 1092 3439 1350 3521; x_wconf 82' lang='lat' dir='ltr'><strong>_a_ceipere</strong></span> <span class='ocrx_word' id='word_1_448' title='bbox 1395 3459 1473 3495; x_wconf 81' lang='lat' dir='ltr'><strong>ms</strong></span> <span class='ocrx_word' id='word_1_449' title='bbox 1494 3441 1657 3521; x_wconf 43' lang='lat' dir='ltr'><strong>&quot;Vict.</strong></span> <span class='ocrx_word' id='word_1_450' title='bbox 1703 3443 1986 3521; x_wconf 74' lang='lat' dir='ltr'><strong>consilium</strong></span> <span class='ocrx_word' id='word_1_451' title='bbox 2045 3442 2235 3521; x_wconf 77' lang='lat' dir='ltr'><strong>salutis</strong></span> <span class='ocrx_word' id='word_1_452' title='bbox 2264 3443 2508 3521; x_wconf 85' lang='lat' dir='ltr'><strong>accipere</strong></span> 
     </span>
    </p>
   </div>
   <div class='ocr_carea' id='block_1_64' title="bbox 2616 3437 3821 3497">
    <p class='ocr_par' dir='ltr' id='par_1_64' title="bbox 2616 3437 3821 3497">
     <span class='ocr_line' id='line_1_64' title="bbox 2616 3437 3821 3497; baseline -0.007 0"><span class='ocrx_word' id='word_1_453' title='bbox 2616 3443 2683 3477; x_wconf 82' lang='grc'><strong>¹⁹⁵</strong></span> <span class='ocrx_word' id='word_1_454' title='bbox 2716 3443 2919 3497; x_wconf 81' lang='lat' dir='ltr'><strong>Collata</strong></span> <span class='ocrx_word' id='word_1_455' title='bbox 2968 3459 3086 3497; x_wconf 88' lang='lat' dir='ltr'><strong>cum</strong></span> <span class='ocrx_word' id='word_1_456' title='bbox 3133 3439 3312 3494; x_wconf 83' lang='lat' dir='ltr'><strong>eodem</strong></span> <span class='ocrx_word' id='word_1_457' title='bbox 3341 3454 3418 3492; x_wconf 82' lang='lat' dir='ltr'><strong>ms</strong></span> <span class='ocrx_word' id='word_1_458' title='bbox 3528 3437 3599 3469; x_wconf 78' lang='lat'><strong>”&quot;</strong></span> <span class='ocrx_word' id='word_1_459' title='bbox 3625 3437 3821 3490; x_wconf 67' lang='lat' dir='ltr'><strong>Ansel-</strong></span> 
     </span>
    </p>
   </div>
   <div class='ocr_carea' id='block_1_65' title="bbox 576 3506 3846 3585">
    <p class='ocr_par' dir='ltr' id='par_1_65' title="bbox 576 3506 3846 3585">
     <span class='ocr_line' id='line_1_65' title="bbox 576 3506 3846 3585; baseline 0 -24"><span class='ocrx_word' id='word_1_460' title='bbox 576 3524 701 3585; x_wconf 63' lang='lat' dir='ltr'><strong>mus</strong></span> <span class='ocrx_word' id='word_1_461' title='bbox 726 3518 949 3585; x_wconf 84' lang='lat' dir='ltr'><strong>vocatus</strong></span> <span class='ocrx_word' id='word_1_462' title='bbox 994 3506 1435 3585; x_wconf 68' lang='lat' dir='ltr'><strong>archiepiscopus</strong></span> <span class='ocrx_word' id='word_1_463' title='bbox 1486 3512 1892 3585; x_wconf 74' lang='lat' dir='ltr'><strong>Cantuariensis</strong></span> <span class='ocrx_word' id='word_1_464' title='bbox 1932 3512 2192 3585; x_wconf 72' lang='lat' dir='ltr'><strong>fratribus</strong></span> <span class='ocrx_word' id='word_1_465' title='bbox 2227 3530 2305 3585; x_wconf 76' lang='lat' dir='ltr'><strong>ms</strong></span> <span class='ocrx_word' id='word_1_466' title='bbox 2338 3506 2645 3585; x_wconf 62' lang='lat' dir='ltr'><strong>_Anselmu_s</strong></span> <span class='ocrx_word' id='word_1_467' title='bbox 2704 3515 2878 3585; x_wconf 79' lang='lat' dir='ltr'><strong>gratia</strong></span> <span class='ocrx_word' id='word_1_468' title='bbox 2914 3514 3008 3567; x_wconf 90' lang='lat' dir='ltr'><strong>Dei</strong></span> <span class='ocrx_word' id='word_1_469' title='bbox 3061 3510 3547 3585; x_wconf 74' lang='lat' dir='ltr'><strong>a_rclticpisco_pus,_</strong></span> <span class='ocrx_word' id='word_1_470' title='bbox 3574 3506 3846 3585; x_wconf 40' lang='lat' dir='ltr'><strong>fratri-bus</strong></span> 
     </span>
    </p>
   </div>
   <div class='ocr_carea' id='block_1_66' title="bbox 562 3575 1626 3636">
    <p class='ocr_par' dir='ltr' id='par_1_66' title="bbox 562 3575 1626 3636">
     <span class='ocr_line' id='line_1_66' title="bbox 562 3575 1626 3636; baseline 0.009 -9"><span class='ocrx_word' id='word_1_471' title='bbox 562 3578 631 3608; x_wconf 78' lang='grc'><strong>⁸⁸⁷</strong></span> <span class='ocrx_word' id='word_1_472' title='bbox 661 3575 791 3630; x_wconf 80' lang='lat' dir='ltr'><strong>Cum</strong></span> <span class='ocrx_word' id='word_1_473' title='bbox 815 3582 991 3632; x_wconf 85' lang='lat' dir='ltr'><strong>eodem</strong></span> <span class='ocrx_word' id='word_1_474' title='bbox 1023 3595 1100 3633; x_wconf 84' lang='lat' dir='ltr'><strong>ms</strong></span> <span class='ocrx_word' id='word_1_475' title='bbox 1136 3575 1402 3635; x_wconf 80' lang='lat' dir='ltr'><strong>Victorino</strong></span> <span class='ocrx_word' id='word_1_476' title='bbox 1431 3582 1626 3636; x_wconf 86' lang='lat' dir='ltr'><strong>collata</strong></span> 
     </span>
    </p>
   </div>
   <div class='ocr_carea' id='block_1_67' title="bbox 856 3577 3840 3655">
    <p class='ocr_par' dir='ltr' id='par_1_67' title="bbox 856 3577 3840 3655">
     <span class='ocr_line' id='line_1_67' title="bbox 856 3577 3840 3655; baseline -0.006 -7"><span class='ocrx_word' id='word_1_477' title='bbox 856 3582 991 3655; x_wconf 58' lang='lat'><strong>.9491&quot;</strong></span> <span class='ocrx_word' id='word_1_478' title='bbox 1023 3595 1100 3633; x_wconf 66' lang='grc' dir='ltr'><strong>ἠδ</strong></span> <span class='ocrx_word' id='word_1_479' title='bbox 1136 3577 1402 3655; x_wconf 57' lang='grc' dir='ltr'><strong>γὶξιονῧιο</strong></span> <span class='ocrx_word' id='word_1_480' title='bbox 1431 3582 1626 3655; x_wconf 55' lang='lat' dir='ltr'><strong>collata</strong></span> <span class='ocrx_word' id='word_1_481' title='bbox 1660 3653 1672 3655; x_wconf 96' lang='lat'><em>_</em></span> <span class='ocrx_word' id='word_1_482' title='bbox 1731 3583 1801 3615; x_wconf 70' lang='grc'><strong>’³⁸</strong></span> <span class='ocrx_word' id='word_1_483' title='bbox 1828 3583 2056 3639; x_wconf 90' lang='lat' dir='ltr'><strong>Domino</strong></span> <span class='ocrx_word' id='word_1_484' title='bbox 2080 3592 2136 3637; x_wconf 91' lang='lat' dir='ltr'><strong>et</strong></span> <span class='ocrx_word' id='word_1_485' title='bbox 2162 3583 2310 3655; x_wconf 80' lang='lat' dir='ltr'><strong>Patri</strong></span> <span class='ocrx_word' id='word_1_486' title='bbox 2337 3577 2931 3655; x_wconf 9' lang='lat' dir='ltr'><strong>Revqendorz‘l&#39;ttselmo</strong></span> <span class='ocrx_word' id='word_1_487' title='bbox 2951 3599 3032 3655; x_wconf 58' lang='lat' dir='ltr'><strong>ins</strong></span> <span class='ocrx_word' id='word_1_488' title='bbox 3061 3579 3381 3655; x_wconf 48' lang='lat' dir='ltr'><strong>Venerando</strong></span> <span class='ocrx_word' id='word_1_489' title='bbox 3404 3578 3549 3634; x_wconf 79' lang='lat' dir='ltr'><strong>Patri</strong></span> <span class='ocrx_word' id='word_1_490' title='bbox 3579 3577 3840 3631; x_wconf 85' lang='lat' dir='ltr'><strong>Anseltno</strong></span> 
     </span>
    </p>
   </div>
   <div class='ocr_carea' id='block_1_68' title="bbox 560 3647 2297 3719">
    <p class='ocr_par' dir='ltr' id='par_1_68' title="bbox 560 3647 2297 3719">
     <span class='ocr_line' id='line_1_68' title="bbox 560 3647 2297 3719; baseline 0.003 -18"><span class='ocrx_word' id='word_1_491' title='bbox 560 3648 631 3680; x_wconf 82' lang='lat'><strong>&#39;”</strong></span> <span class='ocrx_word' id='word_1_492' title='bbox 658 3647 941 3703; x_wconf 81' lang='lat' dir='ltr'><strong>Verteritis</strong></span> <span class='ocrx_word' id='word_1_493' title='bbox 994 3658 1051 3703; x_wconf 90' lang='lat' dir='ltr'><strong>ut</strong></span> <span class='ocrx_word' id='word_1_494' title='bbox 1095 3650 1227 3704; x_wconf 90' lang='lat' dir='ltr'><strong>nulli</strong></span> <span class='ocrx_word' id='word_1_495' title='bbox 1271 3667 1351 3705; x_wconf 76' lang='lat' dir='ltr'><strong>ms</strong></span> <span class='ocrx_word' id='word_1_496' title='bbox 1397 3653 1608 3708; x_wconf 88' lang='lat' dir='ltr'><strong>vertitis</strong></span> <span class='ocrx_word' id='word_1_497' title='bbox 1658 3653 1712 3709; x_wconf 87' lang='lat' dir='ltr'><strong>in</strong></span> <span class='ocrx_word' id='word_1_498' title='bbox 1747 3662 2014 3719; x_wconf 89' lang='lat' dir='ltr'><strong>naturam,</strong></span> <span class='ocrx_word' id='word_1_499' title='bbox 2060 3661 2121 3708; x_wconf 89' lang='lat' dir='ltr'><strong>ut</strong></span> <span class='ocrx_word' id='word_1_500' title='bbox 2165 3653 2297 3708; x_wconf 85' lang='lat' dir='ltr'><strong>nulli</strong></span> 
     </span>
    </p>
   </div>
   <div class='ocr_carea' id='block_1_69' title="bbox 2371 3651 3207 3709">
    <p class='ocr_par' dir='ltr' id='par_1_69' title="bbox 2371 3651 3207 3709">
     <span class='ocr_line' id='line_1_69' title="bbox 2371 3651 3207 3709; baseline -0.001 -3"><span class='ocrx_word' id='word_1_501' title='bbox 2371 3652 2440 3684; x_wconf 83' lang='grc'>³⁰⁰</span> <span class='ocrx_word' id='word_1_502' title='bbox 2466 3652 2754 3709; x_wconf 85' lang='lat' dir='ltr'><strong>Famulitie</strong></span> <span class='ocrx_word' id='word_1_503' title='bbox 2782 3671 2861 3708; x_wconf 76' lang='lat' dir='ltr'><strong>ms</strong></span> <span class='ocrx_word' id='word_1_504' title='bbox 2886 3669 2917 3709; x_wconf 90' lang='lat' dir='ltr'><strong>e</strong></span> <span class='ocrx_word' id='word_1_505' title='bbox 2943 3651 3207 3707; x_wconf 80' lang='lat' dir='ltr'><strong>famulitio</strong></span> 
     </span>
    </p>
   </div>
   <div class='ocr_carea' id='block_1_70' title="bbox 1762 3766 2610 3824">
    <p class='ocr_par' dir='ltr' id='par_1_70' title="bbox 1762 3766 2610 3824">
     <span class='ocr_line' id='line_1_70' title="bbox 1762 3766 2610 3824; baseline 0 -2"><span class='ocrx_word' id='word_1_506' title='bbox 1762 3766 2046 3824; x_wconf 79' lang='lat' dir='ltr'><strong>JOANNIS</strong></span> <span class='ocrx_word' id='word_1_507' title='bbox 2084 3767 2356 3824; x_wconf 78' lang='lat' dir='ltr'><strong>PICABDI</strong></span> <span class='ocrx_word' id='word_1_508' title='bbox 2380 3766 2610 3824; x_wconf 70' lang='lat' dir='ltr'><strong>NOTAE.</strong></span> 
     </span>
    </p>
   </div>
   <div class='ocr_carea' id='block_1_71' title="bbox 559 3865 3841 3953">
    <p class='ocr_par' dir='ltr' id='par_1_71' title="bbox 559 3865 3841 3953">
     <span class='ocr_line' id='line_1_71' title="bbox 559 3865 3841 3953; baseline -0.003 -14"><span class='ocrx_word' id='word_1_509' title='bbox 559 3892 617 3939; x_wconf 88' lang='lat' dir='ltr'><strong>et</strong></span> <span class='ocrx_word' id='word_1_510' title='bbox 657 3881 1141 3953; x_wconf 73' lang='lat' dir='ltr'><strong>archidiacontnn,</strong></span> <span class='ocrx_word' id='word_1_511' title='bbox 1168 3889 1224 3953; x_wconf 83' lang='lat' dir='ltr'><strong>et</strong></span> <span class='ocrx_word' id='word_1_512' title='bbox 1269 3891 1396 3953; x_wconf 81' lang='lat' dir='ltr'><strong>ante</strong></span> <span class='ocrx_word' id='word_1_513' title='bbox 1438 3883 1711 3953; x_wconf 69' lang='lat' dir='ltr'><strong>audivisse</strong></span> <span class='ocrx_word' id='word_1_514' title='bbox 1753 3883 2139 3953; x_wconf 80' lang='lat' dir='ltr'><strong>Berengarium</strong></span> <span class='ocrx_word' id='word_1_515' title='bbox 2175 3865 2221 3929; x_wconf 72' lang='grc' dir='ltr'>Ο</span> <span class='ocrx_word' id='word_1_516' title='bbox 2254 3880 2450 3936; x_wconf 91' lang='lat' dir='ltr'><strong>scheda</strong></span> <span class='ocrx_word' id='word_1_517' title='bbox 2488 3882 2855 3953; x_wconf 75' lang='lat' dir='ltr'><strong>manuscripta</strong></span> <span class='ocrx_word' id='word_1_518' title='bbox 2886 3877 3228 3936; x_wconf 71' lang='lat' dir='ltr'><strong>Caesareduni</strong></span> <span class='ocrx_word' id='word_1_519' title='bbox 3252 3875 3530 3933; x_wconf 87' lang='lat' dir='ltr'><strong>Turonum</strong></span> <span class='ocrx_word' id='word_1_520' title='bbox 3559 3875 3719 3931; x_wconf 87' lang='lat' dir='ltr'><strong>annis</strong></span> <span class='ocrx_word' id='word_1_521' title='bbox 3760 3891 3841 3929; x_wconf 71' lang='grc' dir='ltr'><strong>νη</strong></span> 
     </span>
    </p>
   </div>
   <div class='ocr_carea' id='block_1_72' title="bbox 560 3951 2145 4023">
    <p class='ocr_par' dir='ltr' id='par_1_72' title="bbox 560 3951 2145 4023">
     <span class='ocr_line' id='line_1_72' title="bbox 560 3951 2145 4023; baseline 0.003 -18"><span class='ocrx_word' id='word_1_522' title='bbox 560 3962 981 4022; x_wconf 58' lang='lat' dir='ltr'><strong>praeceptorem,</strong></span> <span class='ocrx_word' id='word_1_523' title='bbox 1023 3951 1807 4023; x_wconf 81' lang='lat' dir='ltr'><strong>Guilleltn..Malmesheriens.</strong></span> <span class='ocrx_word' id='word_1_524' title='bbox 1849 3951 2145 4023; x_wconf 57' lang='lat' dir='ltr'><strong>etet&#39;erique</strong></span> 
     </span>
    </p>
   </div>
   <div class='ocr_carea' id='block_1_73' title="bbox 561 4022 2142 4095">
    <p class='ocr_par' dir='ltr' id='par_1_73' title="bbox 561 4022 2142 4095">
     <span class='ocr_line' id='line_1_73' title="bbox 561 4022 2142 4095; baseline 0.001 -18"><span class='ocrx_word' id='word_1_525' title='bbox 561 4024 826 4088; x_wconf 85' lang='lat' dir='ltr'><strong>historici,</strong></span> <span class='ocrx_word' id='word_1_526' title='bbox 865 4022 1122 4095; x_wconf 86' lang='lat' dir='ltr'><strong>adquam</strong></span> <span class='ocrx_word' id='word_1_527' title='bbox 1163 4024 1287 4078; x_wconf 73' lang='lat' dir='ltr'><strong>vita:</strong></span> <span class='ocrx_word' id='word_1_528' title='bbox 1320 4022 1616 4095; x_wconf 81' lang='lat' dir='ltr'><strong>llildeberti</strong></span> <span class='ocrx_word' id='word_1_529' title='bbox 1648 4035 1857 4093; x_wconf 88' lang='lat' dir='ltr'><strong>partem</strong></span> <span class='ocrx_word' id='word_1_530' title='bbox 1888 4024 2003 4095; x_wconf 80' lang='lat' dir='ltr'><strong>ejus</strong></span> <span class='ocrx_word' id='word_1_531' title='bbox 2027 4022 2142 4079; x_wconf 84' lang='lat' dir='ltr'><strong>mo-</strong></span> 
     </span>
    </p>
   </div>
   <div class='ocr_carea' id='block_1_74' title="bbox 560 4094 1584 4162">
    <p class='ocr_par' dir='ltr' id='par_1_74' title="bbox 560 4094 1584 4162">
     <span class='ocr_line' id='line_1_74' title="bbox 560 4094 1584 4162; baseline 0.002 -15"><span class='ocrx_word' id='word_1_532' title='bbox 560 4096 820 4148; x_wconf 86' lang='lat' dir='ltr'><strong>nachatus</strong></span> <span class='ocrx_word' id='word_1_533' title='bbox 853 4094 1033 4148; x_wconf 90' lang='lat' dir='ltr'><strong>reduci</strong></span> <span class='ocrx_word' id='word_1_534' title='bbox 1062 4095 1231 4162; x_wconf 90' lang='lat' dir='ltr'><strong>possit</strong></span> <span class='ocrx_word' id='word_1_535' title='bbox 1276 4109 1380 4148; x_wconf 94' lang='lat' dir='ltr'><strong>non</strong></span> <span class='ocrx_word' id='word_1_536' title='bbox 1409 4094 1584 4149; x_wconf 90' lang='lat' dir='ltr'><strong>video.</strong></span> 
     </span>
    </p>
   </div>
   <div class='ocr_carea' id='block_1_75' title="bbox 634 4162 2147 4234">
    <p class='ocr_par' dir='ltr' id='par_1_75' title="bbox 634 4162 2147 4234">
     <span class='ocr_line' id='line_1_75' title="bbox 634 4162 2147 4234; baseline 0.005 -20"><span class='ocrx_word' id='word_1_537' title='bbox 634 4162 901 4234; x_wconf 56' lang='lat' dir='ltr'><strong>Pratterea</strong></span> <span class='ocrx_word' id='word_1_538' title='bbox 931 4166 1229 4217; x_wconf 83' lang='lat' dir='ltr'><strong>monachus</strong></span> <span class='ocrx_word' id='word_1_539' title='bbox 1260 4163 1597 4234; x_wconf 79' lang='lat' dir='ltr'><strong>(utJacobus</strong></span> <span class='ocrx_word' id='word_1_540' title='bbox 1628 4165 1695 4220; x_wconf 90' lang='lat' dir='ltr'><strong>de</strong></span> <span class='ocrx_word' id='word_1_541' title='bbox 1728 4164 1923 4221; x_wconf 74' lang='lat' dir='ltr'><strong>Gratiis</strong></span> <span class='ocrx_word' id='word_1_542' title='bbox 1959 4180 2147 4221; x_wconf 81' lang='lat' dir='ltr'><strong>mona-</strong></span> 
     </span>
    </p>
   </div>
   <div class='ocr_carea' id='block_1_76' title="bbox 559 4232 2139 4301">
    <p class='ocr_par' dir='ltr' id='par_1_76' title="bbox 559 4232 2139 4301">
     <span class='ocr_line' id='line_1_76' title="bbox 559 4232 2139 4301; baseline 0.002 -14"><span class='ocrx_word' id='word_1_543' title='bbox 559 4234 697 4287; x_wconf 86' lang='lat' dir='ltr'><strong>chus</strong></span> <span class='ocrx_word' id='word_1_544' title='bbox 745 4232 959 4287; x_wconf 85' lang='lat' dir='ltr'><strong>Cassin.</strong></span> <span class='ocrx_word' id='word_1_545' title='bbox 1008 4240 1160 4301; x_wconf 87' lang='lat' dir='ltr'><strong>notat</strong></span> <span class='ocrx_word' id='word_1_546' title='bbox 1190 4232 1342 4301; x_wconf 81' lang='lat' dir='ltr'><strong>parte</strong></span> <span class='ocrx_word' id='word_1_547' title='bbox 1403 4250 1440 4287; x_wconf 88' lang='grc' dir='ltr'><strong>ιι</strong></span> <span class='ocrx_word' id='word_1_548' title='bbox 1493 4235 1836 4291; x_wconf 89' lang='lat' dir='ltr'><strong>Decisionum</strong></span> <span class='ocrx_word' id='word_1_549' title='bbox 1900 4251 2139 4301; x_wconf 62' lang='lat' dir='ltr'><strong>auream,</strong></span> 
     </span>
    </p>
   </div>
   <div class='ocr_carea' id='block_1_77' title="bbox 560 4300 2143 4374">
    <p class='ocr_par' dir='ltr' id='par_1_77' title="bbox 560 4300 2143 4374">
     <span class='ocr_line' id='line_1_77' title="bbox 560 4300 2143 4374; baseline 0.004 -19"><span class='ocrx_word' id='word_1_550' title='bbox 560 4300 789 4374; x_wconf 79' lang='lat' dir='ltr'><strong>lih.__ttt_,</strong></span> <span class='ocrx_word' id='word_1_551' title='bbox 839 4317 960 4370; x_wconf 91' lang='lat' dir='ltr'><strong>cap.</strong></span> <span class='ocrx_word' id='word_1_552' title='bbox 1004 4300 1097 4370; x_wconf 88' lang='grc'>20)</span> <span class='ocrx_word' id='word_1_553' title='bbox 1146 4300 1341 4374; x_wconf 9' lang='lat' dir='ltr'><strong>nequit,</strong></span> <span class='ocrx_word' id='word_1_554' title='bbox 1374 4306 1676 4369; x_wconf 87' lang='lat' dir='ltr'><strong>promoveri</strong></span> <span class='ocrx_word' id='word_1_555' title='bbox 1728 4304 1795 4358; x_wconf 87' lang='lat' dir='ltr'><strong>ad</strong></span> <span class='ocrx_word' id='word_1_556' title='bbox 1850 4304 2143 4374; x_wconf 81' lang='lat' dir='ltr'><strong>dignitates</strong></span> 
     </span>
    </p>
   </div>
   <div class='ocr_carea' id='block_1_78' title="bbox 558 4371 2143 4442">
    <p class='ocr_par' dir='ltr' id='par_1_78' title="bbox 558 4371 2143 4442">
     <span class='ocr_line' id='line_1_78' title="bbox 558 4371 2143 4442; baseline 0.001 -17"><span class='ocrx_word' id='word_1_557' title='bbox 558 4372 961 4442; x_wconf 83' lang='lat' dir='ltr'><strong>Ecclesiarum,</strong></span> <span class='ocrx_word' id='word_1_558' title='bbox 993 4388 1113 4441; x_wconf 63' lang='lat' dir='ltr'><strong>qua:</strong></span> <span class='ocrx_word' id='word_1_559' title='bbox 1148 4371 1274 4442; x_wconf 55' lang='lat' dir='ltr'><strong>sint</strong></span> <span class='ocrx_word' id='word_1_560' title='bbox 1294 4373 1523 4427; x_wconf 62' lang='lat' dir='ltr'><strong>diversae</strong></span> <span class='ocrx_word' id='word_1_561' title='bbox 1566 4371 1934 4442; x_wconf 73' lang='lat' dir='ltr'><strong>professionis</strong></span> <span class='ocrx_word' id='word_1_562' title='bbox 1958 4382 2013 4427; x_wconf 91' lang='lat' dir='ltr'><strong>et</strong></span> <span class='ocrx_word' id='word_1_563' title='bbox 2049 4376 2143 4428; x_wconf 85' lang='lat' dir='ltr'><strong>ha-</strong></span> 
     </span>
    </p>
   </div>
   <div class='ocr_carea' id='block_1_79' title="bbox 556 4440 2140 4508">
    <p class='ocr_par' dir='ltr' id='par_1_79' title="bbox 556 4440 2140 4508">
     <span class='ocr_line' id='line_1_79' title="bbox 556 4440 2140 4508; baseline 0.003 -13"><span class='ocrx_word' id='word_1_564' title='bbox 556 4442 724 4495; x_wconf 86' lang='lat' dir='ltr'><strong>hitus.</strong></span> <span class='ocrx_word' id='word_1_565' title='bbox 752 4440 1049 4496; x_wconf 87' lang='lat' dir='ltr'><strong>Ecclesiam</strong></span> <span class='ocrx_word' id='word_1_566' title='bbox 1079 4456 1208 4495; x_wconf 84' lang='lat' dir='ltr'><strong>vero</strong></span> <span class='ocrx_word' id='word_1_567' title='bbox 1239 4440 1702 4497; x_wconf 86' lang='lat' dir='ltr'><strong>Cenomanensem</strong></span> <span class='ocrx_word' id='word_1_568' title='bbox 1738 4452 1847 4496; x_wconf 89' lang='lat' dir='ltr'><strong>tum</strong></span> <span class='ocrx_word' id='word_1_569' title='bbox 1882 4444 2006 4508; x_wconf 90' lang='lat' dir='ltr'><strong>(nec</strong></span> <span class='ocrx_word' id='word_1_570' title='bbox 2034 4458 2140 4499; x_wconf 87' lang='lat' dir='ltr'><strong>non</strong></span> 
     </span>
    </p>
   </div>
   <div class='ocr_carea' id='block_1_80' title="bbox 559 4511 2141 4582">
    <p class='ocr_par' dir='ltr' id='par_1_80' title="bbox 559 4511 2141 4582">
     <span class='ocr_line' id='line_1_80' title="bbox 559 4511 2141 4582; baseline 0.003 -19"><span class='ocrx_word' id='word_1_571' title='bbox 559 4511 850 4582; x_wconf 85' lang='lat' dir='ltr'><strong>hodieque)</strong></span> <span class='ocrx_word' id='word_1_572' title='bbox 878 4512 1109 4582; x_wconf 80' lang='lat' dir='ltr'><strong>clericos</strong></span> <span class='ocrx_word' id='word_1_573' title='bbox 1138 4512 1434 4568; x_wconf 90' lang='lat' dir='ltr'><strong>canonicos</strong></span> <span class='ocrx_word' id='word_1_574' title='bbox 1467 4514 1715 4569; x_wconf 88' lang='lat' dir='ltr'><strong>habuisse</strong></span> <span class='ocrx_word' id='word_1_575' title='bbox 1750 4512 1920 4582; x_wconf 83' lang='lat' dir='ltr'><strong>liquet</strong></span> <span class='ocrx_word' id='word_1_576' title='bbox 1946 4528 2013 4568; x_wconf 81' lang='lat' dir='ltr'><strong>ex</strong></span> <span class='ocrx_word' id='word_1_577' title='bbox 2045 4529 2141 4568; x_wconf 91' lang='lat' dir='ltr'><strong>su-</strong></span> 
     </span>
    </p>
   </div>
   <div class='ocr_carea' id='block_1_81' title="bbox 558 4580 2143 4653">
    <p class='ocr_par' dir='ltr' id='par_1_81' title="bbox 558 4580 2143 4653">
     <span class='ocr_line' id='line_1_81' title="bbox 558 4580 2143 4653; baseline 0.004 -21"><span class='ocrx_word' id='word_1_578' title='bbox 558 4580 883 4653; x_wconf 86' lang='lat' dir='ltr'><strong>perioribus.</strong></span> <span class='ocrx_word' id='word_1_579' title='bbox 932 4580 1053 4653; x_wconf 89' lang='lat' dir='ltr'><strong>lmo</strong></span> <span class='ocrx_word' id='word_1_580' title='bbox 1104 4582 1173 4637; x_wconf 87' lang='lat' dir='ltr'><strong>ab</strong></span> <span class='ocrx_word' id='word_1_581' title='bbox 1224 4582 1377 4636; x_wconf 87' lang='lat' dir='ltr'><strong>initio</strong></span> <span class='ocrx_word' id='word_1_582' title='bbox 1426 4582 1653 4639; x_wconf 86' lang='lat' dir='ltr'><strong>clericos</strong></span> <span class='ocrx_word' id='word_1_583' title='bbox 1713 4580 2035 4653; x_wconf 78' lang='lat' dir='ltr'><strong>regulariter</strong></span> <span class='ocrx_word' id='word_1_584' title='bbox 2088 4592 2143 4639; x_wconf 88' lang='lat' dir='ltr'><strong>et</strong></span> 
     </span>
    </p>
   </div>
   <div class='ocr_carea' id='block_1_82' title="bbox 554 4652 2139 4722">
    <p class='ocr_par' dir='ltr' id='par_1_82' title="bbox 554 4652 2139 4722">
     <span class='ocr_line' id='line_1_82' title="bbox 554 4652 2139 4722; baseline 0.001 -16"><span class='ocrx_word' id='word_1_585' title='bbox 554 4652 807 4720; x_wconf 80' lang='lat' dir='ltr'><strong>exemplo</strong></span> <span class='ocrx_word' id='word_1_586' title='bbox 849 4652 1216 4722; x_wconf 86' lang='lat' dir='ltr'><strong>apostolorum</strong></span> <span class='ocrx_word' id='word_1_587' title='bbox 1267 4653 1320 4706; x_wconf 91' lang='lat' dir='ltr'><strong>in</strong></span> <span class='ocrx_word' id='word_1_588' title='bbox 1360 4667 1425 4707; x_wconf 90' lang='lat' dir='ltr'><strong>ea</strong></span> <span class='ocrx_word' id='word_1_589' title='bbox 1471 4652 1695 4718; x_wconf 83' lang='lat' dir='ltr'><strong>vixisse.</strong></span> <span class='ocrx_word' id='word_1_590' title='bbox 1736 4653 1910 4722; x_wconf 89' lang='lat' dir='ltr'><strong>palam</strong></span> <span class='ocrx_word' id='word_1_591' title='bbox 1953 4663 2036 4707; x_wconf 90' lang='lat' dir='ltr'><strong>est</strong></span> <span class='ocrx_word' id='word_1_592' title='bbox 2072 4670 2139 4708; x_wconf 81' lang='lat' dir='ltr'><strong>ex</strong></span> 
     </span>
    </p>
   </div>
   <div class='ocr_carea' id='block_1_83' title="bbox 557 4721 2141 4805">
    <p class='ocr_par' dir='ltr' id='par_1_83' title="bbox 557 4721 2141 4805">
     <span class='ocr_line' id='line_1_83' title="bbox 557 4721 2141 4805; baseline 0.003 -29"><span class='ocrx_word' id='word_1_593' title='bbox 557 4737 679 4805; x_wconf 85' lang='lat' dir='ltr'><strong>cap.</strong></span> <span class='ocrx_word' id='word_1_594' title='bbox 710 4722 744 4778; x_wconf 85' lang='grc'><strong>5</strong></span> <span class='ocrx_word' id='word_1_595' title='bbox 771 4722 903 4805; x_wconf 55' lang='lat' dir='ltr'><strong>Vitas</strong></span> <span class='ocrx_word' id='word_1_596' title='bbox 942 4723 1133 4805; x_wconf 51' lang='lat' dir='ltr'><strong>sancti.</strong></span> <span class='ocrx_word' id='word_1_597' title='bbox 1160 4721 1379 4777; x_wconf 77' lang='lat' dir='ltr'><strong>l’anacii</strong></span> <span class='ocrx_word' id='word_1_598' title='bbox 1398 4721 1885 4805; x_wconf 53' lang='lat' dir='ltr'><strong>,nCenomanensis</strong></span> <span class='ocrx_word' id='word_1_599' title='bbox 1913 4738 2141 4805; x_wconf 74' lang='lat' dir='ltr'><strong>quoque</strong></span> 
     </span>
    </p>
   </div>
   <div class='ocr_carea' id='block_1_84' title="bbox 553 4790 2075 4865">
    <p class='ocr_par' dir='ltr' id='par_1_84' title="bbox 553 4790 2075 4865">
     <span class='ocr_line' id='line_1_84' title="bbox 553 4790 2075 4865; baseline 0 -18"><span class='ocrx_word' id='word_1_600' title='bbox 553 4790 823 4865; x_wconf 70' lang='lat' dir='ltr'><strong>episcopi;</strong></span> <span class='ocrx_word' id='word_1_601' title='bbox 848 4794 992 4864; x_wconf 74' lang='lat' dir='ltr'><strong>quod</strong></span> <span class='ocrx_word' id='word_1_602' title='bbox 1023 4802 1078 4848; x_wconf 90' lang='lat' dir='ltr'><strong>et</strong></span> <span class='ocrx_word' id='word_1_603' title='bbox 1104 4790 1345 4865; x_wconf 78' lang='lat' dir='ltr'><strong>Joannes</strong></span> <span class='ocrx_word' id='word_1_604' title='bbox 1370 4812 1398 4865; x_wconf 84' lang='lat' dir='ltr'><strong>a</strong></span> <span class='ocrx_word' id='word_1_605' title='bbox 1424 4793 1597 4849; x_wconf 86' lang='lat' dir='ltr'><strong>Bosco</strong></span> <span class='ocrx_word' id='word_1_606' title='bbox 1622 4794 1830 4865; x_wconf 75' lang='lat' dir='ltr'><strong>notavit</strong></span> <span class='ocrx_word' id='word_1_607' title='bbox 1853 4790 2075 4850; x_wconf 65' lang='lat' dir='ltr'><strong>ibidem.</strong></span> 
     </span>
    </p>
   </div>
   <div class='ocr_carea' id='block_1_85' title="bbox 626 4861 2139 4921">
    <p class='ocr_par' dir='ltr' id='par_1_85' title="bbox 626 4861 2139 4921">
     <span class='ocr_line' id='line_1_85' title="bbox 626 4861 2139 4921; baseline 0.001 -2"><span class='ocrx_word' id='word_1_608' title='bbox 626 4861 956 4921; x_wconf 76' lang='lat' dir='ltr'><strong>Electionem</strong></span> <span class='ocrx_word' id='word_1_609' title='bbox 996 4874 1177 4920; x_wconf 88' lang='lat' dir='ltr'><strong>autem</strong></span> <span class='ocrx_word' id='word_1_610' title='bbox 1229 4861 1524 4919; x_wconf 84' lang='lat' dir='ltr'><strong>Hildeberti</strong></span> <span class='ocrx_word' id='word_1_611' title='bbox 1566 4865 1633 4917; x_wconf 89' lang='lat' dir='ltr'><strong>ad</strong></span> <span class='ocrx_word' id='word_1_612' title='bbox 1673 4863 2139 4920; x_wconf 90' lang='lat' dir='ltr'><strong>Cenomanensem</strong></span> 
     </span>
    </p>
   </div>
   <div class='ocr_carea' id='block_1_86' title="bbox 553 4933 2135 5004">
    <p class='ocr_par' dir='ltr' id='par_1_86' title="bbox 553 4933 2135 5004">
     <span class='ocr_line' id='line_1_86' title="bbox 553 4933 2135 5004; baseline 0.002 -18"><span class='ocrx_word' id='word_1_613' title='bbox 553 4935 921 5004; x_wconf 88' lang='lat' dir='ltr'><strong>episcopatum</strong></span> <span class='ocrx_word' id='word_1_614' title='bbox 971 4935 1246 5004; x_wconf 13' lang='lat' dir='ltr'><strong>cecidisse,</strong></span> <span class='ocrx_word' id='word_1_615' title='bbox 1288 4948 1439 5004; x_wconf 72' lang='lat' dir='ltr'><strong>anno</strong></span> <span class='ocrx_word' id='word_1_616' title='bbox 1485 4933 1624 4989; x_wconf 86' lang='grc'>1106</span> <span class='ocrx_word' id='word_1_617' title='bbox 1668 4934 1824 5001; x_wconf 83' lang='lat' dir='ltr'><strong>juxta</strong></span> <span class='ocrx_word' id='word_1_618' title='bbox 1880 4933 2135 4990; x_wconf 90' lang='lat' dir='ltr'><strong>Chronic.</strong></span> 
     </span>
    </p>
   </div>
   <div class='ocr_carea' id='block_1_87' title="bbox 552 5002 2137 5073">
    <p class='ocr_par' dir='ltr' id='par_1_87' title="bbox 552 5002 2137 5073">
     <span class='ocr_line' id='line_1_87' title="bbox 552 5002 2137 5073; baseline 0.001 -16"><span class='ocrx_word' id='word_1_619' title='bbox 552 5002 931 5069; x_wconf 82' lang='lat' dir='ltr'><strong>Cluniacense,</strong></span> <span class='ocrx_word' id='word_1_620' title='bbox 962 5020 1065 5059; x_wconf 84' lang='lat' dir='ltr'><strong>nex</strong></span> <span class='ocrx_word' id='word_1_621' title='bbox 1085 5002 1377 5061; x_wconf 85' lang='lat' dir='ltr'><strong>Guillieltni</strong></span> <span class='ocrx_word' id='word_1_622' title='bbox 1410 5002 1529 5057; x_wconf 80' lang='lat' dir='ltr'><strong>Rufi</strong></span> <span class='ocrx_word' id='word_1_623' title='bbox 1559 5004 1854 5073; x_wconf 80' lang='lat' dir='ltr'><strong>Anglorum</strong></span> <span class='ocrx_word' id='word_1_624' title='bbox 1880 5004 2023 5073; x_wconf 76' lang='lat' dir='ltr'><strong>regis</strong></span> <span class='ocrx_word' id='word_1_625' title='bbox 2045 5021 2137 5058; x_wconf 87' lang='lat' dir='ltr'><strong>su-</strong></span> 
     </span>
    </p>
   </div>
   <div class='ocr_carea' id='block_1_88' title="bbox 553 5074 2138 5146">
    <p class='ocr_par' dir='ltr' id='par_1_88' title="bbox 553 5074 2138 5146">
     <span class='ocr_line' id='line_1_88' title="bbox 553 5074 2138 5146; baseline 0.002 -21"><span class='ocrx_word' id='word_1_626' title='bbox 553 5074 738 5146; x_wconf 80' lang='lat' dir='ltr'><strong>perius</strong></span> <span class='ocrx_word' id='word_1_627' title='bbox 765 5084 1060 5130; x_wconf 89' lang='lat' dir='ltr'><strong>memorata</strong></span> <span class='ocrx_word' id='word_1_628' title='bbox 1083 5083 1418 5146; x_wconf 71' lang='lat' dir='ltr'><strong>patrataque</strong></span> <span class='ocrx_word' id='word_1_629' title='bbox 1437 5090 1581 5129; x_wconf 87' lang='lat' dir='ltr'><strong>anno</strong></span> <span class='ocrx_word' id='word_1_630' title='bbox 1607 5074 1744 5130; x_wconf 90' lang='grc'>1100</span> <span class='ocrx_word' id='word_1_631' title='bbox 1767 5074 2138 5146; x_wconf 23' lang='lat' dir='ltr'><strong>(testibus‘Si-</strong></span> 
     </span>
    </p>
   </div>
   <div class='ocr_carea' id='block_1_89' title="bbox 553 5143 2132 5215">
    <p class='ocr_par' dir='ltr' id='par_1_89' title="bbox 553 5143 2132 5215">
     <span class='ocr_line' id='line_1_89' title="bbox 553 5143 2132 5215; baseline 0.002 -19"><span class='ocrx_word' id='word_1_632' title='bbox 553 5143 778 5215; x_wconf 67' lang='lat' dir='ltr'><strong>geherto</strong></span> <span class='ocrx_word' id='word_1_633' title='bbox 811 5146 1039 5215; x_wconf 86' lang='lat' dir='ltr'><strong>aliisque</strong></span> <span class='ocrx_word' id='word_1_634' title='bbox 1068 5143 1133 5199; x_wconf 85' lang='lat' dir='ltr'><strong>ad</strong></span> <span class='ocrx_word' id='word_1_635' title='bbox 1164 5143 1327 5215; x_wconf 66' lang='lat' dir='ltr'><strong>epist.</strong></span> <span class='ocrx_word' id='word_1_636' title='bbox 1356 5144 1428 5199; x_wconf 68' lang='grc'>40</span> <span class='ocrx_word' id='word_1_637' title='bbox 1465 5160 1649 5215; x_wconf 89' lang='lat' dir='ltr'><strong>coram</strong></span> <span class='ocrx_word' id='word_1_638' title='bbox 1688 5145 1913 5215; x_wconf 87' lang='lat' dir='ltr'><strong>notatis)</strong></span> <span class='ocrx_word' id='word_1_639' title='bbox 1954 5144 2132 5213; x_wconf 90' lang='lat' dir='ltr'><strong>palam</strong></span> 
     </span>
    </p>
   </div>
   <div class='ocr_carea' id='block_1_90' title="bbox 552 5213 2212 5299">
    <p class='ocr_par' dir='ltr' id='par_1_90' title="bbox 552 5213 2212 5299">
     <span class='ocr_line' id='line_1_90' title="bbox 552 5213 2212 5299; baseline 0.002 -32"><span class='ocrx_word' id='word_1_640' title='bbox 552 5213 787 5299; x_wconf 75' lang='lat' dir='ltr'><strong>obsistit.</strong></span> <span class='ocrx_word' id='word_1_641' title='bbox 821 5213 1429 5299; x_wconf 39' lang='lat' dir='ltr'><strong>_lp..~:e-t_j_noq_ue_eodent</strong></span> <span class='ocrx_word' id='word_1_642' title='bbox 1465 5214 1605 5299; x_wconf 81' lang='lat' dir='ltr'><strong>libro</strong></span> <span class='ocrx_word' id='word_1_643' title='bbox 1634 5231 1752 5299; x_wconf 67' lang='lat' dir='ltr'><strong>cap.</strong></span> <span class='ocrx_word' id='word_1_644' title='bbox 1794 5214 1867 5269; x_wconf 93' lang='grc'><strong>22</strong></span> <span class='ocrx_word' id='word_1_645' title='bbox 1896 5213 2133 5299; x_wconf 53' lang='grc' dir='ltr'><strong>ὀξεῇιθιιο</strong></span> <span class='ocrx_word' id='word_1_646' title='bbox 2166 5240 2212 5299; x_wconf 75' lang='grc' dir='ltr'>υ</span> 
     </span>
    </p>
   </div>
   <div class='ocr_carea' id='block_1_91' title="bbox 560 5284 2127 5356">
    <p class='ocr_par' dir='ltr' id='par_1_91' title="bbox 560 5284 2127 5356">
     <span class='ocr_line' id='line_1_91' title="bbox 560 5284 2127 5356; baseline 0.003 -19"><span class='ocrx_word' id='word_1_647' title='bbox 560 5284 766 5339; x_wconf 89' lang='lat' dir='ltr'><strong>tissime</strong></span> <span class='ocrx_word' id='word_1_648' title='bbox 801 5286 937 5341; x_wconf 89' lang='lat' dir='ltr'><strong>dixit</strong></span> <span class='ocrx_word' id='word_1_649' title='bbox 974 5285 1343 5353; x_wconf 83' lang='lat' dir='ltr'><strong>llildebertum</strong></span> <span class='ocrx_word' id='word_1_650' title='bbox 1379 5297 1625 5342; x_wconf 89' lang='lat' dir='ltr'><strong>creatum</strong></span> <span class='ocrx_word' id='word_1_651' title='bbox 1664 5284 1831 5341; x_wconf 87' lang='lat' dir='ltr'><strong>fuisse</strong></span> <span class='ocrx_word' id='word_1_652' title='bbox 1858 5287 2127 5356; x_wconf 85' lang='lat' dir='ltr'><strong>archiepi—</strong></span> 
     </span>
    </p>
   </div>
   <div class='ocr_carea' id='block_1_92' title="bbox 555 5356 2128 5425">
    <p class='ocr_par' dir='ltr' id='par_1_92' title="bbox 555 5356 2128 5425">
     <span class='ocr_line' id='line_1_92' title="bbox 555 5356 2128 5425; baseline 0.003 -18"><span class='ocrx_word' id='word_1_653' title='bbox 555 5370 777 5424; x_wconf 89' lang='lat' dir='ltr'><strong>scopum</strong></span> <span class='ocrx_word' id='word_1_654' title='bbox 825 5356 1197 5411; x_wconf 87' lang='lat' dir='ltr'><strong>Turonensem</strong></span> <span class='ocrx_word' id='word_1_655' title='bbox 1246 5370 1395 5411; x_wconf 91' lang='lat' dir='ltr'><strong>anno</strong></span> <span class='ocrx_word' id='word_1_656' title='bbox 1438 5357 1598 5411; x_wconf 87' lang='grc'>1106.</span> <span class='ocrx_word' id='word_1_657' title='bbox 1640 5357 1699 5413; x_wconf 86' lang='lat' dir='ltr'><strong>Si</strong></span> <span class='ocrx_word' id='word_1_658' title='bbox 1746 5358 1889 5412; x_wconf 88' lang='lat' dir='ltr'><strong>hunc</strong></span> <span class='ocrx_word' id='word_1_659' title='bbox 1920 5356 2128 5425; x_wconf 74' lang='lat' dir='ltr'><strong>lapsum</strong></span> 
     </span>
    </p>
   </div>
   <div class='ocr_carea' id='block_1_93' title="bbox 549 5425 2130 5497">
    <p class='ocr_par' dir='ltr' id='par_1_93' title="bbox 549 5425 2130 5497">
     <span class='ocr_line' id='line_1_93' title="bbox 549 5425 2130 5497; baseline 0.003 -21"><span class='ocrx_word' id='word_1_660' title='bbox 549 5425 758 5497; x_wconf 83' lang='lat' dir='ltr'><strong>tribuas</strong></span> <span class='ocrx_word' id='word_1_661' title='bbox 794 5426 993 5497; x_wconf 85' lang='lat' dir='ltr'><strong>labenti</strong></span> <span class='ocrx_word' id='word_1_662' title='bbox 1038 5427 1403 5497; x_wconf 79' lang='lat' dir='ltr'><strong>typographo,</strong></span> <span class='ocrx_word' id='word_1_663' title='bbox 1445 5429 1641 5482; x_wconf 82' lang='lat' dir='ltr'><strong>tribuo.</strong></span> <span class='ocrx_word' id='word_1_664' title='bbox 1685 5426 1818 5497; x_wconf 79' lang='lat' dir='ltr'><strong>Rem</strong></span> <span class='ocrx_word' id='word_1_665' title='bbox 1846 5426 2130 5497; x_wconf 87' lang='lat' dir='ltr'><strong>sollicitius</strong></span> 
     </span>
    </p>
   </div>
   <div class='ocr_carea' id='block_1_94' title="bbox 547 5496 2128 5565">
    <p class='ocr_par' dir='ltr' id='par_1_94' title="bbox 547 5496 2128 5565">
     <span class='ocr_line' id='line_1_94' title="bbox 547 5496 2128 5565; baseline 0.001 -18"><span class='ocrx_word' id='word_1_666' title='bbox 547 5496 850 5551; x_wconf 85' lang='lat' dir='ltr'><strong>videamus.</strong></span> <span class='ocrx_word' id='word_1_667' title='bbox 894 5496 1104 5552; x_wconf 87' lang='lat' dir='ltr'><strong>Scheda</strong></span> <span class='ocrx_word' id='word_1_668' title='bbox 1146 5498 1513 5565; x_wconf 87' lang='lat' dir='ltr'><strong>manuscripta</strong></span> <span class='ocrx_word' id='word_1_669' title='bbox 1552 5499 1717 5553; x_wconf 88' lang='lat' dir='ltr'><strong>habet</strong></span> <span class='ocrx_word' id='word_1_670' title='bbox 1753 5496 2128 5565; x_wconf 86' lang='lat' dir='ltr'><strong>Hildebertum</strong></span> 
     </span>
    </p>
   </div>
   <div class='ocr_carea' id='block_1_95' title="bbox 548 5564 2131 5639">
    <p class='ocr_par' dir='ltr' id='par_1_95' title="bbox 548 5564 2131 5639">
     <span class='ocr_line' id='line_1_95' title="bbox 548 5564 2131 5639; baseline 0.001 -22"><span class='ocrx_word' id='word_1_671' title='bbox 548 5578 691 5621; x_wconf 90' lang='lat' dir='ltr'><strong>anno</strong></span> <span class='ocrx_word' id='word_1_672' title='bbox 749 5567 887 5639; x_wconf 72' lang='grc'>1129</span> <span class='ocrx_word' id='word_1_673' title='bbox 956 5566 1286 5639; x_wconf 86' lang='lat' dir='ltr'><strong>Turonensis</strong></span> <span class='ocrx_word' id='word_1_674' title='bbox 1352 5564 1845 5639; x_wconf 67' lang='lat' dir='ltr'><strong>archiepiscopatus</strong></span> <span class='ocrx_word' id='word_1_675' title='bbox 1902 5564 2131 5639; x_wconf 84' lang='lat' dir='ltr'><strong>infulam</strong></span> 
     </span>
    </p>
   </div>
   <div class='ocr_carea' id='block_1_96' title="bbox 548 5637 2125 5708">
    <p class='ocr_par' dir='ltr' id='par_1_96' title="bbox 548 5637 2125 5708">
     <span class='ocr_line' id='line_1_96' title="bbox 548 5637 2125 5708; baseline -0.001 -18"><span class='ocrx_word' id='word_1_676' title='bbox 548 5646 817 5703; x_wconf 73' lang='lat' dir='ltr'><strong>gestasse;</strong></span> <span class='ocrx_word' id='word_1_677' title='bbox 846 5637 1065 5695; x_wconf 69' lang='lat' dir='ltr'><strong>Tabula:</strong></span> <span class='ocrx_word' id='word_1_678' title='bbox 1097 5637 1703 5708; x_wconf 34' lang='lat' dir='ltr'><strong>Cenomanenses‘apud</strong></span> <span class='ocrx_word' id='word_1_679' title='bbox 1736 5637 2125 5693; x_wconf 81' lang='lat' dir='ltr'><strong>Detnocharem</strong></span> 
     </span>
    </p>
   </div>
   <div class='ocr_carea' id='block_1_97' title="bbox 549 5708 2130 5780">
    <p class='ocr_par' dir='ltr' id='par_1_97' title="bbox 549 5708 2130 5780">
     <span class='ocr_line' id='line_1_97' title="bbox 549 5708 2130 5780; baseline 0.001 -21"><span class='ocrx_word' id='word_1_680' title='bbox 549 5716 601 5760; x_wconf 84' lang='lat' dir='ltr'><strong>et</strong></span> <span class='ocrx_word' id='word_1_681' title='bbox 647 5708 805 5765; x_wconf 73' lang='lat' dir='ltr'><strong>\Vio‘n</strong></span> <span class='ocrx_word' id='word_1_682' title='bbox 840 5710 1050 5780; x_wconf 66' lang='lat' dir='ltr'><strong>signant</strong></span> <span class='ocrx_word' id='word_1_683' title='bbox 1101 5709 1305 5765; x_wconf 14' lang='lat' dir='ltr'><strong>seriisse</strong></span> <span class='ocrx_word' id='word_1_684' title='bbox 1348 5708 1643 5764; x_wconf 85' lang='lat' dir='ltr'><strong>Cenomani</strong></span> <span class='ocrx_word' id='word_1_685' title='bbox 1692 5712 1848 5764; x_wconf 89' lang='lat' dir='ltr'><strong>annis</strong></span> <span class='ocrx_word' id='word_1_686' title='bbox 1899 5723 2028 5765; x_wconf 70' lang='grc' dir='ltr'><strong>χιιι</strong></span> <span class='ocrx_word' id='word_1_687' title='bbox 2076 5714 2130 5763; x_wconf 89' lang='lat' dir='ltr'><strong>et</strong></span> 
     </span>
    </p>
   </div>
   <div class='ocr_carea' id='block_1_98' title="bbox 2252 3950 2729 4006">
    <p class='ocr_par' dir='ltr' id='par_1_98' title="bbox 2252 3950 2729 4006">
     <span class='ocr_line' id='line_1_98' title="bbox 2252 3950 2729 4006; baseline -0.002 0"><span class='ocrx_word' id='word_1_688' title='bbox 2252 3960 2305 4006; x_wconf 89' lang='lat' dir='ltr'><strong>et</strong></span> <span class='ocrx_word' id='word_1_689' title='bbox 2328 3950 2605 4005; x_wconf 86' lang='lat' dir='ltr'><strong>mensibus</strong></span> <span class='ocrx_word' id='word_1_690' title='bbox 2628 3951 2680 4005; x_wconf 83' lang='lat'><strong>6.</strong></span> <span class='ocrx_word' id='word_1_691' title='bbox 2722 3988 2729 3997; x_wconf 68' lang='grc' dir='ltr'><em>ρ</em></span> 
     </span>
    </p>
   </div>
   <div class='ocr_carea' id='block_1_99' title="bbox 2319 4015 3843 4089">
    <p class='ocr_par' dir='ltr' id='par_1_99' title="bbox 2319 4015 3843 4089">
     <span class='ocr_line' id='line_1_99' title="bbox 2319 4015 3843 4089; baseline -0.003 -17"><span class='ocrx_word' id='word_1_692' title='bbox 2319 4019 2566 4074; x_wconf 86' lang='lat' dir='ltr'><strong>Priorem</strong></span> <span class='ocrx_word' id='word_1_693' title='bbox 2613 4020 2831 4089; x_wconf 87' lang='lat' dir='ltr'><strong>quidem</strong></span> <span class='ocrx_word' id='word_1_694' title='bbox 2880 4019 3244 4087; x_wconf 72' lang='lat' dir='ltr'><strong>chronologim</strong></span> <span class='ocrx_word' id='word_1_695' title='bbox 3292 4025 3502 4088; x_wconf 90' lang='lat' dir='ltr'><strong>partem</strong></span> <span class='ocrx_word' id='word_1_696' title='bbox 3558 4015 3843 4089; x_wconf 70' lang='lat' dir='ltr'><strong>infirmant</strong></span> 
     </span>
    </p>
   </div>
   <div class='ocr_carea' id='block_1_100' title="bbox 2247 4086 3843 4160">
    <p class='ocr_par' dir='ltr' id='par_1_100' title="bbox 2247 4086 3843 4160">
     <span class='ocr_line' id='line_1_100' title="bbox 2247 4086 3843 4160; baseline -0.004 -15"><span class='ocrx_word' id='word_1_697' title='bbox 2247 4090 2472 4160; x_wconf 89' lang='lat' dir='ltr'><strong>epistola</strong></span> <span class='ocrx_word' id='word_1_698' title='bbox 2502 4086 2722 4145; x_wconf 83' lang='lat' dir='ltr'><strong>Honorii</strong></span> <span class='ocrx_word' id='word_1_699' title='bbox 2759 4106 2910 4160; x_wconf 82' lang='lat' dir='ltr'><strong>papae</strong></span> <span class='ocrx_word' id='word_1_700' title='bbox 2934 4086 3166 4160; x_wconf 69' lang='lat' dir='ltr'><strong>secundi</strong></span> <span class='ocrx_word' id='word_1_701' title='bbox 3188 4086 3306 4159; x_wconf 84' lang='lat' dir='ltr'><strong>(qui</strong></span> <span class='ocrx_word' id='word_1_702' title='bbox 3332 4097 3549 4142; x_wconf 88' lang='lat' dir='ltr'><strong>creatus</strong></span> <span class='ocrx_word' id='word_1_703' title='bbox 3567 4086 3666 4160; x_wconf 80' lang='lat' dir='ltr'><strong>fuit</strong></span> <span class='ocrx_word' id='word_1_704' title='bbox 3692 4102 3843 4160; x_wconf 84' lang='lat' dir='ltr'><strong>anno</strong></span> 
     </span>
    </p>
   </div>
   <div class='ocr_carea' id='block_1_101' title="bbox 2248 4156 3845 4232">
    <p class='ocr_par' dir='ltr' id='par_1_101' title="bbox 2248 4156 3845 4232">
     <span class='ocr_line' id='line_1_101' title="bbox 2248 4156 3845 4232; baseline -0.004 -16"><span class='ocrx_word' id='word_1_705' title='bbox 2248 4156 2411 4232; x_wconf 79' lang='grc'>1124)</span> <span class='ocrx_word' id='word_1_706' title='bbox 2433 4156 2898 4232; x_wconf 65' lang='lat' dir='ltr'><strong>adllildebertum</strong></span> <span class='ocrx_word' id='word_1_707' title='bbox 2924 4159 3036 4228; x_wconf 87' lang='lat' dir='ltr'><strong>jam</strong></span> <span class='ocrx_word' id='word_1_708' title='bbox 3068 4156 3438 4232; x_wconf 82' lang='lat' dir='ltr'><strong>Turonensem</strong></span> <span class='ocrx_word' id='word_1_709' title='bbox 3469 4156 3845 4232; x_wconf 74' lang='lat' dir='ltr'><strong>archiepisco-</strong></span> 
     </span>
    </p>
   </div>
   <div class='ocr_carea' id='block_1_102' title="bbox 2246 4228 3843 4303">
    <p class='ocr_par' dir='ltr' id='par_1_102' title="bbox 2246 4228 3843 4303">
     <span class='ocr_line' id='line_1_102' title="bbox 2246 4228 3843 4303; baseline -0.005 -17"><span class='ocrx_word' id='word_1_710' title='bbox 2246 4228 2402 4303; x_wconf 71' lang='lat' dir='ltr'><strong>pum,</strong></span> <span class='ocrx_word' id='word_1_711' title='bbox 2428 4241 2485 4287; x_wconf 89' lang='lat' dir='ltr'><strong>et</strong></span> <span class='ocrx_word' id='word_1_712' title='bbox 2510 4230 2806 4287; x_wconf 83' lang='lat' dir='ltr'><strong>Hildeberti</strong></span> <span class='ocrx_word' id='word_1_713' title='bbox 2838 4244 3183 4303; x_wconf 70' lang='lat' dir='ltr'><strong>responsum</strong></span> <span class='ocrx_word' id='word_1_714' title='bbox 3195 4228 3666 4303; x_wconf 34' lang='grc' dir='ltr'><strong>Αιιρῃῌοιιοιίιιιιξ2</strong></span> <span class='ocrx_word' id='word_1_715' title='bbox 3714 4242 3843 4303; x_wconf 59' lang='lat' dir='ltr'><strong>quae</strong></span> 
     </span>
    </p>
   </div>
   <div class='ocr_carea' id='block_1_103' title="bbox 2247 4296 3845 4371">
    <p class='ocr_par' dir='ltr' id='par_1_103' title="bbox 2247 4296 3845 4371">
     <span class='ocr_line' id='line_1_103' title="bbox 2247 4296 3845 4371; baseline -0.004 -16"><span class='ocrx_word' id='word_1_716' title='bbox 2247 4296 2465 4371; x_wconf 72' lang='lat' dir='ltr'><strong>quidem</strong></span> <span class='ocrx_word' id='word_1_717' title='bbox 2495 4303 2738 4371; x_wconf 86' lang='lat' dir='ltr'><strong>reperies</strong></span> <span class='ocrx_word' id='word_1_718' title='bbox 2766 4296 3034 4371; x_wconf 54' lang='lat' dir='ltr'><strong>epist.&#39;67</strong></span> <span class='ocrx_word' id='word_1_719' title='bbox 3063 4297 3580 4371; x_wconf 9' lang='lat' dir='ltr'><strong>et7768_Hildeb‘erti.</strong></span> <span class='ocrx_word' id='word_1_720' title='bbox 3625 4296 3713 4371; x_wconf 58' lang='grc' dir='ltr'><strong>ΕχΔ</strong></span> <span class='ocrx_word' id='word_1_721' title='bbox 3734 4297 3845 4350; x_wconf 85' lang='lat' dir='ltr'><strong>ad-</strong></span> 
     </span>
    </p>
   </div>
   <div class='ocr_carea' id='block_1_104' title="bbox 2246 4367 3842 4441">
    <p class='ocr_par' dir='ltr' id='par_1_104' title="bbox 2246 4367 3842 4441">
     <span class='ocr_line' id='line_1_104' title="bbox 2246 4367 3842 4441; baseline -0.004 -16"><span class='ocrx_word' id='word_1_722' title='bbox 2246 4367 2407 4425; x_wconf 73' lang='lat' dir='ltr'><strong>verso</strong></span> <span class='ocrx_word' id='word_1_723' title='bbox 2442 4367 2681 4426; x_wconf 81' lang='lat' dir='ltr'><strong>occurrit</strong></span> <span class='ocrx_word' id='word_1_724' title='bbox 2710 4367 2943 4441; x_wconf 79' lang='lat' dir='ltr'><strong>epistola</strong></span> <span class='ocrx_word' id='word_1_725' title='bbox 2979 4370 3078 4424; x_wconf 66' lang='grc'>124</span> <span class='ocrx_word' id='word_1_726' title='bbox 3111 4370 3176 4422; x_wconf 87' lang='grc' dir='ltr'><strong>Ι).</strong></span> <span class='ocrx_word' id='word_1_727' title='bbox 3212 4368 3507 4433; x_wconf 87' lang='lat' dir='ltr'><strong>Bernardi,</strong></span> <span class='ocrx_word' id='word_1_728' title='bbox 3542 4382 3675 4441; x_wconf 64' lang='lat' dir='ltr'><strong>eunt</strong></span> <span class='ocrx_word' id='word_1_729' title='bbox 3701 4367 3842 4441; x_wconf 59' lang='lat' dir='ltr'><strong>hor-</strong></span> 
     </span>
    </p>
   </div>
   <div class='ocr_carea' id='block_1_105' title="bbox 2247 4437 3843 4509">
    <p class='ocr_par' dir='ltr' id='par_1_105' title="bbox 2247 4437 3843 4509">
     <span class='ocr_line' id='line_1_105' title="bbox 2247 4437 3843 4509; baseline -0.002 -15"><span class='ocrx_word' id='word_1_730' title='bbox 2247 4441 2412 4495; x_wconf 90' lang='lat' dir='ltr'><strong>tantis</strong></span> <span class='ocrx_word' id='word_1_731' title='bbox 2457 4441 2523 4494; x_wconf 93' lang='lat' dir='ltr'><strong>ad</strong></span> <span class='ocrx_word' id='word_1_732' title='bbox 2558 4437 2856 4496; x_wconf 78' lang='lat' dir='ltr'><strong>Innocentii</strong></span> <span class='ocrx_word' id='word_1_733' title='bbox 2895 4441 2939 4495; x_wconf 90' lang='lat' dir='ltr'><strong>ll</strong></span> <span class='ocrx_word' id='word_1_734' title='bbox 2970 4440 3263 4496; x_wconf 85' lang='lat' dir='ltr'><strong>renuntiati</strong></span> <span class='ocrx_word' id='word_1_735' title='bbox 3303 4454 3456 4509; x_wconf 62' lang='lat' dir='ltr'><strong>papae</strong></span> <span class='ocrx_word' id='word_1_736' title='bbox 3483 4454 3626 4493; x_wconf 85' lang='lat' dir='ltr'><strong>anno</strong></span> <span class='ocrx_word' id='word_1_737' title='bbox 3654 4437 3843 4501; x_wconf 85' lang='grc'>1150,</span> 
     </span>
    </p>
   </div>
   <div class='ocr_carea' id='block_1_106' title="bbox 2247 4510 2733 4581">
    <p class='ocr_par' dir='ltr' id='par_1_106' title="bbox 2247 4510 2733 4581">
     <span class='ocr_line' id='line_1_106' title="bbox 2247 4510 2733 4581; baseline 0.002 -16"><span class='ocrx_word' id='word_1_738' title='bbox 2247 4510 2504 4566; x_wconf 90' lang='lat' dir='ltr'><strong>tutandas</strong></span> <span class='ocrx_word' id='word_1_739' title='bbox 2532 4522 2733 4581; x_wconf 87' lang='lat' dir='ltr'><strong>partes.</strong></span> 
     </span>
    </p>
   </div>
   <div class='ocr_carea' id='block_1_107' title="bbox 2319 4577 3851 4648">
    <p class='ocr_par' dir='ltr' id='par_1_107' title="bbox 2319 4577 3851 4648">
     <span class='ocr_line' id='line_1_107' title="bbox 2319 4577 3851 4648; baseline -0.001 -13"><span class='ocrx_word' id='word_1_740' title='bbox 2319 4581 2375 4635; x_wconf 91' lang='lat' dir='ltr'><strong>Si</strong></span> <span class='ocrx_word' id='word_1_741' title='bbox 2403 4577 2617 4636; x_wconf 79' lang='lat' dir='ltr'><strong>tandem</strong></span> <span class='ocrx_word' id='word_1_742' title='bbox 2650 4583 2893 4637; x_wconf 85' lang='lat' dir='ltr'><strong>dicamus</strong></span> <span class='ocrx_word' id='word_1_743' title='bbox 2932 4580 3302 4648; x_wconf 84' lang='lat' dir='ltr'><strong>Hildebertum</strong></span> <span class='ocrx_word' id='word_1_744' title='bbox 3344 4577 3627 4648; x_wconf 65' lang='lat' dir='ltr'><strong>praefuisse</strong></span> <span class='ocrx_word' id='word_1_745' title='bbox 3658 4577 3851 4633; x_wconf 78' lang='lat' dir='ltr'><strong>Ceno—</strong></span> 
     </span>
    </p>
   </div>
   <div class='ocr_carea' id='block_1_108' title="bbox 2245 4646 3847 4722">
    <p class='ocr_par' dir='ltr' id='par_1_108' title="bbox 2245 4646 3847 4722">
     <span class='ocr_line' id='line_1_108' title="bbox 2245 4646 3847 4722; baseline -0.002 -18"><span class='ocrx_word' id='word_1_746' title='bbox 2245 4651 2494 4713; x_wconf 83' lang='lat' dir='ltr'><strong>manensi</strong></span> <span class='ocrx_word' id='word_1_747' title='bbox 2535 4651 2792 4707; x_wconf 82' lang='lat' dir='ltr'><strong>Ecclesiae</strong></span> <span class='ocrx_word' id='word_1_748' title='bbox 2818 4653 2977 4707; x_wconf 89' lang='lat' dir='ltr'><strong>annis</strong></span> <span class='ocrx_word' id='word_1_749' title='bbox 3008 4646 3197 4722; x_wconf 81' lang='lat' dir='ltr'><strong>viginti</strong></span> <span class='ocrx_word' id='word_1_750' title='bbox 3237 4646 3463 4722; x_wconf 78' lang='lat' dir='ltr'><strong>novem,</strong></span> <span class='ocrx_word' id='word_1_751' title='bbox 3497 4649 3601 4722; x_wconf 80' lang='lat' dir='ltr'><strong>fuit</strong></span> <span class='ocrx_word' id='word_1_752' title='bbox 3631 4656 3847 4722; x_wconf 72' lang='lat' dir='ltr'><strong>unctus</strong></span> 
     </span>
    </p>
   </div>
   <div class='ocr_carea' id='block_1_109' title="bbox 2244 4718 3849 4790">
    <p class='ocr_par' dir='ltr' id='par_1_109' title="bbox 2244 4718 3849 4790">
     <span class='ocr_line' id='line_1_109' title="bbox 2244 4718 3849 4790; baseline -0.004 -13"><span class='ocrx_word' id='word_1_753' title='bbox 2244 4722 2441 4777; x_wconf 84' lang='lat' dir='ltr'><strong>saltem</strong></span> <span class='ocrx_word' id='word_1_754' title='bbox 2475 4737 2618 4777; x_wconf 89' lang='lat' dir='ltr'><strong>anno</strong></span> <span class='ocrx_word' id='word_1_755' title='bbox 2646 4722 2805 4786; x_wconf 84' lang='grc'>1099,</span> <span class='ocrx_word' id='word_1_756' title='bbox 2853 4737 2883 4774; x_wconf 92' lang='lat' dir='ltr'><strong>a</strong></span> <span class='ocrx_word' id='word_1_757' title='bbox 2931 4738 3038 4790; x_wconf 87' lang='lat' dir='ltr'><strong>quo</strong></span> <span class='ocrx_word' id='word_1_758' title='bbox 3067 4718 3142 4776; x_wconf 75' lang='lat' dir='ltr'><strong>ad</strong></span> <span class='ocrx_word' id='word_1_759' title='bbox 3178 4720 3316 4774; x_wconf 88' lang='grc'>1100</span> <span class='ocrx_word' id='word_1_760' title='bbox 3356 4720 3629 4775; x_wconf 89' lang='lat' dir='ltr'><strong>curaverit</strong></span> <span class='ocrx_word' id='word_1_761' title='bbox 3666 4718 3849 4790; x_wconf 75' lang='lat' dir='ltr'><strong>aedili-</strong></span> 
     </span>
    </p>
   </div>
   <div class='ocr_carea' id='block_1_110' title="bbox 2243 4789 3845 4863">
    <p class='ocr_par' dir='ltr' id='par_1_110' title="bbox 2243 4789 3845 4863">
     <span class='ocr_line' id='line_1_110' title="bbox 2243 4789 3845 4863; baseline -0.001 -18"><span class='ocrx_word' id='word_1_762' title='bbox 2243 4793 2388 4846; x_wconf 88' lang='lat' dir='ltr'><strong>cium</strong></span> <span class='ocrx_word' id='word_1_763' title='bbox 2418 4792 2719 4863; x_wconf 81' lang='lat' dir='ltr'><strong>capitulare</strong></span> <span class='ocrx_word' id='word_1_764' title='bbox 2741 4789 3153 4863; x_wconf 77' lang='lat' dir='ltr'><strong>(ut&#39;legiinusin</strong></span> <span class='ocrx_word' id='word_1_765' title='bbox 3183 4789 3845 4863; x_wconf 31' lang='lat' dir='ltr'><strong>principio‘narrationis)</strong></span> 
     </span>
    </p>
   </div>
   <div class='ocr_carea' id='block_1_111' title="bbox 2242 4859 3848 4932">
    <p class='ocr_par' dir='ltr' id='par_1_111' title="bbox 2242 4859 3848 4932">
     <span class='ocr_line' id='line_1_111' title="bbox 2242 4859 3848 4932; baseline -0.002 -17"><span class='ocrx_word' id='word_1_766' title='bbox 2242 4859 2503 4932; x_wconf 78' lang='lat' dir='ltr'><strong>annoque</strong></span> <span class='ocrx_word' id='word_1_767' title='bbox 2524 4862 2663 4916; x_wconf 89' lang='grc'>1125</span> <span class='ocrx_word' id='word_1_768' title='bbox 2693 4859 2988 4916; x_wconf 75' lang='lat' dir='ltr'><strong>translatus</strong></span> <span class='ocrx_word' id='word_1_769' title='bbox 3025 4862 3094 4932; x_wconf 86' lang='lat' dir='ltr'><strong>ad</strong></span> <span class='ocrx_word' id='word_1_770' title='bbox 3125 4859 3400 4926; x_wconf 32' lang='lat' dir='ltr'><strong>Turones’,</strong></span> <span class='ocrx_word' id='word_1_771' title='bbox 3438 4859 3551 4914; x_wconf 88' lang='lat' dir='ltr'><strong>fato</strong></span> <span class='ocrx_word' id='word_1_772' title='bbox 3587 4870 3848 4932; x_wconf 78' lang='lat' dir='ltr'><strong>cesserat</strong></span> 
     </span>
    </p>
   </div>
   <div class='ocr_carea' id='block_1_112' title="bbox 2242 4929 3849 4999">
    <p class='ocr_par' dir='ltr' id='par_1_112' title="bbox 2242 4929 3849 4999">
     <span class='ocr_line' id='line_1_112' title="bbox 2242 4929 3849 4999; baseline -0.002 -13"><span class='ocrx_word' id='word_1_773' title='bbox 2242 4929 2937 4999; x_wconf 61' lang='lat' dir='ltr'><strong>l156,&#39;computandosque</strong></span> <span class='ocrx_word' id='word_1_774' title='bbox 2968 4931 3260 4986; x_wconf 86' lang='lat' dir='ltr'><strong>additionis</strong></span> <span class='ocrx_word' id='word_1_775' title='bbox 3286 4946 3501 4986; x_wconf 86' lang='lat' dir='ltr'><strong>menses</strong></span> <span class='ocrx_word' id='word_1_776' title='bbox 3528 4929 3657 4983; x_wconf 88' lang='lat' dir='ltr'><strong>anni</strong></span> <span class='ocrx_word' id='word_1_777' title='bbox 3696 4929 3849 4983; x_wconf 82' lang='lat' dir='ltr'><strong>inte-</strong></span> 
     </span>
    </p>
   </div>
   <div class='ocr_carea' id='block_1_113' title="bbox 2242 4999 3849 5074">
    <p class='ocr_par' dir='ltr' id='par_1_113' title="bbox 2242 4999 3849 5074">
     <span class='ocr_line' id='line_1_113' title="bbox 2242 4999 3849 5074; baseline -0.003 -18"><span class='ocrx_word' id='word_1_778' title='bbox 2242 5004 2324 5074; x_wconf 81' lang='lat' dir='ltr'><strong>gri</strong></span> <span class='ocrx_word' id='word_1_779' title='bbox 2366 5000 2680 5074; x_wconf 16' lang='lat' dir='ltr'><strong>vice.Cui4</strong></span> <span class='ocrx_word' id='word_1_780' title='bbox 2709 5000 2998 5055; x_wconf 87' lang='lat' dir='ltr'><strong>allubuerit</strong></span> <span class='ocrx_word' id='word_1_781' title='bbox 3035 5009 3251 5074; x_wconf 74' lang='lat' dir='ltr'><strong>tantum</strong></span> <span class='ocrx_word' id='word_1_782' title='bbox 3308 5002 3484 5074; x_wconf 73' lang='lat' dir='ltr'><strong>egisse</strong></span> <span class='ocrx_word' id='word_1_783' title='bbox 3534 4999 3849 5074; x_wconf 73' lang='lat' dir='ltr'><strong>Cenomani</strong></span> 
     </span>
    </p>
   </div>
   <div class='ocr_carea' id='block_1_114' title="bbox 2242 5070 3846 5143">
    <p class='ocr_par' dir='ltr' id='par_1_114' title="bbox 2242 5070 3846 5143">
     <span class='ocr_line' id='line_1_114' title="bbox 2242 5070 3846 5143; baseline -0.004 -15"><span class='ocrx_word' id='word_1_784' title='bbox 2242 5070 2380 5129; x_wconf 78' lang='lat' dir='ltr'><strong>duos</strong></span> <span class='ocrx_word' id='word_1_785' title='bbox 2412 5082 2465 5126; x_wconf 89' lang='lat' dir='ltr'><strong>et</strong></span> <span class='ocrx_word' id='word_1_786' title='bbox 2486 5072 2685 5143; x_wconf 78' lang='lat' dir='ltr'><strong>viginti</strong></span> <span class='ocrx_word' id='word_1_787' title='bbox 2709 5087 2903 5143; x_wconf 86' lang='lat' dir='ltr'><strong>annos,</strong></span> <span class='ocrx_word' id='word_1_788' title='bbox 2930 5071 3141 5143; x_wconf 74' lang='lat' dir='ltr'><strong>cogitur</strong></span> <span class='ocrx_word' id='word_1_789' title='bbox 3164 5071 3491 5143; x_wconf 71' lang='lat' dir='ltr'><strong>eutnfacere</strong></span> <span class='ocrx_word' id='word_1_790' title='bbox 3516 5070 3846 5140; x_wconf 83' lang='lat' dir='ltr'><strong>pontificem</strong></span> 
     </span>
    </p>
   </div>
   <div class='ocr_carea' id='block_1_115' title="bbox 2243 5140 3849 5210">
    <p class='ocr_par' dir='ltr' id='par_1_115' title="bbox 2243 5140 3849 5210">
     <span class='ocr_line' id='line_1_115' title="bbox 2243 5140 3849 5210; baseline -0.006 -13"><span class='ocrx_word' id='word_1_791' title='bbox 2243 5159 2387 5197; x_wconf 87' lang='lat' dir='ltr'><strong>anno</strong></span> <span class='ocrx_word' id='word_1_792' title='bbox 2441 5140 2613 5206; x_wconf 82' lang='grc'>1100,</span> <span class='ocrx_word' id='word_1_793' title='bbox 2650 5151 2707 5195; x_wconf 89' lang='lat' dir='ltr'><strong>et</strong></span> <span class='ocrx_word' id='word_1_794' title='bbox 2752 5140 3216 5210; x_wconf 83' lang='lat' dir='ltr'><strong>archiepiscopum</strong></span> <span class='ocrx_word' id='word_1_795' title='bbox 3256 5140 3426 5205; x_wconf 89' lang='grc'>1125,</span> <span class='ocrx_word' id='word_1_796' title='bbox 3461 5157 3524 5203; x_wconf 84' lang='lat' dir='ltr'><strong>ac</strong></span> <span class='ocrx_word' id='word_1_797' title='bbox 3554 5150 3849 5208; x_wconf 74' lang='lat' dir='ltr'><strong>postremo</strong></span> 
     </span>
    </p>
   </div>
   <div class='ocr_carea' id='block_1_116' title="bbox 2242 5210 3846 5282">
    <p class='ocr_par' dir='ltr' id='par_1_116' title="bbox 2242 5210 3846 5282">
     <span class='ocr_line' id='line_1_116' title="bbox 2242 5210 3846 5282; baseline -0.004 -14"><span class='ocrx_word' id='word_1_798' title='bbox 2242 5214 2556 5268; x_wconf 87' lang='lat' dir='ltr'><strong>defunctum</strong></span> <span class='ocrx_word' id='word_1_799' title='bbox 2583 5212 2740 5278; x_wconf 88' lang='grc'>1150,</span> <span class='ocrx_word' id='word_1_800' title='bbox 2776 5210 2935 5280; x_wconf 90' lang='lat' dir='ltr'><strong>paulo</strong></span> <span class='ocrx_word' id='word_1_801' title='bbox 2964 5221 3098 5282; x_wconf 77' lang='lat' dir='ltr'><strong>past</strong></span> <span class='ocrx_word' id='word_1_802' title='bbox 3117 5210 3485 5266; x_wconf 84' lang='lat' dir='ltr'><strong>Innocentium</strong></span> <span class='ocrx_word' id='word_1_803' title='bbox 3506 5210 3572 5275; x_wconf 84' lang='lat' dir='ltr'><strong>ll,</strong></span> <span class='ocrx_word' id='word_1_804' title='bbox 3594 5210 3846 5264; x_wconf 81' lang='lat' dir='ltr'><strong>electum</strong></span> 
     </span>
    </p>
   </div>
   <div class='ocr_carea' id='block_1_117' title="bbox 2241 5281 3300 5338">
    <p class='ocr_par' dir='ltr' id='par_1_117' title="bbox 2241 5281 3300 5338">
     <span class='ocr_line' id='line_1_117' title="bbox 2241 5281 3300 5338; baseline -0.002 0"><span class='ocrx_word' id='word_1_805' title='bbox 2241 5300 2383 5338; x_wconf 89' lang='lat' dir='ltr'><strong>anno</strong></span> <span class='ocrx_word' id='word_1_806' title='bbox 2412 5282 2553 5337; x_wconf 85' lang='grc'>1150</span> <span class='ocrx_word' id='word_1_807' title='bbox 2577 5286 2643 5337; x_wconf 89' lang='lat' dir='ltr'><strong>ad</strong></span> <span class='ocrx_word' id='word_1_808' title='bbox 2674 5299 2771 5336; x_wconf 81' lang='lat' dir='ltr'><strong>xm</strong></span> <span class='ocrx_word' id='word_1_809' title='bbox 2802 5281 3027 5336; x_wconf 82' lang='lat' dir='ltr'><strong>Kalend.</strong></span> <span class='ocrx_word' id='word_1_810' title='bbox 3059 5281 3300 5336; x_wconf 81' lang='lat' dir='ltr'><strong>Martias.</strong></span> 
     </span>
    </p>
   </div>
   <div class='ocr_carea' id='block_1_118' title="bbox 2314 5348 3844 5422">
    <p class='ocr_par' dir='ltr' id='par_1_118' title="bbox 2314 5348 3844 5422">
     <span class='ocr_line' id='line_1_118' title="bbox 2314 5348 3844 5422; baseline -0.004 -15"><span class='ocrx_word' id='word_1_811' title='bbox 2314 5356 2421 5408; x_wconf 69' lang='lat' dir='ltr'><strong>Sed</strong></span> <span class='ocrx_word' id='word_1_812' title='bbox 2454 5353 2570 5406; x_wconf 58' lang='lat' dir='ltr'><strong>haec</strong></span> <span class='ocrx_word' id='word_1_813' title='bbox 2592 5355 2904 5422; x_wconf 88' lang='lat' dir='ltr'><strong>supputatio</strong></span> <span class='ocrx_word' id='word_1_814' title='bbox 2939 5352 3227 5407; x_wconf 86' lang='lat' dir='ltr'><strong>dissideret</strong></span> <span class='ocrx_word' id='word_1_815' title='bbox 3254 5353 3324 5407; x_wconf 91' lang='lat' dir='ltr'><strong>ab</strong></span> <span class='ocrx_word' id='word_1_816' title='bbox 3359 5350 3507 5406; x_wconf 90' lang='lat' dir='ltr'><strong>obitu</strong></span> <span class='ocrx_word' id='word_1_817' title='bbox 3534 5348 3844 5422; x_wconf 77' lang='lat' dir='ltr'><strong>Hildchet-ti</strong></span> 
     </span>
    </p>
   </div>
   <div class='ocr_carea' id='block_1_119' title="bbox 2238 5420 3848 5493">
    <p class='ocr_par' dir='ltr' id='par_1_119' title="bbox 2238 5420 3848 5493">
     <span class='ocr_line' id='line_1_119' title="bbox 2238 5420 3848 5493; baseline -0.005 -13"><span class='ocrx_word' id='word_1_818' title='bbox 2238 5425 2443 5480; x_wconf 89' lang='lat' dir='ltr'><strong>mortui</strong></span> <span class='ocrx_word' id='word_1_819' title='bbox 2491 5439 2623 5477; x_wconf 81' lang='lat' dir='ltr'><strong>xvm</strong></span> <span class='ocrx_word' id='word_1_820' title='bbox 2659 5420 2921 5479; x_wconf 81' lang='lat' dir='ltr'><strong>Decemb.</strong></span> <span class='ocrx_word' id='word_1_821' title='bbox 2978 5433 3337 5493; x_wconf 65' lang='lat' dir='ltr'><strong>praeterquam</strong></span> <span class='ocrx_word' id='word_1_822' title='bbox 3391 5423 3533 5493; x_wconf 89' lang='lat' dir='ltr'><strong>quod</strong></span> <span class='ocrx_word' id='word_1_823' title='bbox 3587 5420 3848 5493; x_wconf 81' lang='lat' dir='ltr'><strong>coactior</strong></span> 
     </span>
    </p>
   </div>
   <div class='ocr_carea' id='block_1_120' title="bbox 2239 5491 3847 5565">
    <p class='ocr_par' dir='ltr' id='par_1_120' title="bbox 2239 5491 3847 5565">
     <span class='ocr_line' id='line_1_120' title="bbox 2239 5491 3847 5565; baseline -0.007 -14"><span class='ocrx_word' id='word_1_824' title='bbox 2239 5503 2467 5565; x_wconf 83' lang='lat' dir='ltr'><strong>apparot</strong></span> <span class='ocrx_word' id='word_1_825' title='bbox 2490 5492 2923 5565; x_wconf 60' lang='lat' dir='ltr'><strong>violentiorqne;</strong></span> <span class='ocrx_word' id='word_1_826' title='bbox 2962 5491 3101 5547; x_wconf 81' lang='lat' dir='ltr'><strong>unde</strong></span> <span class='ocrx_word' id='word_1_827' title='bbox 3139 5493 3378 5561; x_wconf 90' lang='lat' dir='ltr'><strong>priorem</strong></span> <span class='ocrx_word' id='word_1_828' title='bbox 3402 5491 3677 5565; x_wconf 83' lang='lat' dir='ltr'><strong>lubentius</strong></span> <span class='ocrx_word' id='word_1_829' title='bbox 3712 5504 3847 5541; x_wconf 63' lang='lat' dir='ltr'><strong>aui-</strong></span> 
     </span>
    </p>
   </div>
   <div class='ocr_carea' id='block_1_121' title="bbox 2238 5561 3846 5635">
    <p class='ocr_par' dir='ltr' id='par_1_121' title="bbox 2238 5561 3846 5635">
     <span class='ocr_line' id='line_1_121' title="bbox 2238 5561 3846 5635; baseline -0.004 -17"><span class='ocrx_word' id='word_1_830' title='bbox 2238 5561 2448 5635; x_wconf 75' lang='lat' dir='ltr'><strong>plexor.</strong></span> <span class='ocrx_word' id='word_1_831' title='bbox 2486 5563 2613 5618; x_wconf 65' lang='lat' dir='ltr'><strong>Htec</strong></span> <span class='ocrx_word' id='word_1_832' title='bbox 2654 5564 2960 5620; x_wconf 77' lang='lat' dir='ltr'><strong>excussisse</strong></span> <span class='ocrx_word' id='word_1_833' title='bbox 2997 5575 3053 5618; x_wconf 94' lang='lat' dir='ltr'><strong>et</strong></span> <span class='ocrx_word' id='word_1_834' title='bbox 3082 5564 3370 5635; x_wconf 82' lang='lat' dir='ltr'><strong>adnotasse</strong></span> <span class='ocrx_word' id='word_1_835' title='bbox 3412 5561 3591 5635; x_wconf 76' lang='lat' dir='ltr'><strong>coegit</strong></span> <span class='ocrx_word' id='word_1_836' title='bbox 3638 5569 3846 5635; x_wconf 74' lang='lat' dir='ltr'><strong>aperta</strong></span> 
     </span>
    </p>
   </div>
   <div class='ocr_carea' id='block_1_122' title="bbox 2241 5631 3846 5759">
    <p class='ocr_par' dir='ltr' id='par_1_122' title="bbox 2241 5631 3846 5759">
     <span class='ocr_line' id='line_1_122' title="bbox 2241 5631 3846 5759; baseline -0.001 -71"><span class='ocrx_word' id='word_1_837' title='bbox 2241 5631 2905 5759; x_wconf 42' lang='lat' dir='ltr'><strong>temporagepuguanlia,</strong></span> <span class='ocrx_word' id='word_1_838' title='bbox 2930 5649 3090 5704; x_wconf 87' lang='lat' dir='ltr'><strong>quam</strong></span> <span class='ocrx_word' id='word_1_839' title='bbox 3118 5632 3199 5689; x_wconf 90' lang='lat' dir='ltr'><strong>vel</strong></span> <span class='ocrx_word' id='word_1_840' title='bbox 3221 5632 3347 5689; x_wconf 80' lang='lat' dir='ltr'><strong>caeci</strong></span> <span class='ocrx_word' id='word_1_841' title='bbox 3381 5631 3749 5688; x_wconf 84' lang='lat' dir='ltr'><strong>advertissent</strong></span> <span class='ocrx_word' id='word_1_842' title='bbox 3777 5631 3846 5686; x_wconf 85' lang='lat' dir='ltr'><strong>in</strong></span> 
     </span>
     <span class='ocr_line' id='line_1_123' title="bbox 2241 5720 2629 5759; baseline 0 0"><span class='ocrx_word' id='word_1_843' title='bbox 2241 5720 2502 5759; x_wconf 78' lang='lat' dir='ltr'><strong>SIIDel&#39;IOI‘l</strong></span> <span class='ocrx_word' id='word_1_844' title='bbox 2549 5720 2629 5759; x_wconf 90' lang='lat' dir='ltr'><strong>us.</strong></span> 
     </span>
    </p>
   </div>
   <div class='ocr_carea' id='block_1_123' title="bbox 2238 5720 2629 5774">
    <p class='ocr_par' dir='ltr' id='par_1_123' title="bbox 2238 5720 2629 5774">
     <span class='ocr_line' id='line_1_124' title="bbox 2238 5720 2629 5774; baseline -0.005 -13"><span class='ocrx_word' id='word_1_845' title='bbox 2238 5720 2629 5774; x_wconf 76' lang='lat' dir='ltr'><strong>superioribus.</strong></span> 
     </span>
    </p>
   </div>
  </div>
