4028 6302
236 339 303 400 39
1474 339 1598 397 LIB.
1640 344 1729 409 ιιι,
1761 342 1978 399 EPIST.
2016 313 2167 402 Lvn.
3429 352 3496 416 ao

238 452 478 509 ronanda
499 493 514 519 ,
544 467 741 523 corpus
789 453 1055 517 tabescat;
1099 451 1349 509 fenestra:
1389 454 1570 520 visus,
1602 453 1821 510 auditus
1850 444 1895 501 Α
1921 456 2210 527 jejunium,
2252 458 2520 515 dedicavit
2561 470 2615 515 et
2641 476 2788 515 esum
2814 502 2826 526 ,
2856 460 3057 515 vadens
3088 464 3153 516 ad
3189 464 3495 531 convivium

238 555 667 613 caeterorumque
709 558 962 599 sensuum
1006 543 1361 611 obturentur;
1406 560 1508 600 vox
1559 547 1815 615 spiritua-

240 635 371 688 lium
399 636 719 690 aedificatrix
747 644 1021 689 raucescat
1040 651 1053 699 ;
1073 644 1125 689 et
1148 650 1268 705 qua:
1289 652 1547 691 canorum
1576 653 1639 692 ac
1662 637 1817 692 dulce

248 728 339 782 Dei
372 728 594 784 verbum
624 728 838 790 decoro,
865 729 1048 797 quieto
1076 729 1409 798 remissoque
1435 742 1682 783 sermone
1709 727 1817 781 dis-

244 832 472 887 pensare
503 826 879 880 consueverat,
906 817 959 871 id
988 826 1138 871 tanto
1188 820 1468 879 remissius
1501 822 1553 875 in
1577 818 1814 873 futurum

241 917 587 978 exsequatur,
614 915 674 961 ut
694 923 939 978 quosque
955 908 1342 980 aliquantisper
1364 928 1394 966 a
1418 924 1471 969 te
1493 920 1817 976 remotiores

246 998 520 1053 audientia
550 998 718 1068 ipsius
746 998 895 1051 vocis
924 998 1182 1067 privatos,
1216 998 1389 1053 fructu
1424 1003 1589 1057 etiam
1618 1021 1817 1061 vacuos

247 1090 618 1159 derelinquat,
642 1091 810 1145 nolite
840 1091 1023 1161 igitur,
1056 1097 1192 1146 bone
1214 1091 1374 1148 Pater
1402 1104 1455 1149 et
1488 1108 1695 1165 sancte,
1722 1114 1817 1157 no-

240 1180 331 1235 lite
350 1181 849 1251 tamintempestive
870 1183 1116 1251 corporis
1134 1183 1336 1240 viribus
1351 1186 1419 1218 ³⁰¹
1460 1188 1637 1244 inedia
1652 1193 1816 1248 desti-

242 1273 342 1339 tui,
374 1289 442 1329 ne
468 1285 652 1328 orator
674 1288 794 1329 esse
826 1275 1121 1330 desistatis.
1146 1276 1308 1344 Quia,
1341 1292 1399 1332 ut
1428 1280 1635 1337 Tullius
1662 1284 1735 1338 ait
1762 1287 1815 1339 in

240 1363 333 1417 lih.
366 1378 525 1432 quem
556 1364 629 1419 De
657 1374 934 1420 senectute
958 1368 1277 1438 conscripsit
1307 1388 1318 1422 :
1355 1369 1593 1424 Oratoris
1624 1390 1813 1427 manus

242 1468 345 1506 non
376 1455 569 1525 ingenii
601 1465 676 1508 est
702 1455 870 1509 solum
891 1496 905 1519 ,
936 1458 1026 1511 sed
1072 1458 1295 1512 laterum
1339 1462 1495 1513 etiam
1532 1473 1578 1515 et
1608 1466 1813 1519 virium.

241 1544 358 1609 Quo
382 1544 649 1614 perditum
677 1546 756 1600 ire
785 1545 1005 1601 festinat
1038 1556 1183 1602 tanta
1209 1550 1375 1605 anitni
1398 1552 1479 1606 tui
1506 1553 1813 1621 celebritas,

246 1644 392 1689 tanta
409 1637 666 1690 memoria
690 1640 1086 1706 praeteritorum
1112 1641 1818 1716 futurorumque’diroviden-

245 1727 338 1792 tia,
366 1736 443 1781 tot
470 1740 641 1793 artes,
676 1739 753 1784 tot
794 1732 1055 1798 scientiae,
1086 1744 1164 1788 tot
1194 1736 1430 1803 inventa,
1460 1748 1605 1793 tanta
1634 1757 1813 1795 rerum

1920 549 2255 619 nuptiarum,
2294 550 2384 604 ubi
2418 552 2470 605 in
2514 552 2697 606 vinum
2735 567 2930 622 aquam
2962 553 3262 614 convertit;
3286 546 3291 553 ’
3314 554 3380 608 ad
3413 552 3494 608 Si-

1922 640 2099 694 monis
2143 640 2330 709 epulas
2353 634 2636 708 accedens,
2670 644 2759 697 ubi
2804 660 2831 696 a
2874 643 3039 698 Maria
3068 654 3271 711 septem
3298 645 3501 698 daemo-

1922 730 2079 785 nibus
2111 728 2319 798 ejectis,
2346 730 2715 799 spiritualibus
2737 746 2853 784 eam
2880 730 3098 786 ferculis
3113 731 3287 801 primo
3316 732 3492 801 pavit;

1922 823 2130 878 Zaehzei
2165 823 2448 892 prandium
2482 837 2585 876 non
2612 837 2889 886 recusans,
2922 838 3081 892 quem
3122 823 3187 878 de
3233 833 3500 894 potestate

1921 913 2126 967 militiae
2152 910 2426 966 saecularis
2456 920 2769 975 retractum,
2824 913 2891 965 ad
2942 913 3216 967 caelestem
3248 906 3495 967 militiam

1919 1005 2155 1060 vocavit.
2209 1004 2370 1070 Audi,
2428 1004 2609 1069 Pater,
2668 1003 2791 1057 audi
2850 1002 3112 1070 Paulum,
3156 1003 3497 1058 Timotheum

1920 1102 2139 1165 propter
2166 1089 2402 1148 dolorem
2429 1088 2716 1158 stomachi,
2746 1092 2931 1146 vinum
2956 1084 3140 1145 bibere
3160 1080 3496 1161 suadentem,

1921 1188 2295 1255 dicentemque
2332 1205 2344 1239 :
2380 1185 2503 1239 lam
2550 1185 2654 1239 noli
2697 1201 2888 1255 aquam
2938 1183 3133 1246 bibere,
3176 1176 3497 1239 sed‘modico

1920 1280 2036 1333 vino
2069 1288 2231 1331 utere.
2282 1277 2420 1332 Ecce
2459 1276 2751 1347 Apostolus
2775 1275 3075 1331 secundum
3107 1273 3425 1344 discipulum
3467 1292 3496 1328 a

1919 1370 2196 1440 proposito
2239 1370 2552 1424 dehortatur
2588 1370 2813 1440 jejunio.
2843 1370 2939 1425 Cui
2986 1370 3128 1423 enim
3168 1369 3337 1422 dicit:
3369 1367 3494 1421 lam

1920 1461 2025 1513 noli
2051 1476 2239 1529 aquam
2273 1460 2439 1513 bibere
2459 1501 2472 1525 ,
2502 1470 2684 1527 aperte
2712 1459 2995 1513 denuntiat
3026 1473 3147 1512 eum
3193 1458 3324 1510 nihil
3353 1456 3497 1511 aliud

1919 1565 2079 1619 quam
2125 1566 2320 1618 aquam
2372 1560 2499 1603 ante
2559 1549 2779 1603 bibisse.
2818 1540 3102 1602 lmitemini
3138 1546 3454 1617 Gregorium
3480 1584 3499 1611 ,

1918 1639 2292 1696 issitudinem
2344 1641 2721 1710 delectumque
2766 1639 3033 1694 stomachi
3086 1639 3191 1694 cibi
3238 1648 3500 1708 potusque

1921 1731 2317 1787 confortatione
2354 1731 2704 1796 revelantem,
2757 1730 3015 1784 doctrina:
3044 1738 3099 1784 et
3129 1730 3500 1809 praedic-ataui

244 1821 603 1876 humanarum
633 1824 850 1885 notitia,
877 1825 1287 1896 divinitatisque
1315 1844 1437 1883 cum
1469 1831 1817 1900 simplicium
1852 1802 1894 1860 Β
1927 1824 2157 1878 viriliter
2216 1822 2693 1892 indeﬁcienterque
2726 1822 3082 1875 insistentem.
3115 1804 3297 1874 Facite
3340 1820 3503 1889 igitur

244 1911 557 1978 prudentia.
609 1912 965 1967 Considerate
1030 1916 1429 1974 multitudinem
1501 1921 1822 1978 talentorum

246 2014 366 2069 quze
393 2002 546 2057 vobis
581 2004 730 2059 dives
760 2005 1020 2061 Dominus
1040 2017 1220 2063 vester
1241 2008 1407 2076 dedit,
1441 2012 1570 2081 quid
1600 2016 1825 2070 commi-

248 2092 413 2157 serit,
453 2094 582 2163 quid
629 2096 830 2165 exigat.
868 2098 1129 2153 Deducite
1165 2101 1363 2155 bonum
1410 2103 1463 2158 in
1514 2120 1820 2171 commune,

246 2184 390 2251 quod
413 2184 697 2239 deductum
723 2188 1002 2257 pulchrius
1030 2189 1325 2257 eluceseat,
1348 2203 1512 2262 atque
1539 2210 1662 2249 cum
1689 2197 1825 2250 mul-

250 2274 416 2343 tiplici
447 2275 634 2331 fenore
664 2289 970 2348 reportetur
999 2282 1066 2335 ad
1111 2281 1422 2339 Dominum.
1453 2285 1531 2341 Ne
1562 2286 1825 2343 l'raudetis

246 2367 401 2421 vobis
441 2367 569 2435 ipsis
618 2368 885 2436 invicem;
939 2374 1082 2429 sicut
1116 2380 1455 2433 necessarius
1505 2388 1589 2433 est
1631 2380 1824 2433 animae

248 2459 542 2527 sjiritualis
600 2475 758 2530 potus
801 2474 856 2519 et
883 2467 1063 2532 cibus,
1096 2469 1170 2522 ita
1214 2478 1265 2523 et
1298 2471 1618 2540 corporalis.
1662 2470 1825 2525 Com-

249 2551 517 2603 edendum
562 2553 727 2620 igitur
766 2565 851 2609 est
912 2559 1097 2622 vobis,
1132 2569 1186 2612 et
1210 2560 1497 2614 bibendum
1522 2602 1535 2625 ,
1568 2562 1823 2630 quoniam

253 2645 474 2711 grandis
520 2647 702 2712 vobis,
758 2648 875 2702 Dei.
909 2660 1073 2717 nutu,
1113 2646 1277 2719 hujus
1324 2654 1445 2707 vitae
1488 2664 1658 2709 restat
1712 2656 1824 2720 via,

254 2733 474 2801 grandis
502 2734 691 2788 messis
735 2738 1068 2803 seminanda,
1101 2741 1421 2796 sarculanda
1458 2759 1521 2796 ac
1549 2748 1827 2809 metenda,

254 2822 309 2875 in
341 2823 537 2878 horreo
563 2840 778 2896 quoque
806 2826 1054 2894 Domini,
1110 2847 1219 2901 quo
1256 2830 1344 2885 fur
1392 2849 1495 2887 non
1526 2836 1829 2906 appropiet,

252 2911 593 2974 collocanda;
630 2916 821 2971 videtis
844 2919 1125 2987 operarios
1152 2920 1204 2973 in
1235 2922 1470 2974 maxima
1494 2938 1671 2976 messe
1701 2939 1832 2992 pau-

250 3000 516 3056 cissimos.
551 3002 606 3057 lu
654 3003 943 3060 multorum
983 3007 1194 3063 labores
1225 3008 1499 3075 introisti,
1534 3021 1592 3065 ut
1638 3014 1831 3068 multo-

244 3108 369 3147 rum
392 3093 534 3148 lucra
561 3106 822 3165 reportes.
842 3096 1108 3152 Memento
1130 3115 1260 3154 vero
1286 3116 1379 3155 vos
1413 3102 1582 3157 vicem
1605 3101 1828 3160 Joannis

250 3182 479 3251 apostoli
509 3194 562 3238 et
591 3186 941 3255 evangelista:
969 3189 1118 3243 chari
1152 3190 1378 3246 Domino
1427 3202 1633 3260 tenere,
1662 3210 1821 3264 quem

250 3273 516 3329 Dominus
553 3275 668 3344 ipse
691 3278 1040 3347 supervivere
1067 3279 1252 3345 voluit,
1282 3291 1340 3334 ut
1368 3282 1601 3353 Virginis
1637 3287 1825 3340 matris

247 3364 397 3434 virgo
418 3364 644 3421 dilectus
670 3381 855 3421 curam
892 3382 1125 3438 gereret.
1173 3369 1500 3440 Suscepistis
1528 3389 1693 3443 gercn
1716 3374 1822 3428 lam

248 3470 432 3509 curam
476 3459 668 3513 matris
697 3459 953 3515 Ecclesiae
977 3502 991 3527 ,
1021 3462 1089 3516 de
1121 3478 1225 3532 qua
1275 3464 1512 3532 quotidie
1553 3464 1824 3532 periclita-

250 3546 473 3613 buntur,
496 3548 596 3603 nisi
622 3566 815 3621 magna
844 3566 975 3606 cura
1006 3555 1360 3619 succurratis,
1395 3556 1593 3609 fratres
1624 3555 1823 3611 Christi

246 3648 302 3695 et
329 3655 565 3707 sorores,
598 3657 731 3711 quos
762 3644 933 3711 pretio
970 3644 1171 3714 proprii
1209 3647 1486 3709 sanguinis
1521 3648 1824 3716 redemptos

249 3731 363 3801 ipse
391 3732 486 3788 tibi
529 3735 946 3789 commendavit.
979 3734 1215 3801 Pascite,
1247 3752 1280 3792 o
1316 3736 1509 3792 Pastor
1550 3740 1683 3793 tanti
1722 3740 1825 3793 Do-

249 3824 403 3891 mini,
433 3825 805 3897 gregentejus,
832 3840 899 3879 ne
919 3838 1104 3897 pastus
1131 3829 1284 3899 inops
1312 3830 1526 3885 deﬁciat
1546 3831 1596 3884 in
1624 3835 1725 3885 via.
1743 3830 1824 3886 Sit

251 3914 402 3967 vobis
434 3914 484 3966 in
511 3915 759 3985 exemplo
775 3930 931 3969 sacer
953 3919 1205 3973 sacerdos
1230 3918 1513 3985 Martinus,
1540 3920 1620 3975 vir
1638 3919 1824 3975 inell‘a-

250 4005 401 4073 bilis,
422 4007 537 4076 qui,
561 4023 680 4062 cum
700 4008 973 4062 cmlestem
998 4010 1234 4079 requiem
1262 4012 1429 4083 388
1453 4020 1695 4081 paratam
1720 4010 1822 4066 sibi

250 4098 600 4165 praevideret,
654 4097 890 4153 laborem
931 4109 1110 4154 tamen
1142 4115 1240 4169 pro
1273 4101 1451 4170 populi
1502 4102 1826 4156 necessitate

249 4202 307 4239 se
334 4202 438 4239 non
468 4201 717 4241 recusare
742 4188 978 4243 dicebat.
1005 4189 1135 4244 Novi
1160 4191 1376 4260 quidem
1409 4206 1503 4244 vos
1532 4190 1825 4244 multorum

249 4277 541 4347 exemplis,
577 4278 758 4333 multis
798 4278 1195 4348 Scriptutarum
1222 4280 1546 4336 testimoniis
1577 4281 1645 4334 ad
1688 4280 1825 4351 jeju-

247 4368 396 4422 nium
423 4368 639 4423 invitari
677 4379 731 4423 et
765 4369 1105 4435 confirmari;
1155 4372 1371 4426 assidua
1407 4372 1607 4443 quippe
1664 4371 1824 4427 lectio

1855 3139 1907 3209 (Ι.

1928 1916 2071 1985 quod
2097 1915 2186 1970 ille
2216 1914 2360 1977 fecit,
2392 1923 2450 1966 ut
2476 1913 2805 1984 perveniatis
2827 1913 2893 1967 ad
2920 1926 3077 1981 quem
3109 1912 3376 1982 pervenit,
3400 1912 3501 1965 hoc

1924 2016 2007 2061 est
2051 2006 2117 2061 ad
2146 2004 2327 2060 Jesum
2372 2004 2645 2060 Christum
2682 2004 2886 2058 fontem
2938 2003 3096 2066 vitae,
3154 2012 3500 2070 montemque

1924 2098 2222 2163 excelsum,
2252 2112 2371 2151 cum
2408 2112 2514 2165 qtto
2543 2097 2607 2150 de
2638 2096 2858 2166 perenni
2890 2094 3057 2165 gloria
3087 2094 3198 2163 jam
3233 2094 3360 2147 olim
3407 2108 3499 2161 ga-

1925 2191 2069 2245 visus
2103 2198 2203 2255 est,
2234 2180 2429 2257 gaudet
2455 2188 2812 2259 gaudebitque
2852 2186 2904 2240 in
2933 2185 3127 2240 saecula
3158 2184 3498 2238 saecularum.

1926 2282 2110 2338 Valeat
2142 2282 2194 2335 in
2226 2280 2451 2335 Domino
2482 2279 2744 2334 sanctitas
2771 2288 2956 2333 vestra
2980 2317 2994 2339 ,
3047 2290 3239 2345 meque
3289 2273 3500 2327 ﬁdelem

1923 2383 2155 2430 vestram
2186 2373 2439 2427 famulam
2464 2388 2563 2427 vos
2595 2381 2704 2425 toto
2744 2372 2922 2425 cordis
2954 2369 3148 2423 aﬂectu
3194 2368 3502 2437 diligentem

1926 2464 2263 2520 orationibus
2288 2463 2543 2533 adjuvare
2579 2461 2745 2515 nolite
2776 2460 3076 2524 desistere;
3124 2467 3180 2513 et
3221 2455 3503 2527 epistolam

1927 2572 2032 2608 non
2078 2554 2276 2615 lictam,
2309 2553 2401 2606 sed
2447 2551 2584 2605 ﬁdeli
2615 2550 2881 2603 charitate
2908 2559 2962 2604 et
2989 2550 3142 2602 (irma
3168 2547 3320 2601 vobis
3354 2563 3382 2599 a
3420 2560 3504 2597 me

1928 2646 2147 2699 missam
2202 2644 2515 2713 suscipere,
2570 2642 2778 2712 legere,
2813 2641 3002 2695 audire
3058 2648 3216 2708 atque
3250 2636 3505 2701 exaudire

1930 2736 2241 2804 dignemini.

2428 2820 2762 2877 EPISTULA
2798 2821 2912 2874 LVI
2929 2821 3019 2873 ³⁰¹.

2291 2953 2512 2994 ANSELHI
2550 2953 2615 2990 AD
2655 2951 2783 2990 IDAII
2823 2950 3159 2991 COIITISSAM.

1973 3030 2045 3087 De
2068 3029 2178 3098 ﬁlio
2213 3045 2247 3083 α
2273 3044 2327 3083 se
2354 3028 2688 3090 commonita,
2718 3027 2859 3098 etde
2885 3026 3176 3098 ipra'bettda
3210 3025 3469 3080 Lamberti

2517 3097 2599 3151 sui
2637 3096 2913 3167 capellani.

2002 3195 2303 3257 ANSELIIUS,
2340 3206 2530 3246 servus
2566 3188 2820 3243 Ecclesia:
2851 3186 3258 3242 Cantuariensis
3281 3187 3373 3251 ⁸⁰³,
3406 3187 3503 3240 (ιο-

1927 3283 2105 3349 minm,
2134 3291 2187 3337 et
2226 3280 2382 3335 matri
2416 3320 2430 3346 ,
2488 3288 2541 3334 et
2587 3278 2709 3332 tilia:
2766 3276 3100 3332 charissima:
3128 3315 3144 3340 ,
3200 3278 3508 3330 reverendae

1926 3375 2217 3431 comitissae
2250 3373 2380 3435 lae,
2421 3371 2681 3435 salutem,
2726 3378 2782 3424 et
2824 3367 3253 3423 benedictionem
3289 3366 3403 3431 Dei,
3454 3376 3508 3421 et

1926 3479 2102 3530 suam,
2134 3472 2397 3532 quantum
2436 3467 2633 3530 potest.
3071 3445 3073 3448 i

1994 3553 2343 3618 Charisrima,
2366 3566 2459 3606 vos
2481 3550 2679 3604 salutat
2703 3563 2821 3604 mea
2855 3546 3079 3618 epistola
3100 3563 3114 3612 ;
3138 3546 3231 3600 sed
3262 3545 3504 3615 quotidie

1928 3661 2022 3699 vos
2051 3645 2245 3714 aspicit
2298 3659 2414 3699 mea
2462 3643 2760 3707 memoria,
2810 3649 2862 3696 et
2902 3655 3064 3707 spero
3112 3640 3165 3693 iu
3213 3639 3323 3693 Deo
3379 3642 3504 3707 quia

1928 3752 2201 3805 nunquam
2250 3734 2339 3787 illa
2389 3734 2456 3786 de
2500 3732 2663 3787 corde
2709 3746 2827 3786 meo
2875 3730 3159 3783 delebitur.
3209 3727 3342 3783 Cum
3399 3728 3506 3782 lilio

1936 3838 2117 3883 vestro
2146 3828 2355 3881 locutus
2386 3840 2524 3887 sum,
2559 3833 2615 3878 et
2655 3836 2907 3892 precatus
2929 3838 3045 3878 sum
3083 3837 3204 3875 eum
3236 3821 3302 3875 de
3332 3820 3503 3884 vobis,

1926 3921 2068 3975 sicut
2100 3917 2343 3973 intellexi
2380 3926 2657 3988 oportere;
2708 3927 2761 3972 et
2808 3916 2920 3985 ipse
2967 3914 3095 3967 mihi
3132 3914 3404 3982 respondit
3447 3928 3507 3967 se

1927 4010 2059 4065 nihil
2114 4010 2369 4066 libentius
2423 4009 2601 4062 facere
2657 4021 2819 4075 quam
2876 4004 3207 4057 voluntatem
3271 4010 3504 4055 vestram

1927 4098 2171 4168 implere.
2206 4097 2465 4152 Dominus
2489 4096 2809 4149 Lambertus
2839 4090 3150 4160 capellanus
3186 4099 3383 4156 vester,
3414 4089 3505 4160 qui

1927 4198 2171 4245 moratur
2198 4191 2250 4243 in
2297 4188 2487 4257 Anglia
2520 4201 2617 4257 pro
2658 4194 2838 4240 vestro
2894 4183 3150 4249 servitio,
3208 4191 3395 4253 rogat,
3451 4190 3508 4236 et

1927 4295 2025 4352 ego
2059 4294 2179 4334 cum
2214 4279 2303 4334 illo
2334 4293 2464 4349 rogo
2486 4318 2499 4342 ,
2543 4292 2609 4331 ne
2645 4275 2825 4347 aliqua
2857 4274 3173 4342 occasione,
3228 4274 3399 4329 donec
3436 4274 3503 4328 ad

1927 4390 2020 4429 vos
2046 4372 2247 4438 redeat,
2278 4372 2468 4442 perdat
2494 4370 2693 4440 aliquid
2738 4370 2806 4425 de
2844 4368 3145 4440 praebenda:
3188 4383 3298 4422 suae
3343 4368 3505 4423 bene-

248 4460 401 4514 vobis
440 4458 1043 4531 frequenter‘suggerit
1086 4462 1319 4533 qualiter
1365 4474 1488 4533 post
1531 4463 1820 4532 jejunium,
1855 4469 2072 4537 Dﬁcio.
2121 4468 2416 4523 Precamur
2468 4468 2630 4522 etiam
2686 4475 2745 4520 ut
2801 4468 2903 4521 hoc
2964 4465 3141 4535 ipsum
3204 4463 3505 4520 eoufratres

247 4553 417 4609 Eliam
443 4568 658 4617 corvus,
693 4553 925 4607 Eliseum
956 4554 1137 4619 vidua,
1167 4555 1443 4609 Danielem
1476 4567 1697 4625 angelus
1728 4571 1822 4627 per

248 4644 498 4701 llabacuc
530 4644 766 4714 paverit;
820 4645 1056 4713 qualiter
1102 4644 1311 4715 Moyses
1356 4645 1604 4713 tabulas,
1654 4647 1822 4716 digito

247 4734 342 4790 Dei
382 4736 636 4805 scriptas,
661 4736 867 4805 jejunio
897 4739 1163 4808 aceipere'
1187 4738 1465 4804 meruerit,
1515 4738 1822 4808 fractasque

245 4842 343 4897 per
401 4828 542 4883 idem
604 4828 1022 4899 recuperaverit.
1077 4828 1374 4884 Gentilium
1446 4844 1662 4900 quoque
1723 4847 1821 4887 vos

245 4919 489 4989 exempla
544 4919 774 4991 plurima
815 4924 883 4975 ad
932 4921 1321 4992 parcimoniam
1361 4920 1615 4977 invitant.
1647 4922 1817 4977 Nemo

244 5021 327 5067 est
356 5012 500 5065 enim
520 5014 611 5083 qui
637 5014 850 5084 ignorat
868 5029 962 5069 vos
986 5014 1179 5085 legisse
1199 5013 1549 5086 Pythagorae,
1563 5012 1826 5079 Socratis,

247 5104 589 5160 Antisthenis
631 5106 1039 5177 frugalitatem,
1095 5106 1530 5177 creterorumque
1585 5106 1827 5176 philoso-

247 5198 512 5267 phorum,
565 5210 698 5264 quos
739 5205 795 5250 ut
834 5210 1153 5251 enumerare
1199 5198 1417 5267 longum
1465 5206 1573 5261 est,
1616 5197 1689 5250 ita
1727 5210 1829 5249 nec

246 5289 498 5359 praesenti
529 5289 786 5356 opusculo
823 5290 1213 5343 necessarium.
1240 5288 1577 5344 Veniendum
1605 5300 1829 5358 estergo

246 5382 311 5436 ad
342 5398 495 5436 novae
524 5382 658 5452 legis
688 5382 941 5451 gratiam.
965 5382 1215 5436 Christus
1246 5382 1422 5448 Iesus,
1442 5382 1533 5453 qui
1562 5380 1831 5437 dedicavit

1927 4560 2043 4631 ejus
2072 4560 2367 4616 canonicos
2412 4558 2683 4628 precando
2724 4557 3007 4611 moneatis.
3045 4556 3189 4622 Quos
3218 4555 3378 4610 simul
3408 4570 3509 4610 nos

1925 4654 2084 4708 ambo
2110 4654 2162 4707 in
2205 4653 2307 4708 hac
2347 4650 2605 4706 schedula
2639 4648 2969 4714 salutamus;
3004 4650 3079 4701 et
3106 4656 3163 4701 ut
3193 4646 3503 4717 petitionem

1923 4752 2159 4798 vestram
2209 4744 2520 4805 admittant,
2572 4740 2735 4795 etiam
2790 4747 2953 4810 atque
3010 4739 3175 4795 etiam
3231 4751 3502 4805 rogamus.

1924 4834 2275 4904 Omnipotens
2300 4832 2440 4888 Deus
2465 4847 2559 4887 vos
2587 4830 2654 4885 ab
2683 4831 2828 4887 omni
2855 4830 3184 4885 adversitate
3212 4826 3504 4893 custodiat,

1922 4938 1977 4985 et
2006 4930 2335 4984 desiderium
2365 4940 2598 4985 vestrum
2632 4944 2848 4998 semper
2888 4925 3107 4995 dirigat,
3139 4922 3426 4989 accendat,
3452 4934 3508 4979 et

1924 5020 2189 5087 perﬁciat.
2219 5020 2410 5075 Amen.

2402 5110 2733 5166 EPISTOLA
2772 5109 2901 5164 LVll
2935 5108 3023 5161 '°‘.

2061 5210 2288 5256 ANSELNI
2331 5216 2397 5253 AD
2442 5213 2750 5252 MATHILDAII
2791 5212 3022 5252 REGINAM
3061 5214 3363 5254 ANGLORU“.

1930 5289 2099 5344 Habet
2121 5292 2321 5358 gratias
2350 5307 2443 5358 pro
2479 5289 2779 5344 muneribus
2807 5301 2853 5342 et
2884 5292 3053 5343 amica
3089 5292 3503 5344 commonitione.

1995 5380 2318 5447 Mutinae,
2341 5380 2588 5451 gloriosa:
2627 5380 2825 5450 regina-
2856 5380 3169 5452 Anglorum,
3200 5382 3506 5436 reverendae

1552 5514 1783 5571 VARIA‘J
1819 5514 2219 5572 LECTIONES.

318 5633 386 5665 '°‘
416 5632 796 5702 Corporalibus
822 5634 1022 5689 viribus
1048 5650 1125 5687 ms
1158 5632 1400 5701 corporis
1426 5631 1630 5686 viribus

1738 5632 1807 5664 ³⁰³
1846 5631 1979 5687 Cum
2022 5632 2204 5687 eodem
2247 5648 2323 5683 ms
2365 5634 2559 5684 collata

250 5701 652 5759 Cantuariensis
692 5722 767 5759 ms
808 5702 1092 5760 Anselmns
1127 5720 1315 5761 servus
1357 5702 1606 5758 Ecclesia:
1640 5703 2058 5760 Cantuariensis.

2666 5633 2735 5665 ³⁰³
2763 5632 3045 5686 Anselmus
3069 5628 3515 5698 archiepiscopus.

2176 5701 2244 5734 ³⁰³
2277 5700 2406 5755 Cum
2448 5703 2622 5757 eodem
2656 5720 2731 5757 ms
2759 5704 2946 5756 collata
