4028 6302
503 382 568 441 91
605 387 610 394 ’
1113 375 1176 430 S.
1223 372 1524 430 ANSELMI
1558 368 1918 428 CANTUAH.
1950 363 2274 424 ABCIHEP.
2304 365 2454 423 OPP.
2487 363 2668 423 PARS
2699 364 2784 418 lll.
2824 393 2894 404 —
2921 356 3309 418 EPISTOLE.

509 492 764 559 dominas,
791 489 915 546 illia:
943 472 1293 552 etiarissimae,
1319 488 1604 542 An‘ssutus
1633 485 2091 553 archiepiscopus,
2121 463 2170 522 Α

509 583 752 640 debitum
801 581 1077 644 honorem,
1112 579 1422 644 servitium,
1443 583 1446 586 '
1471 579 1758 634 orationes
1779 585 1835 632 et
1870 577 2116 632 benedi—‘

511 673 744 728 ctionem
773 669 891 736 Dei,
923 679 976 724 et
1005 685 1180 738 suam,
1209 679 1474 740 quantum
1511 679 1708 740 potest.

581 762 798 817 Gratias
841 777 1065 833 magnas
1105 776 1208 832 ago
1235 770 1432 816 vestrae
1460 759 1751 833 largitioni,
1794 759 1888 815 sed
1929 757 2096 813 multo

511 851 773 920 majores,
809 851 876 906 de
915 867 1021 922 qua
1068 867 1295 906 munera
1343 854 1663 921 procedunt,
1717 857 1920 906 sancta:
1963 849 2096 905 dile-

511 943 674 999 ctioni
705 959 720 998 :
748 959 868 1013 qua:
903 945 1066 998 etiam
1097 943 1226 998 mihi
1263 944 1350 1014 pia
1373 943 1732 999 sollicitudine
1761 944 1930 998 instat
1955 950 2013 997 ut
2043 941 2094 995 in

511 1035 783 1090 alimentis
830 1035 1112 1090 sumendis
1152 1035 1366 1104 corpori
1407 1034 1608 1106 largius
1660 1033 1985 1104 indulgeam,
2028 1047 2100 1088 ne

509 1123 617 1182 vos
648 1135 702 1182 et
721 1127 866 1180 vires
891 1127 955 1181 ad
973 1141 1160 1181 curam
1185 1125 1482 1195 injunctam
1505 1125 1638 1180 mihi
1659 1123 1934 1180 deﬁciant.
1962 1123 2095 1179 Nam

511 1217 768 1286 quoniam
802 1217 999 1272 auditis
1029 1233 1116 1273 me
1154 1233 1252 1287 pro
1277 1215 1483 1286 jejunio
1524 1217 1688 1272 totius
1717 1217 1850 1281 diei,
1883 1215 2098 1272 etiamsi
2129 1201 2139 1218 ’

511 1306 752 1374 quotidie
782 1307 935 1361 ﬁeret
963 1305 1052 1370 ⁸⁸⁸,
1085 1305 1281 1362 famem
1309 1322 1416 1361 non
1447 1307 1668 1370 sentire,
1695 1306 1894 1362 timetis
1923 1307 2102 1362 rauci-

513 1403 680 1450 tatem
713 1406 766 1452 et
805 1395 1227 1452 imbecillitatem
1263 1396 1400 1451 mihi
1433 1397 1675 1466 corporis
1697 1395 1958 1466 evenire.
1991 1394 2100 1450 Sed

515 1486 721 1540 utinam
759 1495 964 1541 tantum
997 1486 1126 1542 mihi
1155 1486 1417 1558 sapientia
1454 1495 1510 1541 et
1533 1494 1774 1557 potestas
1802 1499 1924 1556 quae
1951 1499 2104 1539 com-

515 1577 672 1646 petit,
699 1585 1071 1648 suppeterent,
1105 1588 1360 1648 quantum
1388 1591 1490 1633 vox
1519 1587 1573 1632 et
1598 1579 1740 1632 vires
1764 1582 1898 1646 quas
1928 1577 2104 1632 habeo

516 1667 584 1722 ad
612 1684 745 1739 opus
774 1670 904 1724 mihi
937 1670 1234 1741 injunctum
1265 1668 1587 1736 sullicereut,
1621 1667 1775 1724 Licet
1795 1668 1873 1722 sic
1901 1667 2101 1738 possim

515 1759 634 1813 sine
679 1759 834 1815 l'amis
883 1761 1126 1816 molestia
1166 1757 1431 1827 jejunare,
1463 1759 1594 1814 satis
1639 1769 1818 1813 tamen
1859 1773 2097 1826 passum,

517 1857 571 1903 et
607 1849 728 1904 volo
778 1865 900 1904 cum
947 1849 1135 1915 debeo,
1182 1857 1440 1919 quantum
1483 1847 1730 1918 expedit,
1780 1861 1976 1916 corpus
2003 1846 2100 1900 ali-

515 1941 714 1996 mentis
749 1953 1014 1998 recrea-re.
1047 1939 1254 1996 Memor
1275 1951 1360 1996 est
1395 1941 1627 2010 benigna
1655 1949 1836 1994 vestra
1863 1939 2101 2010 dignatio

440 2079 442 2082 ,
515 2032 570 2087 in
599 2031 823 2102 epistola
867 2049 965 2088 sua
1012 2037 1152 2104 quod
1181 2051 1276 2104 per
1305 2051 1392 2090 me
1422 2036 1492 2090 sit
1521 2044 1702 2090 vestra
1747 2034 2008 2089 celsitudo
2045 2033 2100 2088 in

515 2126 824 2197 coniugium
863 2125 1160 2198 legitimum
1193 2127 1512 2195 desponsata
1532 2168 1546 2191 ,
1575 2135 1631 2182 et
1657 2126 1724 2181 ad
1759 2124 1911 2195 regni
1941 2123 2104 2178 subli-

513 2217 784 2281 mitatem,
813 2231 898 2270 me
927 2226 1198 2282 sacrantc,
1229 2225 1506 2270 coronata.
1531 2216 1730 2270 Verum
1753 2229 1876 2270 cum
1901 2215 1966 2270 de
1993 2231 2099 2282 me,

517 2307 608 2374 qui
639 2305 799 2373 hujus
831 2308 906 2362 rei
936 2307 1179 2360 minister
1203 2315 1405 2361 tantum
1437 2307 1630 2373 ﬁdelis,
1654 2315 1910 2377 quantum
1943 2307 1993 2362 in
2019 2321 2104 2362 me

519 2397 641 2464 fuit,
668 2397 893 2458 exstitit,
927 2399 1028 2453 hoc
1063 2406 1167 2451 tam
1193 2398 1445 2466 benigne,
1473 2407 1620 2453 tanta
1644 2401 1815 2470 gratia
1843 2398 2100 2464 recolitis,

520 2489 654 2544 satis
700 2490 956 2544 aestimari
1003 2501 1179 2560 potest
1226 2503 1458 2561 quantas
1505 2493 1752 2556 Christo,
1804 2494 1894 2564 qui
1945 2491 2108 2560 hujus

521 2583 650 2636 doni
683 2593 871 2637 auctor
898 2593 950 2637 et
981 2584 1206 2652 largitor
1242 2593 1342 2651 est,
1379 2593 1557 2654 grates
1587 2585 1638 2638 in
1687 2593 1866 2640 mente
1895 2582 2101 2654 persol-

523 2671 670 2726 vitis.
706 2671 850 2740 Quas
893 2673 935 2727 si
967 2684 1133 2737 rettc,
1161 2675 1203 2728 si
1235 2675 1389 2742 bene,
1423 2675 1466 2731 si
1514 2673 1801 2731 ellicaeiter
1833 2675 1948 2744 ipso
1977 2683 2100 2729 actu

521 2762 688 2817 vultis
719 2763 961 2831 reddere,
995 2765 1335 2820 considerate
1370 2765 1608 2838 reginam
1642 2766 1808 2830 illam,
1843 2781 2003 2836 quant
2034 2766 2102 2819 de

523 2853 726 2907 mundo
756 2855 858 2908 hoc
881 2869 1132 2924 sponsam
1159 2856 1256 2910 sibi
1287 2855 1360 2910 illi
1400 2855 1599 2926 placuit
1621 2856 1839 2926 eligere.
1873 2856 1994 2910 Hmc
2022 2863 2101 2909 est

522 2960 684 3014 quam
729 2947 1046 3015 pulchram,
1097 2956 1152 3002 et
1187 2949 1459 3014 amicam,
1507 2955 1562 3003 et
1599 2947 1902 3004 columbam
1949 2962 2102 3000 suam

520 3047 678 3092 vocat
722 3037 776 3092 in
813 3037 1138 3108 'Sct-ipturis,
1168 3047 1226 3093 et
1270 3039 1338 3093 de
1379 3053 1483 3108 qua
1529 3039 1604 3092 illi
1647 3039 1844 3092 dicitur
1881 3056 1893 3092 :
1929 3037 2106 3092 Astitit

522 3127 705 3194 regina
741 3143 772 3198 a
821 3126 1018 3180 dextris
1064 3128 1167 3180 tuis
1199 3125 1374 3194 (Psal.
1402 3141 1558 3190 xuv,
1593 3127 1702 3196 10).
1749 3127 1874 3180 Haec
1901 3136 1985 3182 est
2016 3127 2100 3182 cui

524 3215 592 3268 dc
623 3215 810 3268 eodem
859 3213 1070 3283 Sponso
1103 3231 1201 3270 suo
1245 3216 1466 3272 Christo
1496 3218 1729 3272 dicitur:
1780 3218 1934 3282 Audi,
1966 3217 2104 3287 ﬁlia,

523 3315 572 3358 et
601 3305 736 3367 ride,
765 3315 810 3359 et
843 3306 1035 3360 inclina
1065 3323 1244 3361 aurem
1272 3315 1438 3372 tuam,
1461 3319 1509 3363 et
1539 3309 1838 3364 obliviscere
1859 3309 2109 3378 populant

524 3407 696 3459 tuum,
724 3406 770 3448 et
798 3395 1012 3449 domum
1055 3397 1220 3466 patris
1257 3400 1370 3464 tui;
1404 3409 1450 3452 et
1482 3401 1806 3468 concupisset
1837 3387 1932 3453 rex
1959 3400 2110 3454 deco-

526 3505 634 3541 rem
655 3497 802 3540 tunm
831 3486 1020 3559 (Ibid.,
1049 3489 1158 3562 l-l).
1191 3490 1402 3558 Quanto
1429 3491 1573 3545 enim
1607 3493 1944 3548 szecularinm
1977 3507 2108 3548 con-

525 3579 874 3647 versationis,
917 3587 970 3634 et
1002 3581 1172 3650 patris
1201 3583 1305 3646 sui,
1337 3581 1510 3650 hujus
1541 3583 1748 3638 scilicet
1773 3583 1984 3648 mundi,
2013 3583 2110 3637 ha-

525 3669 842 3725 bitationem
867 3671 1262 3727 contemnendo
1281 3673 1638 3741 obliviscitur,
1665 3683 1814 3729 tanto
1835 3674 2112 3742 pulchrior

527 3761 839 3828 conspectui
908 3759 1102 3829 Sponsi
1164 3762 1245 3816 sui
1303 3771 1357 3817 et
1406 3763 1690 3819 amabilior
1741 3765 2108 3836 cognoscitur.

527 3848 678 3903 llanc
709 3859 967 3919 quantum
998 3851 1245 3907 dilexerit
1275 3854 1388 3923 ipse
1415 3854 1684 3923 probavit,
1703 3871 1825 3910 cum
1856 3870 1913 3909 se
1933 3856 2108 3924 ipsum

526 3945 687 3999 morti
721 3955 909 4015 sponte
941 3945 1154 4000 tradere
1185 3963 1280 4018 pro
1310 3947 1426 4018 ejus
1461 3965 1649 4006 amore
1677 3966 1784 4006 non
1825 3950 2108 4005 dubitavit.

525 4031 698 4096 lianc,
730 4033 972 4102 inquam,
1008 4032 1350 4088 considerate
1389 4036 1659 4106 quomodo
1688 4033 1901 4089 exsulet
1956 4050 2112 4105 pere-

527 4123 745 4194 grinus,
781 4135 835 4181 et
876 4127 1028 4196 quasi
1079 4123 1237 4178 vidua
1286 4127 1354 4181 ad
1399 4127 1576 4181 virum
1625 4142 1782 4182 suum
1815 4143 1936 4182 cum
1967 4129 2112 4185 veris

527 4215 651 4270 ﬁliis
682 4219 847 4288 gemit
873 4229 927 4273 et
956 4221 1212 4291 suspirat,
1253 4229 1575 4290 exspectans
1604 4219 1774 4275 donec
1801 4219 1890 4275 ille
1923 4221 1991 4276 de
2023 4235 2110 4276 re-

527 4309 686 4378 gione
709 4311 994 4382 longinqua
1026 4315 1090 4366 ad
1114 4305 1276 4383 quam
1306 4313 1438 4368 abiit
1459 4314 1706 4382 accipere
1735 4313 1836 4367 sibi
1863 4327 2109 4384 regnum,

527 4403 729 4466 veniat,
762 4413 815 4456 et
843 4419 963 4457 catn
1001 4403 1067 4457 ad
1108 4419 1333 4474 regnum
1377 4417 1532 4458 suum
1561 4399 1967 4468 transferendo,
1997 4417 2114 4458 om-

3709 352 3802 418 θα

2560 479 2730 552 339
2763 475 3096 534 EPISTOLA
3135 477 3291 534 Lvut
3325 477 3415 532 m.

2560 583 2790 628 ΑΝδΕωιι
2825 587 2892 625 ΑΒ
2931 587 3059 625 ιολιι
3097 585 3438 627 αοιιιτιεελιι.

2199 665 2410 721 Gratias
2448 667 2556 736 agit
2593 682 2688 735 pro
2729 663 3042 736 liberalitate
3062 664 3180 736 suis
3211 662 3396 733 legatis
3435 663 3700 726 exhibita;
3739 673 3796 716 et

2267 739 2380 796 eius
2409 733 2646 790 timorem
2671 737 2727 789 in
2757 751 2812 788 re
2835 734 3024 789 salutis
3053 733 3266 800 laudat,
3293 749 3512 804 eamque
3537 749 3570 788 α
3596 750 3800 804 pecca-

2207 871 2210 876 λ
2269 810 2332 860 tis
2360 806 2598 874 absoluit,
2621 807 2858 876 injuncta
2883 807 3208 873 paenitentia.

2268 901 2576 960 AnssLnus,
2608 896 2782 968 gratia
2813 895 2906 952 Dei
2948 893 3422 966 archiepiscopus,
3464 891 3700 958 dominae
3733 905 3800 948 et

2197 987 2382 1054 matri,
2413 995 2469 1042 et
2497 986 2618 1042 ﬁlia:
2647 985 3014 1049 charissima,
3045 985 3150 1054 los:
3187 985 3511 1050 comitissaa,
3550 983 3796 1038 salutem

2196 1086 2252 1132 ct
2279 1076 2710 1132 benedictionem
2738 1075 2852 1139 Dei,
2883 1084 2940 1129 et
2961 1089 3136 1138 suam,
3161 1075 3206 1130 si
3233 1073 3362 1144 quid
3392 1074 3552 1128 valet.

2270 1166 2488 1222 Gratias
2525 1181 2626 1238 ago
2651 1165 2954 1223 celsitudini
2987 1174 3182 1220 vestra:
3219 1179 3316 1236 pro
3355 1163 3692 1234 benignitate
3731 1175 3800 1219 et

2200 1260 2452 1330 largitate
2481 1275 2644 1330 quam
2678 1259 2872 1330 legatis
2901 1258 3104 1314 nostris
3135 1271 3309 1328 nuper
3337 1256 3514 1311 Roma
3549 1257 3798 1311 redeun-

2201 1351 2348 1406 tibus
2371 1349 2694 1408 exhibuistis
2712 1392 2727 1414 ,
2754 1349 2896 1405 sicut
2931 1348 3066 1406 mihi
3107 1355 3164 1404 et
3189 1348 3440 1402 erunibus
3467 1347 3671 1402 nostris
3705 1345 3802 1398 fa-

2202 1456 2326 1498 cere
2347 1440 2550 1496 soletis.
2575 1439 2652 1494 De
2671 1439 2776 1498 hoc
2799 1437 2939 1510 quod
2967 1438 3100 1504 mihi
3121 1454 3220 1509 per
3247 1440 3503 1494 domuum
3529 1437 3596 1470 ³⁰⁷
3617 1435 3802 1493 Joan-

2203 1547 2328 1588 nem
2357 1531 2684 1596 mandastis,
2713 1531 2912 1586 nullam
2945 1545 3164 1602 possum
3195 1538 3430 1586 vestram
3457 1529 3670 1599 culpam
3702 1529 3798 1582 in-

2205 1623 2468 1696 telligere.
2501 1625 2606 1678 Sed
2637 1623 2892 1692 quoniam
2919 1637 3138 1694 semper
3170 1623 3338 1678 tutius
3371 1631 3456 1676 est
3483 1623 3538 1675 in
3577 1621 3646 1654 ³⁰⁸
3685 1623 3799 1675 htt-

2200 1717 2435 1787 jusmodi
2473 1715 2646 1788 magis
2679 1716 2866 1770 timere
2894 1731 3056 1786 quam
3081 1713 3355 1770 conﬁdere
3369 1701 3392 1777 ,λ
3413 1712 3575 1767 laudo
3619 1714 3798 1767 timo-

2132 1814 2174 1868 B
2202 1823 2315 1863 rem
2339 1815 2598 1871 vestrum,
2623 1807 2747 1876 quia
2771 1807 2947 1860 beatus
2959 1805 3235 1876 Itonto,qui
3255 1820 3455 1874 semper
3471 1814 3548 1858 est
3567 1803 3798 1872 pauidus

2205 1898 2388 1969 (Prov.
2439 1912 2632 1962 xan,
2681 1895 2793 1967 M).
2840 1896 2906 1950 Et
2941 1895 3132 1962 beatus
3182 1892 3282 1948 Job
3325 1893 3504 1948 dixit:
3567 1891 3806 1962 Verebar

2204 1991 2382 2046 omnia
2433 1989 2585 2044 verba
2636 2006 2751 2042 mea
2809 1987 2930 2059 (Job
2999 2003 3074 2052 Ix,
3125 1986 3241 2056 28).
3301 1983 3428 2040 Solo
3473 1985 3636 2054 igitur
3687 1985 3802 2040 hoc

2207 2097 2424 2149 amore,
2469 2090 2526 2138 et
2560 2082 2689 2136 mali
2733 2081 2876 2150 quod
2917 2079 3142 2148 contigit
3185 2093 3284 2148 per
3320 2077 3494 2133 malos
3539 2077 3798 2132 homines

2206 2177 2390 2232 dolore
2417 2190 2578 2246 quem
2605 2165 2906 2237 habuistis,
2939 2174 3103 2227 credo
3127 2171 3396 2236 vosDeo,
3430 2155 3691 2240 quantum
3719 2171 3798 2222 ad

2205 2285 2303 2322 vos
2331 2265 2586 2338 pertinet,
2613 2263 2963 2320 satisfecisse.
2987 2262 3260 2329 Quoniam
3291 2269 3470 2314 tamen
3517 2260 3628 2314 scio
3657 2259 3797 2327 quid

2206 2359 2546 2422 desideretis,
2579 2371 2677 2412 oro
2705 2356 2872 2410 Deum
2914 2363 2971 2408 ttt
3002 2369 3100 2408 vos
3128 2355 3196 2408 ab
3229 2353 3332 2408 hoc
3369 2361 3425 2408 et
3447 2354 3516 2408 ab
3537 2351 3797 2405 omnibus

2208 2451 2445 2522 peccatis
2468 2449 2667 2505 vestris
2689 2447 2953 2512 absolvat,
2986 2455 3042 2501 et
3082 2447 3148 2500 ad
3181 2445 3365 2516 gloria:
3399 2459 3512 2499 suae
3547 2449 3798 2496 contem-

2207 2549 2498 2619 plationem
2545 2545 2830 2616 perducat.
2876 2543 3068 2596 Amen.
3105 2539 3281 2596 Unum
3319 2539 3633 2610 psalterium
3691 2551 3798 2605 pro

2205 2641 2458 2696 omnibus
2489 2639 2727 2709 peccatis
2761 2635 2953 2690 vestris
2980 2633 3180 2699 dicite,
3211 2633 3507 2689 secundum
3538 2639 3800 2702 Opportu-

2207 2733 2430 2788 nitatem
2463 2741 2720 2788 vestram.
3201 2787 3204 2790 _

2689 2815 3024 2876 EPISTOLA
3059 2813 3176 2870 LIX
3214 2812 3306 2868 '°'.

2457 2923 2680 2966 ANSELMI
2717 2923 2784 2962 AD
2822 2918 3164 2960 CLEMENTIAK
3203 2915 3541 2957 COMITISSAM.

2209 3004 2462 3058 Comitem
2483 3000 2664 3052 laudat
2691 2997 2828 3065 quod
2857 2995 3052 3048 nullam
3075 2991 3631 3065 daretAiuvestituragn,
3654 2992 3800 3065 quod

2279 3071 2556 3132 comitissa:
2585 3059 2802 3120 consilio
2832 3076 2878 3120 et
2908 3065 3186 3129 prudentia
3212 3062 3420 3132 factum
3443 3059 3686 3132 celebrat.
3729 3059 3802 3114 ιίι

2283 3153 2336 3196 ιιι
2363 3129 2542 3195 eadem
2581 3140 2690 3192 uiro
2729 3152 2825 3190 suo
2855 3149 3056 3206 semper
3091 3129 3478 3203 ipsa’consulat
3517 3129 3801 3184 Anselmus

2282 3214 2546 3266 hortatur.

2280 3307 2596 3364 ANSELMUS,
2623 3298 2870 3369 quamvis
2911 3295 3194 3366 indignus,
3221 3293 3402 3348 dictus
3433 3290 3798 3362 archiepisco-

2210 3413 2312 3469 pus
2335 3394 2640 3451 Cantuaria:
2665 3393 2757 3457 ³⁸⁰,
2790 3391 3022 3446 dominae
3043 3397 3098 3444 et
3125 3387 3248 3444 lilia;
3273 3385 3636 3450 charissimae',
3663 3384 3796 3439 Cu;-

2212 3503 2428 3545 nnsrus
2461 3485 2772 3542 reverenda:
2805 3482 3131 3547 comitisste,
3162 3495 3258 3548 per
3290 3479 3599 3532 diuturnam
3638 3474 3799 3543 hujus

2209 3581 2334 3635 vita:
2373 3576 2783 3650 prosperitatem
2806 3616 2822 3642 ,
2855 3583 3116 3630 :eternam
3144 3569 3342 3626 futura:
3385 3568 3582 3624 mereri
3619 3566 3796 3622 fclici-

2210 3681 2398 3730 tatem.

2283 3759 2528 3816 Relatum
2558 3757 2693 3814 mihi
2721 3763 2804 3812 est
2826 3753 3086 3826 quosdam
3113 3753 3337 3810 abbates
3364 3751 3416 3806 in
3446 3747 3698 3806 Flandria
3719 3745 3796 3802 sic

2212 3851 2538 3907 constitutos
2563 3855 2616 3902 ut
2648 3861 2832 3902 comes
2864 3845 2947 3899 vir
2967 3852 3146 3900 vester
3175 3841 3380 3896 nullam
3411 3841 3490 3895 eis
3513 3853 3676 3893 manu
3699 3851 3798 3891 sua

2215 3945 2370 4000 daret
2411 3941 2809 3996 investituram.
2851 3937 3008 4003 Quod
3054 3936 3195 3992 sicut
3225 3950 3332 3990 non
3363 3933 3480 3988 sine
3519 3929 3636 4000 ejus
3673 3943 3798 4000 pru-

2213 4035 2358 4090 denti
2385 4032 2672 4090 clementia
2695 4031 2776 4084 ita
2809 4043 2913 4083 non
2943 4041 3064 4083 esse
3099 4027 3311 4082 aestimo
3333 4025 3400 4056 '“
3439 4022 3640 4077 factum
3671 4023 3800 4076 abs-

2213 4143 2318 4199 que
2364 4137 2544 4182 vestra
2587 4123 2838 4180 clementi
2875 4120 3182 4192 prudentia.
3221 4117 3396 4172 Tanto
3439 4131 3570 4187 ergo
3601 4116 3666 4170 de
3697 4114 3800 4178 hoc

2211 4227 2394 4274 vestro
2423 4216 2565 4272 bono
2583 4229 2749 4284 opere
2775 4210 3016 4284 gaudeo,
3042 4216 3246 4278 quanto
3273 4221 3369 4261 vos
3405 4207 3597 4274 ambos
3618 4203 3802 4259 verius

2203 4313 2267 4368 'in
2299 4313 2410 4367 Deo
2429 4310 2610 4380 diligo.
2647 4307 2782 4364 Cum
2817 4304 2962 4360 enim
2985 4317 3047 4358 ea
3075 4317 3196 4372 quae
3230 4300 3505 4370 religionis
3529 4297 3800 4354 Christia-

2213 4417 2296 4457 na:
2322 4410 2478 4466 sunt,
2520 4398 2774 4454 concordi
2801 4395 3080 4450 voluntate
3114 4393 3326 4457 facitis,
3365 4405 3526 4445 veros
3555 4405 3651 4444 vos
3679 4403 3801 4444 esse

527 4491 688 4549 nibus
734 4493 824 4562 qui
874 4495 1048 4550 eidem
1097 4491 1286 4550 amicae
1331 4495 1473 4551 bona
1515 4495 1610 4554 .vel
1655 4493 1794 4548 mala
1848 4493 2112 4562 fecerint,
2143 4523 2192 4583 Β
2221 4497 2355 4551 lilios
2385 4494 2642 4550 Ecclesiae
2669 4505 2879 4560 sponsae
2923 4490 3018 4546 Dei
3065 4499 3124 4544 et
3163 4485 3348 4542 ﬁdeles
3395 4485 3688 4538 advocatos
3713 4495 3804 4535 os-

525 4591 688 4654 prout
717 4583 945 4653 quisque
971 4584 1156 4654 gessit,
1191 4585 1472 4640 retribuat.
1515 4583 1616 4653 Qui
1646 4586 1788 4640 hanc
1817 4585 2106 4650 honorant,

527 4689 649 4726 cum
682 4674 767 4728 illa
809 4675 1257 4744 bonorabuntur;
1293 4678 1383 4747 qui
1413 4679 1553 4732 hanc
1581 4677 1926 4745 conculcant,
1953 4687 2107 4732 extra

527 4763 672 4819 illam
702 4765 1194 4834 conculcabuntur;
1225 4768 1318 4839 qui
1367 4769 1504 4823 hanc
1547 4767 1820 4836 exaltant,
1853 4781 1974 4823 cum
2015 4783 2112 4821 an-

526 4857 660 4927 gelis
685 4858 1095 4928 exaltabuntur;
1126 4863 1215 4930 qui
1245 4865 1384 4917 hanc
1410 4863 1736 4931 deprimunt,
1759 4875 1884 4917 cum
1909 4861 2110 4916 daemo-

527 4951 686 5006 nibus
724 4953 1113 5022 deprimentur.
1147 4954 1296 5010 Hanc
1319 4955 1574 5017 exaltate.
1611 4955 1895 5013 honorate.
1927 4951 2114 5008 defen-

528 5044 660 5108 dite,
696 5053 755 5098 ιιι
777 5059 900 5099 cum
931 5046 1016 5101 illa
1049 5055 1102 5101 et
1131 5046 1183 5100 in
1213 5045 1301 5102 illa
1343 5061 1539 5116 sponsa
1589 5045 1700 5101 Deo
1726 5044 2015 5116 placeatis,
2058 5051 2113 5100 et

527 5135 584 5189 in
629 5143 829 5189 interna
879 5137 1212 5193 beatitudine
1259 5155 1382 5193 eum
1433 5138 1520 5191 illa
1570 5137 1845 5206 regnando
1893 5135 2109 5190 vivatis.

525 5227 722 5283 Amen.
751 5225 890 5283 Fiat.

2217 4587 2460 4643 tenditis.
2492 4583 2610 4640 Non
2645 4583 2790 4639 enim
2827 4583 3021 4637 debent
3061 4578 3334 4652 principes
3369 4589 3622 4646 sponsam
3669 4571 3802 4638 Dei,

2219 4687 2445 4734 matrem
2477 4676 2709 4740 suam,si
2731 4671 3026 4730 Christiani
3055 4679 3200 4733 sunt,
3216 4669 3486 4730 aestimare
3503 4663 3607 4720 sibi
3622 4663 3802 4718 datam

2219 4769 2288 4800 '"
2326 4769 2379 4822 in
2423 4765 2822 4822 hmreditariam
2865 4763 3311 4825 dominationem,
3349 4757 3444 4812 sed
3479 4771 3510 4810 a
3553 4754 3664 4808 Deo
3700 4752 3804 4806 sibi

2219 4859 2677 4922 commendatam,
2717 4864 2778 4910 ιιι
2821 4853 2938 4923 ejus
2975 4851 3290 4908 coheredes
3331 4855 3648 4902 mereantur
3683 4856 3806 4897 esse

2220 4953 2286 5007 ad
2323 4948 2679 5004 reverentiam
2721 4957 2774 5001 et
2813 4944 3206 5000 defensionem.
3237 4941 3354 4994 Rex
3383 4937 3528 4993 enim
3561 4939 3714 4996 erat,
3749 4940 3806 4985 et

2219 5044 2348 5114 quid
2401 5042 2468 5096 ad
2503 5039 2778 5112 principes
2823 5036 3094 5109 pertineat
3153 5031 3454 5101 intelligat,
3501 5027 3593 5097 qui
3652 5024 3808 5094 prin-

2219 5138 2370 5206 cipcs
2418 5133 2662 5188 volentes
2693 5129 3063 5186 ltzereditatem
3111 5122 3478 5182 sanctuarium
3529 5119 3625 5175 Dei
3672 5129 3804 5186 pos-

2220 5229 2536 5296 sidere,sic
2584 5223 2982 5281 maledicebat:
3020 5219 3162 5275 Deus
3212 5233 3378 5280 meus,
3421 5227 3554 5282 pone
3595 5209 3715 5264 illos
3745 5215 3806 5260 ut

1831 5403 2060 5460 VARIE.
2103 5399 2510 5462 LECTIONES.

639 5569 707 5602 ³⁸³
766 5569 944 5624 Etiam
991 5569 1034 5624 si
1092 5569 1247 5624 ﬁeret
1299 5584 1376 5623 ms
1426 5568 1590 5622 etiam
1651 5566 1695 5622 si
1752 5561 2192 5635 quotidieflieret

1375 5638 1446 5671 ³⁸⁸
1479 5638 1670 5694 Tutius
1697 5637 1750 5690 in
1771 5631 1858 5688 ins
1889 5633 2080 5688 Tutius
2107 5643 2191 5686 est
2222 5631 2276 5685 in

529 5657 610 5696 ms
639 5641 924 5696 Dominum
960 5639 1262 5694 Iohannem

3279 5547 3347 5580 '°"
3405 5544 3692 5600 Dominum
3732 5541 3802 5596 Ν)

2298 5562 2368 5594 ³³⁸
2400 5561 2531 5616 Cum
2585 5559 2764 5614 eodem
2819 5572 2898 5611 ms
2950 5551 3142 5608 collata
3279 5551 3347 5580 '°"
3405 5551 3692 5600 Dominum
3732 5551 3808 5626 ἧς

2385 5632 2456 5664 δον
2491 5627 2623 5672 Carm
2649 5629 2829 5672 eadem
2859 5642 2938 5672 ms
2978 5621 3171 5672 collata
3281 5617 3350 5648 ³³η
3383 5615 3670 5672 Anselmus
3715 5629 3806 5666 V0-

2385 5632 2456 5664 ³⁰⁹
2491 5627 2624 5684 Cum
2649 5629 2829 5682 eodem
2859 5642 2938 5680 ms
2978 5621 3171 5678 collata

529 5681 1923 5780 c'Tt'i.Eviﬁ-liiiﬁbtéiiiﬁii;'iiiintuavim}?KnEAI'iﬁhs’
2222 5681 2479 5773 indignus
2503 5681 2955 5767 archiepiscopus
2994 5695 3169 5776 dictus
3208 5687 3514 5764 Cantuarios
3581 5683 3649 5715 '“
3681 5681 3802 5744 Non

525 5785 740 5839 azstimo
765 5799 842 5838 ms
869 5797 974 5838 non
1006 5794 1124 5836 esse
1145 5781 1354 5836 trstimo

1463 5781 1531 5812 ³¹²
1563 5778 1678 5832 Sibi
1712 5781 1840 5832 dare
1863 5791 1938 5830 ms
1969 5773 2069 5829 sibi
2097 5773 2274 5830 datam
