4028 6302
257 354 328 414 es
1559 359 1682 416 LIB.
1710 359 1771 416 ιιι
1799 361 2014 419 EPIST.
2050 361 2206 420 Lxu.
2827 348 2829 350 ’
2961 335 2963 337 ’
3447 363 3538 424 at

257 479 463 535 rotant;
513 479 561 522 et
618 467 752 522 sicut
796 467 1043 537 stipulam
1087 477 1207 522 ante
1254 469 1441 537 faciem
1487 472 1622 524 venti
1663 469 1834 539 (I’sal.
1865 476 1916 536 Α
1946 475 2157 528 tuitionl
2205 483 2259 529 et
2299 474 2638 546 dispositioni
2679 489 2774 530 vos
2812 473 3178 529 commisistis.
3225 465 3424 544 Utique
3460 475 3515 530 in

257 575 472 622 Luxu,
540 557 670 628 ﬂ);
739 565 794 612 et
855 572 976 628 quas
1036 558 1284 628 proxime
1343 569 1659 628 sequuntur.
1721 559 1837 616 Non

257 649 374 704 hac
417 648 657 719 loquitur
688 647 888 713 David,
935 648 1028 702 sed
1065 647 1301 718 Spiritus
1337 648 1432 703 Dei
1480 649 1598 705 Filii
1639 650 1850 717 David,

255 741 350 810 qui
398 737 579 795 dixit:
626 739 825 794 Ctzlum
878 749 926 794 et
976 749 1118 796 terra
1172 741 1497 807 transibunt,
1551 745 1702 797 verba
1748 741 1853 798 att-~

254 843 357 888 tem
398 819 525 888 mea
551 850 655 888 non
693 833 985 886 transibunt
1017 833 1234 904 (Matth.
1267 851 1418 899 ntv,
1467 835 1577 904 l5).
1623 833 1702 891 Ad
1742 850 1839 891 vos

255 922 511 992 pertinet,
557 923 854 978 reverenda
893 922 1111 978 domina
1152 932 1207 978 et
1246 923 1356 980 ﬁlia
1394 926 1736 988 charissima,
1779 935 1840 980 ut

255 1014 371 1067 haec
399 1023 455 1067 et
485 1014 787 1084 hujusmodi
811 1015 929 1070 viro
961 1023 1142 1070 vestro
1176 1015 1486 1087 frequenter
1507 1025 1835 1087 opportune,

253 1106 560 1173 importune
595 1105 926 1176 suggeratis;
961 1115 1014 1160 et
1054 1114 1115 1160 ut
1153 1121 1261 1161 non
1301 1107 1578 1161 dominum
1600 1149 1614 1173 ,
1647 1107 1739 1161 sed
1768 1106 1838 1138 ³¹³

248 1197 604 1263 advocatum;
633 1215 737 1252 non
762 1199 1087 1268 privignum,
1114 1199 1208 1253 sed
1239 1199 1404 1254 lilium
1429 1215 1487 1255 se
1507 1200 1697 1270 probet
1716 1214 1838 1255 esse

251 1287 527 1354 Ecclesiae,
559 1289 876 1345 consulatis.
906 1288 1064 1343 Certe
1097 1288 1176 1344 sic
1211 1289 1316 1344 erit
1348 1298 1591 1360 potestas
1618 1289 1837 1358 placens

249 1381 383 1444 Deo,
411 1390 465 1434 et
491 1395 681 1435 omnes
709 1389 859 1434 actus
889 1381 1006 1451 ejus
1034 1381 1332 1452 dirigentur
1358 1384 1426 1437 ab
1448 1396 1534 1446 eo,
1569 1391 1623 1436 et
1647 1392 1834 1437 contra

248 1487 441 1526 omnes
461 1472 579 1543 ejus
612 1472 955 1528 adversarios
985 1473 1091 1528 erit
1120 1489 1242 1528 cum
1269 1488 1355 1528 eo.
1385 1473 1594 1528 Monete
1623 1487 1745 1528 eum
1777 1482 1837 1526 nt

250 1583 413 1637 nunqz
438 1565 853 1639 atnpdversetur
867 1565 968 1638 legi
994 1567 1250 1637 Dei,quia
1271 1567 1362 1637 qui
1383 1567 1458 1621 illi
1473 1567 1671 1622 subditi
1687 1577 1831 1632 sunt,

253 1658 554 1727 Scriptura,
595 1673 715 1728 quae
753 1673 860 1713 non
895 1659 1186 1724 mentitur,
1222 1660 1418 1713 asserit
1461 1658 1581 1715 illos
1620 1658 1834 1712 indubi-

253 1757 432 1803 tanter
454 1749 705 1804 inimicos
729 1757 848 1805 esSe
871 1751 986 1804 Dei.
1013 1749 1090 1804 Ne
1120 1750 1307 1804 credat
1329 1749 1614 1805 consilium
1646 1759 1833 1804 contra

1945 567 2047 620 hoc
2085 564 2184 635 ipsi
2230 565 2408 636 petitis
2447 575 2635 620 contra
2664 565 2828 622 Deum
2865 579 3028 635 quam
3057 571 3246 618 contra
3279 571 3375 618 vos
3397 563 3514 618 vio-

1943 657 2073 712 lenti
2107 657 2345 719 luerunt,
2393 665 2449 711 et
2487 672 2586 712 vos
2622 659 2796 728 magis
2824 658 2892 712 ad
2934 657 3101 712 Deum
3151 655 3427 710 clamastis
3459 663 3538 710 ut?

1941 749 2207 819 aspiceret
2229 757 2282 803 et
2308 747 2576 818 judicaret
2604 751 2745 817 quod
2779 749 2853 802 illi
2884 757 3070 803 contra
3099 763 3222 801 eum
3254 748 3408 802 vobis
3437 749 3517 800 in-

1934 843 2080 912 juste
2119 842 2386 898 fecerunt.
2410 841 2527 896 Non
2558 840 2858 902 miremini,
2897 855 3072 909 neque
3113 839 3251 893 ultra
3297 838 3516 892 modum

1941 937 2188 991 turbetur
2232 950 2326 990 cor
2363 941 2624 997 vestrum,
2671 933 2716 986 si
2763 931 3136 986 tribulationes
3176 933 3228 985 in
3270 932 3371 985 hac
3405 931 3517 983 vita

1938 1029 2208 1101 patimini,
2238 1029 2363 1099 quia
2396 1028 2656 1098 scriptum
2685 1034 2769 1081 est
2797 1040 2811 1079 :
2844 1023 3060 1094 Oportet
3085 1039 3176 1076 nos
3200 1039 3292 1092 per
3319 1022 3517 1076 multas

1939 1118 2301 1175 tribulationes
2334 1119 2553 1173 introire
2594 1117 2647 1169 in
2683 1131 2896 1186 regnum
2942 1113 3042 1167 Dei
3074 1111 3211 1182 (Act.
3252 1128 3370 1176 xw,
3402 1112 3518 1182 2|).

1939 1213 2006 1268 Et
2034 1213 2265 1283 gaudere
2293 1212 2551 1266 debemus
2591 1224 2714 1263 cum
2746 1205 3004 1276 Apostolo
3041 1205 3094 1259 in
3140 1204 3517 1267 tribulatione,

1938 1307 2154 1359 scientes
2182 1303 2319 1373 quod
2347 1301 2614 1355 tribulatio
2644 1299 2948 1370 patientiam
2970 1305 3234 1367 operatur,
3260 1295 3515 1364 patientia

1937 1394 2318 1464 probationem,
2347 1393 2584 1462 probatio
2605 1407 2720 1445 vero
2747 1406 2909 1460 spent,
2931 1403 3045 1459 spes
3069 1397 3240 1446 autem
3264 1403 3366 1440 non
3396 1402 3521 1440 con-

1939 1487 2110 1555 fundit
2143 1484 2320 1557 (Rom.
2351 1500 2406 1549 v,
2435 1484 2511 1553 6).
2547 1485 2613 1537 Et
2639 1499 2863 1552 sperare
2891 1481 3100 1537 debetis
3132 1481 3183 1534 in
3216 1480 3354 1541 Deo,
3392 1483 3520 1548 quia

1938 1576 2114 1631 ﬁdelis
2149 1581 2266 1640 cst,
2304 1589 2405 1627 nec
2450 1573 2685 1642 patietur
2727 1573 2920 1628 tentari
2969 1585 3131 1641 supra
3175 1583 3336 1640 quam
3376 1567 3533 1622 ferre

1939 1669 2184 1738 potestis.
2229 1666 2324 1721 Dei
2371 1666 2577 1736 gratia,
2615 1681 2719 1718 non
2756 1664 3000 1732 patimini
3041 1672 3262 1733 propter
3303 1660 3521 1728 ali,uod

1940 1762 2182 1824 crimen,
2212 1767 2476 1828 quantum
2517 1759 2584 1812 ad
2629 1757 2924 1811 humanum
2963 1756 3200 1824 pertinet
3231 1753 3526 1823 judicium,

250 1854 283 1893 ε
321 1840 535 1893 usilinm
569 1841 826 1909 Dei,quia
857 1839 1109 1893 Dominus
1135 1841 1371 1909 reprobat
1403 1839 1834 1909 consilidprinci-
1869 1841 1910 1897 Β
1940 1852 2032 1906 sed
2063 1859 2284 1921 propter
2322 1849 2626 1918 justitiam;
2778 1863 2907 1901 vero
2939 1861 3098 1916 super
3134 1861 3230 1900 vos
3270 1861 3329 1900 se
3374 1845 3523 1915 inge-

250 1946 394 1995 pum,
442 1930 716 1984 consilium
767 1941 940 1982 autem
990 1928 1203 1981 Domini
1248 1937 1421 1984 manet
1468 1930 1523 1982 in
1584 1938 1834 1982 a’ternum

254 2019 427 2081 (Psal.
458 2037 634 2085 χλιιι,
666 2021 782 2089 10);
805 2029 877 2083 et,
903 2021 1162 2087 sapientia
1191 2020 1350 2086 hujus
1379 2019 1578 2087 saeculi,
1608 2019 1835 2073 stultitia

248 2121 327 2164 est
371 2111 513 2178 apud
554 2110 718 2164 Deum
763 2109 818 2179 (I
857 2109 980 2163 Cor.
1023 2125 1103 2173 ιιι,
1150 2110 1259 2179 19).
1305 2108 1600 2163 Consilium
1653 2118 1832 2162 autem

251 2201 461 2253 Domini
493 2208 572 2254 est
603 2213 754 2253 sacra
787 2197 1100 2266 Scriptura,
1131 2206 1185 2251 et
1211 2210 1398 2252 eorum
1435 2198 1631 2266 quibus
1657 2197 1831 2252 dixit:

247 2288 353 2355 Qui
379 2307 466 2346 vos
490 2290 664 2352 audit,
692 2306 772 2342 me
805 2290 955 2343 audit
987 2288 1138 2360 (Luc.
1170 2304 1235 2353 x,
1262 2287 1379 2360 16);
1409 2299 1462 2343 et
1484 2289 1550 2343 ad
1573 2287 1838 2342 Christia-

243 2397 374 2435 nam
406 2382 482 2435 rel
505 2383 715 2451 gionem
747 2382 1014 2436 instituta.
1049 2381 1171 2437 Haec
1194 2381 1265 2414 ³¹⁴
1301 2390 1534 2444 moneat,
1567 2381 1680 2435 haec
1711 2394 1835 2434 con-

239 2467 417 2534 sulat,
465 2485 624 2540 rogo,
669 2470 789 2526 viro
837 2487 936 2526 suo
977 2473 1252 2528 comitissa
1293 2471 1622 2538 Clementia,
1679 2480 1737 2526 ιιι
1779 2477 1836 2525 et

235 2561 252 2615 i
280 2561 399 2615 lum
427 2571 481 2615 et
509 2561 653 2615 illam
683 2563 750 2616 ad
794 2579 1018 2632 regnum
1061 2564 1324 2617 caelorum
1363 2563 1611 2618 sublevet
1653 2564 1834 2618 divina

240 2650 554 2704 clementia.
581 2651 674 2705 Sic
696 2651 810 2704 fiat.
840 2653 1031 2707 Amen.

804 2760 1134 2816 EPISTULA
1177 2761 1290 2816 Lx.
1681 2827 1686 2835 D

249 2861 482 2902 ANSELMI
511 2865 579 2903 AD
619 2865 907 2921 GERABDUM
946 2866 1320 2906 EBORACENSI'ZM
1361 2865 1832 2906 Αιιειιιιεριεςονυιιι.

253 2936 323 2991 Se
355 2955 458 2992 non
487 2941 754 3009 scripsisse
783 2939 984 2994 litteras
1018 2942 1153 2995 unde
1178 2942 1382 3012 Anglia:
1412 2944 1639 3012 episcopi
1669 2943 1837 3012 ipsum

822 3012 1256 3064 criminabantur.

319 3099 634 3168 ANSELMUS,
682 3116 874 3157 servus
933 3102 1184 3158 Ecclesim
1239 3103 1675 3166 Cantuariensis,
1727 3105 1836 3161 Gs-

248 3291 379 3339 tem.

317 3375 576 3440 Quamvis
609 3393 694 3434 me
732 3379 892 3434 talem
923 3379 1128 3434 nesciat
1163 3393 1280 3434 mea
1326 3383 1655 3436 conscientia
1698 3398 1834 3451 qua-

243 3461 348 3517 lem
388 3481 475 3519 me
511 3467 685 3538 pingit
723 3479 901 3523 vestra
939 3469 1217 3538 prudentia
1240 3509 1255 3536 ,
1297 3478 1477 3526 tamen
1529 3487 1633 3526 non
1664 3472 1834 3528 debeo

241 3567 363 3607 esse
396 3555 663 3626 ingratus,
687 3559 811 3626 quia
846 3559 985 3612 bona
1015 3574 1136 3627 qure
1165 3575 1250 3614 me
1276 3560 1478 3624 dicitis,
1507 3577 1668 3632 quam
1699 3577 1831 3633 erga

240 3657 328 3694 me
363 3643 602 3710 habetis,
630 3648 782 3702 vobis
813 3648 1102 3716 persuadet
1136 3649 1534 3707 benevolentia.
1569 3651 1723 3719 Quod
1747 3667 1834 3706 me

238 3729 492 3790 hortatur
539 3745 719 3792 vestra
761 3739 978 3794 dilectio
1015 3756 1082 3796 ne
1107 3741 1280 3812 patiar
1323 3756 1497 3813 neque
1535 3741 1694 3796 velim
1741 3741 1834 3796 ve-

235 3831 408 3880 stram
445 3838 499 3882 et
520 3829 792 3885 sociorum
817 3839 1124 3893 vestrorum
1152 3817 1535 3888 contumeliam
1555 3875 1568 3900 ,
1603 3833 1833 3888 libenter

235 3916 468 3985 accipio,
491 3935 597 3975 nec
625 3923 800 3977 sentio
827 3939 910 3978 me
931 3924 1222 3993 aliquando
1246 3939 1366 3979 eam
1398 3935 1490 3979 aut
1516 3925 1832 3993 quaesivisse

236 4019 332 4064 aut
364 4013 628 4068 voluisse.
649 4014 793 4092 Nam
824 4015 1036 4074 litteras
1063 4017 1198 4079 illas,
1230 4018 1297 4071 de
1324 4033 1553 4087 quarum
1583 4017 1827 4086 publica-

238 4100 386 4155 tione
409 4104 515 4158 hoc
541 4105 828 4160 assumatis
859 4107 1184 4176 contigisse,
1211 4123 1312 4162 nec
1339 4123 1438 4178 ego
1478 4107 1828 4176 transcripsi,

234 4202 336 4242 nec
360 4195 806 4250 transcribcndas
828 4197 985 4251 alicui
1009 4198 1242 4261 ostendi,
1263 4211 1362 4250 nec
1385 4196 1577 4265 aliquis
1600 4211 1695 4265 per
1722 4211 1828 4252 mc.

237 4275 483 4349 Denique
507 4298 632 4337 cum
663 4285 942 4339 vobiscum
969 4285 1190 4354 loquar”,
1224 4285 1438 4340 conlido
1471 4286 1521 4337 itt
1564 4285 1672 4353 Deo
1704 4287 1830 4355 quia

218 4370 460 4426 omnino
515 4389 608 4430 me
658 4376 712 4431 in
757 4377 861 4431 hac
915 4392 976 4433 re
1034 4375 1412 4447 inculpabilem
1471 4359 1828 4448 cognoscetis.

234 4456 380 4515 Vtile.

777 4557 1108 4615 EPISTOLA
1159 4557 1295 4614 LXI.

483 4659 721 4701 ANSELHI
764 4663 829 4701 AD
869 4663 1145 4703 ιιοΝΑειιοε
1182 4663 1228 4702 S.
1269 4663 1559 4704 EADHUNDI.

224 4720 526 4793 “ilicetum
547 4738 936 4792 monachorum
949 4738 1019 4861 (in
1047 4739 1282 4793 adversis
1313 4740 1662 4793 constantiam
1693 4735 1829 4809 prtu-

987 4820 1112 4861 icat.

987 4820 1112 4862 tcat.

300 4909 608 4984 AusELnus,
640 4920 1083 4989 archiepiscopus
1108 4919 1438 4980 Cantuariat,
1471 4918 1733 4973 fratribus
1767 4924 1825 4972 et

227 4994 354 5055 ﬁliis
407 5007 756 5069 charissimis
803 5013 1084 5068 monachis
1135 5012 1372 5068 coanobii
1431 5011 1616 5065 Sancti
1688 5009 1831 5064 Ead-

231 5095 439 5158 tnundi,
472 5102 736 5170 salutem,
763 5112 818 5159 et
849 5104 904 5158 in
931 5104 1280 5160 tribulatione
1311 5101 1706 5159 misericordia:
1733 5101 1829 5154 Dei

227 5185 685 5250 consolationem.

297 5267 486 5330 Laudo
531 5295 631 5338 vos
666 5293 726 5340 et
757 5287 967 5356 gaudeo
1007 5284 1133 5356 quia
1179 5284 1326 5340 nulla
1371 5283 1630 5339 violentia
1673 5280 1826 5335 vobis

231 5355 543 5428 violentiam
585 5355 960 5448 ingerentibus
1003 5355 1304 5442 restitistis,
1356 5379 1450 5434 sed
1499 5377 1668 5432 solius
1722 5373 1816 5427 Dei

1939 1949 2067 1997 runt
2097 1951 2316 2010 propter
2362 1954 2513 1993 suam
2562 1936 3078 2008 concupiscentiam.
3125 1934 3260 1990 Cum
3304 1934 3522 1990 stabitis

1938 2034 2144 2103 pariter
2167 2041 2292 2086 ante
2321 2029 2559 2083 tribunal
2588 2028 2827 2094 Christi,
2856 2026 2948 2080 ubi
2983 2026 3204 2094 recipiet
3229 2023 3526 2094 unusquis-

1937 2141 2042 2195 que
2069 2132 2229 2193 prout
2253 2123 2418 2192 gessit
2445 2122 2498 2174 in
2534 2135 2795 2191 corpore,
2825 2120 2940 2173 sive
2980 2119 3178 2172 bonum
3201 2159 3216 2179 ,
3249 2117 3363 2172 sive
3402 2132 3519 2170 ma-

1938 2217 2065 2279 lum,
2094 2215 2258 2284 liquet
2280 2212 2444 2282 390
2463 2211 2587 2281 quia
2617 2211 2897 2264 vobiscum
2939 2218 3023 2262 est
3056 2208 3107 2262 in
3147 2208 3248 2261 hac
3278 2221 3334 2260 re
3359 2206 3522 2274 justi-

1939 2310 2036 2372 tia,
2073 2323 2194 2362 cum
2226 2306 2332 2360 illis
2361 2313 2445 2359 est
2477 2303 2704 2357 malitia.
2743 2301 2798 2357 Si
2845 2301 2984 2355 Deus
3015 2299 3129 2353 haec
3165 2298 3428 2352 discernit
3469 2298 3526 2349 in

1938 2400 2170 2461 actione,
2194 2398 2380 2466 utique
2401 2396 2674 2449 discernet
2699 2401 2752 2447 et
2791 2392 2842 2446 in
2879 2389 3256 2444 retributione.
3286 2385 3523 2442 Consule

1936 2495 2100 2548 etiam
2133 2493 2365 2545 vobisut
2397 2498 2548 2559 pater
2577 2487 2702 2540 ﬁl.is
2727 2526 2742 2550 ,
2789 2493 3060 2555 quatenus
3094 2482 3209 2538 hare
3235 2495 3353 2549 qure
3381 2479 3520 2549 pati-

1939 2583 2069 2638 mini
2107 2580 2380 2651 imputetis
2412 2577 2650 2648 peccatis
2689 2575 2884 2629 vestris
2909 2571 3207 2627 secundum
3249 2567 3342 2622 Dei
3377 2566 3524 2634 judi-

1939 2677 2105 2736 cLum,
2151 2680 2209 2724 ut
2253 2668 2624 2738 unusquisque
2664 2676 2904 2719 vestrum
2945 2660 3202 2716 discutiat
3239 2657 3523 2714 conscien-

1941 2761 2071 2813 tiam
2115 2774 2286 2814 suam,
2330 2767 2385 2811 et
2426 2756 2725 2810 satisfaciat
2772 2754 2882 2807 Deo
2923 2767 3018 2820 per
3057 2747 3306 2803 effectum
3349 2747 3524 2816 paeni-

1942 2852 2122 2907 tentia:
2148 2860 2201 2904 et
2227 2848 2643 2904 confessionem.
2675 2845 2822 2899 Solet
2857 2843 3000 2894 enim
3043 2840 3182 2893 Deus
3224 2835 3524 2891 multitudi-

1939 2957 2058 2996 nem
2088 2948 2309 3009 propter
2329 2937 2540 3006 culpam
2565 2947 2860 3005 paucorum
2884 2927 3522 2998 ﬂagellarc.Quaproptcr
3598 2928 3613 2941 °

1938 3030 2308 3100 unusquisque
2338 3028 2480 3097 quod
2516 3024 2879 3082 communiter
2931 3019 3176 3091 patimini
3209 3017 3307 3071 s‘bi
3351 3016 3520 3084 impu-

1941 3137 2034 3190 tet,
2060 3138 2112 3182 et
2143 3137 2402 3195 quantum
2438 3125 2492 3177 in
2515 3123 2632 3192 ipso
2659 3128 2760 3179 est,
2794 3115 3134 3172 clementiam
3169 3112 3262 3168 Dei
3302 3126 3398 3180 pcr
3436 3127 3521 3164 sa—

248 3206 459 3257 ιιΑιιιεο,
500 3195 796 3250 reverenda
836 3196 1243 3268 archiepiscopo
1279 3197 1641 3264 Eboracensi,
1682 3199 1830 3254 salu-
1859 3184 1904 3244 (Σ

1939 3220 2294 3276 tislactionem
2325 3232 2488 3286 super
2530 3231 2588 3270 se
2623 3225 2677 3269 et
2715 3226 2879 3282 super
2919 3208 3052 3262 alios
3103 3206 3333 3260 invocet.
3381 3203 3522 3257 Deus

1934 3317 2076 3370 enim
2111 3313 2283 3369 dicit:
2333 3309 2668 3366 Revertimini
2705 3307 2773 3361 ad
2817 3321 2918 3372 me,
2961 3312 3007 3356 et
3051 3317 3142 3370 ego
3185 3308 3414 3352 revertar
3451 3297 3520 3349 ad

1933 3425 2021 3462 vos
2046 3406 2303 3476 (Malach.
2347 3420 2439 3470 ιιι,
2470 3402 2548 3472 7).
2581 3399 2936 3465 Omnipotens
2964 3394 3105 3448 Deus
3135 3407 3231 3445 sua
3264 3405 3359 3445 vos
3396 3403 3522 3456 pro-

1941 3499 2180 3554 tectione
2209 3505 2266 3552 et
2303 3495 2617 3552 defensione
2647 3491 2859 3554 visitet,
2896 3496 2950 3542 et
2987 3483 3238 3540 clementi
3277 3481 3520 3536 consula.

1937 3590 2080 3644 tione
2111 3588 2366 3642 laetilicet.
2391 3586 2587 3640 Amen.

2408 3694 2746 3752 EPISTULA
2785 3692 2923 3748 LXII
2965 3693 3056 3744 ³³⁵.

2131 3826 2354 3866 ωιεεωιι
2394 3823 2461 3862 Αἰ)
2500 3820 2823 3860 Ψιιιειωιωι
2861 3813 3310 3857 Αιιαιιιῡιιιοοδωι.

1935 3929 2009 3983 De
2049 3944 2150 3980 non
2195 3921 2505 3988 evulgandis
2559 3920 2705 3974 Actis
2757 3917 2964 3970 concilii
2996 3909 3519 3988 Londinensisunisi

2004 3977 2148 4059 prius
2179 3977 2241 4048 et
2271 3977 2460 4046 itcrum
2497 3990 2750 4056 epismpis
2782 3987 2879 4059 illa
2910 3981 3327 4059 communicarit.
3365 3977 3521 4048 Capi-

1956 4092 1958 4094 τ
2004 4051 2232 4119 talorum
2262 4064 2471 4116 interim
2497 4051 2778 4113 sententias
2808 4055 3014 4124 aliquas
3037 4051 3284 4119 suggerit.

2009 4178 2293 4230 ANSELMUS
2346 4171 2814 4239 archiepiscopus,
2877 4165 3182 4219 WILLI-ztuo
3246 4159 3520 4235 archidia-

1933 4283 2092 4333 couo,
2125 4265 2319 4320 dilecto
2344 4279 2462 4327 suo,
2495 4261 2723 4317 salutem
2753 4267 2806 4314 et
2833 4256 3286 4314 benedictionem.

2007 4359 2315 4415 Sententias
2345 4355 2708 4425 capitulorum
2737 4349 2952 4406 concilii
2976 4348 3250 4420 expositas
3281 4346 3403 4400 uolo
3427 4359 3520 4398 voc

1932 4453 2014 4509 bis
2043 4461 2134 4507 aut
2162 4450 2320 4506 alicui
2353 4451 2419 4503 ad
2465 4461 2703 4518 przesens
2745 4445 2990 4505 mittere,
3015 4441 3164 4511 quia,
3206 4440 3421 4506 quando
3465 4436 3517 4489 in

1853 4524 1908 4580 ’Β
1935 4547 2048 4614 ipso
2092 4541 2321 4598 concilio
2351 4539 2609 4609 exposita:
2639 4543 2766 4589 sunt
2788 4576 2801 4598 ,
2835 4548 2939 4587 non
2968 4539 3260 4600 potuerunt
3291 4529 3358 4581 ad
3409 4526 3521 4596 ple-

1883 4643 1890 4660 ‘
1932 4653 2059 4692 num
2093 4645 2148 4689 et
2176 4632 2414 4702 perfecte
2445 4627 2662 4684 recitari
2683 4668 2696 4690 ,
2724 4631 3009 4696 propterea
3037 4621 3163 4690 quia
3194 4618 3374 4673 subito
3400 4617 3521 4668 sine

1930 4725 2400 4797 praemeditatione
2463 4736 2527 4775 ac
2570 4715 2895 4787 competenti
2953 4712 3319 4770 tractatione.
3378 4706 3521 4760 sicut

1929 4825 2264 4890 oportuerat,
2293 4823 2420 4868 sunt
2443 4813 2664 4882 prolatae
2692 4810 2780 4862 ⁸η.
2805 4807 2962 4862 Unde
2988 4803 3234 4873 quasdam
3269 4797 3522 4852 videntur

1929 4909 2200 4972 addenda,
2243 4914 2299 4960 et
2337 4904 2564 4959 forsitan
2601 4901 2844 4971 quzcdam
2889 4893 3177 4952 mutanda,
3213 4889 3358 4960 quod
3407 4903 3513 4942 non

1939 5002 2042 5058 nisi
2086 4996 2360 5055 communi
2402 5009 2671 5050 consensu
2719 4987 3162 5056 coepiscoporum
3211 4990 3517 5037 nostrorum

1930 5093 2051 5146 volo
2079 5089 2281 5144 facere.
2305 5085 2440 5142 Volo
2466 5098 2596 5153 ergo
2631 5095 2726 5136 eas
2753 5078 2995 5142 dictare,
3033 5083 3089 5130 et
3123 5074 3275 5145 prius
3307 5071 3513 5127 eisdem

1928 5183 2199 5255 episc0pis
2225 5179 2535 5241 ostendere,
2557 5186 2679 5228 cum
2704 5170 2883 5241 primo
2900 5167 3516 5235 convenerimns,quam

1927 5290 2026 5345 per
2058 5270 2326 5327 Ecclesias
2353 5265 2556 5335 Anglia:
2585 5263 2804 5317 dictata:
2834 5270 2884 5314 et
2919 5258 3180 5328 exposita:
3207 5258 3514 5311 mittantur.
3550 5281 3553 5284 -

1929 5363 2160 5419 Nomina
2198 5372 2380 5415 tamen
2413 5371 2594 5411 rerum
2642 5353 2709 5409 de
2747 5352 2946 5424 quibus
2981 5350 3053 5406 ibi
3092 5347 3254 5404 locuti
3298 5360 3516 5410 smnus,

1551 5565 1779 5622 VARLE
1813 5561 2214 5621 LECTIONES.

305 5690 374 5769 Ψ
405 5694 474 5769 με
502 5717 607 5762 nou
653 5713 826 5766 solum
859 5711 1141 5769 Domimnn
1172 5715 1264 5768 sed
1300 5730 1376 5765 ms
1407 5721 1460 5766 et
1488 5720 1546 5763 nt
1593 5725 1699 5763 non
1737 5709 2018 5764 Dominum
2045 5705 2138 5761 sed

1544 5782 1614 5814 ⁸¹⁶
1653 5780 1868 5837 Prolata
1898 5796 1972 5833 nts
2003 5777 2225 5845 prolatae

237 5760 370 5812 tuta.
406 5765 529 5826 lltcc
638 5781 706 5813 ³³⁵
739 5784 866 5838 Cum
897 5760 1427 5840 eodem

2252 5704 2321 5742 ait
2350 5700 2708 5774 Religionem.
2737 5695 2862 5754 limo
2887 5709 2964 5748 ms
2994 5687 3326 5760 Religionem
3355 5684 3482 5742 iusti
3507 5715 3512 5724 -
