4028 6302
293 347 385 410 97'
1642 344 1765 400 LIB.
1794 342 1878 408 Ill,
1911 342 2125 399 EPIS'i.
2168 343 2343 398 LXIII.
3490 334 3564 395 98

295 461 558 529 concilio,
588 459 926 526 servabitur,
962 458 1087 530 quia
1124 458 1362 529 qaandin
1393 471 1485 513 cas
1515 456 1694 529 aliqua
1720 473 1878 514 occa-
1908 448 1958 506 Δ

296 554 450 607 sione
478 551 768 616 tenebunt,
798 565 899 607 nec
931 549 1125 605 missas
1152 548 1527 617 celebrabant,
1555 565 1652 606 nec
1682 549 1881 622 legales

297 652 480 710 erunt,
515 644 608 699 sed
641 652 846 699 tantum
869 657 1040 712 usque
1067 642 1133 697 ad
1156 641 1370 697 initium
1417 641 1877 711 Quadragesimar,

297 734 343 787 si
373 733 661 787 habuerint
688 734 778 803 qui
810 748 907 804 pro
935 732 1040 788 illis
1070 741 1220 788 caste
1250 732 1302 786 in
1334 731 1581 788 ecclesiis
1609 733 1877 798 serviant,

298 822 574 879 beneficiis
601 824 843 879 ecclesia:
870 840 977 878 non
1009 822 1383 894 privabantur.
1418 823 1538 878 Illos
1574 833 1753 877 autem
1787 824 1881 893 qui

298 916 642 986 presbyteros
682 916 1015 985 propinquas
1065 930 1192 970 suas
1235 914 1508 969 dimittere
1561 915 1877 982 prohibent,

299 1004 441 1059 sicut
483 1020 575 1057 eos
614 1006 703 1074 qui
754 1014 946 1060 contra
983 1006 1150 1060 Deum
1179 1014 1235 1061 et
1271 1014 1459 1061 contra
1499 1004 1880 1059 Christianita-

297 1103 406 1150 tem
436 1105 621 1166 agunt,
654 1097 892 1167 arguite,
918 1106 971 1152 et
996 1106 1163 1151 totum
1192 1105 1473 1167 peceatum
1503 1096 1879 1152 fornicationis

295 1186 737 1255 presbyterorum
789 1186 897 1240 illis
933 1186 1306 1257 imputandum
1339 1187 1639 1251 ostendite,
1686 1198 1738 1240 et
1786 1202 1885 1242 no-

295 1284 468 1328 stram
498 1283 553 1329 et
590 1275 830 1330 omnium
870 1276 938 1308 ³¹⁹
970 1278 1416 1348 coepiscoporum
1455 1288 1763 1331 nostrorum
1795 1291 1885 1329 ex-

296 1365 842 1421 communicationem
867 1368 970 1422 illis
992 1369 1313 1438 promittite.

2445 453 2776 510 EPISTOLA
2816 449 2975 508 LXIII
3009 446 3100 507 m.

2168 581 2389 622 ANSELMI
2431 582 2497 620 AD
2534 580 2876 622 BURGUNDIUI
2915 578 2983 619 ET
3021 575 3237 619 UXOREM
3277 573 3397 614 EJl'S

2627 650 2915 691 RICHERAM.

1984 745 2053 803 Ut
2100 748 2293 802 futura:
2336 747 2454 801 vita:
2494 750 2595 801 sint
2628 764 2915 814 memores,
2953 757 3003 802 et
3038 747 3107 803 ad
3150 744 3294 801 iliius
3332 757 3565 798 amarent

2430 835 2538 871 sese
2565 818 2784 871 invicem
2812 819 3119 872 accendant.

2055 907 2369 971 Aaseuws,
2422 924 2611 963 servus
2663 906 2917 963 Ecclesiae
2962 906 3404 970 Cantuariensis,
3450 903 3567 960 suis

1983 999 2321 1055 cbarissimis
2344 999 2675 1064 BURGUNDIO,
2701 1008 2756 1053 et
2786 997 2937 1052 uxori
2965 997 3081 1067 ejus
3115 996 3394 1061 Βιειιειυε,
3425 994 3569 1051 salu-

1985 1100 2115 1154 tem,
2145 1100 2198 1145 et
2223 1090 2655 1145 benedictionem
2682 1089 2795 1144 Dei.

2056 1179 2300 1248 Qualiter
2328 1195 2414 1235 me
2442 1180 2668 1234 habeam
2697 1178 2921 1251 nuntius
2943 1186 3121 1232 vester
3149 1175 3340 1231 melius
3370 1174 3569 1246 poterit

1985 1273 2144 1328 vobis
2194 1272 2373 1328 verbis
2418 1273 2702 1328 ostendere
2744 1287 2906 1342 quam
2956 1285 3053 1340 ego
3107 1270 3366 1324 scribere.
3398 1267 3566 1321 'Nihil

1990 1374 2173 1419 autem
2201 1375 2405 1419 tantum
2430 1381 2515 1419 me
2543 1364 2773 1421 delectat
2801 1364 3061 1419 mandare
3089 1362 3242 1417 vobis
3263 1401 3277 1427 ,
3305 1369 3570 1431 quantum

1601 1479 1833 1535 VAle
1869 1476 2275 1535 LECTIONES.

368 1567 436 1600 ²¹⁹
480 1578 534 1625 et
564 1578 802 1627 nostram
829 1575 1068 1629 omnium
1093 1592 1168 1629 ms
1196 1584 1250 1629 et
1274 1584 1515 1629 nostram
1539 1583 1590 1629 et
1617 1574 1857 1628 omnium
1936 1573 2005 1604 ³¹⁰
2036 1570 2167 1625 Cum
2197 1571 2372 1624 eodem
2401 1585 2478 1622 ms
2519 1568 2707 1622 collata
2758 1578 2804 1622 et
2836 1585 2951 1622 cum
2991 1567 3141 1622 Edil.
3175 1563 3335 1620 Gotr't.
3373 1571 3421 1618 ct
3451 1560 3567 1618 Cof.

306 1638 465 1693 1573.

1542 1730 1819 1786 IO.\.\'.\'IS
1858 1729 2133 1784 PICARDI
2160 1727 2392 1783 ΝΟΤίΕ.

294 1823 534 1895 episcOpi
555 1823 877 1891 Moguntiui,
902 1840 1022 1893 qua:
1045 1832 1227 1895 exstat
1256 1822 1395 1889 apttd
1426 1821 1890 1895 Blalttteslutricns.
1929 1829 1969 1886 Β
1990 1820 2266 1895 Caeterum
2299 1822 2441 1895 quod
2474 1820 2835 1895 Ethelnvodns
2862 1820 2915 1874 in
2940 1819 3243 1895 Wintonia,
3270 1821 3333 1895 id
3351 1820 3416 1895 8.Δ
3435 1820 3573 1895 05n-

296 1894 395 1965 lib.
426 1909 442 1946 ι
473 1892 540 1949 de
574 1896 790 1964 regibus
816 1892 1064 1965 Anglor.,
1085 1893 1200 1965 “fol.
1242 1894 1328 1957 l4,
1355 1907 1475 1965 pag.
1498 1893 1573 1965 β.
1626 1892 1890 1965 “egeritis

299 1961 737 2018 llonedenus—ad
780 1961 982 2019 annum
1009 1963 1114 2017 975
1144 1963 1416 2031 vituperat
1446 1962 1713 2023 All'ernm,
1758 1961 1891 2015 Mer-

303 2035 515 2087 ciorum
548 2034 868 2102 principem,
908 2042 963 2087 et
1002 2033 1209 2101 aliquot
1230 2032 1434 2101 Anglia?
1464 2041 1766 2101 magnates,
1798 2033 1885 2098 qui

299 2102 622 2156 clericorum
665 2114 1023 2158 uxoratornm
1060 2103 1380 2157 muneribus
1418 2102 1599 2155 allecti
1653 2102 1885 2169 expelle-

299 2174 430 2243 bant
468 2173 666 2243 probos
709 2175 1007 2228 monachos
1044 2189 1108 2228 ex
1139 2172 1405 2232 ecclesiis,
1437 2172 1651 2243 quibus
1674 2171 1888 2243 fuerant

296 2240 483 2308 ejecti’
515 2243 915 2298 incontinentes
942 2243 1150 2297 clerici.
1197 2242 1438 2308 Quorum
1490 2240 1747 2294 nobilium
1804 2242 1886 2293 fu-

296 2311 436 2366 renti
469 2313 712 2366 avaritiae
739 2314 1003 2381 intpietati
1050 2311 1283 2365 viriliter
1311 2312 1629 2365 restiterunt
1665 2311 1888 2364 I'Itlteltt-

295 2382 493 2444 vinus,
568 2381 903 2437 Orientalum
957 2382 1257 2452 Anglorum
1308 2382 1417 2434 (lux
1474 2381 1888 2452 honestissimus

297 2461 459 2521 atque
485 2453 883 2521 integerrimus,
907 2468 1006 2506 nec
1029 2450 1134 2506 non
1160 2451 1279 2521 ejus
1304 2465 1593 2520 germanus
1609 2450 1887 2521 Elfttoldtts

296 2520 760 2591 Britbnotbusqne
806 2537 1010 2577 comes.
1046 2520 1200 2576 Idem
1241 2520 1567 2591 llouedenus
1599 2536 1743 2575 anno
1780 2520 1884 2576 957

299 2591 353 2643 in
393 2591 618 2657 Eadgari
650 2590 746 2661 seu
785 2592 979 2657 Etlgari
1020 2592 1163 2661 regis
1194 2592 1385 2644 laudes
1419 2590 1657 2645 breviter
1690 2606 1888 2644 excur-

300 2674 429 2712 rens
462 2661 536 2711 ait
567 2673 581 2710 :
641 2680 658 2710 ι
695 2660 1009 2715 Destructas
1045 2660 1309 2715 ecclesias
1350 2661 1629 2713 renovavit
1659 2668 1713 2713 et
1744 2662 1883 2713 dita-

302 2728 402 2793 vit,
437 2727 663 2795 abjectis
698 2730 861 2784 etiam
892 2730 1155 2784 emnobiis
1192 2730 1512 2783 clericorum
1559 2728 1885 2783 scholariutn

300 2799 558 2862 venenis,
602 2816 619 2848 ι
654 2808 760 2852 etc.
793 2799 1049 2866 Quantam
1079 2814 1208 2852 vero
1244 2802 1357 2853 luet:
1388 2799 1497 2852 sint
1524 2813 1749 2862 venena,
1784 2800 1887 2853 nisi

300 2868 493 2938 stupri,
545 2868 800 2922 adulterii
852 2879 906 2923 et
958 2870 1354 2932 fornicationis,
1402 2884 1523 2938 qua:
1570 2869 1773 2923 sensim
1821 2870 1887 2923 ad

298 2937 487 3008 intima
556 2939 736 2993 cordis
799 2948 1064 3008 serpunt,
1121 2949 1176 2994 et
1222 2937 1480 3004 animant,
1515 2940 1660 2992 omni
1701 2940 1888 3008 gratia:

295 3005 513 3078 tlgivinte
540 3008 720 3078 calore
776 3005 1048 3078 expulso,
1108 3008 1419 3063 suﬂ‘ocant?
1488 3005 1781 3078 lugu'pb'us
1830 3010 1884 3064 in

297 3075 458 3150 llist..
490 3076 584 3131 fol.
620 3078 744 3142 502,
776 3075 900 3150 pag.
929 3078 987 3143 2,
1015 3080 1203 3133 eadem
1237 3093 1443 3150 venena
1473 3075 1706 3147 appellat
1733 3096 1751 3128 t
1780 3079 1886 3133 cle-

300 3148 790 3220 ricorntn«_nantias.
830 3148 865 3201 »ἡ
886 3149 1115 3219 Ipsemet
1148 3150 1392 3220 Edgarus
1426 3149 1476 3201 id
1506 3150 1795 3220 profitetur
1829 3158 1883 3220 et

295 3219 513 3289 asserit
541 3218 593 3271 in
632 3219 926 3288 diplomate
962 3235 1079 3283 suo,
1128 3218 1273 3289 quod
1338 3229 1518 3273 exstat
1562 3220 1703 3287 apud
1754 3219 1881 3272 Mal-

296 3290 468 3340 tnesb.
502 3287 595 3342 lib.
625 3287 840 3358 tt,’cap.
871 3291 924 3353 8,
958 3290 1050 3343 fol.
1078 3287 1168 3356 52,
1199 3290 1338 3344 inter
1363 3299 1558 3344 caatera
1588 3290 1700 3343 haec
1732 3304 1882 3343 com-

294 3371 607 3430 memorans
636 3377 649 3412 :
687 3379 705 3411 ι
739 3360 923 3415 ldiotis
950 3360 1163 3415 clericis
1191 3360 1399 3429 ejectis,
1429 3359 1589 3413 nullis
1616 3359 1881 3430 regularis

292 3426 574 3501 religionis
629 3430 925 3499 disciplina!
979 3426 1273 3501 subjectis,
1342 3430 1589 3501 plurimis
1638 3426 1702 3483 in
1747 3429 1881 3501 locis

294 3498 588 3554 sanctioris
616 3498 799 3560 seriei.
829 3500 1057 3567 scilicet,
1079 3498 1391 3555 'monachici
1418 3500 1636 3554 habitus
1663 3500 1880 3569 prmfeci

290 3577 561 3643 pastores.
599 3588 617 3620 ι
641 3569 780 3643 ΔΙΙεξξο
817 3573 867 3625 in
911 3585 1028 3624 rem
1067 3586 1242 3625 meam
1295 3571 1445 3643 regis
1482 3570 1739 3643 regioque
1784 3586 1881 3625 ore

295 3639 456 3709 verba
506 3639 827 3707 dignissima
878 3650 1006 3695 sunt
1051 3649 1105 3696 et
1150 3655 1316 3709 opera
1360 3639 1735 3695 Atheluvodus
1782 3656 1878 3696 seu

296 3706 786 3781 I'theluvodusillo
831 3726 958 3779 rege
997 3706 1380 3774 sanctissimo,
1432 3712 1717 3780 episcopus
1745 3727 1881 3781 quo—

290 3791 398 3844 que
437 3780 819 3833 sanctissimus
864 3796 895 3834 e
944 3796 1039 3836 sua
1079 3781 1447 3836 Wintoniensi
1497 3782 1736 3836 Ecclesia
1766 3780 1879 3836 fex.

294 3846 429 3921 pulit
457 3848 699 3921 clericos
724 3850 1071 3914 mnlierosos,
1107 3853 1338 3907 testibus
1368 3851 1641 3906 Malmesb.
1686 3868 1873 3921 supra,

291 3926 346 3971 et
377 3916 623 3990 Osberno
671 3920 1054 3975 Cantuariensi
1102 3931 1453 3990 prmcantore,
1486 3937 1606 3990 cap.
1645 3921 1712 3976 39
1747 3916 1877 3976 Vua:

293 3986 466 4061 sancti
513 3987 773 4061 Dttnstani
822 3992 962 4061 apud
995 3986 1121 4045 Snr.
1156 4001 1285 4045 tom.
1318 3990 1403 4044 lll.
1448 3986 1667 4061 Aliquot
1696 4004 1876 4045 autem

292 4055 485 4110 borum
530 4055 871 4113 clericorum
906 4062 1259 4129 expulsorum
1298 4065 1425 4115 dum
1473 4055 1879 4131 expostularent

290 4140 415 4178 cum
444 4142 570 4200 rege
596 4132 662 4182 de
696 4145 793 4182 sua
828 4132 1164 4198 expulsione,
1192 4141 1407 4200 rogatus
1431 4132 1531 4185 fuit
1559 4134 1617 4184 S.
1648 4132 1877 4185 Duusta-

295 4210 397 4267 nus
430 4206 483 4247 ttt
520 4197 717 4251 iterato
764 4197 1047 4266 parceret;
1093 4197 1375 4254 siluit‘ille
1416 4202 1479 4253 ad
1530 4200 1628 4253 bas
1665 4217 1875 4267 preces,

294 4265 913 4339 animouvolutansquid
956 4281 1171 4336 ageret,
1219 4270 1424 4339 positus
1455 4270 1598 4323 inter
1626 4265 1874 4324 incudem

290 4344 345 4385 et
388 4335 638 4409 malleum
664 4379 679 4403 ,
707 4335 828 4409 cum
859 4353 989 4393 ecce
1010 4335 1261 4394 crucifixi
1288 4339 1487 4394 Christi
1523 4341 1699 4409 imago
1728 4340 1874 4392 clara

292 4419 424 4458 voce
464 4406 513 4458 id
562 4408 859 4475 prohibuit,
893 4410 1083 4464 dicens
1118 4424 1132 4462 :
1170 4429 1188 4461 ι
1231 4409 1344 4463 Non
1396 4413 1505 4472 fiet,
1543 4406 1655 4462 non
1688 4412 1807 4474 liet;
1848 4430 1866 4462 ι

289 4475 431 4596 good
486 4486 756 4558 testantur
789 4478 1067 4562 Osbertnts
1114 4480 1234 4535 loco
1286 4482 1584 4548 pra-citato.
1624 4481 1867 4561 Vinceut.

333 4546 505 4596 clvac.
535 4546 666 4596 Inst.
706 4549 919 4596 Snecnh
952 4551 1045 4596 lth-
1081 4567 1169 4596 xv-
1202 4565 1320 4596 ean-
1352 4552 1449 4596 8ft:
1495 4551 1554 4596 Ι)-
1588 4552 1866 4596 Antmnn--

333 4546 505 4599 clvac.
535 4546 666 4620 bist.
706 4549 921 4618 Specnli
951 4551 1045 4605 lib.
1081 4567 1171 4616 xv,
1202 4546 1320 4620 cap.
1352 4552 1449 4615 80;
1494 4551 1554 4604 D.
1586 4552 1868 4616 Antonin.,

289 4626 432 4691 part.
467 4632 517 4691 tt_
544 4618 701 4677 llist..
739 4622 946 4691 capsit,
980 4622 1063 4676 tit.
1094 4620 1184 4684 l6,
1216 4620 1243 4691 §
1271 4618 1299 4673 ’1
1334 4638 1348 4684 ;
1380 4620 1574 4691 Petrus
1617 4622 1683 4674 de
1711 4621 1872 4675 Nata-

291 4685 577 4761 lihus._lib.
604 4704 705 4761 vttt
728 4685 973 4761 Catalog.
1000 4685 1354 4759 sanct.,'cap.
1385 4691 1474 4745 49.
1500 4690 1868 4760 Ριπξιειηηεηη

289 4756 432 4830 quod
462 4757 514 4830 id
542 4759 706 4813 etiam
742 4756 1070 4817 adversariis
1098 4756 1871 4830 nostrisAnglo-Calvittiattis

290 4825 357 4902 (si
396 4825 1075 4902 Balzenm_excucullatum
1108 4845 1230 4883 cum
1257 4846 1353 4885 sua
1375 4825 1680 4902 Hemithea,
1715 4832 1873 4902 Poly-

290 4897 597 4971 dornmque
639 4898 822 4969 Virgil.
877 4900 1254 4971 impnditiores
1299 4900 1457 4967 hujus
1504 4901 1632 4956 facti
1666 4897 1875 4956 calum-

290 4966 532 5020 niatores
568 4966 812 5042 demas)~
839 4973 920 5042 sic
951 4966 1002 5024 in
1055 4971 1336 5042 confesso,
1369 4966 1431 5025 ut
1481 4971 1707 5042 longiori
1765 4989 1871 5027 non

287 5045 445 5103 egeat
472 5037 811 5113 probatione.
850 5040 1359 5113 Postaliquantum
1398 5037 1655 5110 temporis
1683 5043 1872 5113 evpnl-

289 5120 474 5182 serunt
509 5107 833 5182 clericorum
868 5112 959 5164 lilii
993 5107 1140 5166 litem
1173 5113 1404 5180 sopitam
1435 5107 1871 5182 exstitit-tantque

292 5175 760 5248 redaccenderunt
788 5182 839 5234 in
869 5191 1137 5235 conventu
1177 5175 1430 5237 Talnensi
1466 5196 1558 5236 seu
1592 5175 1867 5248 Calnetisi,

288 5243 639 5324 cnigaderﬂant
692 5264 787 5303 rex
835 5250 1119 5306 Eduardus
1172 5261 1227 5305 et
1262 5253 1425 5324 totius
1475 5254 1698 5324 Anglia;
1733 5243 1873 5324 opti'f

290 5323 482 5369 mates.
519 5318 796 5394 Quotquot
826 5328 1011 5394 autem
1054 5329 1243 5394 sancto
1287 5318 1588 5394 Dunstano'
1616 5318 1870 5394 refragati

287 5394 437 5448 sunt,
464 5399 520 5439 et
547 5391 685 5459 turpi
707 5390 1031 5443 clericorum
1061 5390 1306 5459 petitioni
1334 5402 1660 5459 annuerant,
1680 5408 1713 5446 e
1736 5390 1872 5446 solio

290 5465 402 5526 tam
426 5458 669 5525 graviter
699 5460 751 5513 in
780 5468 981 5514 terram
1015 5458 1361 5526 cerrnerunt,
1404 5471 1465 5514 ut
1493 5458 1737 5515 nonnulli
1777 5479 1872 5516 ex-

285 5525 571 5604 spirarint,
604 5527 694 5582 alii
740 5529 828 5604 vix
857 5529 1296 5604 praesentissima}
1341 5525 1488 5586 necis
1517 5546 1710 5604 manus
1740 5532 1875 5604 effn-

287 5598 490 5669 gerint‘,
548 5598 861 5653 auctoribus
897 5599 1177 5664 Osberno,
1229 5601 1480 5655 Vincent.
1514 5641 1529 5665 ,
1577 5602 1868 5669 Antonino,

288 5662 584 5745 Hane-deuo
611 5671 679 5721 ad
727 5684 927 5724 annum
976 5670 1103 5736 977,
1151 5662 1244 5741 qui
1290 5685 1476 5745 casum
1515 5662 1730 5741 quidem
1778 5662 1877 5729 ex;

289 5742 477 5810 primit
501 5752 606 5801 non
639 5752 880 5801 causam,
917 5750 1029 5795 tum
1061 5745 1204 5810 quod
1236 5742 1514 5797 notissima
1546 5756 1713 5804 esset.
1748 5760 1870 5799 cum

291 5805 434 5872 quod
475 5811 696 5864 comitia
742 5826 845 5865 non
895 5812 963 5865 ob
1006 5813 1055 5866 id
1080 5805 1477 5870 'tantutnttwdo
1510 5814 1859 5872 haberentur.

1998 1891 2187 1961 valdtts
2219 1900 2272 1943 et
2302 1891 2616 1946 Dunstantts
2646 1892 3012 1961 prmstiterttnt
3051 1894 3103 1944 in
3150 1893 3263 1945 suis
3298 1891 3571 1945 Ecclesiis.

1993 1958 2064 2014 Ut
2114 1972 2294 2014 autem
2329 1962 2523 2014 iterttzn
2575 1958 2724 2015 meus
2775 1962 3119 2015 adversarius
3158 1977 3257 2015 suo
3302 1961 3576 2027 iudicetur

1989 2045 2107 2089 ore.
2140 2031 2361 2099 suisque
2394 2041 2581 2100 pareat
2620 2032 2807 2091 armis,
2853 2047 2919 2085 en
2966 2031 3109 2099 quod
3142 2032 3205 2085 de
3237 2031 3573 2086 Etheluvedo

1990 2101 2179 2154 scribit
2208 2100 2304 2155 lib.
2336 2116 2389 2163 v,
2424 2101 2515 2155 fol.
2544 2101 2690 2154 204:
2727 2121 2743 2151 ι
2791 2100 2885 2154 llic
2934 2100 3174 2155 secundo
3223 2103 3573 2170 episcOpatns

1989 2174 2071 2240 sui
2103 2186 2246 2222 anno
2276 2172 2540 2240 quosdam
2585 2171 2877 2225 canonicos
2923 2172 2975 2224 in
3023 2172 3193 2224 veteri
3242 2172 3576 2226 monasterio

1990 2238 2273 2293 Vincestre
2297 2238 2583 2309 degentes,
2625 2250 2677 2295 et
2707 2241 2952 2295 ordinem
3001 2254 3157 2294 suum
3203 2242 3352 2309 pigre
3399 2250 3452 2295 et
3481 2256 3576 2297 ne~

1986 2310 2252 2377 gligenter
2294 2310 2672 2371 observantes,
2727 2310 2909 2378 ejecit,
2962 2319 3017 2365 et
3070 2312 3370 2365 monachos
3402 2312 3573 2380 impo-

1988 2384 2113 2433 sttit.
2140 2400 2156 2430 ι
2196 2381 2482 2449 llucusqtte
2517 2380 2979 2443 lluntidoniensis,
3007 2381 3120 2449 qui,
3143 2383 3242 2434 etsi
3268 2381 3574 2449 bujusuzodi

1986 2450 2257 2521 pigritiam
2290 2461 2344 2504 et
2379 2450 2759 2521 negligentiam
2797 2451 3139 2521 enucleatius
3173 2466 3277 2505 non
3324 2450 3573 2505 declara-

1987 2520 2079 2583 rit,
2116 2529 2294 2574 tamen
2326 2536 2391 2575 ex
2445 2520 2773 2590 supradictis
2803 2531 2967 2588 patet.
3014 2520 3094 2575 Ad
3146 2535 3347 2590 annum
3396 2521 3573 2576 mille-

1988 2590 2185 2643 simum
2223 2589 2549 2645 accedamus
2579 2608 2591 2643 :
2626 2591 2890 2660 producet
2928 2591 3074 2645 enim
3108 2591 3264 2646 nobis
3308 2589 3573 2644 Lanl‘ran-

1988 2673 2112 2713 cum
2142 2670 2499 2714 nxoratorum
2542 2664 2865 2715 clericorum
2918 2662 3130 2715 hostem
3184 2670 3238 2715 et
3278 2662 3575 2729 insectato-

1991 2743 2105 2798 retn
2158 2731 2508 2782 acerrimum.
2545 2730 2594 2783 ls
2640 2731 2802 2798 igitur
2844 2730 3060 2797 epistol.
3115 2730 3171 2793 ‘2,
3223 2731 3289 2784 ad
3339 2729 3576 2784 Alexan-

1990 2797 2145 2869 drum
2186 2798 2223 2851 ll
2272 2814 2490 2867 papam.
2522 2799 2588 2851 tle
2628 2797 2902 2853 Cestrensi
2932 2802 3208 2869 episcopo,
3243 2816 3402 2869 quem
3432 2799 3573 2855 Lici-

1991 2864 2289 2920 feidenseni
2346 2864 2667 2937 nuncupat,
2735 2870 2786 2921 in
2852 2864 2994 2923 hunc
3057 2864 3275 2923 moduni
3330 2872 3570 2925 scribit:

1994 2953 2014 2986 ι
2051 2937 2426 3008 Licifeldettsis
2477 2954 2611 2993 vero
2648 2939 2933 3008 episcopus
2964 2978 2978 3002 ,
3038 2938 3128 3007 qtti
3182 2941 3322 3007 apud
3371 2940 3576 3008 legatos

1987 3016 2204 3079 vestros
2240 3007 2321 3079 de
2363 3008 2751 3079 ineontinentia
2799 3007 2984 3062 carnis
3016 3009 3034 3077 (
3056 3009 3142 3062 cui
3184 3024 3322 3063 uxor
3361 3007 3575 3079 publico

1987 3076 2195 3151 habita,
2229 3076 2746 3151 liliiqueprocreati
2785 3076 3150 3151 testimonium
3194 3076 3574 3151 perbibebant)

1987 3147 2217 3218 aliisque
2247 3147 2568 3221 criminibus
2606 3159 2915 3221 accusatus,
2962 3150 3028 3203 ad
3075 3147 3339 3221 synodum
3393 3147 3571 3205 tamen

1986 3217 2173 3272 eorum
2208 3220 2394 3273 venire
2425 3220 2616 3273 noluit.
2655 3217 2808 3273 Unde
2836 3230 2889 3275 et
2922 3217 3162 3289 prtedtcti
3211 3220 3369 3289 legati
3405 3222 3574 3277 vestri

1985 3304 2110 3342 eum
2141 3291 2772 3362 excommunicaverunt,
2802 3291 3026 3362 regique
3054 3291 3414 3362 substituendi
3448 3308 3573 3346 suo-

1984 3374 2281 3423 cessorem,
2309 3370 2366 3420 ut
2394 3361 2616 3425 dicitur,
2644 3360 3062 3424 concesserunt;
3105 3362 3155 3414 in
3196 3360 3439 3415 Paschali
3483 3377 3573 3416 sea

1986 3428 2265 3483 lemnitate
2293 3431 2361 3483 ad
2390 3432 2595 3485 curiam
2632 3433 2801 3494 venit,
2837 3431 2905 3485 de
2934 3431 3094 3484 illatis
3135 3432 3307 3499 culpis
3350 3444 3569 3489 causam

1984 3499 2125 3571 inire
2174 3500 2363 3564 noluit,
2396 3502 2509 3571 regi
2571 3504 2622 3555 in
2678 3512 2944 3555 conventu
2978 3504 3354 3571 episcoporum
3409 3511 3573 3571 atque

1984 3569 2269 3641 laicorum,
2323 3569 2697 3641 episcopatum
2754 3569 3025 3637 redditliti
3071 3587 3128 3626 se
3175 3571 3407 3640 amplius
3462 3569 3568 3626 non

1985 3640 2315 3704 habiturum,
2351 3656 2449 3696 nec
2484 3640 2786 3696 successori
2822 3642 3150 3696 calumniam
3183 3651 3277 3695 aut
3310 3642 3569 3697 damnum

1984 3710 2649 3779 illaturttm,jurejurando
2671 3722 2969 3781 spontaoea
3001 3713 3279 3765 voluntate
3310 3712 3565 3768 firmavit.

1983 3782 2187 3836 Dehinc
2226 3784 2291 3835 ad
2321 3784 2732 3841 monasterium.
2760 3784 2811 3836 in
2840 3797 2946 3850 quo
2982 3784 3051 3836 ab
3081 3781 3301 3835 infantia
3333 3782 3570 3839 nutritus

1982 3853 2279 3923 monachus
2319 3852 2541 3923 fuerat.
2591 3854 2886 3920 repedavit.
2928 3870 2947 3901 ι
2994 3852 3308 3921 Rursusque
3347 3853 3399 3908 iu
3447 3854 3563 3923 epi-

1981 3923 2117 4003 stola
2148 3923 2214 3973 atl
2240 3920 2499 4003 Joannem
2531 3922 2850 4003 llotbpmagi
2877 3924 3205 4003 pontilicem,
3233 3924 3374 4003 appd
3399 3920 3566 4003 quem

1983 3993 2207 4044 theoncs
2236 3993 2473 4059 quipiam
2504 4003 2557 4045 et
2582 3991 2827 4044 malevoli
2862 3991 3271 4060 postulaverant
3300 3991 3570 4046 Lanfran-

1980 4076 2102 4114 cum
2149 4075 2245 4112 ceu
2302 4060 2525 4113 Joannis
2576 4059 3019 4114 obtrectamretn.
3075 4059 3227 4128 Quod
3280 4063 3483 4117 crimen
3514 4070 3570 4118 ct

1980 4130 2333 4199 itupostttram
2387 4145 2484 4197 pro
2544 4130 2679 4182 falso
2728 4132 3017 4199 repudians
3067 4131 3404 4186 Lanl'rancus
3439 4134 3563 4187 ait:

1984 4219 2002 4248 c
2044 4198 2327 4271 lietulistis
2359 4199 2509 4252 vobis
2549 4215 2577 4252 a
2616 4198 2801 4253 multis
2826 4199 2990 4256 fuisse
3022 4202 3249 4255 relatum
3283 4205 3425 4271 quod
3465 4220 3566 4271 ego

1978 4271 2221 4337 quautam
2255 4268 2393 4321 facta
2426 4279 2601 4343 vestra
2634 4285 2819 4340 carpo.
2852 4271 2917 4325 Et
2940 4273 3195 4337 maxime,
3237 4268 3380 4343 quod
3414 4268 3565 4328 insti-

1982 4348 2093 4391 tuta
2140 4349 2450 4392 sanctorum
2481 4339 2700 4393 Patrum
2728 4339 2793 4394 de
2823 4344 3091 4396 servanda
3118 4339 3440 4401 clericorum
3473 4361 3567 4399 ca-

1978 4411 2162 4484 stitate
2205 4409 2343 4484 male
2390 4423 2486 4484 vos
2516 4411 2845 4484 intellexisse
2888 4414 3168 4478 redarguo.
3212 4433 3230 4465 ι
3266 4414 3565 4484 Pancisque

1980 4478 2333 4551 interpositis,
2364 4478 2640 4551 subjtmgit
2663 4482 2963 4538 dissolvens
2988 4484 3271 4539 calumniae
3302 4478 3518 4540 modum
3548 4504 3561 4541 :

1982 4567 2001 4599 α
2056 4549 2183 4621 bno
2232 4559 2417 4605 vestro
2485 4549 2824 4621 aliorumque
2884 4555 3274 4608 venerabilium
3340 4556 3561 4611 Patrum

1975 4620 2237 4696 exemplo
2275 4631 2621 4696 provocatus,
2676 4638 2799 4696 perh
2827 4632 2995 4678 totam
3042 4627 3320 4696 Anglicam
3360 4635 3560 4679 terram

1975 4691 2238 4759 pastorali
2274 4693 2601 4747 auctoritate
2629 4691 2877 4761 prohibui
2903 4735 2917 4760 ,
2950 4709 3017 4748 ne
3047 4691 3331 4757 cuinslibet
3357 4698 3564 4748 ordinis

1974 4761 2262 4830 quisquam
2298 4764 2592 4816 canonicos
2642 4778 2863 4818 uxorem
2902 4765 3133 4831 accipiat
3175 4784 3188 4817 :
3224 4779 3321 4817 nec
3370 4765 3562 4819 sortito

1975 4840 2158 4890 antea,
2190 4832 2565 4903 si-presbyter
2594 4843 2686 4887 attt
2715 4835 2973 4889 diaconus
3000 4843 3082 4887 est
3122 4833 3245 4901 (uisi
3278 4834 3560 4903 prmbenda

1974 4916 2161 4955 carere
2201 4904 2350 4972 velit)
2382 4905 2581 4958 habere
2616 4904 2839 4958 ulterius
2870 4905 3042 4957 liceat.
3075 4922 3092 4953 ι
3132 4904 3255 4956 llaec
3275 4903 3559 4960 Lanfrauci

1974 4973 2134 5025 verba
2166 4982 2222 5027 et
2267 4975 2513 5028 instituta
2545 4976 2613 5029 de
2649 4976 2886 5028 clericali
2924 4973 3173 5026 carlibattt
3218 4976 3283 5026 ad
3328 4990 3560 5043 unguem

1973 5046 2278 5108 servando,
2332 5045 2611 5098 videamus
2652 5045 3015 5097 arctissitnant
3070 5042 3311 5112 ejusdem
3356 5042 3561 5101 decreti

1974 5112 2275 5167 custodiam
2332 5114 2384 5167 in
2422 5113 2651 5182 epistola
2693 5118 2759 5165 ad
2802 5112 3109 5167 Herl'astutu
3146 5115 3559 5172 'I‘etfordeust-m

1973 5184 2287 5255 episcolutm
2338 5184 2437 5255 bis
2474 5185 2698 5255 verbis:
2748 5200 2767 5255 ᾳ
2808 5182 3144 5255 Lanfrancus
3196 5188 3369 5255 gratia
3424 5188 3558 5254 Dei,

1974 5254 2254 5322 nongsnis
2306 5253 2552 5313 meritis.
2611 5253 2931 5322 coepiscopo
2994 5253 3242 5311 Herfasto
3306 5253 3555 5313 salutem.

1974 5321 2217 5390 Clericus
2249 5323 2354 5377 iste
2390 5323 2603 5376 noviter
2650 5325 2836 5379 adnue
2866 5321 3042 5390 venit,
3075 5342 3293 5381 causam
3328 5344 3440 5382 sum
3481 5330 3562 5383 in—

1974 5389 2249 5446 felicitatis
2281 5393 2409 5445 tttihi
2454 5393 2623 5457 dixit;
2662 5394 2885 5454 dictam.
2912 5389 3220 5451 testimonio
3248 5409 3557 5455 vestrarum

1976 5461 2279 5516 litterarum
2312 5477 2493 5516 veram
2514 5478 2634 5518 esse
2661 5468 2910 5520 asseruit.
2936 5468 3190 5522 'l'estatus
3214 5478 3297 5522 est
3323 5485 3382 5523 se
3411 5470 3560 5524 inor-

1974 5533 2156 5588 dinate
2185 5534 2527 5597 ordinatum;
2566 5535 2810 5591 videlicet
2841 5580 2855 5603 ,
2886 5553 3009 5591 cum
3054 5538 3253 5593 rutilius
3281 5552 3425 5594 esset
3470 5558 3558 5593 or-

1974 5603 2136 5664 dinis,
2192 5620 2220 5658 a
2249 5604 2586 5660 fraternitate
2616 5616 2799 5661 vestra
2840 5608 3040 5663 factum
3096 5625 3217 5665 esse
3246 5611 3553 5666 diaconum.

1975 5672 2344 5751 luterrogatus
2383 5691 2411 5728 a
2444 5690 2531 5729 me
2560 5678 2605 5731 si
2651 5693 2873 5751 uxorem
2898 5750 2901 5751 ν
2926 5681 3150 5735 haberet
3182 5698 3195 5734 :
3237 5696 3462 5738 uxorem
3497 5696 3556 5751 se

1976 5742 2326 5821 Itabere,'n_ec
2358 5760 2478 5800 eam
2517 5762 2575 5802 se
2614 5750 2750 5821 velle
2778 5749 3053 5804 dimittere
3092 5753 3384 5821 respondit.
3417 5746 3551 5805 Pro;

1976 5824 2160 5883 pterea
2194 5816 2284 5871 tali
2335 5829 2491 5888 pacto
2523 5820 2911 5874 consulendum
2958 5823 3007 5877 ei
3056 5816 3235 5876 divitia
3272 5822 3437 5877 fultus
3464 5841 3559 5879 tuto
