4028 6302
488 273 570 356 ἑ89
987 266 1046 322 S.
1092 263 1388 323 ANSELMI
1420 258 1770 320 CANTUAB.
1813 257 2131 314 ARClllEP.
2171 255 2319 312 OPP.
2362 253 2538 310 PARS
2577 255 2661 309 ΙΙΙ.
2702 287 2706 290 -
2745 286 2748 288 ~
2801 251 3180 310 EPiSTOLE.

3667 259 3790 314 100

501 391 561 436 ιιι
584 394 768 435 curam
809 375 1054 432 habeatis
1094 376 1159 431 de
1199 375 1370 429 vobis.
1419 372 1745 428 Exonerat-it
1774 385 1870 424 vos
1898 369 2070 434 Dens,
2104 385 2146 440 Α
2175 379 2295 435 quae
2326 365 2515 419 merita
2540 365 2898 435 praemisistis.
2945 365 3004 420 Si
3034 366 3187 434 plura
3218 367 3364 434 bona~
3391 381 3553 436 quam
3593 373 3790 438 mata,

501 468 726 526 abstulit
755 467 909 521 vobis
947 479 1162 520 omnem
1208 463 1546 518 occasionem
1585 459 1802 514 amandi
1837 459 1937 512 hoc
1965 472 2067 512 sae-

503 559 775 621 culum,et
800 556 946 611 dedit
967 555 1114 610 vobis
1136 568 1351 609 omnem
1378 551 1834 622 opportunitatem
1859 546 2072 604 amandi

505 649 729 704 salutem
751 657 1003 703 vestram.
1034 645 1224 700 Ponite
1244 645 1488 715 quotidie
1512 653 1638 696 ante
1661 641 1844 696 oculos
1865 647 2076 694 vestros

495 739 668 794 ‘ﬂnem
695 747 954 794 vestrum.
993 737 1236 807 Cogitate
1264 735 1622 789 intentissime
1655 731 1807 801 cujus
1837 740 1995 788 erunt
2023 739 2078 785 et

504 829 632 900 quid
681 829 830 883 vobis
859 828 1155 899 proderunt
1183 827 1250 859 ³²¹
1275 841 1394 896 qua:
1421 836 1542 895 post
1569 840 1664 879 vos
1695 824 2071 878 remanebunt.

503 923 744 993 Cogitate
773 937 880 991 quo
910 921 1080 985 ibitis,
1112 921 1241 990 quid
1283 921 1557 974 vobiscum
1593 918 1906 988 portabilis,
1947 915 2075 983 quid

493 996 575 1068 ibi
606 1014 748 1083 quod
769 1013 837 1044 ³²²
864 1013 1197 1080 praemissum
1227 1011 1299 1066 sit
1329 1026 1357 1064 a
1381 1012 1538 1066 vobis
1585 1011 1890 1065 invenietis.
1917 1009 2078 1064 Certe

501 1119 609 1166 non
661 1103 949 1172 portabilis
989 1102 1267 1156 vobiscum
1326 1115 1427 1155 nec
1473 1101 1758 1154 invenietis
1811 1099 1882 1153 ibi
1933 1099 2076 1152 aliud

505 1207 667 1261 quam
715 1194 907 1246 merita
953 1203 1163 1257 vestra,
1206 1192 1322 1245 sive
1367 1191 1506 1245 bona
1543 1192 1656 1244 sive
1700 1188 1859 1243 mala.
1887 1187 2077 1243 Videte

2175 455 2409 526 gaudere
2459 456 2705 525 potestis.
2752 455 2810 510 Si
2847 455 2919 486 ³²³
2968 456 3119 526 plura
3176 456 3316 512 mala
3367 474 3530 529 quam
3583 461 3790 530 b.na,

2175 547 2317 616 quod
2347 562 2450 602 non
2485 558 2631 618 puto,
2667 547 2894 602 multum
2929 548 2999 580 ⁸⁸⁸
3027 549 3237 606 debetis
3263 550 3484 617 timere,
3527 571 3791 626 praeser-

2179 642 2272 695 tim
2301 655 2422 695 cum
2467 639 2694 695 multum
2725 655 2947 696 necesse
2975 641 3047 698 sit
3076 643 3280 698 homini
3320 645 3522 702 volenti
3559 649 3787 706 saltari

2179 731 2380 787 habere
2431 732 2600 786 multo
2647 734 2800 803 plura
2841 733 2912 767 ³¹⁸
2961 736 3104 790 bona
3155 737 3348 792 merita
3383 755 3545 809 quam
3599 743 3782 799 mala.

2180 822 2304 878 Haec
2324 824 2576 892 cogitate,
2605 825 2718 880 haec
2747 836 2886 880 inter
2911 840 3008 881 vos
3039 827 3125 882 die
3153 844 3215 881 ac
3244 811 3434 894 nocte:
3466 831 3518 884 in
3553 843 3788 888 secreto

2179 925 2234 968 et
2274 914 2326 968 in
2363 915 2603 984 publico,
2652 925 2919 983 tractate;
2963 919 3078 973 haec
3117 919 3228 973 sint
3271 919 3538 991 colloquia
3584 934 3788 978 vestra

2177 1005 2456 1061 invicem:
2515 1006 2730 1062 Domine
2777 1010 2882 1074 mi,
2921 1011 3093 1063 amica
3133 1027 3283 1080 mea,
3323 1013 3450 1083 quid
3493 1015 3791 1083 facimus!

2177 1099 2302 1170 quid
2332 1098 2646 1152 tardatum?
2683 1116 2840 1170 prope
2874 1111 2948 1155 est
2987 1101 3174 1157 ultima
3227 1105 3340 1159 dies
3380 1116 3579 1161 nostra.
3627 1106 3789 1172 Quo-

2190 1189 2344 1244 modo
2374 1191 2710 1261 expendimus
2738 1193 2898 1247 vitam
2925 1195 3194 1248 nostram?
3217 1197 3476 1264 quomodo
3501 1199 3786 1266 satisfaci-

1818 1323 2048 1378 VABl/E
2090 1323 2490 1382 LECTIONES.

601 1439 668 1471 ⁸²¹
700 1440 860 1493 Vobis
892 1440 1127 1509 proderit
1152 1456 1229 1492 ms
1257 1440 1408 1493 vobis
1434 1440 1720 1507 proderunt
1795 1439 1862 1509 δέ’
1890 1437 2018 1503 Quis
2046 1439 2188 1506 quod
2223 1439 2292 1492 ibi
2327 1437 2469 1491 Edit.
2509 1439 2746 1509 quisiilti.
2771 1441 2913 1507 quod
2985 1442 3055 1472 ³⁸³
3081 1441 3332 1498 Potestis.
3364 1443 3418 1494 Si
3449 1461 3525 1496 ms
3553 1455 3601 1497 rt
3626 1444 3784 1498 Edit.

503 1511 734 1582 potestis
757 1511 1064 1582 :_qnt_)d_non
1094 1524 1239 1582 puto.
1271 1511 1325 1562 Si

510 1577 588 1634 in:
614 1590 658 1632 et
693 1577 833 1631 Edit.
876 1579 1075 1633 habere
1099 1577 1273 1634 multo
1307 1577 1458 1649 plura

1442 1511 1509 1540 ³⁸³
1531 1510 1674 1563 Bona
1704 1508 1845 1577 quod
1871 1525 1975 1561 non
2005 1520 2157 1577 puto.
2177 1510 2404 1565 multum
2435 1525 2512 1562 ms
2535 1519 2580 1563 et
2605 1507 2752 1562 Etlit.
2781 1509 2919 1564 bona
2945 1511 3168 1566 multum

3279 1514 3348 1544 ³³⁸
3382 1513 3592 1568 Habere
3616 1517 3786 1583 plura

1676 1666 1992 1740 ,toaxs'ts
2028 1669 2300 1724 PlCAItDl
2341 1668 2572 1725 none.

495 1783 764 1838 .ctoritate
796 1782 1045 1838 decerno.
1075 1783 1429 1838 Diaconatnm
1460 1783 1508 1836 ei
1545 1781 1774 1836 auferte.
1817 1781 1896 1852 Ad
1927 1791 2085 1835 ctete-
2117 1786 2160 1843 Β
2189 1781 2478 1852 peperint,_
2506 1796 2611 1834 non
2664 1782 3037 1849 puriﬁcentur,
3089 1784 3188 1837 nisi
3227 1784 3374 1852 prius
3418 1783 3780 1841 somniantem

501 1867 604 1912 ros
641 1853 875 1907 minores
907 1854 1126 1907 ordines
1157 1853 1410 1922 congruis
1439 1867 1560 1906 eum
1603 1850 2085 1922 temporibnspro-

495 1931 742 1977 movete.
778 1922 1096 1976 Diaconatns
1118 1939 1244 1977 vero
1264 1920 1508 1976 ordinem
1535 1920 1805 1990 nunquam
1840 1920 2085 1989 recipiat,

514 1993 615 2045 nisi
664 2000 809 2045 caste
836 1993 1002 2054 vivat,
1047 1992 1149 2046 nisi
1187 2007 1244 2046 se
1284 1993 1350 2046 de
1383 1993 1589 2062 reliquo
1633 2001 1782 2046 caste
1822 1992 2088 2062 victurum

499 2062 775 2116 canonica
827 2061 1174 2115 attestationc
1221 2059 1520 2130 promittat}
1575 2062 1628 2114 Si
1684 2077 1812 2114 vero
1847 2059 2088 2114 c:clibem

512 2134 677 2185 vitam
706 2131 898 2199 egerit,
926 2141 982 2185 et
1007 2140 1254 2184 acturum
1296 2147 1354 2187 se
1383 2132 1528 2185 omni
1557 2143 1796 2199 tempore
1823 2131 2089 2198 spondere

514 2201 742 2254 voluerit
775 2218 788 2252 :
836 2216 940 2254 non
972 2200 1187 2268 quidem
1218 2216 1338 2255 eum
1381 2201 1446 2253 ad
1478 2199 1719 2254 ordinem
1771 2200 2090 2252 diaconatus

502 2273 712 2324 iterum
747 2269 1091 2339 ordinabitis;
1142 2270 1235 2323 sed
1277 2271 1448 2338 ipsum
1494 2270 1726 2324 ollicinm
1757 2285 1854 2339 per
1885 2278 2088 2339 textum

516 2340 689 2395 sancti
744 2338 1047 2408 Evangelii,
1086 2339 1167 2392 vel
1201 2339 1254 2393 in
1306 2341 1530 2409 synode,
1574 2340 1656 2392 vel
1697 2338 1766 2391 in
1802 2338 2088 2409 multorum

517 2411 840 2464 clericorum
866 2407 1130 2463 cunventn
1176 2407 1429 2464 redale‘tis.
1467 2430 1484 2462 ι
1531 2409 1800 2463 Hactenus
1829 2407 2092 2462 Lanfran-

503 2495 636 2543 .cus,
672 2479 825 2546 cujus
855 2478 1171 2534 testimoniis
1221 2478 1437 2548 planttm
1485 2479 1711 2533 fecimus
1762 2480 2092 2548 etiamiante

519 2548 884 2603 Londinensis
933 2549 1122 2618 synodi
1173 2547 1434 2603 canouem
1505 2550 1876 2603 sacerdotibus
1927 2547 2090 2602 fuisse

522 2618 785 2688 tonjngiis
827 2619 1190 2689 interdictum.
1248 2619 1431 2672 Valeat
1475 2635 1603 2689 ergo
1646 2618 2092 2689 lluntidoniensis

525 2689 738 2742 inscitia
768 2697 821 2742 et
848 2688 1110 2743 calumnia
1136 2705 1150 2752 ;
1198 2691 1338 2758 quod
1377 2691 1520 2743 enim
1549 2688 1792 2745 obtendit
1823 2689 1874 2742 in
1907 2688 2091 2758 defen-

506 2759 730 2814 sionem
781 2773 889 2812 sua:
927 2756 1228 2828 aliena-que
1261 2759 1555 2828 opinionis,
1615 2760 1842 2820 scilicet,
1899 2756 2091 2812 Ausci-

524 2829 763 2900 mianum
820 2831 1094 2900 decretum
1137 2830 1306 2883 visum
1355 2829 1521 2885 fuisse
1551 2830 2084 2900 periculosissimum,

526 2914 594 2954 ne
634 2899 1086 2968 dummunditias
1133 2900 1337 2953 viribus
1381 2899 1614 2967 majores
1653 2906 1990 2968 appeterent,
2036 2899 2091 2951 in

525 2967 890 3024 immunditias
920 2968 1207 3024 horribiles
1247 2970 1312 3022 ad
1340 2969 1636 3023 Christiani
1672 2967 1908 3023 nominis
1945 2982 2093 3020 sum-

526 3053 673 3108 mum
727 3039 957 3108 dedecus
995 3038 1340 3108 inciderent;
1396 3041 1468 3102 id,
1514 3040 1754 3108 inquam,
1813 3053 1880 3092 ne
1935 3037 2088 3108 ilocci

2190 1850 2547 1920 praestiterint
2595 1852 2901 1921 cautionem
2940 1850 3343 1918 archidiacoito,
3379 1853 3458 1906 vel
3501 1869 3620 1921 ejus
3652 1856 3780 1910 otii-

2191 1919 2313 1994 ciali
2357 1921 2423 1994 de
2459 1919 2830 1994 satisfactione
2871 1922 2922 1994 in
2954 1924 3200 1994 proximo
3226 1923 3479 1994 eapitulo_.
3594 1936 3638 1978 st
3679 1943 3780 1994 pn-

2194 1989 2549 2044 riiicationem
2577 2005 2761 2043 earnm
2794 1989 3062 2046 facienda.
3097 2011 3114 2042 ι
3149 1989 3335 2046 118111ήέ
3386 2013 3405 2044 ‹
3445 1989 3780 2048 Sacerdotes

2193 2060 2246 2112 in
2304 2075 2534 2126 quorum
2586 2061 2863 2128 parocbiis
2907 2061 3225 2117 concubina:
3282 2063 3464 2115 talium
3526 2079 3779 2119 comnio-

2192 2139 2420 2186 rantnr.
2469 2131 2512 2182 si
2568 2145 2672 2183 non
2726 2131 2826 2183 hoc
2865 2132 3200 2184 ostenderint
3252 2133 3636 2187 archidiacono
3693 2135 3778 2189 vet

2191 2197 2307 2263 ejus
2340 2197 2571 2261 oliiriali,
2607 2199 3023 2268 StISpentlatttur.
3066 2201 3475 2269 Et‘priusqnam
3522 2203 3780 2256 relaxen-

2193 2277 2300 2331 tur,
2343 2269 2490 2336 gravi
2529 2269 2867 2339 poenitentia:
2905 2270 3237 2339 subjareant.
3277 2289 3295 2321 ι
3345 2271 3476 2324 Item
3521 2285 3539 2322 :
3578 2291 3596 2323 ι
3640 2272 3778 2338 Quae

2192 2339 2441 2392 convinci
2480 2339 2701 2407 poterit,
2731 2338 2874 2408 quod
2919 2338 3176 2393 sacerdos
3203 2355 3322 2394 eam
3355 2342 3652 2395 carnaliter
3680 2358 3778 2396 co-

2191 2410 2463 2477 gnoverit,
2497 2409 2763 2478 publicam
2791 2418 2917 2478 agat
2945 2411 3342 2477 paenitentiam,
3366 2419 3421 2465 et
3446 2411 3772 2477 solemnem;

2192 2493 2257 2549 ac
2287 2479 2328 2531 si
2364 2479 2430 2549 de
2465 2477 2730 2549 adulterio
2757 2477 2904 2532 esset
2944 2479 3218 2536 convicta.
3253 2488 3506 2548 tanquam
3539 2496 3638 2549 pro
3664 2483 3777 2534 du-

2193 2548 2319 2619 plici
2353 2547 2620 2601 adulterio
2651 2549 2936 2618 puniatur;
2967 2564 3068 2603 nec
3095 2549 3227 2602 tanti
3255 2559 3438 2602 reatus
3474 2547 3776 2619 impunitas

2193 2617 2319 2672 aliis
2367 2625 2607 2671 transeat
2654 2617 2710 2672 in
2760 2619 3042 2673 materiam
3089 2619 3450 2688 delinquendi.
3499 2637 3516 2669 ›
3551 2617 3676 2686 ἸΙεβ
3721 2623 3775 2674 in

2191 2688 2420 2743 clericos
2485 2689 2898 2743 concubinarios
2977 2687 3367 2757 clericalesque
3433 2690 3779 2745 concubinas

2196 2757 2345 2828 (nam
2375 2767 2430 2811 et
2459 2773 2730 2826 percussa:
2758 2759 3074 2813 concubina:
3106 2759 3544 2828 repercutiuntur
3568 2774 3779 2813 concu-

2191 2826 2418 2895 bitores)
2441 2828 2939 2883 animadversiones
2973 2826 3500 2896 statuit'Stepnanns
3531 2828 3597 2882 de
3626 2828 3779 2882 Lan-

2193 2908 2464 3022 guetuna,
2512 2898 2594 2950 vir
2616 2898 2858 2952 eruditus
2900 2909 2954 2952 et
3005 2907 3207 2952 sancta:
3261 2900 3572 2961 metnorize,
3620 2899 3781 2968 prius

2237 2968 2381 3022 aucti
2447 2967 2780 3022 Chrvsogoni
2835 2967 3165 3022 cardinalis.
3224 2968 3366 3021 sedit
3425 2969 3586 3021 annis
3639 2985 3778 3022 xxi.

2237 2968 2381 3022 aucti
2447 2967 2780 3036 Chrysogoni
2835 2967 3165 3031 cardinalis,
3224 2968 3366 3021 sedit
3425 2969 3586 3021 annis
3624 2967 3778 3035 χιι,

2194 3039 2380 3091 diebus
2402 3036 2491 3089 2'5.
2522 3035 2619 3091 llic
2646 3035 2918 3092 transtulit
2947 3052 3142 3104 corpus
3169 3038 3230 3092 Β.
3267 3037 3487 3092 ἸΊιοιιιω
3527 3037 3580 3090 in
3608 3054 3782 3107 capsa

523 3107 740 3177 quidem
783 3106 946 3182 iacio.
985 3106 1043 3160 Si
1091 3108 1234 3182 enim
1294 3109 1559 3182 tantillum
1589 3106 1825 3182 'liaberet
1883 3106 2161 3182 roborisc
2196 3107 2608 3182 pretiosissima.
2668 3107 2898 3182 Sicude
2955 3109 3363 3182 archiepiscopo
3428 3106 3782 3182 mulierarios

528 3175 827 3231 ratiuncula
861 3177 998 3240 haec,
1038 3179 1223 3230 eadem
1264 3179 1568 3233 necessario
1606 3176 1940 3244 elliceretur,
1972 3192 2094 3246 per-

525 3262 711 3317 peram
770 3246 936 3317 luisse
971 3263 999 3300 a
1051 3247 1160 3317 Deo
1200 3249 1422 3301 vetitum
1473 3266 1486 3300 :
1538 3247 1659 3300 Non
1707 3248 1932 3311 occides,
1990 3264 2093 3300 non

507 3315 860 3371 .mcecltaberis
889 3355 904 3380 ,
951 3332 1054 3369 non
1102 3315 1302 3384 furtum
1353 3317 1552 3386 facies;
1608 3327 1664 3371 et
1700 3319 1826 3385 quia
1879 3318 1932 3370 in
1979 3317 2094 3371 dies

529 3389 665 3439 liunt
692 3385 870 3440 caedes
900 3387 1214 3451 innumerte,
1233 3402 1416 3456 eteque
1439 3387 1820 3456 indignissima:
1847 3398 1901 3441 et
1929 3387 2098 3440 maxi-

528 3471 652 3526 ma},
683 3457 810 3509 item
849 3456 1137 3520 adulteria,
1170 3469 1376 3526 stupra,
1411 3457 1715 3526 sacrilegia,
1758 3457 2011 3521 incestus,
2042 3466 2096 3511 et

531 3525 634 3578 alia
661 3526 925 3596 horrenda
959 3526 1163 3580 scelera
1193 3525 1314 3596 quite
1339 3530 1422 3582 his
1457 3525 1709 3582 onmibus
1747 3542 1840 3583 sua
1871 3528 2093 3596 prtecel-

530 3595 647 3648 lunt
674 3595 970 3668 impietate.
1011 3597 1067 3650 In
1098 3595 1338 3668 summa,
1384 3607 1440 3652 ut
1473 3597 1782 3668 Hieronym.
1817 3595 2095 3652 llusticnm

533 3667 854 3738 monachum
883 3666 1036 3738 docet
1062 3683 1074 3738 ;
1110 3667 1233 3720 Non
1259 3678 1333 3721 est
1365 3667 1515 3738 culpa
1543 3666 1827 3738 Christiani
1851 3669 2095 3738 nominis,

531 3739 576 3788 si
619 3735 892 3810 simulator
911 3735 1185 3810 religionis
1229 3739 1283 3810 iit
1315 3735 1548 3810 vitio'sit.
1588 3737 1833 3810 Quinimo
1861 3737 2096 3810 confusio

529 3806 801 3888 gentilium
825 3806 1035 3888 '(adldo,
1060 3815 1113 3859 et
1134 3807 1421 3888 “maiorum
1451 3817 1507 3862 et
1534 3808 1943 3888 hreretieorum).
1959 3806 2096 3860 'cmn

529 3873 591 3948 ea
614 3876 782 3929 vident
803 3873 1062 3948 AEcclesiis
1111 3877 1382 3948 displicere
1407 3895 1523 3948 qua:
1554 3878 1790 3932 omnibus
1825 3873 1970 3948 bonis
1997 3893 2099 3930 non

529 3946 754 4015 placent.
790 3945 1056 4001 Czeterum
1097 3957 1155 4001 ιιι
1194 3945 1374 4002 sciant
1405 3945 1603 4016 posteri
1635 3956 1837 4015 quanta
1885 3947 2099 4000 animo-

532 4031 650 4070 rum
699 4018 1150 4070 consentientium
1209 4018 1550 4072 multitudine
1616 4026 1834 4084 recepta
1899 4016 2100 4068 fuerint

533 4084 924 4140 Londoniensis
954 4088 1146 4156 synodi
1191 4099 1410 4150 statuta,
1445 4098 1674 4143 testatur
1716 4087 1956 4155 llogerns
1992 4086 2100 4138 llo-

536 4157 659 4209 ned.
687 4156 1001 4210 Anselmum
1051 4157 1373 4212 Eboracensi
1414 4160 1819 4226 archiepiscopo
1863 4169 1917 4210 et
1942 4167 2104 4210 cxte-

538 4239 720 4297 rorutn
768 4227 1140 4294 episcoporum
1189 4228 1537 4295 Anglicorum
1579 4244 1739 4297 grege
1784 4229 2102 4297 considente

536 4295 650 4346 lnec
697 4308 1002 4355 renovasse,
1051 4305 1263 4349 astante
1316 4306 1476 4364 atque
1516 4295 1771 4349 audiente.
1823 4295 2104 4349 llenricol

539 4377 684 4430 rege,
737 4365 1024 4416 comitibus
1075 4374 1234 4432 atque
1285 4365 1606 4428 baronibus,
1665 4375 1722 4417 ut
1771 4375 1947 4427 voeat,
1999 4379 2104 4418 una

537 4442 718 4486 mente
747 4443 800 4485 et
830 4448 958 4487 voce
979 4435 1437 4490 consentientibus
1457 4475 1471 4500 ,
1520 4451 1660 4488 anno
1696 4434 1860 4497 1108,
1889 4433 2106 4488 eodem-

538 4515 644 4570 qne
695 4503 892 4557 staecqu
941 4505 1166 4571 repetita
1224 4504 1440 4560 fuerunt
1492 4505 1545 4558 in
1593 4505 1822 4558 concilio
1875 4504 2103 4558 Eboraci

539 4579 729 4626 coacto
779 4587 920 4627 anno
965 4573 1132 4637 1195,
1180 4574 1332 4642 cujus
1381 4583 1498 4630 acta
1559 4573 1882 4629 Honedenus
1916 4575 2104 4628 eodem

542 4643 724 4696 retulit
753 4659 894 4715 anno
932 4643 1089 4715 l235.
1132 4643 1188 4697 ln
1219 4650 1390 4699 altera
1433 4646 1637 4715 synodo
1675 4643 2000 4715 Londinensi
2052 4644 2104 4715 id

541 4729 728 4784 rursus
768 4713 935 4784 fuisse
964 4713 1292 4784 prohibitum
1335 4713 1518 4770 narrat
1563 4715 1844 4769 hlatthaaus
1872 4713 2025 4768 Paris
2051 4714 2104 4768 in

540 4783 776 4838 Historia
811 4783 1036 4852 majore,
1071 4784 1163 4838 fol.
1209 4784 1314 4838 456
1353 4787 1605 4840 editionis
1638 4785 1926 4854 Tigurinaa.
1961 4784 2103 4838 Idem

540 4854 606 4923 ad
634 4870 830 4908 annum
868 4855 1005 4909 1225
1037 4856 1290 4910 observat
1327 4856 1721 4911 severissimam
1751 4855 2008 4923 Stephani
2039 4856 2106 4910 de

543 4921 852 4992 Langetuna
892 4926 1300 4980 Cantuariensis
1342 4925 1734 4995 archiepiscopi
1779 4921 1994 4995 painani
2050 4927 2105 4980 in

541 4995 871 5049 concubinas
903 4997 1220 5051 clericorum
1243 4999 1325 5051 his
1350 4993 1826 5051 verbis—decretam
1855 5015 1868 5050 :
1913 5014 1931 5046 ι
1964 4993 2106 5050 Cor.-

540 5064 752 5136 cubinte
796 5069 1134 5120 sacerdotum
1159 5077 1214 5122 et
1248 5067 1590 5130 clericorum,
1616 5065 1706 5136 qui
1738 5060 1875 5120 infra
1922 5079 2106 5120 saeros

530 5133 760 5205 ordines
797 5137 1076 5190 constituti
1108 5147 1163 5191 et
1208 5137 1514 5197 beneﬁciati
1545 5133 1692 5198 sunt,
1737 5137 2107 5203 ecclesiastica

542 5212 768 5256 careant
821 5205 1120 5273 sepultura;
1176 5208 1278 5261 nisi
1337 5223 1468 5263 sane
1528 5222 1586 5262 se
1630 5209 2002 5271 correxerint,
2055 5215 2110 5260 et

545 5273 977 5347 (quia‘scriptum
1000 5286 1084 5330 est
1108 5293 1124 5347 7:
1163 5273 1365 5344 Vivens,
1399 5279 1568 5332 vivent
1603 5279 1731 5347 ipse,
1783 5278 2111 5346 conﬁtebitur

543 5343 658 5414 tibi)
692 5343 1006 5411 incolumes,
1037 5346 1118 5400 vel
1167 5355 1314 5402 tanta
1354 5343 1544 5404 earum
1580 5343 1631 5403 in
1657 5343 1912 5403 extremis
1939 5360 2107 5414 appa-

531 5425 662 5474 reat
692 5417 1026 5488 pmnitentia,
1060 5426 1277 5488 propter
1311 5435 1602 5488 quamnon
1645 5419 1915 5473 immerito
1950 5421 2111 5488 debet

533 5485 782 5557 ,cum‘eis
819 5487 1134 5552 dispensari.
1159 5485 1200 5540 ⁷»
1251 5485 1424 5544 ltein:
1469 5509 1486 5539 ι
1515 5488 1630 5543 Non
1684 5488 2014 5557 recipiantur
2041 5485 2112 5540 ad

544 5554 786 5628 osculum
819 5559 982 5626 pacis,
1018 5573 1116 5612 nec
1139 5574 1332 5628 panem
1361 5559 1698 5614 benedictum
1727 5554 2022 5628 percipiant
2055 5557 2112 5610 in

543 5626 794 5698 ecclesia,
834 5629 1070 5698 quandiu
1105 5626 1474 5684 concubinarii
1517 5644 1612 5682 eas
1642 5626 1884 5684 detinent
1927 5627 1981 5682 in
2012 5627 2122 5698 αρτ-

544 5696 720 5752 mibus
759 5696 888 5768 suis,
932 5698 1015 5755 vel
1044 5699 1256 5769 publice
1285 5709 1439 5753 extra
1472 5699 1679 5754 domos.
1713 5717 1729 5750 ι
1779 5699 1954 5756 item:
2004 5716 2022 5751 ‹
2054 5696 2113 5754 Si

2195 3176 2423 3232 clericos
2469 3177 2613 3246 juste
2667 3177 2972 3232 vindicante
3033 3178 3322 3243 loquuntur
3377 3177 3572 3230 tabulae
3634 3193 3775 3234 mss.

2194 3249 2585 3316 archicpiscop.
2640 3247 3048 3302 Cantuariensis
3091 3247 3149 3303 in
3194 3256 3376 3302 nostra
3419 3246 3775 3316 bzbliotheca.

2193 3314 2407 3371 Maneat
2433 3314 2562 3387 ergo
2606 3317 2672 3370 ab
2712 3318 2860 3371 omni
2887 3333 3003 3371 :evo
3043 3333 3240 3372 uxores
3277 3318 3555 3387 usurarias
3600 3314 3780 3372 fuisse

2194 3388 2409 3442 clericis
2431 3388 2691 3457 Anglicis,
2727 3389 2797 3440 ita
2831 3397 2888 3441 ut
2916 3389 3057 3457 quod
3095 3397 3286 3441 contra
3313 3387 3576 3457 rationem
3605 3388 3772 3454 juris,

2196 3458 2333 3528 addo
2385 3455 2738 3511 ecclesiastici
2779 3455 2947 3527 (nanf
2979 3457 3130 3511 Pauli
3179 3455 3560 3528 jurisconsultl
3602 3457 3774 3528 verba

2194 3527 2288 3581 lib.
2307 3540 2537 3581 ccxxx”
2559 3529 2723 3596 Indig.
2745 3525 2981 3597 mutuor)
2998 3528 3097 3581 fuit
3120 3525 3390 3597 receptum
3403 3527 3468 3579 ab
3481 3525 3776 3597 aliquibus,

2196 3614 2304 3651 non
2335 3598 2406 3652 sit
2439 3595 2842 3665 producendum
2871 3597 2937 3650 ad
2963 3595 3436 3666 consequentum].
3479 3595 3778 3666 Postquam

2203 3668 2319 3722 lucc
2353 3664 2770 3737 congessissent,
2797 3668 3038 3721 occurrit
3083 3664 3177 3721 lib.
3208 3681 3300 3719 vttt
3339 3664 3522 3737 liistor
3553 3665 3776 3718 Britan-

2198 3738 2333 3792 nicae
2362 3735 2674 3800 Arn—loricae,
2729 3751 2848 3804 cap.
2885 3737 2984 3800 19,
3037 3737 3174 3790 idem
3211 3737 3361 3789 locus
3408 3735 3473 3788 de
3518 3738 3777 3790 uxoribus

2240 3809 2432 3860 rituum
2471 3807 2538 3860 ab
2568 3805 2822 3859 Anseltno
2849 3806 3152 3860 interdictis
3186 3806 3576 3866 sacerdotibus.
3611 3821 3774 3874 quem

2240 3823 2432 3860 rnmnn
2471 3823 2538 3860 ao
2568 3823 2822 3859 Ansenno
2850 3823 3152 3860 interdictis
3186 3823 3576 3866 sacernonuns.
3611 3823 3774 3874 quem

2198 3823 2712 3947 iiistoriaeconditor
2743 3876 3456 3947 BertrandusAArgentraens
3483 3874 3665 3947 hausit
3701 3891 3774 3930 ex

2200 3946 2420 4000 ltoberti
2454 3945 2742 4000 Beccensis
2778 3946 3031 3999 monachi
3069 3944 3452 4014 Chronologia.
3487 3944 3638 4014 llnnc
3679 3961 3776 3996 au-

2203 4024 2308 4069 tent
2340 4016 2521 4068 retulit
2547 4015 2890 4084 Argenti-acus
2915 4025 3197 4084 postquam
3240 4013 3558 4068 memoravit
3587 4013 3772 4068 Victo-

2201 4086 2340 4139 rium
2373 4085 2690 4138 Rhedonum
2721 4086 3018 4138 antistitem
3045 4086 3208 4139 tiliam
3264 4084 3517 4138 habuisse
3547 4085 3774 4138 Demao-

2203 4158 2309 4208 lant
2341 4155 2591 4220 nomine,
2633 4167 2685 4208 et
2716 4154 2975 4223 plusculis
3022 4156 3087 4209 de
3126 4172 3188 4209 ea
3227 4154 3462 4223 scriptis,
3492 4155 3641 4208 addit
3679 4155 3777 4208 ob-

2204 4238 2476 4280 servatum
2521 4225 2662 4292 quod
2703 4227 2938 4293 episc0pi
2977 4226 3392 4292 sacerdotesque
3414 4239 3519 4277 non
3567 4232 3774 4278 ta..tnm

2205 4295 2464 4364 Victorii,
2516 4295 2607 4347 sed
2653 4304 2707 4347 et
2756 4295 2815 4346 D.
2871 4294 3090 4348 Hieron.
3149 4294 3542 4364 Augustinique
3580 4295 3778 4348 stt-culo

2206 4363 2375 4418 libere
2402 4373 2620 4432 possunt
2667 4365 2991 4433 impuneque
3019 4380 3139 4417 esse
3172 4363 3377 4426 mariti,
3418 4379 3482 4417 eo
3508 4368 3647 4432 quod
3680 4363 3778 4417 Ec—

2209 4433 2372 4488 clesia
2402 4434 2666 4488 Catholica
2712 4434 2947 4487 nondum
2987 4435 3248 4488 vetuisset
3283 4453 3295 4486 :
3336 4438 3569 4487 vetuerit
3599 4445 3776 4488 tamen

2209 4505 2278 4558 ob
2318 4503 2556 4558 inﬁnitas
2587 4519 2884 4574 gravesque
2931 4519 3142 4566 causas.
3176 4515 3228 4559 et
3273 4503 3325 4558 id
3368 4504 3642 4574 i_nterdieti
3682 4518 3781 4574 po-

2211 4582 2415 4628 stremo
2442 4575 2493 4627 in
2526 4571 2822 4643 Anglicana
2866 4573 3034 4628 fuisse
3064 4584 3337 4642 receptum
3371 4571 3611 4627 Ecclesia
3644 4589 3674 4626 a
3717 4572 3778 4626 ι).

2209 4645 2466 4699 Anselnio
2513 4645 2942 4713 archiepisc0po.
3010 4644 3182 4710 Quam
3235 4658 3362 4697 vero
3410 4644 3646 4697 absurde
3699 4644 3783 4696 vir

2211 4715 2455 4768 eruditus
2497 4716 2695 4768 dixerit
2744 4721 3047 4783 producens
3095 4713 3258 4767 tacite
3305 4713 3387 4767 sui
3436 4714 3782 4783 dictiAtestes

2212 4784 2274 4838 D.
2319 4783 2632 4854 llieronym.
2665 4797 2713 4838 et
2745 4781 3030 4850 Augustin.
3077 4794 3271 4854 prastcr
3315 4783 3527 4836 concilii
3581 4781 3782 4854 Nictettt

2208 4856 2487 4908 decretum
2519 4853 2768 4922 superius
2796 4854 3105 4923 allegatum,
3153 4853 3335 4922 palam
3365 4859 3542 4906 estex
3586 4853 3759 4906 Bellar

2211 4925 2364 4981 mitti.
2395 4924 2664 4993 Gregorii.
2698 4923 2963 4977 Valentini
3005 4933 3060 4977 et
3093 4923 3318 4976 aliorum
3347 4923 3620 4993 clericalis
3656 4938 3786 4975 con-

2212 4994 2454 5048 tinentize
2514 4991 2976 5062 propugnatorum
3039 4994 3260 5062 scriptis
3315 4993 3377 5046 D.
3445 4991 3782 5062 Hieronym.,

2185 5066 2439 5132 'August.
2476 5061 2629 5132 mens
2651 5061 2820 5130 patet,
2844 5072 2900 5116 et
2923 5064 3064 5116 illius
3085 5061 3304 5130 quidem
3341 5077 3409 5116 ex
3445 5077 3542 5115 sua
3573 5061 3785 5116 confes.

2212 5131 2364 5189 sione
2392 5132 2536 5186 edita
2580 5131 2748 5186 Paris.
2795 5133 2936 5200 apud
2985 5133 3300 5196 Nivellium,
3355 5132 3514 5200 hujus
3561 5146 3690 5185 vero
3714 5144 3787 5200 ex

2214 5205 2454 5274 ejusdem
2514 5217 2729 5270 quoque
2781 5199 3014 5274 confess.
3049 5218 3170 5271 pag.
3223 5199 3515 5274 467,_£68
3558 5209 3614 5254 et
3659 5199 3786 5274 £69,

2214 5271 2303 5328 ubi
2349 5272 2546 5326 dicitur
2586 5272 2859 5341 apostolos
2883 5272 3186 5327 caelibatum
3232 5271 3503 5334 docuisse,
3541 5281 3596 5341 ct
3645 5271 3788 5323 anti-

2215 5357 2352 5414 quos
2384 5340 2652 5398 servasse.
2686 5342 2951 5398 Proﬁteor
2996 5344 3158 5412 igitur
3199 5343 3468 5410 quondam
3499 5340 3788 5414 plerosque

2216 5411 2534 5483 conjugatos
2561 5414 2613 5468 in
2635 5413 2946 5484 episcopum
2969 5411 3189 5484 unctos,
3212 5414 3304 5484 sed
3335 5419 3456 5484 post
3481 5411 3790 5484 unctionem

2219 5486 2286 5539 ab
2316 5477 2594 5539 'ux'oribus
2635 5477 2982 5538 abstinuisse.
3027 5483 3117 5537 Sic
3177 5481 3231 5536 in
3267 5477 3441 5537 Gallia
3481 5494 3688 5536 nostra
3726 5477 3788 5529 D.

2217 5554 2522 5610 Germanus
2587 5553 3064 5609 Altissiodorensis
3136 5552 3492 5622 inauguratus
3567 5561 3792 5622 uxorem

2220 5626 2450 5682 mutavit
2501 5627 2554 5678 in
2613 5639 2882 5690 sororem,
2933 5634 3065 5678 teste
3113 5619 3430 5678 Constantio
3475 5619 3794 5690 presbytero

2223 5707 2678 5768 contemporaneo
2725 5694 2814 5750 lib.
2864 5684 2881 5749 ί
2929 5693 3064 5752 Vita-
3114 5693 3355 5765 ejusdem
3387 5731 3402 5760 ,
3447 5684 3567 5760 cap.
3614 5684 3670 5744 7'.
3724 5684 3808 5760 D.‘
