4028 6302
233 305 332 364 {0|

226 507 501 564 videamus
538 507 592 562 in
621 508 860 577 proximo
892 508 1030 561 diem
1055 507 1343 562 vocationis
1383 514 1575 560 nostra:
1603 520 1622 559 :
1661 513 1710 558 et
1743 503 1818 557 ita

229 607 490 667 aptemus,
523 606 578 648 ut
607 597 778 648 securi
804 610 982 649 eamus
1006 597 1073 649 ad
1089 596 1386 666 judicium;
1408 594 1530 664 quia
1565 590 1820 660 recepturi

226 703 416 741 sumus
435 685 545 740 sine
567 686 744 749 dubio,
756 695 910 753 prout
935 687 1164 754 gerimus
1184 686 1240 739 in
1250 683 1348 738 Itac
1371 682 1616 749 vita,sive
1628 681 1818 734 bonum

181 827 186 832 .
225 776 337 830 sive
372 774 588 829 malum.
639 773 778 828 Deus
817 791 908 829 nos
942 775 1124 845 junxit
1163 775 1220 829 in
1264 775 1363 829 hac
1396 775 1528 835 vita,
1559 773 1817 842 faciamus

227 877 288 921 ut
319 884 411 921 nos
430 867 587 922 simul
607 867 802 936 jungat
837 867 894 921 in
937 878 1135 922 atterna
1173 867 1313 932 vita;
1355 876 1402 920 et
1440 866 1707 920 videamus
1747 863 1820 918 ibi

225 959 424 1029 prolem
455 969 708 1024 nostram,
741 975 900 1030 quam
925 960 1024 1013 sibi
1052 958 1192 1013 Deus
1211 959 1326 1028 jam
1355 959 1654 1026 assumpsit.
1697 955 1819 1008 llzec

225 1060 357 1106 sunt
396 1058 572 1106 vestra
618 1052 832 1117 studia,
879 1053 992 1107 haec
1037 1051 1374 1114 sollicitudo,
1429 1050 1543 1104 haec
1581 1047 1818 1118 suspiria

223 1154 427 1198 vestra.
463 1142 615 1211 Quod
664 1144 861 1199 mando
901 1145 1056 1200 vobis
1095 1158 1192 1213 per
1227 1143 1478 1198 nuntium
1507 1141 1711 1206 istum,
1749 1155 1818 1197 ne

222 1235 460 1290 veniatis
503 1235 570 1290 ad
603 1249 718 1302 me,
758 1235 863 1291 nisi
905 1251 936 1289 a
968 1250 1056 1290 me
1083 1233 1321 1289 mandati
1359 1248 1455 1302 per
1483 1231 1564 1263 “‘
1581 1231 1815 1302 sigillum

222 1341 436 1394 meum;
484 1326 640 1382 vobis
684 1325 839 1392 dico,
897 1326 1113 1382 domine
1174 1334 1230 1381 et
1273 1323 1444 1379 frater
1494 1323 1816 1378 charissime

223 1419 526 1490 Burgundi,
548 1419 808 1490 suscipite
836 1416 979 1475 bono
1007 1419 1222 1485 animo,
1256 1423 1300 1476 si
1327 1435 1410 1476 me
1437 1419 1653 1472 amatis.
1685 1417 1815 1472 Om—

223 1509 479 1579 nipotens
508 1508 647 1565 Deus
675 1515 828 1581 regat
853 1509 1020 1565 corda
1055 1518 1239 1567 vestra
1259 1519 1344 1582 ,et
1366 1509 1564 1579 dirigat
1587 1507 1653 1561 ad
1678 1522 1812 1578 gau-

224 1598 314 1653 dia
339 1607 562 1654 aeterna.
595 1600 768 1655 Amen
1178 1628 1180 1630 τ

581 1750 739 1822 391
781 1751 1115 1827 EPISTOLA
1153 1751 1314 1807 LXIV
1351 1750 1446 1802 "7.

259 1877 484 1918 HUGONIS
520 1879 879 1920 LUGDUNENSIS
917 1881 1316 1922 ARCBIEI‘ISCOPI
1374 1883 1443 1921 AD
1476 1881 1779 1922 ANSELHUI.

430 1974 509 2028 De
531 1975 780 2030 incolumi
805 1994 900 2030 suo
929 1979 1098 2031 reditu
1119 1995 1184 2032 ea:
1209 1978 1611 2051 Hierosolymis.

299 2088 775 2146 Desideratissimo
820 2091 968 2147 Patri
1030 2108 1128 2147 suo
1175 2091 1464 2156 Assumo,
1518 2091 1813 2146 venerabili

226 2181 702 2237 Cantuariensium
753 2183 1191 2254 archiepiscopo;
1250 2181 1399 2238 Ηυςο
1436 2182 1815 2252 Lugdunensis

223 2272 480 2329 Ecclesiae
501 2287 710 2337 servus,
740 2275 988 2330 salutem.

296 2368 583 2424 Sanctitati
606 2378 797 2426 vestrm
826 2380 1013 2424 notum
1046 2385 1166 2424 esse
1197 2369 1474 2435 volumus,
1509 2371 1723 2426 meritis
1759 2379 1816 2426 et

224 2461 676 2520 intercessoribus
697 2462 893 2519 vestris
927 2463 980 2518 id
1008 2464 1402 2527 obtinentibus,
1432 2481 1529 2520 nos
1553 2463 1811 2520 Hieroso-

225 2551 386 2622 lymis
409 2552 706 2608 incolumes
735 2554 975 2609 rediisse.
1004 2555 1158 2622 Quod
1195 2556 1348 2612 vobis
1390 2557 1591 2611 idcirco
1631 2559 1814 2612 notiti-

226 2657 353 2695 care
385 2642 604 2712 dignum
630 2644 904 2710 duximus,
945 2647 1201 2714 quoniam
1229 2647 1280 2701 id
1306 2649 1458 2702 vobis
1488 2664 1592 2702 non
1635 2650 1814 2718 ingra-

229 2739 344 2788 tum
366 2731 480 2786 fore
513 2733 788 2788 credimus
813 2734 901 2786 ⁸¹⁸.
937 2735 1252 2791 Audivimus
1278 2737 1457 2790 autem
1485 2752 1514 2789 a
1547 2753 1671 2806 rege
1697 2738 1811 2790 An-

225 2822 436 2893 glorum
459 2839 552 2878 vos
575 2823 797 2878 nimium
822 2826 1132 2895 inquietari,
1156 2837 1210 2882 et
1239 2827 1404 2881 multa
1427 2837 1618 2883 contra
1644 2828 1812 2884 Deum

223 2913 448 2986 ejusque
485 2912 781 2971 Ecclesium
809 2917 876 2972 ab
905 2932 971 2972 eo
1003 2918 1299 2973 inconsulte
1343 2919 1462 2990 agi;
1498 2922 1637 2975 unde
1672 2922 1811 2976 divi-

223 3022 348 3062 nam
379 3021 479 3064 nos
506 3017 722 3077 oportet
756 3007 1048 3078 implorare
1083 3009 1421 3066 clementiam
1467 3019 1524 3065 ut
1551 3011 1810 3068 inimicos

1515 301 1641 356 LIB.
1681 297 1765 365 Ill,
1805 297 2019 354 EPIST.
2061 299 2226 352 LXV.

227 435 350 474 mus
381 416 490 471 Deo
508 432 602 487 pro
629 416 853 487 peccatis
877 417 1104 472 nostris?
1123 415 1490 487 Prteparemus
1522 430 1635 478 nos,
1665 413 1820 484 quasi
1850 394 1895 450 Α

3377 304 3506 356 ,102

2393 405 2724 464 EPISTOLA
2765 406 2902 463 LXV
2945 408 3035 464 ⁸³¹.
3407 490 3422 501 .

1967 513 2194 552 ANSELMI
2235 514 2302 553 AD
2339 514 2668 556 ιιυιωειιτυιι
2704 514 2943 554 COII‘I‘EI
2982 514 3052 554 ΕΤ
3094 512 3458 556 ΙΙΔΒΟΗΙΟΝΕΙ.

1920 607 2127 681 Gaudet
2158 609 2223 663 de
2247 611 2474 681 acceptis
2498 611 2610 680 ejus
2631 611 2840 674 litteris,
2864 609 3121 681 simulque
3155 611 3404 681 beneﬁcia
3439 613 3504 666 ab

1991 679 2082 733 illo
2108 681 2160 732 in
2186 695 2241 732 sc
2275 679 2467 732 collata
2496 679 2816 750 perstringit.
2854 680 2922 734 Et
2956 692 3012 734 ut
3034 679 3329 736 Ecclesium
3353 692 3504 736 tuea-

1992 760 2098 815 tur,
2132 766 2234 803 non
2255 765 2374 802 vero
2405 749 2483 802 illi
2506 749 2821 814 dominetur,
2849 752 3115 805 admonet.

1992 839 2101 896 Suo
2133 841 2455 904 reverendo,
2502 849 2556 895 et
2609 841 2929 894 citatissimo
2974 843 3197 898 Domino
3244 842 3505 898 υιιιιειιτο

1919 931 2010 995 ³³³,
2040 932 2246 996 comiti,
2271 940 2326 985 et
2355 930 2654 984 marchioni
2673 972 2687 992 ,
2721 930 3006 985 ANSELIIUS
3034 947 3223 987 servus
3251 933 3506 987 Ecclesiae

1919 1021 2344 1084 Catituariensis,
2379 1020 2535 1075 fidele
2561 1020 2844 1074 servitium
2877 1035 3000 1073 cum
3031 1021 3391 1077 orationibus.

1989 1113 2221 1167 Litteras
2249 1127 2278 1166 a
2314 1112 2624 1182 dignatione
2655 1120 2833 1165 vestra
2871 1109 2999 1164 mihi
3033 1111 3266 1167 directas
3306 1126 3504 1181 magno

1919 1205 2113 1274 gaudio
2143 1205 2376 1275 suscepi,
2404 1204 2660 1274 quoniam
2699 1203 2922 1265 honore,
2955 1210 3010 1256 et
3044 1216 3246 1262 amore,
3288 1212 3341 1256 et
3371 1219 3505 1272 opn-

1918 1297 2082 1352 lentia
2110 1297 2265 1351 bona:
2293 1296 2588 1350 voluntatis
2623 1295 2808 1364 plenas
2841 1295 3041 1348 inveni.
3080 1291 3328 1360 Quantus
3357 1296 3501 1350 enim

1919 1389 2051 1443 mihi
2078 1397 2162 1442 est
2195 1389 2394 1451 honor,
2432 1402 2553 1442 eum
2585 1395 2764 1441 vestra
2812 1385 3106 1452 celsitudo,
3137 1385 3290 1455 cujus
3316 1399 3373 1440 se
3401 1385 3504 1440 ho-

1917 1480 2092 1534 mines
2117 1479 2352 1548 gaudent
2392 1492 2511 1532 csse
2550 1487 2804 1547 parentes
2840 1475 2980 1540 mei,
3026 1475 3280 1546 dignatur
3323 1475 3504 1530 dicere

1917 1585 2005 1624 me
2042 1569 2144 1624 sibi
2189 1568 2660 1639 consanguinitate
2696 1563 2766 1598 m
2805 1565 3076 1637 copulari;
3109 1574 3345 1635 quantus
3375 1581 3505 1620 vero

1917 1673 2071 1712 amor
2114 1657 2476 1727 intelligitur,
2505 1671 2628 1710 cum
2669 1656 2735 1709 de
2784 1665 2890 1709 tam
2935 1654 3091 1723 longe
3133 1654 3263 1708 mihi
3324 1654 3506 1708 studet

1795 1747 1797 1749 ’
1848 1763 1892 1817 Β
1918 1748 2156 1802 scribere
2191 1763 2248 1802 se
2274 1748 2340 1801 de
2360 1746 2516 1800 bonis
2538 1760 2656 1815 quae
2681 1744 2747 1799 de
2769 1759 2854 1799 me
2875 1745 3025 1798 audit
3042 1743 3195 1799 Valde
3210 1743 3502 1814 gratulari!

1921 1839 2192 1908 Quantum
2235 1839 2399 1894 etiam
2440 1838 2691 1893 voluntas
2719 1837 2836 1906 ejus
2871 1837 3009 1890 bona
3041 1835 3094 1888 in
3130 1835 3214 1889 his
3250 1849 3368 1904 quae
3409 1833 3504 1888 Dei

1919 1939 2044 1984 sunt
2069 1944 2249 1984 coram
2279 1929 2388 1983 Deo
2421 1927 2660 1991 ferveat,
2690 1934 2875 1996 aperte
2913 1933 3252 1978 monstratur
3277 1938 3400 1977 cum
3436 1923 3503 1976 de

1917 2021 2076 2077 bonis
2113 2036 2231 2090 quae
2263 2019 2376 2076 sola
2413 2019 2557 2072 fama
2586 2019 2652 2072 de
2682 2016 2976 2087 longinquo
3016 2029 3182 2084 regno
3216 2013 3398 2078 audit,
3437 2012 3504 2066 ad

1917 2128 2169 2181 magnum
2194 2111 2445 2182 gaudium
2475 2121 2528 2164 et
2568 2107 3121 2164 lmlitiam'excitatur.
3149 2105 3347 2174 Utique
3377 2104 3504 2159 licet

1915 2220 1977 2260 ca
2008 2220 2127 2272 qua:
2155 2203 2220 2258 de
2249 2218 2334 2257 me
2360 2201 2441 2256 vel
2475 2203 2539 2254 de
2578 2201 2788 2254 actibus
2823 2200 2955 2253 meis
2984 2199 3124 2252 bona
3167 2195 3501 2260 referuntur,

1915 2299 2168 2358 debeant,
2199 2305 2460 2362 quantum
2496 2292 2548 2345 in
2582 2306 2668 2345 me
2714 2298 2818 2354 est,
2867 2288 3010 2343 nulla
3057 2297 3151 2341 aut
3197 2286 3311 2341 fere
3356 2285 3502 2340 nulla

1909 2388 2166 2458 judicari,
2196 2394 2376 2442 vestra
2417 2394 2594 2439 tamen
2629 2381 3005 2436 benevolentia
3049 2380 3119 2412 ³³⁵
3162 2394 3269 2434 non
3302 2378 3504 2432 minari

1915 2493 2076 2549 quam
2111 2477 2156 2532 si
2189 2491 2313 2530 vera
2336 2482 2514 2529 essent
2547 2469 2906 2542 apndjustutn
2932 2469 3175 2525 Judicem
3199 2468 3368 2538 gratia
3395 2483 3506 2520 me-

1916 2582 2064 2626 retur
2096 2565 2457 2622 remunerari.
2492 2564 2721 2620 Tantam
2766 2564 2953 2633 utique
2993 2562 3223 2633 gratiam
3262 2569 3500 2614 vestram

1915 2659 2101 2714 nescio
2146 2673 2230 2711 me
2262 2657 2443 2726 aliquo
2486 2655 2709 2710 servitio
2745 2654 3040 2721 meruisse,
3091 2653 3195 2707 nisi
3247 2651 3395 2722 quia,
3445 2657 3503 2702 ut

1915 2764 2103 2804 verum
2138 2746 2346 2820 fatear,
2373 2755 2608 2800 vestram
2637 2745 3051 2814 prosperitatem
3080 2742 3150 2775 ³³⁸
3179 2751 3502 2810 vestrosque

1916 2852 2200 2894 successus
2225 2835 2337 2892 scio
2375 2850 2458 2889 me
2499 2849 2732 2903 semper,
2764 2836 2928 2887 etiam
2968 2843 3261 2904 antequam
3293 2847 3388 2886 vos
3418 2831 3499 2886 vi-

1917 2932 2140 2995 dissem,
2176 2944 2281 2984 non
2322 2927 2449 2983 ficto
2490 2927 2652 2981 conte
2691 2925 2961 2980 dilexisse.
3006 2925 3210 2980 Memor
3241 2925 3384 2980 enim
3415 2938 3501 2979 me

1917 3023 2243 3080 naturaliter
2268 3037 2298 3075 a
2325 3019 2787 3092 progenitoribus,
2809 3018 2983 3082 vobis,
3002 3026 3055 3071 ut
3082 3017 3330 3079 Domino,
3349 3014 3501 3069 debi-

225 3112 462 3167 vcstros,
493 3102 603 3156 imo
642 3111 846 3157 sancta:
887 3103 957 3142 ³⁸³
995 3102 1084 3158 Dei
1113 3101 1372 3159 Ecclesia:
1399 3105 1810 3173 perturbatores

1920 3129 2089 3175 torem
2116 3132 2259 3181 esse,
2279 3129 2552 3185 nunquam
2589 3129 2780 3184 passus
2802 3128 2920 3168 sum
2943 3111 3090 3166 cordi
3117 3125 3235 3165 meo
3256 3120 3496 3165 vestrum

225 3199 543 3256 convertat,
593 3198 649 3245 et
688 3201 880 3246 vestrae
925 3202 1126 3248 sancta:
1170 3194 1488 3249 obedientitn
1536 3195 1806 3265 subjiciat.

221 3279 376 3347 Quod
400 3280 468 3346 si,
501 3280 740 3351 peccatis
773 3282 974 3338 nostris
995 3284 1356 3354 exigentibus,
1388 3285 1439 3340 id
1476 3286 1542 3339 ad
1572 3303 1810 3356 praesens

224 3371 341 3426 fieri
362 3386 468 3427 non
505 3373 725 3442 poterit,
751 3381 834 3439 et,
870 3375 1243 3442 persecutione
1279 3376 1581 3443 ingruente,
1608 3393 1701 3432 vos
1721 3395 1810 3434 ce-

220 3464 373 3526 dere,
409 3471 503 3516 aut
536 3463 699 3518 etiam
733 3463 910 3518 locum
944 3476 1179 3532 inuitare,
1217 3482 1439 3522 necesse
1471 3468 1652 3532 fuerit,
1681 3485 1808 3524 san-

219 3553 464 3608 ctitatem
489 3563 725 3608 vestram
759 3556 1041 3612 submissis
1067 3558 1315 3626 precibus
1340 3576 1632 3616 exoramus
1653 3571 1708 3614 nt
1739 3563 1806 3616 ad

218 3659 448 3712 puerum
477 3654 716 3700 vestrum
750 3647 1021 3703 declinare
1060 3666 1163 3703 non
1206 3651 1600 3720 dedignentini,
1647 3663 1700 3708 et
1740 3652 1806 3706 ad

216 3735 443 3789 domum
485 3744 744 3799 vestram,
793 3753 911 3807 qute
965 3748 1142 3792 vestra
1195 3739 1317 3803 fuit,
1364 3751 1416 3796 et
1474 3757 1594 3810 qua:
1649 3741 1809 3796 modo

217 3835 402 3881 vestra
431 3836 532 3892 est,
563 3837 618 3883 et
647 3828 713 3882 de
746 3829 832 3883 die
877 3829 928 3883 in
971 3829 1111 3884 diem
1154 3847 1368 3901 semper
1404 3831 1600 3888 melius
1631 3843 1806 3888 vestra

213 3917 342 3971 erit.
368 3917 520 3984 Quod
558 3935 663 3974 non
695 3920 869 3974 solum
907 3936 1036 3988 nos,
1086 3924 1179 3977 sed
1221 3933 1275 3978 et
1319 3925 1608 3979 commissa
1652 3926 1809 3982 nobis

217 4007 462 4064 Ecclesia
491 4009 770 4064 humiliter
805 4012 1090 4082 implorat,
1132 4028 1252 4084 qua:
1288 4016 1646 4071 sanctissimis
1679 4033 1805 4071 ora-

221 4101 463 4156 tionibus
498 4103 699 4156 vestris
729 4103 1005 4158 nobiscum
1045 4106 1392 4162 devotissime
1433 4122 1492 4162 se
1527 4122 1809 4162 commen-

223 4198 335 4260 dat,
364 4208 421 4252 et
442 4197 510 4251 ad
539 4198 855 4266 obsequium
891 4209 1133 4254 vestrum
1162 4202 1589 4269 promptissima,
1615 4201 1807 4256 faciem

225 4298 460 4344 vestram
483 4289 666 4343 videre
694 4289 982 4346 desiderat.
1025 4291 1377 4346 Praesentium
1409 4292 1685 4364 gerulum,
1717 4294 1808 4348 El-

225 4378 444 4431 vredmn
497 4379 717 4435 nomine
756 4379 847 4447 ³³⁸,
895 4382 1046 4437 vobis
1089 4385 1557 4441 commendamus.
1601 4386 1702 4453 Qui
1738 4389 1808 4443 ab

1914 3229 2156 3269 amorem
2187 3213 2395 3268 deesse.
2437 3210 2547 3266 Nec
2579 3226 2698 3265 sum
2735 3208 2934 3263 oblitus
2964 3208 3086 3276 quia
3118 3221 3241 3262 cum
3267 3207 3498 3260 Romam

1913 3304 2213 3367 tendet-em,
2237 3303 2468 3370 benigna
2495 3310 2675 3354 vestra
2709 3297 2932 3370 largitas
2965 3295 3207 3366 Lugduni
3246 3305 3497 3364 prompta

1913 3395 2005 3449 fuit
2034 3411 2118 3449 me
2148 3395 2452 3450 conducere
2484 3398 2645 3461 atque
2677 3388 2980 3445 necessaria
3010 3386 3259 3456 quazlibet
3285 3386 3496 3454 impen-

1911 3490 2058 3543 dere.
2083 3489 2183 3556 Qai
2218 3504 2372 3542 amor
2414 3486 2639 3540 multum
2678 3482 2850 3538 crevit
2895 3479 3105 3549 cognita
3156 3492 3252 3549 per
3298 3477 3498 3532 multos

1909 3593 2087 3635 vestra
2118 3581 2226 3635 vita
2257 3590 2310 3635 et
2340 3579 2641 3651 probitate,
2681 3575 2807 3644 quia
2844 3571 2911 3626 ad
2949 3571 3269 3627 servandam
3308 3584 3496 3640 pacem

1911 3687 1973 3727 ac
2001 3670 2267 3740 justitiam
2307 3687 2429 3725 cum
2461 3671 2662 3740 pietate
2691 3662 2907 3720 utimini
2943 3663 3110 3718 vestri
3159 3661 3497 3731 principatus

1909 3771 2194 3830 potestate.
2234 3760 2405 3826 Quem
2450 3759 2611 3814 etiam
2652 3755 2808 3808 valde
2857 3751 3114 3821 majorem
3155 3749 3358 3806 habere
3409 3764 3496 3804 me

1910 3852 2163 3922 deinceps
2191 3851 2388 3906 debere
2415 3848 2677 3917 intelligo,
2702 3846 2830 3915 quia
2860 3846 2960 3902 hoc
2981 3854 3160 3900 vestra
3191 3843 3384 3898 mereri
3413 3843 3497 3897 di-

1911 3953 2112 4016 gnatur
2142 3959 2269 4014 erga
2301 3957 2384 3996 me
2413 3940 2649 3995 dilectio.
2682 3938 2942 4005 Quamvis
2979 3951 3086 3990 non
3124 3943 3278 4004 egeat
3314 3943 3494 3987 vestra

1909 4036 2048 4090 bona
2109 4033 2336 4088 intentio
2382 4041 2565 4086 nostra
2618 4027 3008 4092 admonitione,
3058 4026 3124 4080 ad
3177 4040 3262 4079 me
3311 4034 3494 4079 tamen

1909 4125 2144 4194 pertinet
2183 4133 2242 4177 ut
2275 4121 2499 4192 epistola
2539 4135 2662 4175 mea
2698 4120 2768 4174 ad
2800 4133 2897 4172 vos
2922 4132 3028 4174 non
3061 4115 3132 4172 sit
3166 4115 3284 4172 sine
3312 4116 3492 4185 aliqua

1912 4213 2307 4268 exhortatione.
2368 4211 2520 4266 Sicut
2573 4211 2720 4267 enim
2781 4210 2962 4282 ignem
3017 4217 3176 4264 vento
3225 4209 3490 4280 agitatum

1911 4304 2157 4359 videmus
2184 4305 2565 4370 exardescere,
2611 4304 2687 4358 ita
2723 4303 2864 4359 bona
2895 4301 3144 4358 voluntas
3168 4316 3264 4371 per
3291 4301 3494 4356 exhor-

1912 4395 2169 4451 tationem
2196 4397 2263 4452 ad
2295 4397 2516 4452 meliora
2549 4412 2608 4453 se
2639 4397 2774 4452 solet
2800 4396 3115 4452 accendere.
3152 4395 3386 4460 Videtis,
3420 4393 3490 4448 mi

223 4468 410 4558 Apulia
439 4486 607 4540 usque
638 4471 953 4543 Lugdunum
981 4475 1046 4508 ⁸⁸³
1085 4475 1365 4532 uobiscum
1392 4479 1636 4546 veniens.
1669 4479 1803 4536 ﬁde-
1837 4487 1882 4542 D
1908 4487 2227 4542 charissime
2255 4488 2497 4556 domine,
2537 4489 2773 4558 qualiter
2817 4496 2993 4543 mater
3022 4494 3207 4542 nostra
3247 4483 3489 4539 Ecclesia

223 4557 343 4613 liter
369 4557 524 4616 nobis
544 4562 787 4616 servivit.

1905 4581 2020 4643 Dei,
2050 4597 2209 4652 qnam
2238 4583 2374 4636 Deus
2399 4583 2699 4652 pulchram,
2722 4583 2952 4636 amicam
2978 4589 3032 4635 et
3055 4580 3304 4634 dilectam
3329 4592 3492 4648 spon-

1499 4704 1584 4758 VA
1596 4704 1732 4762 ill/E
1769 4710 2170 4770 LECTIONES.

323 4803 398 4834 ³²⁶
423 4803 686 4861 Mandatis
725 4823 824 4876 per
858 4825 935 4865 ms
984 4811 1271 4868 mandatus

226 5009 537 5085 Lugdunum
649 5018 716 5049 ³³²
739 5017 946 5074 Collata
982 5037 1100 5075 cum
1126 5025 1307 5078 eodem
1335 5041 1413 5078 ms

327 4813 686 4899 tiniamtatjs
725 4823 824 4876 per
858 4825 940 4899 ms
984 4813 1415 4899 mandatus-per
1451 4813 1598 4870 Edit.
1635 4823 1946 4879 mamlatum
1978 4825 2143 4883 fuerit
2180 4844 2278 4899 per

225 4871 471 4957 duximus
511 4871 749 4957 ms_fore
796 4881 1072 4957 credimus
1178 4883 1251 4915 ’"
1287 4871 1499 4939 V'estros
1528 4871 2291 4955 sancte"iii£"iésii5§'inliiib
2321 4871 2524 4957 sanet;

226 4946 445 5027 yredum
477 4947 779 5027 nomine};
795 4953 1072 5027 recentiori
1102 4965 1363 5027 caractere
1389 4957 1442 5008 in
1470 4959 1649 5027 eodem
1681 4977 1758 5015 ms
1785 4946 2104 5023 ιιξειὴιῖᾇίιίἷιῖι

500 5026 716 5106 armi"
739 5026 946 5106 Cottas?
982 5026 1307 5106 cum_eodcm
1335 5041 1413 5078 ms
1480 5096 1495 5106 _
1523 5026 1593 5060 ³³³
1616 5028 1880 5106 Guiberto
1907 5054 1984 5091 ms
2011 5038 2273 5096 Umberto

228 5089 685 5156 consanguinitate
794 5089 862 5120 ³³⁵
887 5090 1326 5149 Benevolentiam
1356 5111 1434 5150 ms
1479 5089 1857 5162 benevolentia

2385 4832 2450 4864 “"
2483 4830 2689 4887 Collata
2722 4849 2836 4886 cum
2861 4833 3038 4886 eodem
3070 4847 3146 4884 ms
3257 4830 3323 4862 ³¹⁸
3351 4829 3490 4886 Fore

2630 4903 2698 4934 ³³⁹
2737 4903 3021 4957 llreredum
3052 4900 3266 4955 nomine
3294 4917 3373 4954 ms
3406 4902 3492 4955 El-

2462 4972 2741 5051 situljsque
2763 4975 2829 5026 ad
2866 4971 3182 5051 Lugdunum
3211 4987 3287 5026 ms
3320 4984 3491 5051 usque

2391 5043 2461 5075 ut
2489 5042 2602 5098 Sibi
2655 5053 2734 5124 ek
2752 5042 3222 5122 consanguinitate
3262 5059 3339 5096 ms
3385 5043 3489 5100 sibi

1967 5108 2038 5141 ⁸³⁸
2075 5110 2496 5198 Prosperilatem
2540 5129 2619 5167 ms
2662 5108 2898 5166 ve‘stram
2929 5108 3344 5181 prosperitatem

1376 5205 1660 5266 JOANNIS
1689 5211 1966 5273 PlCARDl
2005 5219 2238 5277 NOTAE.

230 5335 433 5392 quoque
466 5317 700 5392 Hilarius
727 5316 1084 5392 Pictaviensis
1110 5338 1124 5372 τ
1161 5321 1227 5375 de
1253 5336 1358 5390 quo
1385 5324 1486 5378 etsi
1522 5324 1792 5380 Fortuna-

233 5388 308 5446 tus
344 5388 460 5445 ὶιοιι
515 5388 857 5461 prodiderit,
909 5389 1106 5442 eximia
1152 5388 1328 5444 tamen
1375 5394 1476 5446 viri
1511 5397 1790 5461 sanctitas,

231 5473 484 5535 carminum
515 5459 1004 5535 ecclesiasticorum
1037 5469 1194 5512 tenax
1243 5463 1535 5535 custodite,
1572 5473 1624 5518 et
1654 5459 1795 5535 prteé

235 5529 368 5605 clara
407 5530 475 5605 ad
507 5529 901 5605 filiamAAbt-am
928 5529 995 5584 de
1026 5532 1300 5605 servanda
1325 5529 1794 5605 virginitate'epi-

236 5603 406 5666 stola,.
447 5600 865 5669 locupletissime
927 5609 1214 5655 testantur.
1283 5601 1342 5655 ιι.
1406 5600 1787 5669 Genebaldus,

240 5672 466 5725 ualldlllll
508 5671 713 5727 Clavati
761 5674 966 5742 primus
1007 5671 1277 5740 pontifex,
1323 5682 1378 5728 et
1411 5673 1683 5739 Urbicius,
1723 5691 1789 5730 ex

239 5750 474 5796 senatore
519 5741 884 5798 Claromontis
924 5741 1191 5798 Alvernite
1232 5744 1546 5815 episcopus,
1604 5748 1683 5801 sic
1730 5763 1790 5802 se

1904 5350 2121 5404 gessere
2149 5336 2482 5405 aliquandiu.
2513 5335 2619 5392 Sed
2671 5353 2794 5392 cum
2834 5337 2900 5392 ad
2947 5352 3145 5393 uxores
3188 5336 3486 5404 redissent,

1903 5408 2157 5461 acerbam
2207 5407 2452 5462 incestus
2495 5418 2782 5465 senserunt
2818 5423 3054 5478 poenam.
3105 5407 3195 5462 Ille
3227 5410 3372 5478 enim
3401 5424 3486 5461 se-

1901 5485 2046 5546 ptem
2088 5479 2242 5532 annis
2281 5479 2563 5548 ergastulo
2614 5477 2853 5535 inclusus
2884 5479 3160 5549 ptenituit,
3194 5486 3327 5532 teste
3359 5477 3487 5531 llin.

1901 5562 2086 5622 cmaro
2120 5550 2172 5603 in
2207 5549 2325 5622 Vita
2371 5551 2548 5605 sancti
2600 5550 2852 5622 lhzrnigii.
2889 5571 2906 5600 ι
2942 5549 3040 5622 llic
3071 5549 3486 5622 vero__lacrj;t_nis

1903 5617 2080 5692 s_celus
2104 5621 2359 5692 eXpiavit.
2393 5641 2410 5673 ι
2439 5630 2661 5678 auctore
2685 5617 2912 5692 Gri-ger.
2939 5621 3146 5677 Turon.
3172 5618 3266 5675 lib.
3293 5633 3309 5672 ι
3342 5617 3484 5672 Hist.

1899 5688 2119 5756 Fratre,
2149 5688 2266 5765 cap.
2300 5691 2390 5746 44.
