4028 6302
501 321 599 375 105

498 521 769 592 quomodo
797 501 864 574 ab
893 520 976 572 his
1003 515 1196 586 quibus
1231 521 1288 566 ιιι
1319 509 1598 566 advocatis
1636 508 1704 562 ad
1731 504 2010 560 tuitionem
2049 517 2079 554 a

503 615 612 668 Deo
639 609 1009 668 eammendata
1039 614 1154 670 est,
1182 604 1248 657 ad
1270 617 1458 657 eorum
1496 611 1752 654 arternam
1777 595 2080 654 damnatio-

503 717 624 756 nem
652 699 975 763 tribulatur;
1013 710 1116 765 qua
1149 691 1570 764 praesumptione
1601 689 1652 744 in
1681 687 1927 760 preprios
1951 697 2082 740 usus

504 791 602 858 ipsi
636 796 1036 857 usurpaverant
1072 799 1161 839 res
1213 783 1331 851 ejus
1351 823 1366 846 ,
1393 797 1499 852 qua
1531 780 1848 835 crudelitate
1880 778 1932 832 in
1965 791 2081 832 ser—

501 881 724 934 vitutem
775 861 1028 948 redigunt
1085 875 1388 930 libertatem
1447 871 1597 942 ejus,
1652 885 1757 940 qua
1805 867 2084 939 impietate

501 977 859 1024 contemnunt
892 976 947 1024 et
981 966 1246 1036 dissipant
1292 964 1462 1034 legem
1505 971 1561 1018 et
1599 961 1908 1032 religionem
1943 959 2082 1029 ejus.

501 1060 601 1126 Qui
647 1075 769 1112 cum
809 1057 1178 1127 dedignantur~
1209 1053 1320 1124 (l5)
1364 1052 1644 1123 apostolici
1674 1053 1908 1107 decretis
1941 1051 2085 1120 (qua:

501 1151 569 1206 ad
612 1152 778 1204 rolmr
813 1148 1135 1202 Christianae
1170 1145 1449 1216 religionis
1481 1143 1632 1213 facit)
1676 1158 1798 1198 esse
1829 1142 2083 1198 obedien-

506 1253 608 1308 tes,
638 1241 800 1296 Petro
830 1240 1016 1310 utique
1046 1239 1310 1310 apostolo,
1357 1238 1510 1306 cujus
1535 1237 1652 1291 vice
1684 1235 1948 1306 fungitur,
1977 1219 2084 1288 imo

504 1333 746 1395 Christo,
789 1332 880 1402 qui
927 1330 1086 1385 Petro
1127 1327 1526 1383 commendavit
1569 1342 1721 1380 suam
1762 1325 2082 1387 Ecclesiam,

507 1439 566 1477 se
630 1424 862 1492 probant
901 1437 1020 1495 esse
1057 1420 1446 1476 iuobedientes.
1488 1417 1744 1484 Quaerant
1786 1417 1948 1485 igitur
1992 1416 2085 1485 qui

507 1513 692 1568 vicarii
725 1511 890 1572 Petri,
927 1521 980 1568 et
1010 1513 1062 1566 in
1090 1525 1153 1566 eo
1190 1509 1333 1566 Petri
1361 1518 1414 1564 et
1441 1508 1663 1574 Christi,
1692 1509 1907 1562 decreta
1931 1505 2088 1561 Chri-

507 1605 682 1658 stiana
713 1602 779 1633 ³³⁷
813 1610 1166 1658 contemnunt
1194 1641 1208 1664 ,
1242 1599 1373 1653 alias
1409 1599 1556 1668 regni
1593 1598 1850 1652 ccelorum
1880 1606 2086 1666 portas,

509 1694 634 1762 quia
679 1703 826 1750 certe
862 1707 960 1762 per
987 1691 1107 1746 illas
1145 1705 1249 1743 non
1297 1688 1600 1742 introibunt
1641 1702 1870 1755 quorum
1905 1686 2088 1741 claves
2119 1727 2167 1788 Β

508 1785 704 1841 Petrus
737 1784 1009 1856 apostolus
1055 1790 1252 1850 portat.
1283 1780 1486 1836 Omnes
1523 1794 1755 1847 namque
1783 1777 1870 1846 qui
1901 1777 2089 1831 nolunt

510 1876 734 1946 subjecti
754 1891 874 1931 esse
888 1875 990 1944 legi
1022 1874 1138 1939 Dei,
1156 1873 1361 1940 absque
1374 1871 1535 1925 dubio
1546 1867 2089 1939 deputanturinirnici

510 1969 623 2022 Dei.
656 1968 818 2038 Ergo,
847 1969 917 2022 mi
957 1966 1193 2029 domine,
1221 1980 1288 2019 ne
1319 1963 1520 2032 putetis
1561 1961 1858 2016 Beclesiam
1890 1975 1923 2030 τι
1947 1975 2009 2014 ηε
2037 1960 2089 2014 iu

508 2073 688 2117 Vestro
725 2061 1026 2129 principatu
1057 2068 1142 2116 est
1170 2057 1322 2112 vobis
1349 2070 1469 2110 esse
1501 2055 1678 2108 datam
1718 2054 1770 2106 in
1810 2052 2094 2106 hmredita-

511 2151 644 2205 riam
669 2151 1120 2213 dominationem,
1165 2147 1258 2202 sed
1298 2145 1351 2198 iu
1399 2144 1798 2199 haereditariam
1843 2157 2094 2197 reveren-

511 2245 641 2298 tiam
694 2251 750 2300 et
805 2244 857 2295 in
916 2241 1216 2295 tuitionem.
1273 2237 1405 2291 Eam
1463 2245 1524 2290 ut
1573 2245 1801 2290 matrem
1860 2244 2094 2290 vestram

510 2339 725 2390 amate,
775 2339 832 2382 ut
877 2342 1130 2397 sponsam
1173 2333 1228 2380 et
1265 2325 1496 2378 amicam
1536 2325 1626 2377 Dei
1665 2324 1943 2378 honorate.
1994 2323 2095 2388 Qui

512 2422 658 2476 enim
708 2420 850 2474 illam
880 2419 1218 2484 conculcant,
1250 2425 1402 2471 extra
1438 2415 1584 2470 illam
1619 2431 1740 2470 cum
1767 2415 2099 2470 daemonibus

517 2512 1015 2574 ronculcalmntur;
1047 2518 1103 2564 et
1140 2508 1229 2578 qui
1265 2505 1408 2561 illam
1455 2506 1797 2577 glorificent,
1829 2507 1881 2560 in
1921 2505 2008 2560 illa
2045 2515 2100 2562 et

515 2619 637 2658 cum
677 2602 764 2656 illa
799 2602 941 2655 inter
965 2599 1186 2670 angelos
1225 2596 1693 2668 glorificabuntur.
1727 2596 2098 2650 Reverendam

515 2696 786 2750 dominam
814 2709 1013 2755 meam,
1045 2705 1267 2745 uxorem
1298 2700 1562 2753 vestram,
1591 2705 1713 2742 cum
1744 2688 1894 2758 prole
1921 2698 2098 2746 vestra

514 2784 711 2849 saluto,
765 2785 958 2853 quibus
1002 2781 1278 2835 vobiscum
1331 2787 1547 2833 nostras
1601 2777 1857 2833 Ecclesia:
1901 2789 2101 2833 nostra:

515 2881 784 2936 orat’ones
813 2880 866 2934 in
899 2893 1025 2932 vera
1062 2876 1329 2932 charitate
1352 2873 1420 2906 ⁸³⁸
1455 2874 1714 2929 concedo.
1747 2872 2102 2942 Omnipotens

516 2971 656 3026 Deus
681 2971 761 3025 sic
789 2985 885 3024 vos
917 2971 970 3023 in
1003 2968 1106 3022 hac
1153 2966 1266 3020 vita
1317 2964 1516 3034 dirigat
1559 2975 1615 3019 et
1644 2973 1912 3034 protegat,
1946 2975 2004 3019 ut
2045 2965 2098 3020 in

518 3061 696 3118 futuro
723 3062 791 3116 ad
830 3070 1088 3116 aeternam
1122 3056 1507 3110 beatitudinem
1534 3057 1813 3125 provehat.

1051 313 1124 369 S.
1150 307 1446 367 ANSELMI
1485 302 1833 361 CANTUAR.
1872 291 2188 354 ARClllEP.
2231 291 2380 348 OPP.
2420 288 2602 344 PARS
2639 288 2796 347 lli.-—
2820 285 3202 344 EPISTOLzE.

495 447 612 486 sam
645 444 796 485 suam
833 435 1012 491 vocat,
1055 440 1083 477 a
1119 423 1274 477 malis
1313 419 1647 490 principibus
1691 411 2074 474 conculcatur;
2113 395 2158 449 Α

3682 284 3811 338 104

2647 403 2976 460 EPISTOLA
3021 401 3108 455 LX
3119 402 3178 454 γι
3213 400 3279 431 ⁸³’
3291 438 3304 452 .

2280 510 2498 550 Δκεεωιι
2540 507 2608 549 Αἰ)
2649 505 2990 549 Βυκίςυκοιυιῐ
3031 507 3100 544 ΕΤ
3155 502 3418 543 mortem:
3461 502 3689 541 UXOREM

2911 576 3052 616 ειυς.
3165 575 3170 580 ”

2185 659 2610 730 Hierosolymam
2637 658 3015 730 profecturum,
3044 655 3258 730 quidsit
3294 662 3511 706 acturus
3531 694 3544 715 ,
3576 663 3801 705 monet.

2258 728 2326 785 Ut
2357 725 2652 800 generalem
2675 725 2907 782 omnium
2937 727 3001 780 ab
3033 725 3266 800 infantia
3293 733 3627 800 peccatorum
3653 738 3802 774 con-

2258 792 2533 868 fessionem
2562 800 2980 868 prremittatgﬁ
3025 792 3102 850 ita
3145 811 3406 868 res_suas_
3431 792 3684 860 disponat
3738 803 3803 845 ut

2235 861 2474 924 "uxorem
2504 861 2606 922 non
2625 870 2736 922 sine
2761 866 2961 920 auxilio
2992 876 3036 919 et
3066 863 3284 918 consilio
3315 861 3597 932 relinquat.

2258 959 2541 1013 Assstuus
2578 957 2751 1027 gratia
2807 955 2899 1011 Dei
2946 953 3390 1023 archiepiscopus
3435 949 3796 1014 Cantuarire,

2188 1047 2380 1114 fratri,
2425 1056 2482 1103 et
2523 1049 2696 1103 amico
2745 1046 2962 1110 dilecto,
2992 1045 3325 1109 BURGUNDIO,
3357 1050 3413 1097 et
3438 1040 3596 1095 uxori
3627 1041 3764 1110 ejus
3784 1080 3799 1104 .

2187 1141 2357 1195 sorori
2383 1157 2493 1197 suae
2531 1141 2805 1205 Βιειιεῑιε,
2841 1138 3070 1193 salutem
3106 1146 3160 1192 et
3186 1135 3622 1191 benedictionem
3651 1133 3760 1188 Dei
3782 1175 3797 1196 ,

2187 1241 2243 1286 et
2275 1213 2455 1302 suam,
2476 1240 2736 1302 quantum
2763 1240 2960 1301 potest.
3287 1239 3294 1244 ‘

2260 1322 2555 1378 Mandastis
2611 1322 2777 1386 mihi,
2837 1320 3052 1375 domine
3107 1326 3164 1373 et
3223 1317 3398 1372 amice
3454 1315 3798 1372 charissime

2187 1414 2482 1484 Bnrgnndi,
2511 1429 2608 1468 vos
2637 1412 2777 1467 velle
2818 1411 2898 1465 ire
2936 1409 3365 1480 Hierosolymam
3412 1423 3511 1479 pro
3553 1408 3798 1464 servitio

2193 1505 2285 1560 Dei
2309 1513 2364 1558 et
2386 1503 2560 1558 salute
2593 1503 2792 1557 anima:
2823 1508 3050 1564 vestrae,
3085 1509 3140 1554 et
3168 1501 3272 1554 hoc
3299 1513 3397 1552 vos
3429 1497 3564 1553 velle
3597 1498 3800 1551 facere

2191 1596 2543 1652 concessione
2586 1611 2727 1662 mea,
2774 1604 2828 1648 ct
2870 1593 2965 1648 filii
3011 1593 3201 1658 vestri,
3250 1592 3354 1646 mei
3399 1591 3633 1660 nepotis,
3672 1591 3802 1644 An-

2192 1691 2368 1747 selmi.
2391 1689 2613 1746 Gaudeo
2629 1690 2696 1744 de
2719 1697 2901 1744 vestra
2931 1689 3070 1742 bona
3096 1685 3460 1748 volunl.ate,et
3483 1683 3715 1739 consulo
3740 1693 3802 1738 et

2195 1797 2407 1853 precor,
2430 1792 2490 1834 ut
2513 1781 2558 1835 si
2582 1781 2722 1835 hanc
2737 1779 2878 1832 viam
2902 1776 3136 1840 faciatis,
3150 1790 3250 1830 nec
3265 1773 3801 1844 vobiscum'peccata

2192 1890 2311 1944 qua:
2338 1873 2542 1928 fecistis
2571 1871 2820 1942 portetis,
2851 1885 2956 1924 nec
3009 1867 3152 1924 domi
3191 1874 3470 1936 peccatum
3504 1865 3802 1934 relinqua-

2193 1966 2293 2030 tis;
2323 1974 2370 2020 et
2401 1964 2734 2034 utdeiuceps
2761 1960 3094 2018 voluntatem
3120 1959 3260 2013 bene
3282 1956 3803 2020 vivendi,sicutve-

2194 2072 2290 2111 rus
2317 2054 2661 2111 Christianus
2679 2054 2851 2110 vestri
2875 2050 3082 2107 ordinis
3098 2091 3114 2115 ,
3139 2049 3412 2105 habeatis.
3434 2047 3624 2104 Facite
3650 2063 3800 2103 con-

2195 2147 2488 2203 chsionem
2508 2147 2750 2202 omnium
2767 2152 3115 2214 peccatorum
3129 2150 3434 2196 vestrorum
3461 2139 3798 2194 nominatim

2198 2242 2266 2296 ab
2289 2240 2518 2295 infantia
2548 2247 2748 2302 vestra,
2763 2245 3023 2306 quantum
3039 2233 3312 2290 recordari
3336 2233 3581 2302 potestis.
3595 2232 3804 2288 Videte

2199 2349 2265 2387 ne
2288 2339 2567 2403 peccatum
2591 2328 2836 2385 habeatis
2857 2341 3020 2397 super
3044 2339 3212 2381 uxore
3237 2323 3611 2393 vestra,cuju.s
3634 2323 3801 2378 boni-

2201 2433 2367 2478 tatem
2414 2421 2578 2492 392
2621 2435 2718 2475 vos
2763 2419 2954 2474 melius
3001 2417 3328 2488 cognoscitis
3358 2416 3426 2448 “°
3461 2431 3622 2486 quam
3653 2430 3799 2485 ego;

2201 2514 2294 2569 sed
2325 2514 2396 2568 ita
2427 2520 2726 2579 remaneat,
2760 2521 2819 2566 ut
2847 2511 2918 2566 sit
2951 2524 3057 2564 non
3093 2509 3211 2564 sine
3241 2507 3306 2540 "‘
3340 2508 3541 2562 auxilio
3567 2515 3623 2561 et
3661 2521 3800 2562 con-

2201 2607 2342 2672 silio,
2369 2605 2630 2678 quidquid
2660 2604 2804 2659 Deus
2841 2603 2908 2658 de
2937 2603 3093 2659 vobis
3131 2601 3327 2667 faciat;
3363 2615 3463 2655 nec
3488 2599 3802 2670 expellatur

2203 2715 2232 2754 a
2271 2702 2430 2753 domo
2470 2707 2527 2753 et
2568 2698 2775 2752 honore
2806 2703 3023 2760 vestro,
3051 2701 3241 2750 contra
3271 2693 3600 2748 voluntatem
3634 2707 3799 2746 suam

2201 2788 2440 2860 quandiu
2470 2789 2585 2856 ipsa
2619 2787 2789 2851 vivet,
2827 2794 2887 2839 ut
2913 2785 3084 2854 possit
3114 2783 3224 2838 Deo
3251 2782 3456 2838 servire
3483 2795 3582 2851 pro
3619 2780 3805 2838 salute

2201 2879 2448 2950 corporis
2473 2888 2526 2934 et
2553 2877 2747 2932 anima:
2778 2883 2990 2940 vestrae,
3017 2884 3072 2931 et
3102 2889 3200 2944 pro
3226 2872 3405 2928 anima
3445 2885 3540 2926 sua
3566 2880 3622 2927 et
3651 2871 3806 2926 tilio~

2203 2985 2323 3025 rum
2359 2978 2686 3024 vestrorum.
2714 2966 2994 3035 Disponite
3024 2975 3186 3020 totam
3215 2979 3326 3020 rem
3353 2971 3612 3028 vestram,
3651 2963 3806 3019 sicut

2129 3078 2174 3140 ο
2207 3061 2459 3118 faceretis
2489 3061 2535 3116 si
2559 3061 2612 3116 iu
2643 3058 2896 3130 praesenti
2926 3072 3021 3114 vos
3046 3057 3366 3112 moriturum
3400 3063 3455 3110 et
3477 3053 3588 3110 Deo
3617 3055 3806 3110 reddi-

1814 3192 2043 3248 \'ARIA§
2087 3193 2489 3253 LECTIONES.

627 3306 695 3338 ³³⁷
724 3304 948 3367 Christi,
973 3303 1276 3358 Christiana
1307 3316 1384 3353 ms
1400 3299 1600 3354 Christi
1641 3301 1854 3357 decreta
1895 3304 2204 3360 Christiana

521 3394 638 3433 cum
664 3379 838 3431 eodem
865 3392 942 3429 ms
1049 3373 1120 3405 ³⁸⁸
1149 3370 1498 3442 Cognoscetis
1525 3387 1602 3424 ms
1630 3374 1951 3442 cognoscitis

2314 3307 2381 3339 ³³⁸
2411 3307 2464 3361 In
2498 3306 2763 3360 charitate
2790 3321 2867 3358 ms
2895 3304 2948 3360 in
2971 3317 3096 3360 vera
3136 3301 3404 3358 charitate
3487 3301 3554 3334 ³³⁸
3586 3301 3802 3360 Collara

2058 3377 2124 3408 '“
2157 3379 2269 3431 Non
2300 3378 2418 3431 sine
2445 3395 2519 3431 ms
2548 3393 2655 3431 non
2684 3377 2756 3431 sit
2789 3376 2907 3431 sine

1726 3485 2014 3544 JOANNIS
2052 3487 2322 3544 PlCARDl
2361 3489 2592 3546 NOTAE.

599 3605 709 3677 (l5)
741 3601 1021 3677 Apostoiici
1054 3603 1294 3677 decretis.
1322 3603 1376 3657 ld
1411 3610 1494 3658 est
1512 3616 1690 3677 papze,
1718 3601 1822 3657 hoc
1847 3602 1990 3656 enim
2013 3618 2110 3656 vo-

523 3673 716 3731 cabulo
780 3673 992 3742 reperio
1063 3673 1350 3742 plerosque
1418 3674 1717 3743 scriptores
1791 3687 2111 3743 nuncupare

525 3759 735 3816 papam
766 3744 1102 3816 Romanum;
1167 3744 1276 3816 imo
1322 3752 1377 3796 et
1445 3742 1722 3816 Nicolaum
1773 3743 2110 3816 ll_papar_n,

527 3811 654 3872 dist.
680 3815 765 3877 '79.
802 3830 832 3870 c
864 3828 952 3867 an.
994 3813 1229 3882 Apostot.
1279 3822 1334 3867 et
1361 3829 1484 3867 can.
1529 3811 1587 3867 Si
1623 3814 1759 3881 quis,
1805 3811 1892 3866 ubi
1940 3811 2112 3880 lepida

525 3885 906 3958 paronomasia
934 3883 1066 3939 dicit
1099 3898 1204 3958 non
1239 3898 1360 3938 esse
1391 3883 2111 3958 habendumapostolicum,

531 3952 625 4012 sed
678 3955 1032 4026 apostaticum
1053 3995 1077 4026 ,ί
1103 3955 1193 4023 qui
1224 3954 1577 4026 apostolicam
1622 3952 1805 4026 sedem
1843 3969 1948 4006 non
1980 3968 2112 4026 con-

527 4022 800 4083 scendérit
837 4025 1080 4079 unanimi
1110 4022 1486 4078 Jcardinalium
1532 4023 1962 4092 clericorumque
1998 4022 2112 4077 suf-

529 4099 721 4168 fragio.
766 4096 848 4149 Ad
872 4111 1038 4168 quem
1088 4093 1263 4149 locum
1299 4094 1554 4168 videntur
1599 4095 1906 4168 respexisse
1945 4094 2114 4168 abbas

535 4163 924 4235 Urspergensis
963 4165 1027 4217 ad
1077 4181 1278 4218 annum
1334 4163 1471 4235 1106
1501 4205 1517 4230 ,
1561 4163 2114 4235 etABihliothecarins

531 4233 1006 4304 Malmes'buralib.
1040 4250 1089 4304 tv
1139 4235 1214 4288 De
1252 4234 1478 4304 regibus
1509 4233 1735 4304 Anglor.
1791 4235 2016 4303 loquens
2047 4234 2115 4287 de

531 4305 788 4360 Anselmo
823 4321 837 4357 :
885 4302 1018 4356 Voce
1053 4303 1159 4356 Deo
1189 4302 1408 4356 dilectus
1435 4302 1707 4373 gremium
1745 4302 2113 4373 apostolicum,

533 4378 759 4430 alterum
818 4383 1112 4442 apostatam
1165 4373 1380 4442 (scilicet
1426 4370 1732 4426 Guibertum
1779 4370 2115 4442 'antipapum)

534 4441 914 4512 pronuntiavit.
947 4441 1058 4496 Nec
1083 4441 1250 4512 semel
1278 4450 1485 4496 tantum
1511 4442 1614 4496 hac
1643 4442 1813 4496 utitur
1835 4441 2074 4512 dictione
2097 4457 2111 4505 ;

536 4510 660 4568 nam
696 4515 791 4567 lib.
821 4529 879 4574 tt,
909 4527 1028 4582 cap.
1063 4511 1158 4582 12,
1177 4512 1247 4566 ita
1275 4512 1466 4566 scribit
1494 4529 1508 4566 :
1536 4512 1678 4566 Sane
1701 4513 1796 4582 iste
1825 4510 1927 4564 Leo
1950 4511 2118 4582 iride.

535 4585 652 4638 licet
705 4582 808 4653 IX)
853 4585 915 4636 de
951 4579 1064 4653 quo
1080 4581 1400 4651 epitaphium
1436 4583 1705 4653 loquitur,
1729 4580 1900 4650 fuerat
1940 4579 2118 4635 Roma!

535 4651 876 4722 apostolicus,
912 4666 1008 4706 etc.
1044 4651 1370 4706 Praecedenti
1410 4651 1626 4721 queque
1657 4652 1773 4712 lib.,
1816 4653 2022 4722 cap._3,
2054 4653 2120 4706 de

537 4720 716 4780 Leone
752 4723 793 4772 V
829 4723 1106 4793 scribens;
1141 4731 1194 4776 et
1225 4722 1314 4778 lib.
1341 4738 1358 4776 ι
1391 4720 1476 4790 lDe
1499 4723 1684 4793 gestis.
1711 4720 1900 4793 pontif.
1930 4720 2114 4793 Angl.,

540 4800 592 4848 iu
635 4795 753 4851 Vita
796 4791 1038 4847 Anselmi
1067 4793 1419 4856 creberrime,
1447 4791 1664 4847 et’alibi
1704 4791 1924 4860 passim.
1971 4791 2116 4846 Heu-

2213 3603 2709 3676 Clementemgivlll,
2741 3604 2880 3676 apud
2911 3603 3383 3676 eumdem‘Baron.
3413 3603 3466 3658 in
3497 3604 3800 3674 appendice

2213 3677 2280 3729 ad
2329 3673 2470 3728 tom.
2521 3675 2608 3728 Vl.
2660 3673 2715 3727 ln
2748 3673 2943 3743 quibus
2991 3673 3232 3743 epistolis
3278 3673 3545 3728 Clemens
3572 3685 3801 3730 octavus

2215 3755 2444 3799 vocatur
2465 3746 2658 3798 tertius
2688 3745 2930 3798 decimus
2958 3745 3323 3812 apostolorum
3374 3745 3796 3798 mumlanorum.

2215 3814 2297 3869 0b
2325 3829 2486 3884 quem
2539 3815 2716 3868 locum
2755 3815 2903 3868 venit
2945 3811 2995 3866 in
3029 3824 3266 3870 mentem
3299 3814 3586 3869 locutionis
3625 3815 3802 3883 majo-

2216 3885 2368 3955 ribus
2403 3885 2605 3955 nostris
2639 3893 2915 3955 consueta:
2947 3899 3052 3953 qua
3095 3899 3289 3955 papam
3335 3885 3627 3955 vernacule
3670 3899 3803 3955 apo-

2217 3953 2412 4008 stolum
2460 3954 2746 4008 vocabant.
2782 3953 2952 4024 Quod
2992 3953 3349 4010 animadverti
3401 3956 3576 4024 primo
3608 3954 3660 4008 in
3700 3953 3801 4008 an-

2219 4025 2362 4092 tiqna
2405 4037 2624 4092 precum
2673 4023 3048 4091 eapitularium
3113 4025 3252 4094 apud
3295 4023 3547 4080 nos’fieri
3613 4024 3801 4085 εοιὶιει-

2215 4109 2335 4148 rum
2367 4094 2536 4147 forma
2571 4095 2654 4147 his
2682 4095 2904 4147 omnino
2935 4094 3111 4148 verbis
3144 4104 3200 4148 et
3225 4095 3420 4150 litteris
3449 4112 3462 4148 :
3495 4094 3660 4147 Prien
3699 4107 3802 4161 par

2218 4174 2390 4218 nostre
2441 4180 2628 4232 seguor
2655 4162 2933 4232 Lapotoire
2980 4180 2998 4218 :
3050 4181 3147 4232 por
3167 4175 3271 4218 tote
3299 4165 3351 4218 la
3383 4174 3496 4218 cort
3523 4165 3588 4217 de
3611 4163 3799 4230 Rome,

2216 4245 2315 4287 etc.
2340 4234 2394 4288 lu
2421 4235 2606 4288 codice
2631 4234 2836 4288 Victor.
2866 4249 2966 4288 ms.
2993 4235 3084 4302 qui
3109 4235 3267 4289 habet
3304 4235 3453 4288 Vitas
3483 4243 3801 4288 sanctorum

2218 4305 2393 4376 patrio
2420 4305 2719 4376 descriptas
2752 4318 3024 4376 sermone,
3052 4305 3104 4376 in
3136 4305 3254 4376 Yita
3291 4305 3463 4376 sancti
3492 4303 3798 4376 ,Sylvestri,

2219 4389 2319 4425 une
2345 4374 2510 4426 bonne
2536 4374 2675 4441 fame
2695 4374 2802 4440 pris
2837 4373 3109 4442 apostoile.
3153 4375 3390 4440 llursus,
3429 4374 3483 4428 in
3525 4373 3660 4428 festo
3689 4373 3800 4428 Ca-

2222 4443 2425 4524 tbedra:
2452 4443 2624 4496 sancti
2656 4443 2800 4497 Petri
2831 4457 2860 4524 ε.
2892 4442 3125 4524 Εξριίοἰι
3154 4445 3206 4496 ια
3239 4445 3444 4524 clt‘aiere
3474 4445 3627 4524 sciat
3665 4443 3803 4524 Pere

2219 4511 2476 4585 liAposIre
2529 4523 2782 4585 corn_ment
2831 4513 2890 4585 fit
2930 4511 3193 4585 AEvesques
3219 4514 3528 4568 d'Anlioc/re
3570 4523 3630 4585 et
3679 4515 3803 4581 puis

2221 4582 2491 4650 Apostoles
2531 4583 2595 4636 de
2623 4582 2804 4637 Rome.
2834 4582 3179 4638 Hcliuandus
3228 4586 3527 4640 monachus
3569 4583 3794 4653 Frigidi-

2221 4653 2548 4724 montisgita
2623 4668 2818 4723 papam
2878 4653 3153 4722 appellat,
3214 4670 3263 4724 κν
3331 4655 3660 4724 apostrophe
3682 4653 3802 4724 _sui

2221 4722 2487 4792 poematis
2515 4724 2588 4777 De
2618 4720 2812 4786 morte,
2841 4720 3029 4791 scripti
3058 4733 3180 4778 ante
3208 4723 3314 4779 400
3344 4720 3538 4786 annos,
3557 4720 3631 4776 de
3667 4720 3803 4777 Car-

2222 4793 2382 4863 donal
2407 4810 2474 4846 ou
2499 4793 2842 4863 d‘Apostoile.
2873 4795 2964 4846 Sic
2989 4795 3151 4846 etiam
3188 4793 3552 4849 Villardninus
3578 4795 3630 4847 in
3663 4793 3799 4846 llist.

539 4867 685 4920 ricus
739 4864 1034 4918 lluntidon.
1087 4861 1182 4916 lib.
1226 4876 1281 4916 tv
1331 4862 1576 4916 eamdem
1629 4870 1854 4934 usurpat
1907 4877 2116 4927 vocem,
2152 4877 2202 4934 ι)
2228 4871 2284 4917 et
2315 4862 2516 4920 Chron.
2551 4861 2795 4934 Francia}
2843 4863 2895 4918 in
2929 4863 2992 4918 111
3029 4865 3160 4928 vol.,
3187 4863 3383 4919 Carolo
3419 4863 3527 4919 Vill
3568 4863 3803 4916 FranCo-

540 4937 833 4998 tnuueraus
883 4934 1157 4988 Romanos
1205 4947 1370 5002 papas
1409 4934 1500 5002 qui
1553 4931 1809 5003 sederunt
1862 4945 2121 5003 regnante

539 5004 806 5059 Adelardo
841 5001 1258 5058 Wes-tsasonutn
1307 5017 1453 5071 rege.
1500 5020 1520 5053 ‹
1557 5001 1854 5071 Apostolici
1893 5001 2072 5058 autem
2099 5041 2117 5068 ,

543 5075 738 5142 inquit,
762 5074 875 5143 ejus
902 5083 1141 5142 tempore
1165 5069 1393 5128 fuerunt
1409 5069 1797 5142 Sergiuspapa,
1827 5069 2117 5134 Joannes,»

543 5156 651 5198 clc.
683 5143 877 5197 Numer
905 5143 1190 5196 Auselmus
1233 5158 1423 5198 rursus
1453 5143 1622 5203 utitur
1664 5145 1824 5212 epist.
1855 5143 1923 5196 24
1966 5143 2126 5211 hujus

545 5215 690 5273 libri.
723 5227 950 5268 necnon
989 5213 1056 5266 87
1085 5220 1139 5265 et
1189 5212 1258 5266 92
1307 5212 1465 5267 infra.
1519 5212 1834 5269 Theodorus
1885 5213 2123 5276 Studitu,

544 5285 790 5339 scribens
833 5284 898 5334 ad
937 5281 1252 5353 Paschalem
1283 5285 1548 5352 primum,
1582 5282 1773 5353 inquit,
1819 5303 1837 5334 ι
1880 5282 2128 5339 Paschali

584 5369 697 5423 apae
744 5353 928 5407 Romae
972 5355 1024 5405 in
1069 5352 1320 5423 omnibus
1370 5369 1581 5408 summa
1635 5352 1832 5409 virtute
1879 5355 2124 5423 praedito,

569 5422 734 5477 umiui
765 5437 986 5491 magno,
1018 5422 1245 5492 principi
1277 5427 1614 5494 sacerdotum
1643 5422 2125 5494 primonomino

548 5501 734 5549 nostro
763 5493 1061 5562 apostolico
1101 5507 1250 5617 papa;
1283 5492 1526 5550 Paschali
1550 5534 1566 5558 ,
1593 5492 1723 5576 etc,
1755 5494 1894 5564 apud
1928 5493 2124 5575 Bai-on.

549 5572 685 5617 tam.
718 5562 812 5617 IX.
841 5578 984 5617 anno
1014 5563 1138 5617 817.
1195 5562 1269 5617 lts
1296 5565 1562 5617 accedunt
1592 5565 1831 5617 epistolae
1857 5562 2124 5617 Gabrtehs

549 5572 687 5635 tam.
718 5562 812 5635 IX,
841 5578 984 5635 anno
1014 5562 1269 5635 817.jllis
1296 5565 1562 5635 accedunt
1592 5562 1831 5635 epistolae
1857 5562 2128 5618 Gabrielis

549 5632 879 5705 patriarchae
922 5633 1295 5705 Alexandrini,
1327 5644 1381 5688 et
1410 5632 1642 5705 Joannis
1665 5635 1824 5705 Conii
1848 5635 2126 5705 ‘cborcpi-

552 5702 702 5777 scopi
747 5703 1101 5760 Alexandrini
1153 5705 1332 5758 missa:
1376 5719 1520 5758 anno
1557 5703 1688 5757 1593
1727 5704 1793 5757 ad
1841 5702 1898 5758 S.
1948 5703 2009 5758 l).
2061 5703 2124 5758 N.

2232 4948 2349 5004 rum
2374 4935 2485 5004 regi
2514 4935 2712 4990 dicata.
2745 4933 2878 4988 Hinc
2904 4944 3188 4988 traxerunt
3232 4936 3496 5004 originem
3535 4935 3804 5004 pleraeque

2233 5003 2352 5056 alia:
2385 5003 2562 5069 voces,
2587 5018 2781 5072 nempe
2811 5005 2977 5068 sedes,
3024 5003 3296 5066 cathedra,
3329 5003 3549 5068 litterw,
3595 5003 3805 5056 decreta

2232 5074 2542 5143 apostolica,
2588 5074 2639 5128 id
2688 5082 2771 5128 est
2816 5075 3049 5143 papalia,
3085 5091 3191 5129 non
3231 5076 3390 5128 aliam
3443 5074 3694 5144 profecto
3730 5074 3804 5144 ob

2232 5157 2451 5197 causam
2509 5159 2670 5210 quam
2723 5145 2867 5214 quod
2922 5147 3022 5199 etsi
3077 5160 3269 5199 omnes
3307 5143 3548 5215 episcopi
3606 5143 3806 5196 fuerint

2227 5225 2574 5283 successores
2611 5215 3000 5283 apostolorum,
3047 5224 3108 5268 ut
3153 5214 3358 5269 scribit
3387 5217 3448 5270 D.
3489 5214 3802 5282 Hieronym.

2233 5282 2302 5336 ad
2341 5283 2508 5354 Evag.
2549 5282 2678 5339 tom.
2735 5285 2796 5347 ll,
2843 5295 3088 5340 attamen
3141 5285 3196 5340 in
3263 5285 3503 5339 Romana
3565 5283 3804 5354 Ecclesia

2234 5367 2449 5426 semper
2468 5353 2784 5422 apostolicae
2813 5355 3097 5426 cathedrae
3137 5355 3308 5426 viguit
3350 5355 3706 5426 principatus.
3741 5353 3806 5426 D.

2234 5423 2462 5495 August.
2492 5427 2653 5494 epist.
2683 5427 2806 5491 169.,
2831 5426 2940 5488 vel,
2964 5435 3024 5479 ut
3052 5423 3228 5494 placet
3260 5423 3500 5495 Ruperto
3519 5423 3804 5484 Tuitiensi,

2233 5491 2386 5549 libit
2433 5496 2505 5549 De
2528 5491 2716 5552 'divin.
2748 5496 2892 5554 otIic.
2920 5536 2936 5558 ,
2982 5491 3102 5566 cap.
3156 5496 3248 5560 27,
3299 5491 3455 5566 quod
3486 5504 3806 5552 cteterurum

2235 5567 2600 5629 apostolorum
2637 5582 3003 5630 successores,
3035 5565 3357 5636 patriarcha:
3389 5582 3404 5620 :
3437 5565 3600 5636 Petri
3625 5569 3808 5616 autem

2237 5647 2520 5710 successor
2577 5653 2674 5706 pro
2723 5634 3047 5694 reverentia
3082 5637 3344 5710 principis
3395 5634 3809 5707 aposmlorum,

2238 5707 2564 5774 aposzolicus
2594 5709 2918 5763 nominatur.

3969 2020 3973 2124 Ξ

3973 2183 3975 2248 ξ
