4064 6302
561 222 669 306 im

1102 248 1160 305 5.
1199 247 1500 305 ANSELMI
1540 246 1895 305 CANTHAR.
1930 247 2251 308 ARCHIEP.
2290 247 2441 307 OPl’.
2477 251 2658 309 PARS
2694 253 2778 310 111.
2818 285 2883 297 -
2920 256 3309 314 EPISTOLIE.

3746 257 3847 313 108

555 361 1086 437 (ιιιαηιιιιιιγλιιηηαηει
1118 370 1294 432 potest
1316 361 1568 432 judicare
1592 361 1856 432 cognitio,
1886 361 1965 417 sic
1993 372 2130 432 aptu:

2255 376 2391 431 quas
2440 364 2634 431 nostis,
2692 366 3072 424 tribulationcs
3118 385 3255 440 quas
3287 381 3444 439 passa
3480 376 3586 436 est,
3626 370 3844 426 miseri-

554 465 617 513 et
653 454 804 512 utilis
836 454 905 510 ad
938 455 1044 510 hoc
1082 453 1136 507 in
1175 453 1430 509 omnibus
1476 468 1598 525 quae
1639 454 1693 509 in
1740 452 1993 526 eligendo
2035 455 2149 526 epi-

555 562 725 619 scopo
750 544 1148 603 consideranda
1175 553 1324 613 sunt,
1358 553 1419 600 ut
1455 546 1651 601 melior
1674 554 1730 603 et
1757 546 1937 617 aptior
1974 547 2025 601 in
2056 561 2147 601 ea-

2252 454 2436 508 cordia
2487 465 2667 511 vestra
2717 459 3042 525 subveniat,
3093 468 3148 515 et
3189 461 3332 529 quod
3383 460 3520 515 bene
3550 450 3845 531 incoeptum

2251 551 2336 598 est
2381 544 2498 598 sine
2546 546 2806 602 dilatione
2856 549 3126 617 perficiat.
3180 550 3536 620 Omnipotens
3566 550 3710 607 Deus
3751 553 3844 608 diu

555 642 678 705 dem
714 637 956 717 Ecclesia
998 636 1233 699 inveniri
1270 645 1529 709 nequeat.
1574 637 1684 693 Sed
1709 637 1969 708 quoniam
2005 638 2151 696 desi-
2252 633 2412 689 nobis
2440 644 2680 691 vestram
2710 639 3098 707 paternitatem
3144 640 3199 694 in
3232 641 3595 713 prosperitate
3621 657 3844 702 conser-

552 730 768 790 d‘eranti
800 729 937 786 nihil
967 728 1189 797 sullieit,
1215 729 1391 786 donec
1411 729 1559 800 quod
1582 729 1860 787 desiderat
1886 746 2147 801 assequa-
2248 728 2580 797 vet..Amen.
3498 758 3501 759 ν

555 835 670 892 tur,
698 837 807 879 non
828 832 921 879 est
943 830 1200 879 contenta
1228 822 1418 879 eadem
1449 821 1697 878 Ecclesia
1724 822 1840 878 suis
1869 822 2138 893 precibus,

552 916 648 972 sed
671 923 728 970 et
752 914 1010 975 aliorum.
1034 928 1171 985 quos
1196 927 1356 969 suum
1383 913 1715 969 desiderium
1741 912 1880 984 apud
1902 922 2144 969 vestram

546 1004 928 1062 celsitudinem
978 1003 1236 1074 adjuvare
1294 1002 1456 1074 passo
1507 1002 1823 1069 existimat,
1878 1002 2141 1058 auxilium

544 1083 790 1154 studiose
835 1095 1097 1168 postulat.
1142 1094 1238 1151 Est
1286 1096 1431 1152 enim
1474 1104 1697 1167 experta
1748 1096 1802 1151 in
1845 1097 2142 1166 praeteritis

544 1189 886 1261 temporibus
929 1200 983 1243 et
1011 1188 1065 1243 in
1093 1187 1259 1243 simili
1289 1189 1507 1257 negotio
1536 1188 1734 1244 multos
1760 1203 1882 1244 esse
1906 1204 2138 1260 quorum

544 1280 885 1340 consuetudo
932 1291 1017 1336 est
1064 1279 1269 1335 malum
1317 1280 1502 1336 dicere
1551 1280 1789 1349 bonum,
1836 1289 1895 1336 et
1934 1282 2135 1337 bonum

2730 820 3066 879 EPISTOLA
3106 823 3251 880 LXX
3275 826 3366 880 ³⁸³.

2318 928 2541 968 Ακεειιιιι
2582 928 2649 969 AD
2687 929 2918 971 Ατιιειιῑ
2957 931 3289 971 ABBATISSAH
3328 933 3767 976 WINTONlENSEI.

2323 1025 2445 1082 Non
2485 1043 2595 1083 esse
2634 1029 2955 1102 tristundunt
3002 1030 3067 1102 de
3112 1028 3473 1102 Wintoniensi
3523 1032 3768 1102 episcopo

2647 1109 2862 1168 propter
2888 1100 3158 1170 justitiam
3198 1100 3437 1170 expulso.

2311 1188 2601 1245 Anselmus
2659 1190 3102 1261 archiepiscopus
3158 1192 3322 1246 matri
3378 1194 3725 1260 reverendae,
3782 1202 3840 1250 et

2245 1278 2371 1334 lilia:
2392 1278 2731 1335 charissimze
2750 1280 2993 1335 Arar-:Ltz
3018 1279 3109 1347 ³⁸⁸,
3132 1280 3422 1337 abbatissae
3446 1281 3835 1352 Wintoniensi,

544 1374 782 1441 malum,
822 1388 878 1429 et
909 1386 1158 1444 quaerere
1187 1371 1309 1443 plus
1346 1368 1481 1444 quae
1505 1386 1605 1428 sua
1647 1382 1777 1428 sunt
1817 1388 1979 1445 quam
2016 1389 2138 1445 qua:
2237 1368 2466 1425 salutem
2489 1377 2546 1425 et
2576 1369 3033 1426 benedictionem.

535 1468 663 1527 Jesu
695 1468 931 1535 Christi;
977 1476 1036 1525 et
1068 1468 1163 1539 qui
1201 1479 1406 1525 acuunt
1438 1469 1651 1540 linguas
1682 1483 1811 1525 suas
1852 1470 1994 1526 sicut
2018 1485 2137 1527 ser-

540 1568 734 1633 pentes
760 1575 776 1615 :
806 1572 946 1631 quos
989 1560 1144 1617 timet
1182 1575 1253 1615 ne
1291 1560 1544 1615 simulata
1577 1560 1890 1618 columbina
1927 1562 2135 1633 simpli-

2307 1459 2556 1526 Qualiter
2598 1469 2655 1517 et
2674 1528 2681 1537 ε
2701 1475 2803 1516 cur
2850 1461 3101 1517 dominus
3132 1460 3440 1519 Willelmus
3471 1462 3684 1520 electus
3714 1464 3833 1537 epi-

2236 1564 2437 1621 scopus
2467 1552 2537 1607 de
2563 1528 2758 1624 Ang’lia
2788 1559 2949 1608 exeat
2990 1566 3100 1607 non
3146 1561 3233 1608 est
3257 1568 3396 1623 opus
3440 1553 3532 1610 hic
3564 1528 3834 1621 scribere,

534 1653 706 1711 citate
732 1669 832 1710 suo
863 1668 1075 1709 veneno
1104 1652 1308 1709 bonum
1346 1653 1645 1724 inemptum
1686 1653 1912 1710 inlicere
1950 1663 2005 1711 et
2035 1670 2130 1710 an-

2241 1642 2362 1711 quia
2422 1655 2521 1711 per
2572 1642 2773 1698 multos
2835 1641 2971 1698 alios
3028 1643 3134 1698 hoc
3184 1642 3413 1714 potestis
3475 1654 3831 1715 cognoscere.

541 1747 781 1804 nibilare
831 1745 994 1818 393
1043 1745 1396 1803 contendant.
1445 1745 1708 1814 Quamvis
1759 1747 1924 1819 igitur
1970 1745 2129 1820 longe

537 1854 684 1894 nunc
728 1840 831 1892 sim
871 1842 941 1893 ab
986 1836 1101 1904 illa,
1134 1846 1244 1892 tam
1283 1846 1508 1909 propter
1549 1836 1874 1895 familiarem
1896 1838 1965 1872 ³⁸¹
1996 1839 2129 1896 dile-

536 1930 779 1987 etionem
828 1943 995 1999 quam
1044 1928 1277 1985 invicem
1319 1928 1624 1998 habemus,
1654 1938 1710 1986 et
1739 1941 1961 2002 propter
1988 1929 2128 1985 noti!

536 2021 689 2084 tiam,
739 2018 947 2074 instant
975 2017 1107 2074 mihi
1142 2027 1415 2090 quatenus
1445 2020 1577 2090 quid
1627 2021 1695 2076 de
1744 2020 1988 2091 ejusdem
2025 2019 2143 2076 viri'

533 2111 852 2165 testimonio
877 2109 1138 2175 sentiam,
1168 2108 1462 2165 sanctitati
1495 2119 1693 2165 vestra:
1724 2110 1956 2166 fideliter
1997 2125 2129 2181 sug-

527 2216 749 2273 geram;
790 2207 847 2256 et
888 2208 1152 2270 quantum
1184 2200 1238 2255 in
1270 2213 1356 2255 me
1384 2209 1488 2267 est,
1535 2201 1675 2272 apud
1705 2216 1845 2268 eam,
1885 2210 1946 2257 ut
1983 2200 2126 2273 quod

528 2292 847 2348 desiderant
890 2290 1037 2346 nulla
1097 2291 1385 2348 occasione
1435 2292 1792 2360 annibiletur,
1845 2294 2118 2364 precibus,

525 2386 725 2455 quibus
766 2398 1013 2456 possum,
1058 2382 1309 2440 ciliciam.
1352 2382 1431 2439 De
1479 2399 1711 2455 persona
1742 2386 1927 2458 itaque
1958 2401 2120 2457 quam

524 2477 761 2549 eligunt,
796 2474 1096 2530 secundum
1126 2474 1521 2529 conscientiam
1552 2489 1728 2530 meam
1754 2474 1970 2545 loquor,
1994 2474 2122 2545 quia

527 2568 580 2622 in
624 2566 883 2637 praedicta
911 2565 1155 2622 Ecclesia
1182 2565 1249 2620 ad
1277 2564 1651 2636 episcopatum
1688 2564 2122 2631 nec-meliorem,

527 2674 630 2717 nec
673 2649 940 2729 mquaiem
972 2646 1206 2714 inveniri
1258 2672 1418 2729 posse
1466 2656 1725 2730 intelligo,
1778 2672 1881 2715 nec
1917 2658 2120 2730 aliquid

528 2752 597 2807 de
632 2750 723 2807 illo
747 2746 1039 2816 aut'fama,
1071 2757 1164 2805 aut
1191 2750 1584 2821 experimento,
1617 2750 1761 2821 quod
1791 2750 1910 2821 ejus
1941 2751 2119 2806 obstet

525 2842 813 2910 electiOui‘,
844 2842 1136 2912 aliquando
1164 2842 1340 2909 sensi;
1372 2842 1467 2898 sed
1500 2841 1668 2896 multa
1707 2856 1830 2912 quae
1858 2841 1976 2913 ejus
2005 2840 2118 2897 ele-

525 2934 763 2990 ctionem
791 2934 1118 3006 approbant,
1149 2934 1526 3005 experimento
1572 2941 1629 2990 et
1672 2932 1817 2988 fama
1861 2932 2112 3005 cognovi.

523 3026 867 3099 Quapropter
894 3025 1025 3082 licet
1060 3024 1131 3082 de
1165 3033 1346 3082 vestra
1372 3024 1723 3091 auctoritate,
1747 3027 1889 3095 quod
1913 3039 1980 3079 ex
2008 3039 2106 3080 vo-

522 3116 607 3171 bis
655 3125 762 3182 est,
807 3130 939 3173 non:
966 3115 1297 3183 dubitemus,
1342 3123 1523 3171 tamen
1573 3116 1771 3187 quibus
1821 3128 2110 3185 possumus

519 3218 703 3266 mente
729 3209 798 3266 ad
830 3208 1055 3281 vestigia
1082 3217 1261 3267 vestra
1289 3209 1547 3279 prostrati
1586 3207 1839 3279 precibus
1864 3208 2111 3278 ﬂagitare
2143 3217 2185 3274 (ς.

518 3300 902 3374 praesumimus
934 3309 1206 3372 quatenus
1236 3300 1414 3358 eidem
1436 3301 1704 3358 Ecclesia:
1733 3310 1855 3373 post
1886 3301 2110 3365 multas,

2233 1732 2449 1800 Quanto
2492 1741 2675 1789 autem
2723 1733 2923 1806 gaudio
2994 1740 3049 1788 et
3100 1749 3224 1790 cum
3260 1739 3481 1805 'quanta
3525 1736 3831 1807 gratiarum

2233 1825 2480 1891 actione,
2514 1825 2641 1896 quia
2675 1824 2821 1881 hunc
2865 1827 3127 1882 honorem
3172 1825 3249 1881 illi
3279 1825 3412 1882 facit
3455 1826 3620 1892 Deus,
3649 1828 3831 1884 susci~

2235 1931 2365 1988 pere
2403 1914 2634 1981 debetis,
2663 1914 2853 1987 religio
2893 1925 2948 1972 et
2980 1917 3269 1988 prudentia
3314 1925 3498 1974 vestra
3534 1918 3825 1989 intelliget,

2233 2008 2282 2065 si
2326 2009 2535 2065 intente
2578 2009 2967 2064 consideratis.
2998 2008 3112 2080 (l7)
3160 2008 3331 2081 Major
3372 1995 3517 2064 enim
3558 2009 3732 2081 gloria
3774 2026 3829 2065 et

2238 2100 2357 2157 laus
2386 2109 2468 2156 est
2496 2100 2570 2155 illi
2603 2100 2745 2171 apud
2775 2101 2945 2156 Deum
2973 2110 3028 2158 et
3060 2102 3231 2158 bonos
3265 2103 3514 2158 homines
3539 2105 3667 2174 quia
3692 2119 3825 2174 spo-

2235 2194 2397 2249 liatur
2419 2205 2475 2250 et
2502 2194 2793 2266 expellitur
2828 2195 3175 2266 projustitia,
3204 2212 3369 2267 quam
3400 2197 3443 2252 si
3475 2197 3731 2254 omnibus
3752 2198 3825 2231 ⁸⁸³

2242 2287 2436 2344 divitiis
2490 2296 2547 2343 et
2602 2287 2747 2343 onmi
2801 2289 3079 2343 mundana
3132 2292 3479 2360 possessione
3533 2293 3822 2360 ditaretur,

2230 2378 2428 2434 violata
2452 2377 2686 2448 justitia.
2735 2378 3019 2434 Gaudeant
3059 2379 3226 2451 igitur
3253 2389 3309 2436 et
3342 2381 3620 2438 exsultent
3657 2385 3823 2438 amici

2227 2467 2367 2539 ejus,
2410 2470 2537 2539 quia
2569 2468 2714 2524 nulla
2749 2469 3037 2534 violentia,
3077 2470 3224 2526 nullo
3268 2472 3463 2528 timore
3510 2474 3684 2545 potuit
3727 2489 3817 2530 su-

2225 2560 2431 2629 perari,
2464 2574 2565 2615 nec
2596 2559 2703 2615 ulla
2737 2559 3042 2630 cupiditate
3073 2575 3101 2614 a
3131 2560 3365 2617 veritate
3394 2566 3660 2633 separari.
3688 2565 3819 2621 limo

2223 2652 2295 2707 sit
2340 2660 2520 2725 vestra
2560 2652 2627 2707 de
2657 2651 2774 2721 ejus
2821 2652 3141 2723 expulsione
3168 2654 3488 2722 consolatio,
3521 2666 3577 2713 et
3603 2656 3671 2711 ad
3714 2659 3819 2713 hoc

2224 2754 2283 2801 ut
2322 2745 2468 2801 Deus
2496 2740 2649 2803 illum
2676 2747 2997 2802 corroboret
3031 2755 3087 2803 et
3126 2747 3442 2803 consoletur
3468 2758 3650 2803 vestra
3678 2765 3815 2819 quo-

2225 2837 2427 2893 tidiana
2459 2837 2530 2894 sit
2559 2839 2757 2894 oratio.
2791 2837 2983 2893 Saluto
3018 2849 3074 2894 et
3102 2838 3365 2896 benedico
3408 2838 3547 2897 ﬁlias
3582 2849 3814 2909 vestras,

2221 2937 2276 2985 et
2302 2942 2479 2997 meas,
2510 2940 2772 3001 quantum
2800 2944 3040 3001 possum.
3064 2929 3274 2986 Valete.

2682 3040 3025 3098 EPISTOLA
3067 3041 3230 3097 LXXI
3256 3043 3348 3095 ³⁵⁸.

2221 3135 2457 3191 Oratorii
2494 3134 2733 3206 villwquc
2760 3134 3078 3206 suburbana:
3108 3135 3378 3206 monachis
3408 3134 3815 3191 Cantuariensi-

2504 3206 2599 3259 bus
2625 3204 2689 3258 ab
2730 3204 2974 3259 Anselmo
3003 3206 3241 3270 reddilw,
3271 3204 3522 3274 diploma.

2295 3297 2407 3367 Ego
2454 3298 2769 3365 ANSELMUS,
2819 3308 3021 3354 sanctae
3068 3297 3500 3355 Dorobernensis
3551 3298 3813 3356 Ecclesiae

1828 3412 2062 3468 VARhE
2104 3410 2508 3468 LECTIONES.

610 3502 1161 3566 ""Familiaritatem
1212 3520 1289 3559 ms
1338 3502 1660 3565 familiarem
1699 3503 2046 3559 dileCtioncm
2143 3500 2440 3557 “'Collotu
2491 3519 2606 3555 cum
2658 3512 2837 3557 eodem
2893 3520 2972 3557 ms

3091 3503 3161 3536 ³⁸³
3203 3503 3423 3559 Atbeltz
3470 3520 3550 3559 ms
3592 3502 3811 3561 Atbcliz

516 3577 585 3609 ³⁸⁸
616 3575 794 3644 Quam
818 3575 865 3632 si
893 3574 1143 3631 omnibus
1168 3591 1245 3629 ms
1267 3574 1422 3646 quasi
1454 3575 1706 3631 omnibus
1807 3572 1876 3605 ’⁸⁸
1907 3570 2013 3628 Seu
2050 3572 2218 3643 magis
2255 3572 2485 3643 diploma
2514 3572 2746 3627 Anselmi
2777 3573 3024 3628 collatum
3051 3591 3168 3628 cum
3195 3575 3372 3629 eodeni
3418 3592 3495 3629 ms

1729 3712 2013 3772 JOANNIS
2048 3713 2319 3771 PICARDI
2344 3712 2579 3770 NOTAE.

511 3831 689 3905 patria
731 3829 867 3905 fuit,
907 3829 1000 3905 ubi
1048 3843 1347 3905 eumpuer
1389 3845 1613 3905 operam
1644 3829 2100 3905 dedisset‘lvoni,

514 3900 629 3958 ium
674 3900 920 3956 ecclesia:
961 3900 1324 3971 Quintinianm
1358 3900 1673 3971 prieposito,
1716 3900 2104 3971 canonicorum

511 3972 843 4045 regularium
886 3970 1096 4045 militia:
1126 3972 1316 4027 eodem
1353 3970 1491 4045 duce
1526 3987 1723 4045 nomen
1756 3971 1924 4045 dedit.
1950 3970 2107 4045 Post-

510 4039 733 4100 modum
765 4042 855 4096 lvo
895 4039 1193 4097 Carnotum
1240 4041 1485 4113 pontifex
1530 4041 1708 4097 factus
1747 4050 1831 4097 est
1864 4042 2105 4113 Yualone

511 4116 568 4170 in
605 4114 723 4184 ejus
757 4112 935 4184 locum
978 4111 1296 4184 subrogato.
1326 4111 1543 4169 Mortuo
1587 4113 1821 4184 denique
1864 4112 2104 4184 Fulcone

510 4181 830 4240 Belv'acensi
893 4181 1171 4237 antistite'
1200 4183 1269 4237 ab
1317 4184 1538 4253 optimis
1595 4181 1809 4239 clericis
1858 4183 2102 4240 delectus

484 4253 810 4324 'fueratgad
856 4254 1229 4324 episcopatum
1257 4270 1295 4324 A:
1339 4254 1626 4324 nequiores
1671 4255 2101 4324 verogeorrttpli

510 4322 834 4395 muneribus
860 4323 1118 4395 Stephani
1144 4322 1441 4395 Garlandi,
1456 4324 1691 4395 hominis
1722 4322 2100 4395 perditissimi,

512 4393 966 4465 refragrabantur
996 4393 1270 4465 eleCtioni,
1309 4408 1621 4465 quanquam
1648 4393 1824 4465 electo
1848 4394 1984 4448 nihil
2010 4394 2105 4447 ba-

507 4463 702 4520 berent
741 4465 1038 4520 adversarii
1100 4464 1241 4535 quod
1300 4463 1622 4532 objicereut.
1677 4463 1919 4535 Tandem
1978 4474 2103 4535 post

509 4536 699 4591 varias
731 4534 1119 4593 altercationes
1159 4534 1302 4590 inter
1336 4536 1569 4591 electum
1598 4543 1652 4589 et
1682 4534 1959 4604 improbos
1984 4534 2101 4589 cle-

510 4608 658 4663 ricos
688 4606 903 4661 habitas
932 4606 1145 4675 integro
1184 4604 1426 4671 biennio,
1472 4605 1863 4675 perpluresiob
1903 4619 2100 4661 causas

495 4691 633 4746 ~qu;e
670 4677 721 4731 in
755 4677 1025 4746 episcopis
1054 4674 1726 4746 ParisiensibusprOpitio
1763 4674 1874 4730 Deo
1910 4689 2102 4746 sumus

508 4744 841 4813 enarraturi,
901 4744 1123 4801 Fulconi
1172 4744 1507 4801 Parisiorum
1560 4744 1789 4801 antistiti
1838 4744 2099 4801 suffectus

505 4828 613 4873 εει.
661 4818 794 4872 Cum
847 4825 1029 4871 atttem
1085 4815 1450 4872 Parisiensem
1506 4826 1693 4887 ageret
1747 4817 2095 4886 episcopum,

508 4887 790 4944 Paschalis
826 4888 1036 4942 litteras
1074 4901 1104 4940 a
1159 4901 1246 4942 me
1298 4886 1608 4955 nuperriute
1646 4898 2099 4943 commemoratas

416 4954 421 4957 ’
509 4960 661 5013 dedit
691 4959 758 5012 ad
791 4960 1045 5014 abbatem
1086 4956 1274 5012 Sancti
1316 4954 1559 5028 Dionysii
1601 4958 1686 5013 his
1724 4958 1949 5012 verbis:
1999 4957 2100 5012 Pa-

508 5028 713 5087 schalis
736 5029 1042 5100 episcopus,
1083 5042 1298 5100 servus
1336 5043 1617 5100 servorum
1657 5028 1774 5093 Dei,
1802 5029 2095 5100 venerabili

2208 3825 2826 3900 ecclesimQuintinianre
2851 3825 3005 3896 cujus
3033 3826 3497 3883 emnobiarcbiam
3528 3838 3805 3900 gesserat,
3830 3832 3835 3839 ’

2208 3898 2262 3952 in
2294 3898 2437 3951 hanc
2466 3897 2818 3951 sententiam.

2209 3966 2353 4024 Obiit
2399 3978 2598 4021 sancta:
2643 3967 3020 4023 recordationis
3049 3968 3295 4022 dominus
3348 3967 3490 4023 Gala
3539 3969 3808 4026 secundus

2241 4037 2403 4109 abbas
2425 4037 2585 4109 hujus
2618 4036 3099 4109 Ecclesiw,postea
3127 4036 3448 4109 Parisiensis
3469 4042 3765 4109 episcopus.

2277 4106 2608 4180 (i7)_1_llajor
2632 4117 2709 4180 est
2737 4107 2815 4160 illi
2856 4106 3057 4180 gloria,
3108 4109 3231 4180 quia
3261 4106 3542 4180 expellitur
3580 4106 3807 4179 preju-

2202 4177 2379 4249 stitia.
2403 4177 2483 4233 Ne
2520 4177 2647 4233 haec
2698 4177 2881 4249 legens
2930 4177 3254 4249 lector'non
3292 4177 3587 4249 intelligat,
3616 4189 3671 4233 et
3703 4177 3807 4234 ne-

2203 4248 2391 4319 gligat,
2428 4249 2735 4319 meminerit
2764 4248 2927 4304 anno
2965 4248 3105 4303 1105
3145 4264 3399 4319 magnum
3429 4248 3806 4318 conﬂagrasse

2204 4318 2488 4375 discordiae
2528 4318 2835 4374 incendium
2866 4320 3010 4375 inter
3046 4318 3364 4374 Ansebnum
3404 4329 3459 4376 et
3504 4320 3803 4377 Henricuzn

2242 4388 2460 4455 rimum,
2496 4387 2792 4460 Anglorum
2839 4405 3042 4460 regem.
3073 4389 3172 4444 llic
3211 4391 3354 4445 enim
3381 4406 3480 4460 pro
3516 4391 3669 4444 libitu
3706 4407 3806 4443 vo-

2225 4461 2352 4514 ebat
2395 4460 2645 4515 conferre
2671 4468 2726 4513 et
2772 4459 3057 4526 investire,
3091 4469 3151 4514 ut
3176 4460 3315 4515 illius
3346 4459 3602 4529 temporis
3641 4462 3808 4515 refri-

2203 4530 2691 4602 cemvocabulunt,
2719 4531 2919 4602 annulo
2938 4532 3196 4602 virgaque
3209 4531 3487 4600 pastorali,
3513 4533 3805 4601 episc0pos

2202 4609 2258 4653 et
2292 4600 2533 4655 abbates.
2565 4600 2855 4656 Anselmus
2889 4600 3244 4656 reluctabitur
3277 4611 3621 4665 constanter,
3664 4618 3804 4671 pru-

2202 4671 2461 4744 nunt‘ians
2485 4687 2589 4725 non
2610 4679 2828 4744 tantum
2859 4688 3035 4744 regem
3060 4687 3220 4743 posse
3243 4674 3447 4744 donare
3477 4676 3800 4741 quempiam

2203 4740 2462 4809 dignitate
2509 4741 2893 4806 ecclesiastica,
2923 4740 3142 4799 'sed’ne
3174 4743 3391 4811 quidem
3437 4758 3561 4798 esse
3600 4740 3803 4798 conse-

2203 4812 2465 4880 cramlum
2518 4813 2846 4880 bujusmodi,
2898 4823 2991 4866 aut
3024 4830 3144 4867 cum
3196 4813 3289 4868 illo
3334 4814 3802 4868 conversanduzu.

2203 4879 2319 4953 ξω)
2377 4883 2479 4936 hoc
2545 4879 2825 4953 dissidium
2886 4882 3151 4938 llenrieus
3210 4883 3361 4938 dedit
3415 4885 3801 4953 episcopatum

2204 4950 2635 5008 Wintoniensem
2671 4951 2943 5007 Willelmo
2975 4953 3267 5016 Giﬂardio,
3317 4950 3804 5008 multum‘d’isscn-

2202 5023 2356 5076 tienti
2402 5023 2854 5093 refragrantique,
2898 5026 2991 5078 sed
3021 5036 3075 5078 et
3117 5025 3384 5079 electores
3415 5024 3679 5080 conviciis
3715 5025 3802 5077 iu-

508 5100 667 5154 fratri
714 5093 1008 5155 ah'bati'et
1047 5098 1332 5153 monachis
1391 5098 1576 5154 Sancti
1632 5100 1872 5164 Dionysii
1948 5099 2097 5154 salu-
2125 5098 2178 5157 ι)
2206 5094 2463 5164 cesseriti.
2513 5093 2666 5148 Unde
2700 5094 2907 5164 malens
2946 5095 3169 5150 obedire
3208 5097 3318 5150 Deo
3370 5110 3533 5164 quam
3578 5096 3795 5149 homini

509 5182 619 5224 tem
688 5179 744 5224 ct
808 5168 1158 5239 apostolicam
1238 5169 1692 5225 benedictionem.
1760 5168 1827 5224 Et
1886 5169 2100 5239 confra-

510 5241 609 5295 tris
645 5239 817 5293 nostri
848 5238 1085 5296 ’Galonis
1131 5239 1485 5309 Parisiensis,
1526 5239 1763 5309 episcopi
1790 5307 1805 5309 ᾗ
1825 5238 2095 5309 relatione

497 5310 893 5379 comperimus,
930 5320 1058 5379 etc.
1143 5309 1272 5363 Vide
1324 5310 1380 5363 in
1463 5307 1728 5363 Paschali‘
1777 5307 1866 5377 II,
1927 5310 2092 5379 infra.

502 5376 647 5434 Haec
692 5376 988 5443 Paschalis,
1056 5394 1176 5449 qua:
1236 5380 1361 5449 quia
1406 5394 1671 5449 nusquam
1724 5376 1923 5436 emissa
1968 5376 2095 5434 cori-

504 5450 634 5531 tigit
678 5449 993 5531 videretct
1041 5452 1118 5531 _ad
1159 5450 1381 5531 Galonis
1424 5450 1868 5531 prast‘lieationem
1917 5452 2087 5531 facie-

510 5518 677 5584 bant,
718 5519 805 5574 hic
846 5520 1089 5575 addenda
1133 5518 1459 5575 existimavi.
1502 5518 1649 5587 Obiit
1690 5532 1869 5575 autem
1918 5521 2090 5577 Gualo

506 5605 679 5674 anno"
697 5592 999 5674 centesimo
1049 5593 1259 5674 decimo
1302 5599 1691 5674 q_uarto_supm
1721 5591 2088 5674 millesimum,

504 5674 579 5713 ru
638 5659 864 5719 Kalend.
898 5661 1053 5720 Mart.
1107 5661 1262 5721 Hunc
1312 5659 1455 5719 diem
1504 5659 1610 5735 legi
1664 5665 1718 5719 in
1770 5662 2090 5736 Necrologio

2204 5160 2463 5228 Henrico,
2496 5172 2700 5218 tantam
2731 5162 2845 5231 ejus
2870 5165 2971 5220 sibi
3000 5166 3271 5220 contraxit
3292 5160 3453 5232 iram,
3484 5175 3541 5220 ut
3562 5164 3802 5219 faculta-

2206 5232 2351 5304 tibus
2395 5234 2655 5303 spoliatus
2693 5235 2983 5302 universis,
3022 5235 3214 5304 Anglia
3259 5238 3489 5302 exierit;
3548 5250 3649 5290 nec
3705 5250 3799 5289 re-

2203 5303 2369 5376 dierit
2407 5308 2583 5373 quoad
2634 5305 2939 5371 Auselmus,
2995 5306 3085 5376 qui
3119 5303 3255 5360 ’zelo
3298 5307 3590 5376 libertatis
3618 5305 3798 5359 eccle-

2201 5373 2434 5454 siastica:
2458 5376 2631 5446 ignem
2651 5378 2993 5454 accenderat,
3014 5373 3384 5443 exstinXisset,
3408 5379 3525 5448 ipso
3550 5374 3792 5431 Henrico

2200 5445 2434 5512 primum
2464 5445 2633 5515 aquas
2672 5445 2943 5513 injicienle

2271 5516 2633 5582 Quamobtem
2667 5515 3095 5572 Wintoniensem
3128 5517 3425 5573 antistitem
3462 5520 3530 5573 de
3564 5526 3790 5587 pastore

2200 5587 2423 5654 eXpulso
2477 5597 2794 5661 intercutem
2826 5587 3033 5661 solatur
3075 5588 3383 5661 AuSebnus,
3433 5604 3791 5661 commonens

2203 5665 2323 5737 tum.
2369 5658 2599 5715 maxime
2652 5658 2941 5715 lmtandum
2993 5676 3113 5714 cum
3147 5660 3267 5731 quis
3304 5660 3533 5730 justitia:
3564 5658 3793 5718 nomine

2201 5739 2434 5797 angtlur.
