4028 6302
582 352 677 408 [ll

582 468 999 526 committerem.
1019 461 1096 517 Ad
1123 459 1263 531 quod
1294 459 1338 511 si
1377 455 1571 511 nollem
1602 454 1976 523 acquiescere,
2006 443 2170 519 395.
2200 432 2247 489 Α

584 563 682 615 rex
727 557 887 613 etiam
935 552 1023 609 me
1052 548 1456 607 contradicente
1504 562 1569 599 ex
1624 552 1805 600 vestra
1852 538 2171 596 auctoritate

585 653 983 713 incunctanter,
1019 646 1162 715 quod
1191 659 1300 700 non
1326 640 1691 713 prohibeatis.
1722 635 2016 692 secundum
2048 629 2171 685 libis

590 752 702 797 tum
735 755 887 795 suum
916 736 1188 802 elIicerct;
1224 744 1279 790 et
1305 736 1347 790 si
1373 734 1427 788 in
1460 733 1563 787 hoc
1592 730 1735 803 quod
1762 729 1950 783 charta
1988 732 2157 778 vestra

592 834 723 891 mihi
748 831 994 901 jubebat,
1040 830 1336 900 persistere
1366 826 1586 889 vellem,
1637 838 1722 878 me
1769 820 1975 890 absque
2007 811 2170 871 dubio

586 928 651 981 de
690 942 855 999 regno
902 938 1004 979 suo
1040 919 1356 991 expelleret.
1387 918 1626 973 Tandem
1676 928 1798 969 cum
1836 927 1936 966 nec
1972 907 2169 963 litteris

584 1020 783 1075 vestris
806 1015 1001 1071 vellem
1030 1028 1136 1066 non
1166 1011 1409 1073 credere,
1428 1023 1528 1063 nec
1553 1007 1766 1061 tandem
1792 1004 2169 1073 episcoporum

589 1109 949 1164 assertionem
1018 1110 1257 1157 vestram
1324 1097 1729 1170 praeferentium
1794 1091 2168 1148 auctoritatem

589 1204 850 1256 auderem
901 1205 1283 1258 contemnere,
1330 1192 1587 1262 quoniam
1638 1188 1693 1244 in
1744 1196 1974 1255 utraque
2019 1189 2173 1253 parte

587 1293 798 1362 gladius
851 1289 985 1344 mihi
1032 1286 1350 1340 vibrabatur
1401 1278 1802 1346 inobedieutiae,
1856 1272 2171 1332 earumdem

582 1384 967 1453 episcoporum
994 1375 1223 1433 consilio
1250 1373 1500 1429 inducias
1534 1370 1690 1442 petii,
1716 1368 1891 1423 donec
1930 1380 1959 1419 a
1989 1371 2174 1419 vestra

586 1473 912 1530 excellentia
954 1468 1114 1539 hujus
1162 1467 1242 1522 rei
1285 1464 1671 1521 certi-tudinem
1706 1459 2036 1529 acciperem,
2088 1468 2175 1507 me

583 1580 767 1622 tamen
822 1564 1138 1619 nullatenus
1188 1573 1465 1616 assensum
1521 1554 1798 1626 praebente
1851 1557 1913 1603 ttt
1970 1544 2174 1615 aliquid

588 1668 782 1721 contra
827 1658 1104 1711 decretum
1151 1650 1367 1707 concilii
1416 1646 1647 1702 Romani
1684 1642 1803 1706 ﬁat,
1831 1639 1925 1697 sed
1965 1647 2175 1692 tantum

590 1752 876 1813 tolerante,
921 1761 1022 1801 nec
1064 1744 1298 1814 aliquem
1344 1739 1565 1795 interim
1614 1731 1999 1790 ittobedientite
2048 1735 2172 1782 nota

586 1842 910 1902 damnante,
949 1836 992 1890 si
1030 1833 1141 1888 liat.
1168 1832 1270 1897 Sic
1305 1829 1493 1898 itaque
1532 1840 1623 1880 rex
1650 1830 1870 1892 |vestra,
1912 1829 1972 1872 ut
1998 1823 2171 1888 putat,

583 1930 913 1987 auctoritate
941 1926 1289 1996 episcopatus
1331 1921 1429 1975 dat
1471 1926 1636 1989 atque
1680 1913 1947 1970 abhatias.
1996 1908 2175 1965 Mente

586 2024 754 2094 igitur
792 2020 858 2076 ad
891 2027 1070 2075 vestra
1099 2013 1326 2084 vestigia
1358 2007 1697 2082 provolutus,
1722 2010 1925 2075 quanto
1955 2011 2173 2071 possum

584 2117 817 2179 allectu,
852 2113 914 2166 in
955 2124 1149 2180 magna
1183 2103 1430 2176 angustia
1457 2100 1665 2173 positus
1701 2098 1928 2169 obsecro
1958 2100 2016 2147 ut
2042 2104 2175 2160 apo-

585 2207 837 2263 stolicam
861 2216 991 2270 erga
1021 2200 1263 2253 animam
1292 2208 1472 2249 meam
1498 2189 1750 2262 experiar
1778 2188 1834 2242 in
1876 2182 2029 2239 vobis
2056 2193 2178 2235 esse

589 2300 870 2369 pietatem,
899 2301 955 2348 et
998 2290 1064 2344 ad
1110 2290 1213 2343 hoc
1264 2282 1662 2356 impetrandum
1709 2280 1875 2334 totius
1920 2274 2179 2330 Romana:

590 2365 874 2458 ivdigionis
928 2381 1152 2452 supplex
1208 2379 1404 2433 invoco
1450 2373 1794 2430 charitatem.
1851 2366 1968 2422 Non
2016 2365 2178 2419 timeo

590 2476 866 2539 exsilium,
929 2473 1501 2541 noupaupertatem,
1549 2477 1657 2518 non
1717 2466 2021 2523 tormenta,
2070 2467 2178 2509 non

593 2574 849 2629 mortem,
886 2561 1010 2632 quia
1054 2560 1121 2613 ad
1157 2559 1271 2613 haec
1315 2555 1496 2611 omnia
1527 2553 1638 2608 Deo
1666 2550 2055 2617 conlortaute.._
2082 2560 2179 2615 pa-

593 2669 771 2714 ratum
795 2661 881 2709 est
905 2667 1000 2706 cor
1029 2665 1209 2705 meum
1236 2661 1333 2719 pro
1360 2643 1669 2717 apostolica:
1700 2640 1845 2697 sedis
1870 2635 2187 2696 obedientia,

592 2758 648 2809 et
680 2746 868 2803 matris
908 2757 1039 2796 metr
1086 2740 1344 2795 Ecclesia:
1384 2724 1586 2792 Christi
1630 2734 1901 2790 libertate.
1945 2728 2181 2785 Certitu-

594 2842 774 2897 dinem
807 2846 1021 2892 tantum
1061 2846 1269 2903 quieto,
1303 2838 1363 2885 ut
1401 2823 1569 2884 sciam
1600 2826 1806 2895 absque
1834 2819 1982 2878 omni
2007 2817 2181 2874 ambi-

592 2932 799 3003 guitate
830 2924 1324 2999 quidauctoritate
1355 2929 1543 2975 vestra
1569 2928 1753 2973 tenere
1793 2915 2042 2969 debeam.
2072 2911 2182 2963 Au-

591 3001 703 3081 divi
752 3026 805 3078 iu
860 3022 1106 3077 Romano
1154 3014 1407 3076 concilio
1447 3028 1477 3066 a
1535 3006 1864 3067 venerabilis
1905 3001 2181 3060 memoriae

1189 344 1247 399 S.
1282 333 1955 397 ANSEIMICAN'IUAR.
2000 328 2317 388 ARCHIEP.
2357 328 2506 383 Ol‘l'.
2547 325 2726 382 PARS
2767 326 2851 380 ιιι.
2876 355 2942 365 --
2972 322 3353 381 EPISTOLE.

2726 443 3060 501 EPISTOLA
3098 439 3289 498 LXXV
3313 441 3403 495 ⁸⁸⁸.
3485 465 3488 468 ’

2543 548 2767 590 ANSELIII
2805 548 2873 589 ΑΒ
2911 548 3147 591 CONMUI
3185 547 3390 588 AHICUI
3429 546 3589 587 51]ΰί-

2416 623 2541 679 Tres
2569 624 2826 694 superbiae
2847 626 3029 680 modos
3061 624 3310 694 explicat,
3341 631 3388 676 et
3416 621 3733 675 subdividit.

2342 719 2644 785 ANSELMUS,
2682 735 2871 775 servus
2898 719 3157 776 Ecclesiae
3185 714 3628 779 Cantuariensis,
3672 714 3897 771 dilecto
3984 726 3985 785 ξ

2272 812 2448 866 amico
2477 826 2599 881 suo,
2627 813 2845 868 domino
2871 812 3076 868 Cosme
3098 809 3188 874 ⁸⁸⁸,
3224 810 3473 865 salutem.

2344 902 2523 974 Exigit
2552 904 2793 959 charitas
2818 914 2999 960 vestra
3030 912 3089 960 ut
3114 902 3183 958 de
3212 901 3389 959 tribus
3427 901 3532 957 illis
3573 901 3768 957 modis
3796 916 3896 957 su-

2272 995 2493 1064 perbiae,
2533 995 2599 1051 de
2646 995 2842 1066 quibus
2890 996 3045 1053 vobis
3092 994 3305 1051 locutus
3349 1008 3492 1057 sum,
3529 992 3674 1049 duos
3725 992 3893 1067 quia
3984 1058 3985 1071 χ

2274 1087 2535 1142 memoria
2581 1087 2737 1143 vobis
2774 1087 3117 1153 exciderunt,
3163 1101 3263 1156 per
3305 1083 3589 1155 epistolam
3624 1091 3893 1138 nostram

2274 1192 2717 1233 commemorem.
2750 1177 2886 1234 Tres
2915 1176 3132 1250 quidem
3176 1176 3298 1232 illos
3342 1188 3465 1231 esse
3510 1173 3667 1230 dixi:
3706 1190 3892 1228 unum

2275 1267 2329 1322 in
2357 1268 2744 1337 aestimatione,
2774 1268 2827 1323 id
2855 1277 2960 1335 est,
2998 1269 3215 1339 quando
3251 1265 3449 1336 aliquis
3485 1265 3648 1323 altius
3679 1265 3889 1322 existi.

2276 1369 2387 1415 mat
2411 1359 2478 1392 ⁸⁸⁸
2510 1359 2576 1416 de
2622 1374 2681 1415 se
2728 1375 2890 1431 quam
2932 1361 3159 1427 debeat;
3209 1367 3398 1415 contra
3431 1373 3591 1429 quem
3623 1357 3889 1415 dicitur:

2279 1451 2407 1507 Noli
2426 1452 2591 1507 altum
2619 1469 2824 1523 sapere,
2860 1452 2950 1507 sed
2992 1453 3115 1506 time
3154 1451 3328 1524 (Rom.
3356 1466 3441 1517 ιι,
3465 1450 3583 1519 20).
3610 1450 3683 1505 Et
3713 1466 3890 1521 quem

2278 1552 2439 1613 negat
2467 1544 2519 1600 in
2545 1559 2608 1599 se
2632 1543 2817 1612 luisse,
2848 1544 2939 1614 qui
2964 1542 3094 1599 dicit
3117 1542 3186 1575 ³⁸⁸
3206 1560 3219 1597 :
3242 1542 3480 1606 Domine,
3506 1557 3610 1596 non
3628 1552 3709 1596 est
3735 1541 3887 1595 exal-

2277 1643 2444 1687 tatum
2474 1650 2565 1689 cor
2587 1650 2756 1689 meum
2785 1631 2957 1707 (Psal.
2984 1648 3149 1699 cxxx,
3174 1633 3254 1701 1),
3303 1641 3361 1689 et
3381 1646 3501 1705 quae
3541 1642 3887 1707 sequuntur.

2279 1725 2431 1781 Alius
2456 1735 2540 1782 est
2568 1727 2619 1780 in
2653 1706 2954 1794 voluntate,
2986 1727 3204 1797 quando
3233 1724 3430 1796 aliquis
3458 1724 3625 1782 altius
3658 1706 3728 1781 se
3770 1724 3890 1779 vult

2283 1816 2502 1870 tractari
2531 1814 2714 1885 aliquo
2746 1815 2905 1871 modo
2930 1830 3095 1886 quam
3124 1813 3349 1881 debeat;
3386 1821 3576 1870 contra
3600 1796 3778 1883 quem
3803 1814 3889 1868 di-

2276 1906 2457 1961 citur:
2497 1905 2662 1978 395
2704 1904 2979 1973 Quomodo
3006 1905 3217 1977 potestis
3253 1904 3487 1968 credere,
3528 1905 3618 1975 qui
3648 1903 3888 1973 gloriati
3984 1902 3985 1973 ξ

2274 1997 2512 2066 qureritis
2541 2002 2605 2051 ab
2634 1997 2890 2053 invicem?
2920 1996 3102 2068 (Joan.
3132 2011 3188 2061 v,
3216 1995 3339 2066 44.)
3373 1995 3441 2050 Et
3466 2014 3480 2050 :
3509 1993 3664 2050 Diem
3706 1994 3887 2050 homi-

2278 2089 2358 2143 nis
2385 2104 2488 2141 non
2509 2085 2824 2154 desideravi,
2854 2096 2909 2142 tu
2936 2087 3036 2141 scis
3062 2084 3199 2158 (Jer.
3224 2100 3361 2153 xvtt,
3390 2083 3500 2155 16).
3530 2083 3689 2140 Alius
3708 2095 3809 2140 est
3836 2087 3886 2138 is
3984 2144 3985 2151 γ

2276 2195 2471 2251 opere;
2509 2188 2701 2235 contra
2729 2194 2891 2251 quem
2942 2178 3075 2235 dicit
3112 2178 3412 2235 Dominus:
3443 2178 3574 2231 Cum
3620 2177 3887 2231 inuitatus

2280 2273 2441 2343 fueris
2464 2273 2535 2326 ad
2568 2272 2802 2343 nuptias,
2832 2288 2936 2326 non
2967 2270 3266 2326 discumbas
3295 2270 3350 2347 in
3375 2271 3545 2339 primo
3573 2267 3694 2323 loco
3722 2267 3884 2339 (Lar.

2282 2377 2394 2429 xxv,
2423 2363 2501 2434 8).
2531 2362 2639 2418 lste
2667 2371 2750 2419 est
2777 2360 2997 2433 quando
3027 2361 3193 2417 homo
3222 2359 3457 2431 seipsuu‘t
3488 2367 3690 2414 tractat
3721 2360 3888 2415 altius

2280 2470 2445 2526 quam
2480 2455 2697 2511 debeat.
2724 2453 2926 2515 Contra
2956 2451 3199 2523 singulos
3226 2451 3362 2508 istos
3388 2452 3578 2507 modos
3605 2452 3776 2521 plura
3806 2451 3883 2517 in-
3984 2446 3985 2526 ξ

2282 2550 2583 2606 veniuntur
2611 2548 2757 2604 dicta
2796 2547 2848 2602 in
2876 2562 3037 2602 sacra
3071 2546 3375 2618 Scriptura,
3414 2546 3459 2601 si
3499 2545 3883 2615 inquirantur.
3984 2568 3985 2581 ι

2281 2626 2479 2699 COutra
2509 2654 2700 2696 omnes
2741 2639 2979 2695 dicitur:
3020 2637 3125 2704 Qui
3164 2654 3219 2692 se
3255 2635 3478 2702 exultat,
3512 2635 3886 2690 huntiliabitnr

2284 2732 2437 2803 (ibid.
2483 2731 2593 2802 ll).
2656 2730 2724 2786 Et
2766 2747 2780 2784 :
2822 2727 3070 2800 Superbis
3142 2728 3283 2785 Deus
3351 2729 3543 2785 resistit
3602 2728 3757 2800 (Jac.
3812 2745 3882 2789 tv,

2282 2824 2359 2895 6).
2400 2823 2468 2879 Et
2516 2822 2683 2878 multa
2730 2820 2857 2878 alia.
2908 2822 2984 2875 De
3034 2819 3118 2887 his
3165 2820 3362 2884 tribus,
3393 2817 3613 2888 quando
3665 2818 3882 2889 singula

2283 2927 2511 2984 quazque
2532 2913 2645 2969 sola
2671 2921 2772 2977 est,
2799 2911 2885 2967 illa
2911 2911 3080 2969 levior
3106 2926 3226 2981 quae
3257 2910 3309 2965 in
3330 2910 3451 2965 solo
3480 2924 3651 2979 opere
3671 2920 3770 2964 est
3795 2910 3882 2973 “’,

2284 3004 2409 3074 quia
2439 3019 2555 3075 non
2576 3002 2638 3057 lit
2665 3000 2769 3057 nisi
2799 3018 2896 3073 per
2923 3001 3315 3073 ignorantiam;
3342 3008 3399 3059 et
3425 3008 3608 3055 tamen
3636 3000 3777 3070 quia
3812 3002 3885 3055 vi-
3976 3000 3979 3075 ξ

601 3118 827 3183 domino
852 3112 1074 3168 Urbano
1101 3104 1568 3165 excommunicari
1600 3116 1754 3173 reges
1788 3109 1843 3155 et
1866 3112 2057 3153 omnes
2084 3095 2181 3151 lai-
2210 3128 2253 3187 ρ
2288 3097 2418 3151 tium
2452 3104 2554 3161 est,
2585 3094 2966 3164 corrigendum
3002 3100 3109 3149 est.
3138 3093 3213 3146 De
3241 3091 3370 3147 aliis
3394 3091 3603 3146 duabus
3634 3090 3732 3146 illa
3771 3106 3887 3162 quae

594 3222 693 3264 eos
715 3248 729 3273 ,
762 3203 1114 3260 investituras
1151 3207 1207 3254 et
1246 3212 1339 3254 res
1376 3194 1744 3251 Ecclesiarum
1778 3194 1987 3252 dantes,
2019 3196 2076 3243 et
2113 3186 2182 3242 ab

599 3299 708 3366 illis
735 3295 1089 3366 accipientes,
1119 3301 1177 3351 et
1194 3290 1287 3361 qui
1319 3296 1541 3358 prepter
1571 3287 1676 3341 hoc
1702 3299 1893 3340 eorum
1936 3280 2185 3337 homines

599 3392 757 3457 ﬁunt,
780 3398 836 3444 et
857 3402 953 3453 eos
976 3384 1067 3456 qui
1096 3382 1427 3454 accipientes
1443 3388 1771 3435 consecrant
1788 3375 1879 3429 ⁸⁶¹.
1902 3373 2010 3427 Aut
2034 3386 2183 3443 ergo,

598 3485 645 3538 si
674 3479 954 3537 sanctitati
1008 3483 1207 3533 vestrae
1234 3473 1437 3545 placet,
1482 3470 1626 3525 hanc
1668 3464 2190 3524 excommunicatio-

596 3588 725 3630 nem
774 3573 828 3627 in
863 3568 1059 3641 Anglia
1086 3565 1374 3629 absolvite,
1413 3572 1472 3618 ut
1514 3562 1566 3617 in
1596 3576 1663 3616 ea
1713 3556 1918 3630 possim
1965 3568 2189 3611 manere

598 3667 720 3722 sine
751 3663 949 3718 animae
972 3673 1107 3715 mea:
1127 3656 1393 3731 periculo,
1424 3662 1519 3709 aut
1540 3667 1659 3708 eam
1687 3666 1782 3707 vos
1808 3663 2027 3704 servare
2052 3644 2190 3702 velle

598 3756 869 3829 quidquid
898 3753 1033 3819 mihi
1059 3751 1184 3807 inde
1206 3752 1510 3820 contingat,
1542 3745 1738 3801 vestris
1776 3743 1976 3798 litteris
2026 3740 2191 3811 signi-

602 3853 795 3916 ficate;
820 3857 917 3903 aut
934 3848 979 3903 si
1004 3846 1134 3916 quid
1157 3841 1474 3898 discretioui
1492 3848 1688 3895 vestrae
1713 3837 1892 3907 placet
1914 3836 2187 3902 excipere,

599 3944 791 4000 eadem
815 3938 1148 3998 certitudiue
1171 3933 1494 3991 nominatim
1518 3930 1647 4002 quid
1672 3929 1801 3983 illud
1825 3927 1895 3983 sit
1922 3926 2187 3981 intimate.

601 4037 678 4091 De
724 4034 830 4090 illis
879 4044 1099 4103 quoque
1150 4027 1243 4099 qui
1293 4026 1434 4082 intra
1479 4023 1771 4097 praedictas
1821 4018 2065 4075 inducias
2114 4016 2192 4071 in-

599 4127 895 4182 vestituras
943 4121 1250 4194 prohibitas
1296 4117 1571 4189 accipiunt
1614 4123 1672 4170 et
1714 4112 1808 4184 qui
1858 4125 1955 4167 eos
1999 4112 2193 4165 conse-

601 4224 781 4280 erant,
822 4213 953 4284 quid
996 4212 1129 4266 mihi
1183 4209 1494 4265 faciendum
1535 4205 1608 4260 sit
1649 4214 1830 4259 vestra
1862 4199 2052 4257 instrui
2080 4197 2191 4269 jus-

603 4310 758 4365 sione
797 4303 1069 4360 desidero.
1103 4301 1159 4355 lu
1198 4301 1286 4355 his
1321 4314 1443 4368 quae
1484 4313 1582 4368 per
1614 4295 1813 4349 latores
1838 4289 2189 4363 praesentium

603 4409 759 4455 extra
787 4394 929 4449 hanc
969 4393 1214 4447 chartam
1263 4385 1580 4460 paternitati
1618 4395 1812 4439 vesme
1852 4394 2106 4453 suggero,
2133 4386 2191 4432 ut

2287 3202 2373 3248 est
2399 3192 2453 3247 in
2482 3191 2595 3249 sola
2628 3189 2910 3246 voluntate
2943 3186 3304 3243 damnabilior
3343 3195 3448 3249 est,
3481 3184 3610 3254 quia
3641 3197 3879 3240 scienter

2288 3295 2497 3356 peccat.
2527 3283 2617 3339 llla
2651 3298 2779 3339 vero
2808 3297 2931 3352 quae
2961 3290 3046 3337 est
3075 3281 3127 3336 in
3166 3278 3548 3344 aestimatione,
3575 3277 3696 3331 sola
3714 3279 3883 3339 insa-

2288 3377 2520 3432 nabilior
2550 3384 2655 3440 est,
2695 3375 2823 3445 quia
2857 3387 2964 3429 non
2996 3387 3056 3427 se
3088 3370 3328 3427 ostendit
3370 3378 3427 3425 et
3471 3368 3617 3439 iusta
3668 3368 3784 3425 sibi
3814 3370 3887 3422 vi-

2288 3468 2466 3526 detur.
2498 3468 2555 3525 Si
2581 3483 2712 3538 ergo
2757 3467 2874 3521 ista:
2918 3474 3029 3520 tres
3074 3462 3341 3534 superbiae
3376 3460 3600 3533 singula:
3632 3462 3887 3516 conside-

2292 3570 2503 3623 reutur,
2566 3569 2678 3614 tres
2722 3557 3000 3628 simplices
3048 3563 3275 3627 possunt
3330 3554 3435 3610 dici
3485 3553 3797 3623 superbiai;
3826 3555 3884 3608 si

2288 3669 2421 3708 vero
2442 3653 2585 3707 binm
2619 3660 2674 3706 et
2701 3649 2843 3706 bina:
2873 3648 3266 3719 intelligantur,
3304 3653 3417 3700 tres
3446 3644 3691 3716 duplices
3736 3646 3888 3701 inve-

2288 3747 2534 3801 niuntur.
2580 3741 2638 3798 Si
2682 3757 2812 3798 vero
2867 3749 2977 3796 tres
3020 3739 3181 3796 simul
3218 3736 3615 3808 coniungantur
3639 3736 3740 3805 ³⁸³,
3783 3739 3888 3793 erit

2289 3854 2393 3893 ttna
2425 3836 2617 3906 triplex
2642 3851 2658 3900 ;
2690 3844 2743 3890 et
2773 3835 2817 3890 si
2847 3841 3008 3889 erunt
3038 3843 3267 3903 septem,
3298 3839 3411 3885 tres
3436 3827 3747 3899 simplices,
3776 3840 3887 3886 tres

2289 3926 2555 3997 duplices,
2600 3939 2709 3979 una
2752 3921 2968 3994 triplex.
3002 3920 3202 3978 Contra
3253 3920 3389 3975 istas
3429 3919 3710 3989 superbias
3762 3931 3889 3977 sunt

2288 4014 2535 4072 membra
2569 4012 2917 4078 humilitatis,
2951 4007 3005 4067 id
3035 4018 3140 4077 est,
3182 4019 3243 4064 ut
3274 4005 3554 4064 humiliter
3595 4008 3723 4077 quis
3761 4024 3888 4065 sen-

2291 4111 2388 4166 tiat
2428 4109 2496 4165 de
2522 4122 2604 4173 se,
2642 4114 2698 4162 et
2734 4114 2996 4176 quantum
3039 4103 3108 4160 ad
3157 4111 3451 4159 tractatum
3488 4108 3544 4155 et
3589 4113 3889 4157 conversa-

2290 4202 2492 4274 tionem
2524 4201 2779 4267 aliorum,
2820 4196 3099 4253 humiliter
3132 4194 3263 4249 velit
3296 4194 3363 4248 de
3408 4212 3490 4263 se,
3538 4201 3593 4250 et
3628 4193 3751 4263 ipse
3790 4195 3889 4250 hu-

2290 4292 2491 4346 militer
2530 4298 2729 4345 tractet
2759 4302 2840 4343 se.
2890 4285 2996 4341 Pro
3037 4284 3264 4356 singulis
3299 4285 3474 4340 modis
3503 4283 3781 4354 superbia:
3810 4286 3887 4339 di-

2291 4383 2435 4438 citur
2484 4383 2646 4437 homo
2694 4378 2988 4450 superbus;
3043 4377 3139 4433 sed
3194 4391 3293 4447 pro
3342 4377 3571 4447 singulis
3621 4378 3889 4432 membris

604 4504 797 4564 preces
852 4493 1069 4540 nostras
1114 4481 1369 4554 dignetur
1414 4484 1525 4533 hon
1575 4487 1836 4546 spernere
1875 4467 2191 4541 suppliciter
2218 4469 2269 4530 D
2296 4472 2642 4537 humilitatis,
2685 4464 2768 4527 vel
2809 4485 2906 4540 pro
2933 4470 3166 4535 duobus,
3200 4470 3299 4526 nisi
3325 4469 3505 4526 omnia
3540 4469 3791 4525 membra
3820 4472 3890 4524 si-

600 4575 911 4651 expostulo.
1144 4606 1148 4611 θ

1093 4658 1431 4720 EPISTOLA
1470 4652 1708 4713 LXXIV.

949 4770 1233 4813 PASCHALIS
1271 4767 1415 4807 ΡΑΡᾸΞ
1456 4764 1523 4806 AD
1564 4758 1865 4802 ANSELHUU.

688 4912 691 4915 _
989 4833 1071 4907 Ad
1098 4847 1476 4917 prwcedentem
1516 4842 1806 4913 responsio.

677 4948 976 5004 szcnms
1012 4940 1334 5011 episcopus,
1376 4949 1569 4991 servus
1604 4947 1885 4989 servorum
1927 4929 2054 4993 Dei,
2089 4927 2193 4983 An-

605 5057 776 5098 se.on
802 5032 1209 5099 Cantuariensi,
1245 5029 1542 5086 venerabili
1577 5026 1730 5083 fratri
1759 5033 1814 5083 et
1840 5024 2189 5097 coepiscopo,

605 5132 836 5189 salutem
862 5138 917 5182 et
938 5124 1294 5194 apostolicam
1332 5120 1794 5178 benedictionem.

702 5215 1067 5277 Suavissimas
1099 5211 1422 5269 'dilectionis
1475 5221 1582 5267 tute
1645 5209 1990 5280 suscepimus
2047 5207 2194 5264 litte-

607 5328 724 5376 ras,
753 5319 860 5363 etc.
903 5302 1033 5357 Vide
1056 5302 1109 5356 in
1139 5301 1388 5356 Paschali
1420 5301 1510 5369 ll,
1537 5301 1608 5357 ad
1642 5318 1735 5356 an.
1766 5300 1922 5355 1118.

2296 4565 2409 4622 mul
2433 4565 2562 4632 sint,
2590 4579 2701 4619 non
2722 4562 2927 4618 dicitur
2950 4561 3113 4617 homo
3139 4560 3391 4627 humilis;
3416 4562 3557 4616 sicut
3582 4568 3695 4615 uno
3715 4574 3891 4615 metu-

2294 4660 2394 4714 bro
2417 4657 2725 4729 languente,
2755 4655 2955 4712 dicitur
2980 4656 3146 4710 homo
3172 4662 3350 4725 aeger;
3380 4669 3547 4711 sanus
3570 4663 3757 4709 autem
3785 4670 3888 4707 non

2295 4749 2517 4813 dicitur,
2550 4748 2654 4803 nisi
2686 4762 2852 4803 sanus
2883 4747 3137 4802 omnibus
3166 4746 3445 4801 membris.
3481 4744 3610 4800 llaec
3644 4743 3891 4799 breviter

2294 4841 2714 4897 commemoravi
2759 4838 3016 4894 charttati
3068 4847 3283 4892 vestrae.
3331 4835 3463 4903 Quae
3506 4835 3552 4890 si
3598 4834 3891 4906 prudentia

2296 4945 2483 4991 vestra
2533 4932 2731 5002 smpius
2777 4928 3181 4995 retractaverit,
3239 4927 3451 5000 plenius
3501 4942 3566 4983 ea
3618 4926 3892 4998 intelliget

2294 5041 2457 5098 quam
2504 5024 2595 5080 hic
2641 5023 2786 5078 dicta
2831 5030 2979 5077 sunt.
3015 5018 3199 5076 Valete
3242 5028 3299 5075 et
3341 5028 3496 5074 orate
3540 5032 3639 5089 pro
3669 5033 3785 5083 me,
3836 5027 3892 5071 ut

2296 5118 2437 5172 sicut
2464 5115 2605 5170 Deus
2639 5112 2786 5168 dedit
2823 5112 2955 5167 mihi
2984 5111 3294 5180 superbiam
3322 5120 3375 5165 et
3407 5110 3774 5164 humilitatem
3813 5110 3891 5164 iu-

2298 5206 2561 5277 telligere,
2588 5205 2669 5260 sic
2712 5203 2847 5258 mihi
2897 5204 2990 5258 det
3035 5203 3181 5257 illam
3233 5218 3456 5267 cavere,
3488 5211 3541 5256 et
3590 5201 3750 5256 istam
3802 5218 3891 5256 ac-

2296 5298 2537 5370 quirere.
2601 5293 2845 5351 Salutate
2901 5292 3179 5350 dominum
3239 5303 3296 5350 et
3346 5292 3586 5349 amicum
3635 5302 3887 5348 nostrum

1897 5432 1986 5487 VA
1996 5434 2131 5490 ΒΙᾸΞ
2171 5429 2572 5492 LECTIONES.

648 5607 653 5613 .
715 5561 784 5594 ⁸⁸³
815 5559 915 5627 Qui
963 5558 1235 5628 accipiunt
1261 5561 1581 5628 consecrant
1604 5568 1694 5628 ius
1733 5548 1826 5628 qui
1870 5547 2202 5628 accipientes
2239 5554 2562 5628 consecrant

2026 5617 2094 5681 “‘F
2120 5619 2328 5687 Aliquis
2350 5619 2624 5673 existimat
2652 5631 2729 5669 ms
2756 5624 2803 5668 et
2829 5611 3205 5687 Edit._aliquis
3227 5610 3390 5687 altius
3430 5610 3710 5664 existimat
3747 5679 3787 5687 ﬂ
3824 5609 3886 5645 ⁸⁵⁸

610 5630 769 5688 Galli.
790 5622 986 5689 efﬂat.
1016 5622 1163 5686 15³75.
1262 5628 1330 5659 ³⁸³
1356 5626 1562 5682 Connio
1595 5624 1737 5678 Edit.
1767 5622 1919 5677 Cuuo

614 5702 715 5773 Qui
743 5702 875 5755 dixit
900 5696 986 5773 ms
1007 5711 1055 5773 et
1083 5700 1224 5754 Edit.
1258 5698 1346 5769 qui
1391 5698 1522 5753 dicit

610 5770 725 5828 tres
752 5770 913 5829 simul
939 5771 1333 5842 coniungantur

1628 5694 1696 5727 ⁸⁶τ
1725 5692 1820 5749 Est
1848 5704 2013 5762 opere
2041 5704 2119 5743 ms
2148 5700 2193 5743 et
2226 5688 2373 5743 Edit.
2402 5697 2483 5744 est
2514 5688 2566 5743 in
2600 5699 2766 5757 opere

2669 5543 2737 5577 ³⁸³
2766 5541 2973 5598 Collum
3002 5556 3120 5594 cum
3167 5541 3349 5593 eodem
3396 5554 3476 5593 ms
3511 5549 3560 5593 et
3589 5555 3707 5592 cum
3738 5536 3889 5592 Edit.

2890 5683 2958 5718 ³⁸⁸
2975 5679 3113 5739 Tres
3136 5680 3537 5752 conjungautur
3558 5696 3636 5734 ms
3658 5691 3706 5734 et
3737 5679 3889 5735 Edit.
