4028 6302
1324 384 1327 389 ’
1408 382 1540 465 LIB.
1571 409 1655 476 ιιι,
1676 405 1894 465 EPIST.
1922 403 2175 462 Lxxvn.

3362 391 3471 447 ii“

184 506 546 589 reverenoum
622 528 934 603 episcopum
998 525 1414 589 Atrebatensem
1481 539 1550 581 ex
1623 532 1779 594 parte
1806 507 1853 567 Α
1882 520 2212 581 desiderium
2242 530 2421 573 meum
2453 514 2520 572 de
2543 512 2731 581 vobis;
2767 512 2993 570 audisns
3026 524 3167 603 saepe
3208 508 3338 579 quid
3369 509 3475 567 tria.

188 420 292 474 H3

183 632 397 678 nostra.
876 688 879 689 ν

668 731 1002 789 EPISTOLA
1044 730 1280 787 LXXVI.

293 836 522 878 Διιεειιι
572 837 640 881 AD
685 835 972 878 ιιικυιεωι
1022 835 1253 879 ιηιισιιειι
1291 836 1362 877 ετ
1398 832 1675 875 ιοιιιειιοιι

751 906 1205 950 CANTUAMENSES.

185 982 435 1051 Corneli,
478 984 566 1041 ubi
594 1001 626 1040 a
652 986 919 1041 eomitissa
947 993 995 1038 et
1027 984 1091 1037 ab
1128 982 1364 1053 episcopo
1392 991 1636 1053 exceptus
1681 996 1782 1044 est,

258 1058 438 1111 scribit
469 1059 533 1108 de
557 1056 755 1109 itineris
785 1056 867 1107 sui
895 1051 1258 1121 prosperitate,
1292 1051 1339 1106 et
1377 1051 1782 1106 Cantuarienses

262 1136 320 1179 ut
351 1126 584 1195 religiosi
614 1124 839 1178 instituti
870 1124 973 1178 sint
1007 1134 1232 1191 tenaces,
1268 1123 1532 1177 hortatur.

256 1215 564 1280 Auseuws,
612 1215 786 1285 gratia
832 1213 925 1269 Dei
961 1213 1405 1285 archiepiscopus
1452 1210 1781 1278 Cantuarize,

183 1304 559 1364 dilectissimis
588 1304 711 1360 ﬁliis
736 1313 790 1360 et
818 1302 1075 1359 fratribus
1096 1302 1299 1357 domno
1322 1301 1573 1358 Enumro
1593 1300 1781 1371 priori,

180 1406 240 1455 et
279 1396 401 1453 aliis
451 1396 504 1451 in
542 1396 784 1451 Ecclesia
814 1396 1017 1451 Christi
1051 1394 1357 1449 Cantuarize
1403 1393 1511 1449 Deo
1543 1394 1784 1449 servien-

185 1491 355 1557 tibus,
382 1488 615 1545 salutem
643 1497 700 1543 et
730 1486 1160 1544 benedictionem
1190 1485 1307 1551 Dei,
1330 1494 1386 1540 et
1412 1501 1589 1549 suam,
1619 1498 1786 1553 quan‘

188 1593 304 1641 tum
337 1592 540 1655 potest.

262 1676 512 1745 Qualiter
556 1689 646 1731 me
680 1674 912 1731 habeam
940 1681 998 1729 et
1024 1671 1156 1744 quid
1202 1684 1359 1744 agam
1390 1669 1666 1726 dilectioni
1695 1684 1787 1724 ve-

188 1775 320 1824 stra.-
371 1765 641 1837 signiﬁco.
683 1764 873 1823 Gratia
908 1764 1027 1832 Dei,
1066 1771 1351 1835 postquam
1386 1761 1489 1816 iter
1534 1770 1784 1816 nostrum

187 1950 341 2005 omni
397 1948 735 2004 adversitate
785 1962 905 2002 sum
945 1960 1118 2017 usque
1167 1944 1225 1999 in
1272 1952 1594 2014 pneseutem
1642 1941 1786 1997 diem

188 2048 494 2112 protectus.
544 2038 658 2110 (l9)
710 2037 939 2093 Romam
969 2036 1196 2093 tendens
1237 2052 1301 2092 ea
1336 2035 1634 2091 intentione
1677 2048 1786 2105 qua

190 2130 264 2187 de
292 2128 485 2202 Anglia
517 2129 683 2195 exivi,
712 2128 1010 2187 Caruotum
1038 2142 1210 2197 usque
1235 2127 1477 2198 perveni,
1508 2126 1597 2181 ubi
1629 2140 1659 2179 a
1691 2141 1785 2181 co-

187 2220 405 2277 mitissa
431 2234 624 2276 sorore
651 2219 823 2275 nostri
851 2219 1012 2290 regis,
1047 2227 1102 2274 et
1122 2218 1192 2273 ab
1209 2217 1485 2288 episeopo,
1514 2224 1572 2273 et
1592 2231 1623 2271 a
1646 2216 1787 2272 mul-

189 2309 262 2366 tis
289 2308 410 2367 aliis
450 2323 575 2364 cum
616 2307 817 2377 gaudio
843 2315 893 2363 et
923 2309 1131 2364 honore
1175 2316 1461 2379 susceptus
1521 2322 1661 2374 sunt,
1689 2307 1787 2364 sed

187 2400 259 2458 de
308 2401 504 2458 itinere
550 2414 673 2457 meo
728 2401 820 2457 tali
854 2409 1096 2472 tempore
1143 2401 1381 2471 inctepto
1420 2399 1575 2455 valde
1606 2400 1785 2459 mirati

191 2501 342 2547 sunt.
376 2492 641 2549 Dicebant
663 2491 816 2547 enim
844 2500 1066 2561 propter
1099 2490 1432 2547 nimietatem
1461 2488 1685 2555 caloris,
1731 2496 1788 2545 et

190 2584 321 2654 quia
350 2582 454 2640 isto
507 2593 753 2653 tempore
801 2582 979 2637 nullus
1005 2582 1323 2653 peregrinus
1352 2580 1521 2645 vadit,
1552 2594 1641 2635 me
1688 2594 1790 2636 nec

192 2667 428 2723 Romam
456 2677 869 2737 perventurum,
903 2683 1005 2723 nec
1043 2667 1273 2735 amplius
1308 2667 1629 2731 rediturum,
1660 2667 1789 2736 quia

196 2768 295 2814 aut
338 2774 531 2813 manus
576 2758 922 2813 inimicorum
974 2756 1230 2813 Ecclesiae
1281 2756 1378 2812 Dei
1426 2770 1533 2811 non
1568 2770 1788 2826 possum

194 2849 458 2921 eliugere,
509 2858 604 2905 aut
652 2858 877 2921 propter
923 2847 1347 2905 imbecillitatem
1383 2847 1630 2917 corporis
1681 2845 1788 2902 mei

184 2941 297 2996 itali
345 2950 589 3010 tempore
619 2954 843 2997 necesse
885 2949 1031 2997 esset
1070 2954 1157 2995 me
1197 2948 1425 2995 mortem
1486 2940 1786 2996 incurrere.

197 3033 291 3090 Sic
321 3032 503 3101 itaque
539 3032 587 3087 vi
617 3032 833 3089 consilii
870 3034 954 3090 sui
985 3047 1071 3088 me
1102 3031 1243 3087 ultra
1270 3032 1521 3104 progredi
1551 3035 1620 3089 ad
1648 3046 1789 3103 pra:-

196 3137 326 3181 sens
352 3138 459 3179 non
491 3123 879 3194 permiserunt,
911 3123 1007 3179 sed
1052 3130 1112 3179 ut
1151 3130 1514 3192 opportunum
1555 3133 1793 3194 tempus,

1880 612 2187 669 bulationes
2215 621 2364 664 meas
2390 606 2701 662 consoletur
2721 605 2775 661 in
2803 605 2978 663 vobis.
3018 602 3074 659 Si
3102 602 3265 659 corda
3288 610 3468 657 vestra

1879 702 1982 760 soli
2013 701 2126 757 Deo
2152 698 2369 755 student
2402 710 2617 763 vacare,
2667 696 2714 751 si
2745 697 3024 768 proposito
3065 694 3207 766 quod
3257 692 3466 748 fortiter

1879 790 2207 864 arripuistis,
2233 787 2377 843 velut
2405 786 2532 843 boni
2564 788 2617 843 in
2649 786 2851 845 Christi
2876 788 3030 843 vinea
3056 783 3291 856 Operarii
3324 790 3482 839 streo.

1881 882 2323 946 nueinsudatis;
2364 878 2419 935 si
2440 878 2698 937 mundum
2732 877 2889 933 vobis
2922 876 3240 932 cruciﬁxum
3271 883 3329 929 et
3374 887 3469 927 vos

1882 976 2090 1032 mundo
2108 976 2219 1030 vita
2249 982 2429 1030 vestra
2464 978 2729 1036 testatur;
2761 968 2807 1024 si
2857 984 2963 1023 non
2992 968 3169 1035 vobis,
3213 966 3307 1023 sed
3337 965 3467 1031 Deo,

1883 1066 1938 1123 id
1967 1075 2053 1122 est
2074 1081 2179 1122 non
2201 1071 2415 1129 vestrm,
2448 1060 2541 1117 sed
2572 1060 2665 1115 Dei
2696 1058 2967 1114 voluntati
2994 1057 3199 1125 vivitis;
3234 1057 3277 1112 si
3305 1058 3470 1112 etiam

1884 1158 1940 1214 in
1986 1157 2229 1219 minimis
2274 1157 2444 1212 Deum
2497 1153 2652 1209 valde
2702 1152 2931 1217 timetis;
2987 1151 3030 1207 si
3078 1150 3473 1206 districtionem

1884 1249 2095 1305 ordinis
2141 1246 2306 1303 vestri
2356 1245 2583 1313 amatis;
2634 1259 2796 1315 quam
2834 1241 2927 1313 qui
2975 1242 3110 1306 odit,
3167 1240 3475 1297 certissimo

1886 1342 2044 1413 signo
2070 1355 2127 1397 se
2155 1340 2406 1396 vitiosum
2432 1354 2553 1396 esse
2597 1346 2653 1393 et
2677 1334 3093 1392 dissolutionem
3122 1332 3350 1404 diligere
3381 1331 3474 1409 de-

1885 1440 2155 1491 monstrat
2187 1448 2201 1487 :
2230 1431 2276 1487 si
2323 1445 2510 1501 pacem
2546 1430 2687 1488 inter
2737 1443 2833 1484 vos
2877 1436 2931 1484 et
2984 1424 3349 1483 obedientiam
3381 1423 3493 1478 (ιο-ο

1888 1526 2037 1580 tirno
2086 1523 2253 1594 priori
2294 1521 2546 1585 servatis,
2576 1522 2680 1577 hoc
2707 1529 2791 1576 est
2834 1518 3162 1575 desiderium
3194 1528 3373 1571 meum
3412 1512 3496 1567 de.

1888 1604 2060 1682 vobis,
2094 1616 2211 1673 haec
2238 1614 2537 1672 consolatio
2576 1624 2631 1669 et
2661 1612 2877 1683 requies
2905 1626 3026 1667 mea
3066 1611 3121 1666 in
3148 1607 3331 1672 vobis;
3363 1606 3477 1662 haec

1889 1709 2146 1781 cogitate,
2190 1708 2306 1765 inec
2344 1715 2639 1763 retractata
2667 1714 2722 1760 et
2752 1705 2931 1767 facite.
2960 1704 3005 1761 si
3053 1718 3141 1759 me
3183 1699 3493 1763 laetiﬁcare,

378 1788 641 1871 i"""'.°‘."
683 1788 873 1871 maga
909 1788 1027 1871 38"
1823 1830 1872 1871 _-
1893 1800 2002 1856 lmo
2027 1801 2072 1857 si
2098 1801 2267 1855 Deum
2291 1798 2443 1855 vobis
2470 1797 2632 1853 vultis
2652 1795 2904 1868 placare;
2932 1794 3049 1849 bzec
3070 1792 3221 1848 vobis
3243 1788 3479 1860 Spiritus

188 1858 416 1931 incepi,
450 1857 649 1914 vestris
693 1855 1033 1913 orationibus
1070 1870 1160 1910 me
1188 1852 1662 1924 prosequentibus,
1718 1850 1789 1905 ab
1822 1868 1861 1925 Β

1891 1900 2115 1947 sanctus
2156 1891 2498 1960 persuadeat,
2532 1898 2589 1947 et
2613 1903 2709 1958 pro
2738 1886 2825 1943 bis
2858 1885 3044 1957 gloriae
3073 1897 3186 1939 sua:
3215 1881 3479 1936 visionem

1888 1986 2105 2042 beatam
2132 1984 2407 2040 exhibeat.
2435 1982 2628 2038 Amen.

2304 2113 2636 2170 EPISTULA
2674 2112 2911 2169 LXXVII
2950 2112 3040 2165 “’.

2272 2196 2277 2197 ί
2378 2220 2601 2260 assem
2641 2222 2710 2260 an
2748 2219 2974 2260 sosomt.

2132 2302 2386 2374 Ejusdem
2425 2300 2720 2370 argumenti
2748 2316 2865 2355 cum
2894 2294 3239 2369 prtecedente.

1958 2396 2243 2454 Anseuus
2286 2396 2749 2467 archiepiscopus,
2789 2388 3025 2447 dominis
3055 2385 3321 2441 fratribus
3350 2380 3480 2438 cha-

1890 2489 2147 2555 rissimis,’
2172 2488 2403 2544 domino
2421 2486 2589 2558 priori
2628 2484 2901 2546 Enneut‘o,
2945 2488 2997 2533 et
3025 2477 3146 2532 aliis
3176 2473 3350 2532 servis
3380 2470 3479 2528 Dei

1890 2581 1944 2636 in
1974 2579 2180 2635 Christi
2228 2578 2469 2634 Ecclesia
2507 2574 2819 2633 Cantuariae
2854 2566 3345 2631 commanentibus,
3393 2577 3482 2617 sa-

1890 2670 2057 2725 lutem
2105 2678 2161 2726 et
2218 2669 2650 2726 benedictionem
2706 2664 2821 2729 Dei,
2880 2672 2937 2719 et
2986 2675 3163 2727 suam,
3217 2665 3479 2728 quantum

1892 2769 2061 2831 potesl
2072 2798 2089 2814 .
3256 2742 3261 2747 V

1962 2850 2150 2907 Gratia
2178 2851 2296 2905 Dei
2327 2850 2520 2907 vestris
2558 2858 2616 2905 et
2665 2847 2896 2903 aliorum
2935 2844 3238 2901 amicorum
3268 2848 3483 2897 nostro-

1894 2960 2014 3001 rum
2046 2943 2384 3000 orationibus
2415 2943 2651 3008 favente,
2686 2956 2751 2997 ex
2783 2953 2890 3010 quo
2919 2953 2950 2992 a
2981 2944 3274 3007 conspectu
3300 2941 3483 2987 vestro

1895 3039 2147 3106 discessi,
2178 3038 2359 3094 omnia
2392 3051 2524 3107 erga
2557 3048 2644 3091 me
2672 3043 2728 3090 et
2766 3033 2942 3090 socios
2973 3044 3233 3102 prospere
3262 3028 3482 3083 fuerunt

1892 3145 2071 3203 usque
2100 3130 2153 3185 in
2187 3135 2510 3200 praesentem
2537 3127 2704 3182 diem.
2754 3126 2956 3182 Precor
2987 3131 3166 3178 autem
3211 3131 3291 3186 ut,
3338 3118 3505 3183 sicut.

197 3226 256 3274 et
303 3216 519 3286 quando
563 3214 832 3287 peregrini
879 3214 1107 3281 vadunt,
1136 3222 1538 3284 exspectarem,
1589 3232 1786 3289 coege-

1894 3222 1958 3278 de
1984 3221 2137 3279 vobis
2163 3221 2397 3287 conﬁdo,
2434 3235 2533 3291 pro
2571 3218 2731 3275 nobis
2754 3233 2919 3275 orare
2940 3231 3045 3272 non
3078 3212 3320 3276 cessetiS.
3344 3225 3503 3281 (ιω-ς

199 3318 350 3366 runt.
412 3308 605 3365 Sciens
655 3309 802 3365 enim
858 3309 1197 3380 Scripturam
1255 3308 1495 3364 divinam
1556 3309 1787 3366 dicere:

205 3402 402 3459 Omnia
434 3402 520 3473 [ac
546 3420 661 3460 cum
688 3404 929 3468 consitio,
958 3412 1008 3458 et
1035 3412 1149 3473 post
1175 3402 1375 3473 factum
1402 3420 1506 3459 non
1526 3403 1793 3473 ptenitebis

200 3494 371 3568 (Eccl.
394 3510 569 3560 xxxn,
592 3493 708 3566 24),
733 3494 886 3551 timui
910 3508 978 3550 ne
997 3494 1042 3551 si
1066 3503 1176 3550 tam
1200 3495 1510 3552 rationabili
1530 3504 1589 3552 et
1616 3497 1794 3553 amico

200 3586 433 3665 consilio
465 3601 573 3641 non
610 3587 1038 3657 acquiescerem,
1081 3589 1396 3656 pmnitentia
1448 3597 1794 3660 sequeretur.

203 3677 320 3735 llac
374 3676 622 3743 ratione,
673 3678 1231 3749 quamvispredicta
1273 3682 1551 3738 eomitissa
1603 3696 1693 3738 me
1739 3682 1794 3738 in

207 3777 354 3825 terra
386 3784 482 3825 sua
524 3768 779 3835 retinere,
820 3778 875 3826 et
896 3769 1080 3827 omnia
1107 3772 1413 3829 necessaria
1439 3772 1796 3831 libentissime

205 3858 371 3916 vellet
402 3859 740 3931 impendere,
781 3874 1034 3917 reversus
1071 3876 1196 3918 sum
1237 3861 1291 3918 in
1319 3860 1793 3929 Nortbmanniam,

205 3961 261 4009 et
284 3960 543 4022 exspecto
572 3961 632 4008 ut
658 3966 898 4023 congruo
928 3960 1175 4023 tempore
1202 3953 1305 4009 hoe
1327 3954 1470 4023 quod
1497 3955 1717 4025 incmpi,
1749 3956 1795 4010 si

206 4046 350 4103 Deus
404 4044 676 4111 annuerit,
728 4042 1026 4115 perﬁciam.
1066 4042 1253 4112 Scitis,
1313 4044 1407 4101 lilii
1462 4046 1794 4111 charisslml,

1896 3325 2055 3373 tenus
2077 3315 2158 3371 sic
2184 3330 2283 3371 nos
2311 3323 2364 3372 et
2393 3322 2548 3370 actus
2587 3322 2805 3369 nostros
2827 3311 3007 3389 divina
3038 3305 3324 3366 clementia
3355 3318 3479 3377 pro.

1896 3417 2041 3480 tegat
2071 3417 2126 3463 et
2154 3408 2427 3478 disponat,
2458 3413 2518 3461 ut
2550 3405 2618 3463 de
2657 3402 2971 3460 omnimoda
3000 3399 3367 3472 prosperitate
3388 3404 3485 3451 no-

1895 3510 2029 3573 stra,
2063 3501 2222 3557 nobis
2255 3500 2323 3557 ad
2351 3515 2449 3556 vos
2478 3498 2831 3556 redeuntibus
2858 3495 3101 3553 cbaritas
3127 3500 3306 3548 vestra
3346 3504 3481 3544 conr-

1897 3589 2133 3663 gaudere
2165 3591 2364 3647 valeat.
2408 3590 2685 3658 Quantum
2725 3588 2946 3660 quidem
2982 3586 3049 3641 ad
3084 3598 3186 3640 nos
3224 3581 3482 3653 pertinet,

1896 3682 2040 3738 sicut
2065 3682 2199 3751 dixi,
2248 3682 2429 3738 omnia
2464 3681 2621 3738 nobis
2657 3693 2919 3752 prospere
2960 3683 3115 3742 sunt;
3169 3674 3263 3729 sed
3313 3672 3359 3727 si
3389 3684 3485 3724 vos

1897 3770 1952 3828 ln
1985 3786 2145 3842 pace,
2192 3781 2269 3840 et,
2314 3772 2455 3829 sicut
2479 3786 2661 3842 spero,
2708 3771 2759 3826 in
2790 3768 2968 3827 studio
2995 3767 3135 3822 bene
3177 3758 3392 3819 vivendi
3432 3768 3491 3816 et

1898 3864 2142 3944 salvandi
2175 3866 2388 3921 animas
2440 3874 2657 3925 vestras
2704 3863 2910 3928 vivitis,
2947 3858 3246 3917 secundum
3277 3852 3488 3909 deside-

1900 3959 2041 4014 rium
2080 3973 2294 4024 mcum,
2329 3967 2459 4015 tunc
2506 3958 2680 4013 multo
2720 3955 2893 4026 magis
2931 3964 2989 4009 et
3026 3951 3209 4007 verius
3258 3954 3488 4018 augetur

1900 4050 2154 4121 gaudium
2190 4065 2397 4107 meum.
2446 4048 2648 4108 Precor
2693 4048 2877 4117 itaque
2916 4051 3122 4116 quanto
3146 4039 3341 4099 all'ectu
3370 4052 3492 4111 pos.

1506 4176 1741 4233 VARUE
1778 4180 2162 4239 LECTIONES

321 4291 391 4333 ³⁸’
416 4290 550 4348 Cum
580 4290 759 4348 eodem
784 4308 861 4345 ms
882 4291 1075 4346 collata

1492 4402 1781 4464 JOANNIS
1820 4402 2104 4461 PlCARDl.
2126 4402 2360 4462 NOTAE.

278 4522 395 4595 (l9)
438 4521 662 4595 Romam
697 4520 1019 4595 tenoens‘__ea_
1040 4518 1344 4595 intentione.
1374 4515 1548 4584 Quam
1574 4516 1794 4595 quidem
1824 4505 1876 4564 Ι)
1902 4518 2078 4595 simile
2106 4519 2161 4574 in
2189 4516 2703 4595 Angliamdelatum
2728 4494 2894 4574 [uisse
2923 4516 3024 4573 sub
3054 4516 3216 4591 ﬁnem
3248 4515 3487 4595 ejusdem

210 4589 494 4656 noverant,
533 4594 600 4647 ad
635 4607 773 4660 quos
824 4590 1127 4653 scribebat;
1172 4589 1267 4644 sed
1313 4604 1439 4660 non;
1466 4603 1657 4660 omnes
1704 4589 1796 4657 qui

210 4666 355 4720 hunc
386 4664 564 4719 loeum
599 4657 857 4728 viderint,
896 4661 995 4715 nisi
1049 4674 1249 4714 renexo
1287 4657 1517 4713 stamine
1558 4659 1797 4714 interru-

214 4744 364 4805 ptum
409 4733 647 4805 historiae
679 4731 850 4805 “ﬁlum
894 4740 1221 4805 retexentes:
1272 4728 1560 4805 Auselmus
1613 4728 1793 4805 igitur,

213 4799 432 4875 accepta
462 4802 741 4875 Paschalis
770 4799 1335 4875 epistolapenultima,
1366 4814 1487 4869 quae
1517 4799 1800 4875 impudens

214 4869 485 4943 regiorum
510 4869 817 4939 legatorum
840 4871 1046 4943 detexit
1072 4869 1443 4943 mendacium,
1454 4870 1799 4943 constantius

215 4940 457 4999 defendit
481 4943 851 4997 investitutam
893 4940 1387 4996 ecclesiasticarum
1413 4940 1715 4994 libertatem
1741 4948 1800 4995 et

216 5024 559 5079 potestatem.
595 5012 708 5066 Rex
737 5010 1213 5080 autemrregnique
1242 5024 1520 5078 proceres,
1552 5009 1798 5080 videntes

220 5078 311 5140 Dei
338 5085 509 5138 virum
537 5091 644 5137 tam
676 5082 891 5137 excelso
917 5078 1179 5149 liruioque
1208 5079 1411 5146 animo,
1444 5088 1495 5134 ut
1524 5095 1623 5135 nec
1644 5078 1798 5134 blan-

219 5154 368 5209 ditiis
400 5152 742 5207 mollesceret
771 5160 864 5206 aut
887 5150 1045 5203 minis
1074 5160 1475 5211 concuteretur,
1510 5160 1799 5204 suaserunt

220 5234 279 5279 ut
305 5225 418 5294 ipse
451 5224 679 5294 Romam
707 5220 1165 5289 proﬁcisceretur,
1204 5220 1799 5294 cotiﬁdentibusuatque

220 5289 383 5350 etiam
431 5292 779 5348 credentibus
827 5299 993 5345 totam
1026 5306 1157 5359 irem
1197 5289 1310 5357 ejus
1343 5306 1505 5359 opera
1547 5289 1797 5345 felicissi-

220 5380 365 5420 mum
401 5362 717 5418 sortituram
756 5361 982 5415 exitum.
1022 5358 1208 5413 Paruit
1244 5358 1529 5413 Anselmus
1555 5374 1796 5414 commo-

221 5434 511 5495 nitoribus,
540 5430 671 5485 nihil
703 5445 807 5483 non
840 5429 1125 5483 moliturus
1152 5428 1298 5497 pacis
1321 5444 1483 5499 ergo;
1509 5428 1796 5499 discessit-

219 5519 325 5573 que
351 5503 620 5573 Angliadv
648 5500 874 5556 Kalend.
909 5499 1097 5573 Maias,
1125 5512 1268 5573 anno
1304 5497 1463 5563 mit,
1512 5509 1571 5573 ut
1608 5497 1799 5554 scribit

220 5568 391 5629 Lilius
435 5568 488 5626 in
529 5571 821 5635 Chronico,
874 5571 959 5624 cui
1020 5568 1276 5623 libentius
1327 5568 1593 5623 assentior
1633 5581 1795 5635 quam

222 5584 391 5629 Linus
435 5584 488 5626 tu
529 5584 821 5635 Chronico,
874 5586 959 5624 Clll
1020 5584 1276 5623 nnennus
1327 5584 1593 5623 assentior
1672 5584 1795 5623 unm

222 5643 474 5701 Mattbaeo
522 5642 751 5706 Parisio,
784 5640 1074 5712 llonedeno
1104 5648 1158 5692 et
1186 5637 1573 5712 Wigorniensi,
1613 5584 1666 5712 i3
1711 5654 1796 5694 re-

1902 4591 2157 4647 mensis:
2205 4588 2356 4653 imo,
2404 4590 2449 4643 si
2504 4588 2853 4643 Honedenum
2906 4588 3237 4658 sequamur,
3282 4588 3485 4649 vurld.

1902 4660 2206 4730 Septemb.,
2236 4658 2503 4715 Henricus
2525 4659 2842 4715 Anselmum
2866 4658 3115 4712 invitavit
3144 4659 3196 4712 in
3220 4658 3487 4730 Angliam,

1901 4728 2010 4801 quo
2060 4746 2246 4786 mense
2307 4739 2404 4785 aut
2447 4732 2555 4794 die,
2605 4744 2723 4784 mea
2771 4745 2877 4784 non
2928 4730 3116 4791 refert,
3178 4740 3300 4801 eum
3348 4728 3492 4801 inter

1900 4796 2094 4857 otnnes
2116 4801 2322 4873 Anglos
2348 4800 2645 4871 scriptores
2670 4807 2881 4873 constet
2929 4816 2995 4855 eo
3025 4813 3168 4873 anno
3196 4796 3489 4873 l‘iovembri

1902 4888 2090 4928 mense
2130 4866 2656 4929 An'selmum-saero
2690 4870 2937 4939 juuxisse
2975 4867 3244 4939 connubio
3294 4866 3489 4920 lleuri-

1901 4959 2024 4997 cum
2064 4958 2247 5006 regem
2288 4952 2344 4997 et
2374 4938 2711 5006 Mathildam,
2740 4940 2986 4994 M’acoliui
3020 4938 3305 4992 Scotorum
3350 4940 3490 5006 regis

1903 5013 2090 5069 lilium.
2120 5006 2221 5071 Ᾰει
2252 5013 2570 5076 Eadmerus,
2606 5009 3004 5081 peregrinantis
3043 5006 3281 5081 {\nselmi
3304 5007 3490 5081 Acha-

1903 5092 1984 5140 tes
2018 5084 2347 5151 individuus,
2399 5083 2492 5137 lib.
2526 5099 2564 5137 ιι
2598 5077 2761 5137 Vitae'
2776 5081 2913 5148 eius,
2957 5088 3011 5133 et
3050 5077 3490 5151 Walsiugbanuzs

1903 5154 1956 5208 iu
1999 5148 2393 5277 Hf'podigniate
2420 5152 2687 5207 Neustrite
2714 5152 3008 5205 observant
3039 5150 3140 5206 bas
3182 5148 3400 5204 lleurici
3433 5160 3487 5203 et

1903 5224 2143 5277 Ansemi
2194 5225 2509 5277 inimicitias
2556 5237 2666 5276 non
2711 5220 2815 5274 "in
2868 5231 2991 5277 post
3039 5222 3386 5274 dimidiarum
3433 5229 3487 5271 et

1900 5220 2143 5279 Anselmi
2194 5220 2509 5281 inimicitias
2556 5220 2815 5291 nonnisi
2868 5231 2991 5291 post
3039 5222 3386 5274 dimidiarum
3433 5229 3489 5271 et

1902 5294 2199 5348 secundum
2237 5293 2480 5361 ejusdem
2531 5290 2770 5346 Anselmi
2820 5290 3021 5347 reversi
3064 5307 3285 5361 annum,
3332 5299 3495 5361 natas.

1900 5377 2040 5418 esse.
2074 5362 2227 5430 Quod
2251 5360 2472 5434 tempus
2500 5362 2650 5417 deest
2696 5362 2753 5434 in
2780 5364 3162 5434 supputatione
3184 5360 3488 5434 ifarisiiet

1900 5433 2203 5488 ilonedeni.
2228 5430 2596 5500 Quamobrem
2626 5433 2827 5487 certior
2848 5430 2959 5498 est,
2994 5436 3100 5487 imo
3132 5431 3274 5485 nulla
3301 5430 3484 5486 verior

1902 5503 2341 5575 cbronograpbia
2399 5502 2686 5569 Eadmeri,
2730 5505 2817 5559 cui
2864 5502 3493 5573 soli,-quiAnselmum

1896 5576 2052 5643 vidit,
2098 5577 2388 5632 comitatus
2428 5584 2514 5630 est
2540 5584 2757 5631 euntem
2781 5584 2836 5630 et
2887 5575 3221 5636 redeuutem,
3268 5587 3486 5643 seper-

1896 5641 2100 5702 manSil
2143 5648 2209 5702 ad
2259 5654 2567 5701 extremum
2612 5662 2784 5714 usque
2830 5646 2955 5700 vitae
2993 5645 3262 5714 spiritum,
3318 5641 3485 5698 ﬁdem

220 5713 571 5791 censentibus
613 5726 755 5791 anno
806 5710 963 5766 “05.
1005 5710 1173 5791 Nam,
1227 5709 1473 5791 ut'.alia‘s
1526 5710 1792 5791 diximus.
1893 5716 2196 5791 promptius
2222 5718 2573 5775 accommodo
2598 5709 2758 5787 quam
2794 5715 2947 5773 alteri
2978 5709 3218 5771 cuilibet.

222 5783 505 5840 Anselmus
550 5780 1151 5851 Lugdunogrevocatus
1197 5789 1281 5836 est
1320 5782 1372 5835 in
1424 5780 1668 5851 Angliam
1725 5781 1793 5833 ab

225 5854 457 5912 Henrico
483 5852 523 5917 l,
550 5849 692 5908 anno
726 5849 880 5918 “00,
910 5850 1150 5920 Augusto
1174 5866 1386 5919 mense;
1418 5849 1609 5923 esttjue
1640 5865 1790 5905 vero-
