4028 6302
570 376 673 440 115

1137 382 1521 441 ΞΠΑΝΒΕΜΙΙ
1561 381 1917 438 CANTUAR.
1955 376 2274 435 ARCli’iEP.
2315 374 2462 432 OPP.
2507 374 2687 432 PARS
2723 374 2807 430 Ill.
2846 405 2917 415 —
2953 372 3330 431 ΕΡιδτοιίΕ.

3756 367 3872 423 HG

568 514 712 563 sum,
756 491 817 554 ut
850 510 1064 568 semper
1091 496 1157 553 ad
1196 497 1420 551 meliora
1451 496 1667 552 solliciti
1698 495 1820 550 sitis
1864 493 2151 564 prolicere,
2184 464 2235 528 5‘
2255 500 2381 545 sunt
2413 490 2656 557 utilitati,
2697 504 2817 546 mea
2842 500 2988 557 sunt,
3013 499 3067 546 et
3090 504 3224 545 mea:
3249 486 3529 557 subiacent
3558 489 3866 558 potestati;

567 598 626 647 et
651 590 955 645 nullatenus
982 589 1049 644 ab
1071 587 1154 644 his
1181 588 1248 642 ad
1281 602 1401 658 qua:
1424 603 1521 644 vos
1551 587 1645 643 Dei
1674 586 1848 658 gratia
1881 585 2151 656 provexit,

566 682 819 739 deiicere.
847 680 928 736 Ad
956 681 1189 736 invicem
1221 676 1519 735 secundum
1564 677 1732 733 Deum
1761 676 2066 732 dilectionis
2098 685 2153 730 et

567 773 869 829 concordiae
890 771 1230 828 dulcedinem
1267 778 1506 834 servate,
1534 768 1744 823 ordinis
1778 767 1944 823 vestri
1974 766 2152 822 distri-

564 865 796 920 ctionem
830 865 948 920 sine
1002 862 1356 920 simulatione
1399 869 1598 925 amate,
1647 860 1810 916 corda
1864 868 2043 915 vestra
2082 859 2149 913 ad

563 955 881 1010 societatem
913 953 1231 1023 angelorum
1261 953 1357 1018 πο,
1398 958 1621 1023 ιιι-οριθι·
1655 966 1816 1022 quam
1848 951 1984 1006 bene
2011 950 2149 1005 vivi-

562 1047 653 1113 tis,
682 1047 803 1102 sine
847 1044 1248 1102 intermissione
1285 1044 1462 1100 levate
1493 1059 1508 1098 :
1539 1045 1591 1098 in
1645 1044 1795 1102 omni
1838 1042 2150 1099 diliicultate

560 1148 616 1195 et
647 1130 979 1196 adversitate
1008 1138 1315 1209 temporali,
1347 1138 1391 1194 si
1423 1136 1489 1171 3'“
1527 1138 1836 1209 contigerit,
1859 1153 1927 1193 ne
1950 1137 2149 1192 bonum

561 1228 801 1283 studium
838 1237 1082 1284 vestrum
1114 1227 1456 1298 aliquatenus
1485 1226 1554 1259 ³⁷¹
1602 1222 1964 1297 perturbetur,
2020 1241 2147 1281 con-

562 1317 888 1373 solutionem
942 1318 1034 1373 Dei
1086 1318 1296 1374 orando
1346 1326 1580 1389 sperate.
1639 1317 1957 1388 Ubicunque
1987 1319 2144 1384 estis,

561 1409 678 1464 sive
708 1409 762 1464 in
794 1406 1087 1479 Conspectu
1117 1411 1420 1475 hominum,
1443 1409 1574 1466 ‘sive
1602 1406 1810 1466 tantum
1838 1412 1891 1466 in
1922 1425 2148 1481 conspe-

562 1508 653 1553 ctu
694 1497 812 1567 Dei,
851 1514 879 1552 a
929 1515 1038 1570 quo
1064 1516 1337 1571 nunquam
1367 1501 1593 1568 abestis,
1618 1501 1672 1555 in
1700 1501 1951 1556 omnibus
1979 1501 2148 1555 actio-

565 1589 725 1646 nibus
754 1591 975 1655 vestris,
1004 1594 1214 1662 magnis
1242 1592 1326 1648 vel
1345 1594 1550 1663 parvis,
1583 1592 1750 1649 etiam
1782 1593 1835 1647 in
1860 1592 2150 1663 cogitatio-

562 1682 722 1738 uibus
765 1698 889 1738 eum
941 1683 1227 1740 Psalmista
1273 1686 1485 1741 animas
1533 1694 1745 1741 vestras
1797 1684 1850 1739 in
1895 1684 2147 1739 manibus

560 1773 761 1829 vestris
804 1791 1019 1846 semper
1059 1786 1294 1847 portate.
1336 1776 1697 1848 Omnipotens
1739 1776 1883 1833 Deus
1926 1778 2006 1833 sic
2047 1792 2145 1833 vos

559 1875 807 1935 protegat
837 1867 890 1921 in
919 1868 1192 1933 omnibus,
1217 1876 1273 1923 et
1303 1868 1518 1937 dirigat,
1547 1876 1607 1923 ut
1634 1869 1701 1923 ad
1731 1878 1990 1923 aeternam
2015 1869 2146 1925 bea-

562 1957 844 2014 titudinem
892 1976 987 2030 per
1018 1960 1369 2031 temporalem
1406 1958 1825 2032 prosperitatem
1861 1962 2141 2030 perducat.

557 2036 750 2106 Amen.
796 2051 1058 2123 Nepotem
1098 2069 1279 2107 meum
1304 2054 1616 2108 Anselmum
1648 2054 1901 2108 cbaritati
1930 2061 2144 2119 vestrm,

560 2140 700 2194 sicut
724 2156 943 2196 carnem
969 2156 1169 2205 meam,
1196 2143 1539 2209 commendo,
1563 2151 1620 2195 ut
1639 2153 1695 2196 et
1716 2142 1925 2197 discere
1947 2142 2145 2208 valeat,

561 2241 619 2286 et
643 2232 809 2286 vitam
863 2248 1016 2287 suam
1060 2233 1351 2289 custodiat.
1405 2233 1631 2288 Domino
1657 2234 1916 2300 Roberto,
1949 2237 2038 2305 qui
2063 2252 2149 2291 cu«

561 2322 733 2377 stodit
778 2322 998 2379 domum
1046 2332 1288 2379 nostram
1328 2325 1582 2395 prmcipio
1633 2334 1694 2379 ut
1750 2334 1921 2380 totum
1962 2327 2148 2381 vinum

564 2423 809 2495 nostrum
841 2416 985 2487 quod
1014 2416 1319 2472 Cantuariae
1345 2416 1546 2481 dimisi,
1578 2433 1673 2472 vos
1707 2418 1930 2485 tribuat,
1970 2428 2028 2474 et
2072 2433 2152 2475 se-

566 2508 805 2564 cundum
833 2508 1165 2564 voluntatem
1194 2508 1399 2565 domini
1424 2508 1621 2582 prioris
1649 2510 1702 2564 in
1726 2519 1965 2566 vestrum
1994 2526 2148 2566 usum

562 2586 852 2671 expendaL

871 2680 1037 2764 3'96
1074 2690 1407 2749 EPISTULA
1449 2690 1705 2748 LXXVIII
1740 2686 1841 2747 an;

767 2800 988 2840 ANSELIII
1028 2802 1095 2840 AD
1134 2802 1448 2842 GONDULFIJII
1486 2776 1989 2844 ΛΜΞΙἪΙΞΡΙ50091111.⁴

560 2877 754 2949 Regem
798 2894 899 2933 nou
934 2879 1118 2933 debere
1169 2898 1214 2961 (ι.
1242 2881 1513 2962 monac/tis
1565 2893 1656 2936 aut
1715 2879 1953 2935 Ecrlesia
1996 2896 2149 2935 veru-

1163 2966 1303 3001 nmm
1330 2966 1552 3019 exigere.

630 3042 914 3097 Assntuus
940 3041 1381 3111 archiepiscopus
1410 3043 1707 3097 reverenda
1728 3043 1985 3113 episcopo
2006 3042 2143 3098 CON-

560 3147 732 3188 nuu‘o
761 3126 1011 3187 salutem.

628 3222 824 3277 Audivi
882 3222 1006 3292 quia
1054 3224 1306 3279 dominus
1333 3233 1519 3279 noster
1560 3240 1658 3281 rex
1695 3226 1766 3258 ³⁷⁸
1800 3242 1830 3281 a
1879 3226 2060 3298 priore
2086 3238 2143 3284 et

557 3314 844 3370 monachis
883 3322 1085 3371 nostra:
1136 3316 1395 3372 Ecclesia:
1446 3318 1579 3387 petit
1620 3320 1927 3388 pecuniam,
1979 3337 2142 3392 quam

559 3406 661 3477 ipsi
691 3422 795 3461 non
829 3406 1030 3463 habent
1056 3423 1158 3465 nec
1190 3408 1391 3465 habere
1415 3419 1663 3481 possunt,
1695 3412 1975 3482 quoniam,
2003 3413 2144 3469 sicut

555 3498 690 3559 mihi
723 3498 1037 3555 mandatum
1076 3509 1181 3567 est,
1214 3501 1580 3558 creditoribus
1607 3519 1713 3558 non
1750 3504 2020 3560 modicam
2049 3505 2145 3561 de-

552 3589 685 3646 bent
709 3591 1017 3663 pecuniam,
1063 3604 1117 3649 ct
1152 3604 1374 3666 propter
1416 3595 1768 3667 indigentiam
1809 3597 1863 3651 in
1906 3595 1992 3651 his
2022 3611 2143 3668 qua:

551 3683 659 3740 sibi
690 3683 759 3717 ’τ’
805 3689 1112 3741 necessaria
1149 3694 1296 3752 sunt,
1335 3702 1586 3759 magnam
1628 3688 1906 3760 patiuntur
1936 3687 2007 3721 ³⁷⁸
2046 3706 2145 3744 an-

552 3776 812 3848 gustiam.
845 3778 927 3834 Ad
960 3794 1096 3848 opus
1128 3779 1291 3836 etiam
1323 3780 1571 3836 ecclesice
1610 3781 1930 3853 incteptum,
1983 3782 2143 3838 dimi-

551 3868 702 3925 dium
727 3870 872 3941 quod
898 3871 1287 3927 constitueram
1316 3873 1519 3929 habere
1548 3858 1851 3943 nequeunt;
1880 3884 1936 3931 et
1972 3875 2017 3931 si
2048 3875 2144 3930 ha-

547 3962 766 4028 berent,
799 3962 903 4019 nec
947 3954 1127 4036 regem
1160 3965 1321 4021 decet
1344 3965 1412 4021 ab
1440 3964 1546 4021 illis
1574 3965 1776 4036 aliquid
1801 3966 1873 4000 ³⁷⁷
1902 3967 2141 4040 exigere,

549 4055 645 4125 qui
666 4054 801 4111 nihil
832 4071 933 4113 nec
974 4059 1183 4129 seipsos
1208 4058 1434 4126 habent,
1463 4058 1913 4126 sicut'monachi,
1943 4074 2042 4115 nec
2073 4060 2142 4115 ad

552 4145 678 4201 illos
714 4146 954 4216 pertinet
995 4148 1198 4220 aliquid
1252 4152 1383 4207 dare
1426 4150 1511 4207 vel
1546 4151 1966 4210 accommodare
1997 4153 2143 4224 quod

550 4249 743 4293 eorum
771 4253 883 4295 non
905 4246 1013 4295 est.
1042 4239 1197 4295 Unde
1221 4241 1373 4295 vobis
1394 4241 1591 4296 mando
1619 4251 1675 4297 et
1712 4258 1906 4313 precor
1931 4252 1993 4297 ut
2017 4242 2136 4313 regi

550 4328 833 4400 precando
860 4329 1133 4385 suadeatis
1159 4340 1428 4400 quatenus
1457 4332 1637 4386 omnia
1679 4342 1866 4389 nostra
1902 4333 1955 4387 in
1986 4349 2139 4403 pace,

549 4419 727 4476 donec
752 4420 993 4487 redeam,
1020 4420 1206 4491 quieta
1231 4437 1451 4479 manere
1466 4423 1674 4495 jubeat,
1709 4426 1847 4480 sicut
1873 4426 2141 4494 promisit,

549 4512 679 4582 quia
721 4510 769 4568 si
813 4511 980 4581 Deus,
1026 4514 1321 4569 secundum
1365 4515 1510 4587 quod
1541 4518 1817 4587 proposui,
1847 4518 1979 4573 mihi
2016 4534 2141 4589 pro-
2170 4511 2221 4570 D

548 4618 710 4675 spere
736 4604 919 4661 redire
945 4607 1300 4672 concesserit,
1326 4608 1560 4664 serviam
1592 4610 1641 4666 ei
1672 4606 1816 4666 siettt
1843 4611 2012 4668 debeo
2047 4612 2135 4668 do-

548 4695 700 4754 mino
725 4703 784 4753 et
810 4695 925 4768 regi
948 4711 1092 4752 meo.
1123 4696 1277 4764 Quod
1302 4698 1346 4753 si
1379 4699 1593 4765 fecerit,
1615 4701 1822 4772 gratias
1847 4717 2006 4771 agam
2032 4703 2141 4759 Deo

464 4818 484 4873 -ζ
549 4795 605 4842 et
633 4788 742 4857 illi;
777 4788 824 4844 si
849 4802 981 4846 vero
1008 4803 1199 4860 preces
1242 4799 1461 4845 nostras
1500 4806 1605 4847 non
1654 4785 1913 4858 audi'erit,
1954 4804 2008 4849 et
2042 4796 2141 4851 ali-

548 4882 679 4951 quid
714 4881 786 4915 ⁸⁷³
816 4883 961 4939 unde
1004 4881 1213 4939 doleam
1245 4882 1427 4940 lacere
1452 4884 1706 4952 voluerit,
1754 4885 1941 4955 faciet,
1996 4888 2138 4944 sicut

550 4969 830 5038 dominus,
858 4972 1003 5042 quod
1032 4972 1105 5027 illi
1131 4972 1368 5043 placebit
1390 4973 1482 5039 ³⁷⁸,
1497 4975 1590 5031 sed
1619 4991 1725 5030 non
1750 4976 1879 5031 mihi
1931 4977 2139 5033 videbi-

552 5072 643 5115 tur
670 5059 854 5118 l'acere
881 5066 1026 5135 quod
1059 5066 1278 5123 debebit
1302 5067 1395 5123 ³⁸⁸.
1428 5065 1546 5122 Non
1582 5068 1728 5123 enim
1779 5084 1881 5139 ego
1928 5078 1983 5125 et
2024 5086 2137 5126 mo-

547 5152 712 5209 nachi
742 5152 898 5211 divisi
934 5172 1138 5222 sumus.
1169 5159 1263 5218 sed
1290 5160 1472 5237 omnia
1499 5175 1622 5231 quae
1648 5160 1861 5216 illorum
1894 5160 2133 5218 stabilita

2253 591 2310 635 et
2333 582 2379 635 si
2418 581 2518 650 ipsi
2556 581 2882 652 indigerent,
2913 580 3172 651 quidquid
3216 580 3497 646 haberem,
3528 594 3729 639 eorum
3766 577 3870 631 de-

2252 676 2437 731 berem
2493 676 2805 747 expendere
2867 675 3198 732 necessitati.
3259 673 3437 741 Quare
3488 687 3614 728 cum
3672 672 3868 726 omnis

2253 768 2523 823 mundana
2559 767 2868 824 adversitas
2897 782 2998 837 pro
3039 782 3137 822 suo
3162 766 3321 821 modo
3346 774 3402 821 et
3422 764 3638 820 ratione
3662 770 3869 833 tangat

2252 861 2491 915 animum
2517 875 2719 929 meum,
2759 860 2847 916 illa
2888 862 2955 901 ’0‘
2989 861 3176 931 utique
3218 875 3339 930 qua:
3373 858 3493 915 illos
3527 858 3862 921 contristat,

2250 953 2568 1023 prohmdius
2599 953 2747 1009 laedit
2781 968 2880 1009 cor
2908 968 3117 1020 meum;
3162 962 3218 1008 et
3247 967 3343 1008 vos
3386 944 3537 1007 scitis
3562 950 3703 1021 quia
3739 959 3863 1004 tam
3958 988 3959 993 η

2250 1044 2504 1100 inauditae
2534 1044 2760 1101 insuetae
2791 1046 2867 1101 rei
2908 1061 3191 1101 assensum
3225 1044 3467 1115 prmbere
3494 1060 3603 1098 non
3637 1043 3859 1105 debeo;

2249 1145 2306 1191 et
2324 1136 2576 1206 quoniam
2604 1152 2710 1192 non
2735 1137 2925 1203 debeo,
2952 1153 3056 1192 non
3080 1137 3277 1201 audeo,
3302 1145 3359 1190 ut
3387 1151 3418 1189 a
3448 1134 3746 1191 monachis
3763 1134 3862 1200 ³η,

2251 1229 2455 1297 absque
2484 1228 2710 1297 praelato
2737 1243 2859 1295 suo,
2891 1228 3118 1299 pecunia
3150 1228 3403 1299 exigatur
3433 1244 3447 1281 :
3480 1234 3535 1280 et
3569 1226 3701 1281 ideo
3744 1240 3863 1279 non

2250 1317 2381 1371 mihi
2412 1332 2511 1372 nec
2535 1316 2694 1372 alicui
2725 1318 2945 1388 expedit
2971 1327 3030 1372 ut
3053 1318 3167 1373 hmo
3202 1317 3540 1373 consuetudo
3571 1314 3628 1371 in
3666 1315 3862 1371 Eccle~

2250 1410 2383 1465 siam
2415 1409 2506 1465 Dei
2538 1408 2718 1480 aliquo
2747 1423 2973 1465 assensu
3013 1409 3407 1467 introducatnr.

2685 1518 3015 1575 EPISTOLA
3057 1518 3277 1574 LXXIX
3312 1519 3402 1571 ³⁸³.

2433 1627 2656 1668 Λιιεειιιι
2695 1626 2764 1665 AD
2799 1625 3069 1667 BENRICU!
3108 1627 3285 1668 BEGBI
3325 1626 3631 1667 ANGLORUI.

2468 1702 2730 1757 Hortatur
2753 1718 2923 1773 regem
2945 1712 3000 1757 ut
3025 1703 3217 1759 caelesti
3242 1702 3372 1771 Regi
3391 1702 3625 1757 obediat.

2176 1816 2221 1875 Β
2320 1816 2583 1884 iisnmco,
2610 1816 2832 1872 domino
2858 1816 3179 1879 reverendo,
3214 1814 3450 1887 glorioso
3475 1814 3590 1883 regi
3639 1812 3857 1884 Anglo-

2252 1924 2394 1975 rum,
2450 1910 2755 1976 Aassuus,
2814 1908 3273 1979 archiepiscopus.
3303 1905 3614 1963 Cantuaria:
3689 1906 3857 1961 ﬁdele

2249 2000 2527 2055 servitium
2556 2016 2677 2056 cum
2709 2000 3069 2056 orationibus.

2318 2091 2535 2148 Gratias
2578 2108 2679 2163 ago
2708 2094 2839 2158 Deo,
2876 2108 2905 2147 a
2938 2107 3046 2164 quo
3081 2101 3169 2148 est
3208 2107 3369 2147 omne
3398 2091 3468 2125 '“
3515 2091 3755 2152 bonum.
3790 2093 3857 2147 de

2249 2195 2427 2239 vestra
2482 2184 2851 2241 incolumitate
2888 2194 2944 2240 et
2991 2184 3291 2247 hilaritate,
3337 2190 3395 2237 et
3445 2183 3578 2253 quia
3629 2193 3857 2239 vestros

2250 2291 2533 2332 successus
2560 2276 2627 2330 ad
2677 2275 2881 2345 majora
2926 2286 2982 2330 et
3026 2274 3254 2331 meliora
3286 2274 3359 2307 ³⁸⁸
3386 2288 3511 2329 cum
3555 2282 3754 2332 vestra
3798 2283 3855 2331 et

2250 2379 2555 2424 vestrorum
2591 2368 2829 2425 ﬁdelium
2875 2368 3061 2424 latitia
3088 2367 3361 2439 provehit.
3407 2366 3629 2423 Gratias
3677 2369 3851 2424 etiam

2251 2475 2353 2529 ago
2405 2468 2601 2516 vestrae
2651 2460 2991 2527 celsitudini,
3044 2460 3172 2531 quia
3226 2461 3345 2516 inec
3393 2460 3525 2516 mihi
3575 2462 3853 2517 mandare

2252 2551 2470 2623 dignata
2505 2560 2607 2618 est,
2635 2552 2777 2608 sicut
2813 2552 2954 2610 fideli
2985 2567 3084 2609 suo
3112 2555 3179 2609 de
3214 2567 3322 2623 quo
3347 2551 3600 2617 conlidit,
3630 2554 3769 2623 quia
3798 2556 3851 2608 in

2251 2643 2501 2698 omnibus
2537 2642 2653 2699 suis
2687 2643 3140 2715 prosperitatibus
3177 2645 3501 2714 congaudet,
3534 2653 3591 2699 et
3635 2645 3716 2699 illi
3753 2662 3852 2700 cu-

2250 2733 2334 2802 ius
2357 2734 2710 2804 dispositione
2751 2736 2907 2805 fiunt,
2941 2737 3144 2809 gratias
3171 2737 3303 2805 agit.
3335 2737 3534 2791 Verum
3575 2736 3733 2792 enim
3770 2749 3851 2794 est

2250 2828 2375 2897 quia
2418 2828 2508 2884 hic
2540 2829 2783 2899 quotidie
2827 2837 2950 2886 orat
2990 2838 3048 2887 et
3073 2830 3349 2886 desiderat
3375 2824 3578 2895 meum,
3610 2838 3672 2884 ut
3705 2832 3851 2886 Deus

2252 2934 2348 2974 vos
2374 2928 2430 2975 et
2451 2929 2634 2976 vestra
2671 2921 2752 2976 sic
2797 2930 2953 2993 regat
2977 2930 3033 2978 et
3072 2930 3328 2993 protegat
3356 2921 3409 2976 in
3434 2920 3607 2992 gloria
3637 2930 3849 2992 tempo.

2252 3011 2382 3066 ralis
2422 3012 2573 3082 regni
2605 3028 2771 3083 super
2795 3014 3018 3085 Anglos,
3050 3022 3317 3085 quatenus
3350 3013 3405 3069 in
3436 3023 3644 3069 aeterna
3674 3014 3847 3071 felici.

2168 3124 2217 3175 In
2254 3109 2364 3156 tate
2390 3116 2617 3174 regnare
2646 3102 2809 3160 faciat
2848 3104 2990 3161 inter
3014 3105 3254 3175 angelos.
3285 3103 3397 3160 Hoc
3423 3102 3612 3174 utique
3638 3115 3751 3173 est,
3784 3111 3849 3162 ad

2171 3164 2217 3226 ο
2248 3194 2389 3263 quod
2428 3164 2663 3253 maxime
2692 3195 2843 3252 vobis
2882 3164 3300 3269 servireucupio.
3336 3164 3684 3269 Quapropter
3716 3164 3845 3270 quia

2246 3287 2313 3341 ad
2342 3301 2428 3343 me
2452 3288 2707 3358 pertinet,
2737 3290 2804 3343 ad
2839 3288 2943 3344 hoc.
2969 3288 3113 3345 enim
3148 3290 3358 3360 positus
3383 3306 3523 3357 sum,
3560 3299 3622 3345 ut
3669 3294 3848 3348 ltdelis

2245 3385 2300 3432 et
2330 3377 2617 3448 episcopus
2651 3379 2897 3445 consulo,
2931 3395 3149 3450 precor,
3178 3389 3234 3436 et
3261 3381 3403 3437 sicut
3432 3382 3697 3453 scriptum
3738 3395 3845 3446 est.

2244 3470 2469 3525 obsecro
2487 3480 2810 3542 opportune,
2837 3472 3162 3542 importune,
3186 3473 3423 3540 ut,sicut-
3436 3472 3576 3529 Deus
3595 3484 3844 3529 vestram

2244 3568 2404 3631 auget
2448 3563 2861 3632 prosperitatem
2911 3571 2967 3619 et
3010 3564 3213 3620 exaltat
3258 3573 3599 3636 potestatem,
3635 3566 3713 3621 ita
3749 3582 3849 3623 vos

2246 3667 2408 3721 super
2441 3654 2511 3687 ³⁸⁸
2540 3654 2724 3710 omnia
2774 3653 2893 3724 ejus
2943 3657 3139 3713 ametis
3190 3657 3244 3711 in
3285 3657 3536 3713 omnibus
3579 3659 3847 3727 operibus

2245 3747 2442 3803 vestris
2477 3761 2699 3803 servare
2724 3747 3083 3803 voluntatem.
3134 3748 3288 3817 Quod
3336 3750 3417 3805 sic
3443 3764 3539 3805 vos
3577 3748 3723 3805 Deus
3750 3752 3844 3805 diu

2245 3836 2300 3890 iu
2331 3838 2434 3892 hac
2462 3837 2573 3891 vita
2614 3837 2668 3891 in
2698 3839 3057 3909 prosperitate
3102 3838 3281 3894 facere
3312 3839 3594 3905 concedat,
3625 3848 3688 3893 ut
3716 3848 3844 3908 post

2246 3928 2388 3983 banc
2416 3926 2584 3980 vitam
2614 3940 2796 3982 secum
2854 3927 2905 3982 in
2944 3928 3249 3984 aeternitate
3280 3928 3350 3961 ³⁸⁷
3381 3928 3617 3998 gaudere
3651 3927 3840 3985 faciat.

2245 4017 2386 4087 Erga
2419 4032 2529 4080 me,
2569 4017 2665 4072 Dei
2696 4020 2889 4088 gratia,
2921 4029 3117 4074 cuncta
3150 4034 3412 4090 prospere
3439 4028 3593 4084 sunt;
3624 4030 3681 4075 et
3708 4032 3845 4077 ante

2242 4101 2683 4173 Assumptionem
2711 4113 2915 4159 sanetae
2956 4103 3139 4161 Mariae
3170 4106 3238 4161 de
3279 4106 3450 4162 Becco
3495 4106 3838 4176 proﬁciscar,

2244 4203 2324 4258 ut,
2355 4194 2651 4251 secundum
2678 4196 2822 4266 quod
2862 4194 3011 4252 Deus
3028 4206 3253 4263 annuet,
3284 4212 3585 4268 prosequar
3612 4211 3842 4270 propter

2244 4288 2387 4357 quod
2434 4289 2502 4343 de
2541 4287 2733 4357 Anglia
2777 4302 3030 4360 egressus
3070 4304 3211 4344 sum.
3270 4289 3346 4345 De
3388 4292 3593 4346 nostris
3647 4292 3838 4357 rebus,

2245 4378 2492 4445 quamvis
2522 4379 2624 4433 hoc
2651 4393 2776 4435 esse
2802 4380 2858 4434 in
2881 4390 3067 4436 vestra
3106 4381 3248 4436 bona
3276 4381 3554 4438 voluntate
3582 4384 3677 4449 ⁸⁸⁸,
3704 4399 3840 4440 con-

2246 4466 2429 4533 ﬁdam,
2458 4484 2589 4542 rogo
2617 4478 2798 4528 tamen
2826 4480 2886 4527 ut
2912 4488 3008 4530 eas
3042 4473 3095 4529 in
3126 4477 3310 4547 quiete
3334 4476 3837 4548 manerejubeatis,

2245 4559 2417 4615 donec
2445 4560 2685 4616 redeam.

2740 4674 3075 4733 EPISTOLA
3117 4676 3332 4734 LXXX.

2242 4784 2468 4826 ANSELIII
2507 4786 2573 4825 AD
2613 4784 2897 4826 ERNULFUM
2935 4788 3007 4827 ET
3054 4788 3332 4828 HONACBOS
3379 4788 3836 4829 CANTUAXIBNSES.

2505 4861 2584 4917 De
2610 4860 2812 4916 clericis
2838 4863 2891 4917 iu
2927 4865 3207 4920 monachos
3238 4864 3565 4934 recipiendis.

2310 4976 2595 5034 Anssuws
2630 4976 3085 5050 archiepiscopus,
3132 4979 3331 5035 domno
3363 4979 3530 5050 priori
3578 4978 3838 5035 Enxuu‘o

2241 5078 2296 5126 et
2326 5071 2448 5127 aliis
2492 5072 2751 5129 fratribus
2776 5072 3031 5127 Ecclesiae
3052 5071 3255 5127 Christi
3281 5072 3713 5133 Cantuariensis,
3744 5087 3837 5125 sa-

2240 5162 2408 5219 lutem
2435 5164 2928 5220 etbenedictionem
2954 5164 3139 5229 Dei,ct
3158 5178 3336 5230 suam,
3351 5172 3612 5233 quantum
3629 5171 3835 5233 potest.

1833 5296 2063 5354 νΑιιιΑς
2086 5294 2487 5355 LECTIONES.

659 5384 733 5419 ³⁷⁸
760 5384 1062 5456 Anglorum
1089 5399 1170 5437 ms
1196 5384 1521 5455 Angelornm
1615 5386 1682 5420 ⁸⁷¹
1713 5386 2058 5443 Adversitate
2085 5388 2127 5443 si
2154 5405 2233 5442 ms
2262 5386 2588 5443 adversitate
2616 5385 2898 5454 temporali
2944 5384 2989 5441 si
3088 5386 3159 5418 ³⁷⁸
3198 5384 3447 5441 Studium
3489 5384 3837 5456 aliquatenus

553 5473 637 5513 ms
697 5453 941 5511 studium
991 5462 1230 5509 vestrum
1283 5453 1621 5525 aliquatenus

546 5526 797 5599 gentiam
819 5541 943 5599 qua:
967 5525 1068 5582 sibi
1097 5541 1175 5599 ut:
1206 5524 1553 5599 indigentiam
1582 5528 1634 5599 in
1664 5528 1752 5584 his
1776 5544 1895 5599 qua:
1924 5528 2026 5599 sibi

552 5594 631 5668 ius
666 5598 786 5652 illos
807 5594 1044 5668 pertinet
1073 5594 1276 5668 aliquid
1326 5594 1346 5597 ⁷
1370 5595 1457 5668 7'",
1484 5597 1550 5668 Et
1574 5598 1714 5653 aliud
1737 5594 1816 5653 ms
1841 5608 1893 5652 et
1927 5597 2128 5667 aliquid

553 5667 701 5722 cebit
726 5666 980 5736 mequod
1009 5666 1227 5721 debebit

548 5738 731 5791 eodem
754 5753 832 5792 ma
862 5737 1056 5791 collata

552 5823 716 5874 super
827 5808 895 5849 ³⁸⁷
925 5805 1304 5864 ιΕιειηίιειιοιιι
1332 5805 1407 5861 ius
1436 5808 1738 5863 aeternitate

1732 5458 1803 5491 ⁸⁷³
1838 5458 1969 5513 Cum
1994 5459 2174 5513 eodem
2201 5475 2281 5512 ms
2307 5457 2500 5523 collata

2138 5528 2207 5565 ³⁷⁸
2240 5528 2521 5583 Patiuntur
2541 5545 2619 5583 ms
2670 5527 2949 5598 patiuntur
2975 5529 3279 5598 angustiam

2231 5599 2299 5639 "'9
2328 5600 2479 5669 Quod
2505 5596 2733 5669 placebit
2754 5615 2832 5651 ms
2854 5599 2996 5669 quod
3030 5597 3100 5651 illi
3126 5597 3355 5669 placebit
3412 5666 3424 5669 _
3454 5596 3531 5669 33°

1171 5667 1227 5719 ιίι
1338 5667 1403 5701 ³⁸¹
1435 5666 1689 5721 Αιιίιιιιιιη
1734 5668 1819 5723 illa
1842 5686 1920 5723 ms
1971 5666 2210 5723 animum
2234 5683 2416 5722 meum
2451 5666 2538 5721 illa
2645 5670 2714 5701 ³⁸³
2746 5666 2979 5723 Monacln

1171 5737 1240 5768 ³⁸⁸
1262 5737 1427 5794 Auno
1461 5751 1621 5792 omne
1651 5756 1728 5793 ms
1778 5754 1807 5793 a
1838 5754 1944 5794 nuo
1969 5748 2053 5793 est
2077 5752 2237 5793 omne
2331 5739 2400 5774 ³⁸³
2431 5738 2617 5792 Melior
2644 5755 2722 5791 ma
2757 5737 2979 5794 meliora

1338 5754 1427 5807 ιιιο
1461 5754 1621 5792 omne
1651 5756 1728 5793 ms
1778 5754 1807 5793 a
1838 5754 1944 5808 quo
1969 5754 2053 5793 eSt
2077 5754 2237 5793 omne
2331 5754 2400 5774 ἠπ
2431 5754 2617 5792 Iuenor
2644 5755 2722 5791 ma
2757 5754 2979 5794 meIIora
3082 5754 3151 5770 σου
3188 5754 3247 5791 vc

1338 5824 1407 5861 ms
1436 5808 1738 5863 :eternitatc
1860 5809 1929 5840 ³⁸³
1964 5810 2150 5865 Vestra
2185 5808 2456 5863 voluntate
2489 5826 2563 5861 ms
2595 5818 2768 5864 vestra
2802 5810 2941 5864 bona
2973 5808 3247 5864 voluntate

2610 5457 2683 5489 ³⁷⁸
2712 5458 2903 5513 Vester
2933 5472 3027 5512 rex
3058 5473 3135 5511 ms
3165 5466 3354 5512 noster
3385 5471 3480 5509 rex
3591 5455 3659 5488 ³⁷³
3685 5454 3835 5509 ludi-

2610 5545 2619 5578 :
2670 5527 2949 5578 patiuntur
2975 5529 3279 5578 angustiam
3391 5527 3459 5559 ⁸⁷⁷
3493 5524 3601 5578 Illis
3626 5525 3833 5578 aiitlllitl

3558 5530 3601 5579 is
3626 5530 3833 5593 aliquid

3553 5595 3706 5663 Quod
3732 5599 3834 5649 de-

2645 5670 2714 5701 ³⁸²
2746 5664 3023 5723 Μοιιῐιειιίξ
3053 5664 3137 5721 ms
3163 5684 3191 5721 a
3226 5666 3497 5722 Monachis
3604 5667 3673 5698 ⁸⁸³
3693 5664 3832 5720 Cum

3082 5738 3151 5770 ³⁸⁵
3182 5738 3290 5793 Vos
3342 5752 3553 5807 semper
3603 5754 3680 5791 ma
3734 5754 3837 5793 vos
