4028 6302
153 461 257 519 H7

149 629 372 730 clerici,
404 660 496 732 qui
529 653 782 713 Ecclesiae
808 658 863 708 et
886 647 988 706 sibi
1014 644 1172 701 utiles
1198 654 1319 698 esse
1340 643 1586 708 possunt,
1606 647 1664 687 se
1686 629 1754 684 ad

152 726 641 819 ordinem-suscipi
671 752 879 817 petunt,
905 751 960 797 et
982 753 1081 795 vos
1128 737 1202 792 ita
1236 726 1574 806 perpenditis
1610 737 1753 787 esse,

156 848 331 905 laudo
370 854 429 900 ut
454 858 547 899 eos
568 816 906 909 suscipiatis;
938 846 1036 887 nec
1065 830 1117 885 in
1142 830 1245 883 hac
1273 839 1333 881 re
1354 821 1475 877 volo
1500 816 1757 874 dubitetis

157 942 232 995 de
270 937 553 992 voluntate
581 945 725 997 mea,
756 927 882 998 quia
927 923 1079 980 scitis
1108 919 1236 975 mihi
1293 913 1577 985 displicere
1624 908 1758 964 tales

158 1030 236 1086 ad
273 1045 368 1086 vos
398 1042 504 1083 non
535 1025 610 1080 ita
636 1022 821 1079 venire
843 1019 983 1075 sicut
1005 1014 1219 1070 vellem.
1250 1008 1402 1066 Vale.

611 1193 948 1255 EPISTOLA
985 1188 1201 1247 LXXXI
1241 1187 1331 1239 ιδ’.

473 1328 703 1370 Ακδεωιι
742 1326 809 1366 ΑΙ)
848 1318 1159 1363 υλτηιιῡειι
1201 1312 1456 1355 ῐὶΕΟΙΝΑὶι.

234 1452 315 1509 De
342 1466 442 1506 sua
467 1444 880 1566 incolumitate,“
881 1450 928 1495 et
954 1438 1225 1519 designato
1251 1443 1478 1501 tempore
1504 1424 1706 1482 itineris

886 1524 1085 1566 omam.

886 1524 1085 1566 omam.

243 1655 369 1713 Sua:
392 1650 727 1710 charissima:
752 1645 984 1703 domina:
1012 1642 1307 1701 Mummi,
1337 1633 1537 1703 reginae
1560 1626 1763 1698 Anglo-

165 1764 315 1815 runt,
369 1748 651 1803 ANSELIIUS
700 1737 1165 1807 archiepiscopus,
1210 1728 1367 1786 fidele
1396 1723 1681 1783 servitium
1711 1728 1766 1774 et

165 1852 418 1909 supernae
448 1831 637 1905 gratia:
663 1827 979 1885 continuam
1013 1820 1432 1894 protectionem.

246 1947 365 2004 Non
409 1946 601 2016 ignoro
652 1940 798 2012 quod
845 1934 1174 2008 dignationis
1219 1939 1414 1986 vestrm
1450 1921 1775 1996 benignitati

174 2040 355 2109 placet
390 2050 554 2091 nosse
588 2032 720 2103 quid
748 2028 881 2086 mihi
913 2028 982 2083 sit
1017 2034 1073 2082 et
1105 2021 1377 2095 quomodo
1400 2034 1487 2076 me
1515 2017 1764 2074 habeam.

173 2128 433 2187 Gaudeas
463 2126 626 2197 igitur
646 2132 702 2180 et
727 2120 932 2191 gratias
960 2133 1126 2190 agens
1156 2116 1233 2171 de
1266 2125 1376 2169 tam
1416 2111 1555 2166 bona
1584 2115 1767 2164 vestra

173 2223 452 2278 voluntate
475 2218 694 2274 notillco
714 2213 866 2270 vobis
890 2210 1146 2283 quoniam
1170 2223 1235 2261 ex
1260 2220 1367 2276 quo
1386 2201 1577 2274 Anglia
1602 2198 1768 2264 exivi,

172 2314 268 2370 Dei
300 2306 676 2367 misericordia
707 2319 813 2368 me,
853 2311 907 2358 et
936 2315 1056 2372 qua:
1078 2299 1149 2331 ³⁹⁰
1178 2297 1244 2351 ad
1277 2310 1361 2350 me
1388 2292 1681 2365 pertinent,
1714 2288 1767 2343 in

174 2407 387 2476 integra
426 2399 691 2473 disposuit
727 2394 1109 2468 prosperitate.
1144 2389 1328 2459 Usque
1354 2400 1500 2441 nunc
1528 2389 1770 2439 moratus

178 2472 318 2554 sumi
358 2472 548 2560 Beeci,
610 2499 934 2562 exspectans
988 2492 1353 2556 opportunum
1416 2486 1629 2545 tempus
1666 2472 1772 2527 iter

164 2588 403 2660 augendi;
437 2585 530 2642 sed
558 2585 611 2639 in
635 2581 914 2654 proximo,
946 2587 1072 2631 ante
1097 2570 1535 2642 Assuntptionem
1570 2572 1773 2625 sanctae

162 2656 398 2745 'Ilariaa,
434 2677 560 2731 inde
610 2672 947 2745 proliciscar,
993 2666 1293 2733 intentione
1352 2660 1495 2731 quod
1552 2656 1771 2725 incepi,

180 2770 295 2827 Deo
333 2774 632 2833 annuente,
663 2759 975 2837 peragendi.
1014 2756 1185 2812 Didici
1218 2767 1389 2822 nuper
1417 2748 1633 2820 qnia’“
1666 2736 1776 2801 Deo

182 2861 338 2931 regni
385 2857 589 2915 domini
624 2855 732 2912 mei
770 2852 914 2923 regis
953 2858 1008 2905 et
1034 2846 1200 2903 vestri
1250 2844 1567 2914 dignitatem
1602 2838 1783 2909 placet

178 2952 450 3016 exaltare,
483 2958 539 3004 et
581 2964 645 3004 ea
674 2962 795 3017 quae
832 2944 902 2999 ad
930 2940 1189 3013 placitum
1214 2937 1333 3007 ejus
1358 2944 1416 2990 et
1440 2941 1683 2989 vestrum
1714 2944 1780 2985 ac

180 3042 427 3099 ﬁdelium
467 3048 775 3100 vestrorum
820 3048 928 3091 non
971 3038 1150 3095 erant,
1202 3025 1502 3084 secundum
1540 3032 1778 3080 vestram

179 3134 512 3190 voluntatem
548 3129 615 3187 ad
645 3130 909 3186 honorem
938 3135 994 3183 et
1033 3123 1321 3181 utilitatem
1352 3126 1589 3175 vestram
1619 3129 1777 3186 repa-

184 3218 320 3282 rare
336 3243 360 3281 ε.
381 3224 526 3280 unde
550 3222 691 3278 sicut
712 3218 910 3285 ﬁdelis,
936 3225 992 3274 et
1017 3216 1160 3273 sicut
1178 3212 1319 3270 bona
1350 3217 1534 3279 vestra
1557 3206 1611 3263 in
1638 3220 1776 3278 prm-
1806 3208 1852 3272 C

181 3320 323 3377 senti
345 3317 479 3375 etin
506 3314 688 3372 futura
712 3312 821 3369 vita
847 3310 1188 3376 desiderans,
1209 3303 1440 3378 gaudeo,
1463 3310 1520 3359 et
1540 3313 1779 3371 superno

179 3410 317 3482 Regi
384 3425 416 3464 a
471 3423 580 3480 quo
632 3405 787 3462 vobis
833 3404 952 3460 haec
980 3398 1334 3481 proveniunt,
1361 3409 1463 3467 ago
1491 3391 1695 3465 gratias
1720 3398 1781 3446 ut

181 3504 398 3569 debeo;
431 3509 487 3558 et
535 3507 596 3557 ut
636 3511 853 3568 semper
898 3495 1041 3553 bona
1089 3507 1210 3563 qua:
1253 3489 1403 3547 dedit
1455 3485 1778 3542 intemerata

181 3591 520 3659 custodiens,
552 3602 647 3645 vos
670 3588 744 3645 ad.
768 3583 973 3654 majora
1002 3592 1058 3638 et
1087 3580 1316 3636 meliora
1346 3576 1449 3634 sub
1479 3589 1579 3631 sua
1604 3571 1780 3645 gratia

182 3684 477 3757 provehat,
515 3695 606 3738 orc
659 3687 718 3736 et
764 3677 1039 3735 desidero.
1090 3671 1357 3741 Quoniam
1405 3668 1571 3739 igitur
1620 3663 1780 3720 elicii

181 3755 292 3832 inci
328 3783 415 3832 est
450 3789 544 3829 vos
569 3769 848 3829 exhortari
882 3769 950 3823 ad
981 3763 1219 3822 ctelestis
1251 3759 1399 3831 regni
1431 3755 1781 3820 desiderium,

181 3866 399 3931 hortor,
450 3878 666 3935 precor.
699 3858 953 3924 consulo,
986 3863 1190 3926 quanto
1218 3848 1411 3906 allectu
1450 3859 1691 3917 possum,
1715 3857 1783 3898 ne

183 3956 304 4027 plus
334 3969 432 4011 vos
456 3934 690 4010 delectet
732 3951 787 4006 in
835 3947 1044 4006 terreni
1088 3943 1238 4016 regni
1270 3937 1582 3997 transitoria
1614 3934 1791 4008 gloria

183 4046 462 4109 exsultare
491 4060 656 4116 quam
701 4042 772 4099 ad
806 4039 1048 4099 caelestis
1088 4036 1240 4109 regni
1270 4032 1589 4090 felicitatem
1626 4035 1785 4081 aeter-

186 4155 314 4195 nam
345 4136 625 4192 anhelare.
658 4134 813 4202 Quod
854 4133 1043 4202 utique
1077 4127 1345 4184 veraeiter
1396 4132 1452 4178 et
1494 4117 1786 4178 efﬁcaciter

189 4230 373 4286 facere
403 4227 674 4297 poteritis,
710 4226 755 4281 si
782 4239 848 4280 ea
887 4237 1012 4294 qum
1043 4228 1237 4276 vestra:
1280 4211 1535 4287 potestati
1571 4208 1792 4265 subdita.

189 4328 335 4383 sunt,
367 4318 485 4389 plus
518 4316 817 4374 secundum
843 4314 939 4370 Dei
970 4309 1259 4369 consilium
1292 4320 1455 4378 quam
1488 4299 1787 4360 secundum

188 4410 475 4469 consilium
532 4409 814 4465 hominum
864 4402 1264 4477 disposueritis.
1326 4395 1601 4469 Sapientia
1650 4392 1789 4448 enim

189 4506 347 4578 hujus
384 4504 569 4559 mundi
596 4500 823 4558 stultitia
852 4509 929 4556 est
963 4497 1104 4569 apud
1140 4495 1306 4551 Deum
1333 4490 1387 4564 (I
1414 4488 1537 4546 Cor.
1566 4502 1650 4553 lli,
1672 4483 1785 4557 I9),

1319 429 1445 487 LIB.
1488 425 1576 481 III.
1605 416 1820 478 EPIST.
1844 410 2123 470 LXXXIII.

231 575 311 631 De
347 573 452 627 hoc
482 579 624 623 unde
668 561 800 618 mihi
842 551 1138 614 mandastis
1189 546 1511 618 respondeo.
1558 536 1735 608 Siqui
1770 528 1815 583 Α

3342 379 3439 439 118

2207 501 2753 586 397ΨΕΡ15ΤΟΙΑΛ
2799 498 3056 559 LXXXII.

1857 623 2083 669 ANSBLII
2128 623 2195 662 Δι)
2240 616 2527 659 ΔιιΝυιιτωι
2550 615 2621 654 ΕΤ
2666 607 2942 653 ιοΜειιοθ
2988 593 3439 646 ολκτυλιιιεμεεε.

1858 703 1927 760 Ut
1954 699 2358 758 Cantaarienses
2382 692 2630 748 monachi
2662 705 2765 743 non
2795 686 3113 760 turbentur,_
3144 677 3234 734 sed
3283 673 3445 747 quieti

2148 768 2259 823 Deo
2289 765 2515 821 serviant
2538 801 2554 828 ,
2579 757 2832 831 quidquid
2858 772 2949 811 rea:
2973 753 3158 829 egerit.

1929 862 2215 918 Aussutus
2244 850 2688 922 archiepiscopus
2744 843 2978 901 dominis
3018 850 3072 897 et
3106 835 3368 895 fratribus
3392 839 3447 886 et

1861 953 1987 1010 iiliis
2034 945 2396 1010 charissimis,
2446 941 2645 997 domno
2690 934 2861 1009 priori
2912 933 3194 995 Emenso,
3236 937 3287 984 et
3326 924 3465 1005 aliis

1861 1049 1962 1107 sub
2024 1044 2118 1101 illo
2176 1038 2456 1098 monachis
2510 1034 2620 1090 Deo
2677 1027 3079 1101 servientibus,
3120 1022 3348 1093 salutem
3395 1024 3452 1073 et

1861 1132 2294 1194 benedictionem
2323 1127 2443 1194 Dei,
2475 1132 2531 1180 et
2555 1135 2732 1187 suam,
2771 1124 3032 1189 quantum
3064 1120 3264 1183 potest.

1939 1229 2016 1284 De
2041 1225 2215 1282 salute
2238 1232 2288 1278 et
2317 1216 2681 1293 prosperitate
2702 1219 2914 1275 nostra,
2961 1216 3027 1263 et,
3050 1204 3144 1260 ubi
3204 1202 3309 1257 sim
3356 1214 3455 1264 per

1863 1326 2187 1393 prmsentem
2217 1312 2461 1370 nuntium
2489 1302 2848 1379 cognoscetis.
2881 1297 2963 1355 Ad
2998 1308 3237 1366 przesens
3267 1298 3452 1345 autem

1866 1418 1921 1472 in
1952 1412 2200 1482 Angliam
2244 1406 2425 1464 redire
2470 1412 2703 1471 nequeo,
2732 1393 2909 1451 donec
2951 1387 3128 1447 sciam
3183 1382 3313 1454 quid
3358 1395 3457 1435 rex

1865 1473 2192 1579 respondeat
2214 1498 2414 1558 litteris
2440 1508 2576 1566 quas
2598 1490 2675 1547 illi
2704 1488 2859 1557 mitto
2886 1497 2983 1557 per
3001 1479 3314 1553 episcopum
3345 1473 3458 1528 llo-

1866 1576 2097 1658 fensem.
2121 1593 2262 1663 Quid
2285 1598 2467 1646 autem
2517 1585 2573 1640 in
2621 1576 3124 1643 illiscontiueatur,
3168 1577 3457 1642 postquam

1868 1691 1981 1761 regi
2006 1692 2440 1750 eruntostenste,
2478 1692 2577 1750 per
2601 1672 2854 1733 eumdem
2875 1669 3189 1743 episcopum
3250 1676 3457 1734 cogno-

1870 1752 2351 1848 scetis..Quidquid
2370 1780 2553 1828 autem
2586 1781 2681 1823 rex
2704 1761 3052 1833 respondeat,
3074 1758 3159 1815 vel
3192 1752 3458 1828 quidquid

1799 1870 1842 1924 Β
1870 1876 1935 1932 de
1966 1888 2054 1929 me
2075 1872 2168 1937 sit,
2194 1846 2526 1926 mementote
2543 1861 2672 1933 quia
2720 1857 2826 1914 sive
2855 1855 3105 1921 vivimus,
3139 1851 3245 1907 sive
3297 1846 3461 1903 mori-

1872 1982 2013 2032 mur,
2055 1961 2269 2019 Domini
2306 1973 2487 2017 sumus
2522 1952 2701 2025 (Rom.
2724 1963 2835 2011 11v,
2853 1945 2931 2016 8).
2956 1943 3049 1999 Sic
3081 1942 3247 2013 igitur
3273 1937 3461 2001 vivite,

1874 2069 1933 2114 ut
1953 2066 2009 2114 et
2037 2052 2113 2112 illi
2147 2052 2367 2117 vivatis,
2399 2056 2455 2105 et
2479 2060 2603 2107 cum
2634 2035 2963 2101 moriemini,
2991 2034 3069 2090 ad.
3107 2032 3258 2097 illum
3281 2040 3462 2086 trans-

1871 2151 2031 2207 eatis.
2083 2145 2201 2203 Non
2241 2114 2681 2213 vos—perturbent.
2706 2128 3087 2189 tribulationes
3129 2123 3289 2197 hujus
3317 2114 3477 2185 vitae,

1872 2242 1997 2313 quia
2028 2256 2123 2310 per
2165 2206 2753 2293 multas-tribulationes
2794 2229 2994 2293 Oportet
3038 2234 3131 2272 nos
3170 2216 3373 2281 intrare
3408 2206 3480 2266 in

1872 2310 2376 2404 regnum:Det_(Act.
2399 2337 2510 2387 XIV,
2537 2318 2654 2391 2|).
2671 2315 2884 2372 Jactate
2909 2310 3203 2382 cogitatum
3227 2311 3465 2383 vestrum

1874 2396 2283 2484 in'Dontino,_et
2313 2414 2431 2485 ipse
2459 2424 2557 2467 vos
2583 2405 2845 2469 enutriet,
2890 2416 2999 2457 non
3027 2398 3181 2455 dabit
3206 2396 3263 2451 in
3304 2403 3463 2448 aeter-

1872 2514 2003 2568 num
2027 2482 2433 2566 ﬂuctuationem
2449 2500 2631 2572 iustis.
2658 2497 2824 2555 Orate
2842 2494 3034 2555 Deum.
3052 2490 3189 2546 bene
3209 2482 3467 2546 vivendo,

1873 2618 1981 2658 non
2005 2610 2215 2657 mentes
2243 2604 2452 2652 vestras
2475 2588 2766 2652 turbando,
2794 2593 2856 2641 ut
2891 2584 2945 2640 in
3000 2596 3098 2639 sua
3128 2588 3345 2649 semper
3371 2586 3469 2630 vos

1876 2688 2249 2748 consolatione
2278 2684 2443 2741 faciat
2470 2678 2665 2738 lauari.
2719 2677 2930 2733 Pueros
2977 2682 3033 2728 et
3066 2669 3476 2730 adolescentes.

1878 2792 1938 2838 ut
1959 2780 2098 2837 ﬁlios
2122 2777 2465 2836 dulcissimos
2491 2774 2680 2849 hortor
2707 2777 2764 2824 et
2790 2764 3223 2843 moneo,:quattto
3246 2773 3465 2832 possunt

1880 2873 2099 2939 affectu,
2130 2881 2187 2926 ut
2211 2866 2525 2925 monitionis
2550 2873 2607 2920 et
2626 2860 2886 2918 doetrime
2913 2872 3021 2928 qua
3052 2870 3147 2912 eos
3183 2855 3252 2911 de
3283 2851 3468 2911 cordis

1880 2975 1938 3022 et
1986 2962 2377 3036 cogitationum
2432 2953 2681 3012 custodia
2725 2949 2968 3009 solebam
3013 2947 3308 3014 instruere,
3362 2957 3479 3001 non

1881 3058 2294 3120 obliviscantur,
2320 3052 2414 3108 sed
2446 3046 2735 3106 consilium
2784 3050 3031 3100 nostrum
3086 3052 3235 3108 saepe
3288 3048 3470 3093 retra-

1882 3147 2103 3213 ctando,
2127 3147 2269 3202 sicut
2323 3156 2444 3199 eam
2466 3137 2707 3195 studiose
2732 3121 3081 3205 magnificare
3108 3135 3164 3183 et
3187 3138 3465 3183 commen-

1883 3241 2017 3297 dare
2043 3237 2149 3294 illis
2175 3232 2439 3299 solebam,
2474 3244 2573 3301 per
2605 3225 2838 3300 gratiam
2868 3222 2966 3279 Dei
2992 3218 3267 3277 custodire
3291 3215 3473 3273 nitam-

1881 3342 1988 3389 tur.
2018 3330 2139 3386 Pax
2164 3327 2414 3397 Dei,fqutz
2443 3329 2720 3393 exsuperat
2744 3332 2948 3374 omnem
2968 3308 3472 3381 sensum,custodiat

1882 3426 2046 3483 corda
2074 3432 2244 3480 vestra
2281 3429 2331 3476 et
2379 3414 2748 3479 intelligentias
2792 3418 2988 3466 vestras
3034 3403 3257 3478 (Philip.
3282 3420 3355 3470 tv,
3392 3401 3472 3474 '1).

1883 3518 2105 3578 Gratias
2131 3514 2309 3571 vobis
2338 3520 2441 3584 ago
2471 3523 2572 3580 pro
2620 3504 2891 3564 eharitate
2927 3515 3090 3573 quam
3138 3495 3480 3570 impendistis

1884 3608 2063 3681 nepoti
2089 3616 2298 3672 nostro,
2323 3614 2383 3661 et
2416 3600 2493 3657 illi
2527 3596 2781 3671 praecipio
2804 3601 2865 3651 ut
2896 3591 3201 3649 vobiscum"
3230 3595 3485 3653 maneat,

1884 3708 1940 3758 et
1955 3679 2220 3758 doctrinis
2246 3710 2312 3751 ac
2336 3691 2534 3749 litteris
2570 3688 2808 3754 studeat,
2846 3685 3019 3743 donec
3049 3695 3150 3755 ego
3179 3679 3286 3736 sibi
3314 3692 3473 3733 man-

1884 3796 2007 3850 dem
2034 3801 2095 3849 ut
2115 3791 2322 3849 veniat.
2904 3791 2907 3793 ’
3481 3767 3485 3769 λ

2317 3875 2651 3935 EPISTOLA
2674 3870 2935 3929 LXXXIII
2961 3870 3048 3927 ³³⁸.

2311 3985 2539 4029 Αμδεικι
2574 3984 2643 4022 ΔΙ)
2685 3976 3042 4022 ευετιειιιῠκ.

1963 4070 2045 4135 Is,
2074 4082 2239 4121 uxore
2258 4081 2324 4119 ea:
2347 4063 2463 4135 ejus
2483 4073 2739 4114 consensu
2769 4053 2996 4135 reclusa,
3038 4048 3270 4130 alterum
3306 4046 3413 4101 sibi

2055 4118 2405 4206 adiunxerat}
2429 4132 2495 4184 de
2534 4144 2636 4199 quo
2659 4132 2870 4198 peccato
2896 4118 3048 4176 illum
3078 4118 3313 4188 corripit.

1960 4230 2242 4285 ANSELIUS
2266 4221 2708 4293 archiepiscopus
2733 4216 2825 4283 ⁸³³,
2840 4228 3031 4271 servus
3058 4208 3313 4267 Ecclesia:
3335 4208 3481 4266 Can-

1892 4318 2201 4384 tuariensis,
2266 4315 2574 4371 Eusucuto
2606 4309 2676 4343 ³⁸⁵
2722 4305 2865 4380 patri
2906 4301 3169 4362 Gaul'redi
3218 4300 3475 4358 monachi

1890 4409 2176 4470 Beccensis
2203 4406 2455 4464 salutem.

1964 4501 2201 4558 Domnus
2233 4494 2554 4559 Gauiridus,
2585 4491 2728 4547 ﬁlius
2757 4497 2963 4555 vester,
2992 4484 3258 4543 sollicitus
3285 4484 3355 4540 de
3390 4496 3479 4539 sa-

190 4605 249 4650 ut
272 4595 351 4651 ait
381 4609 508 4649 vera
554 4592 865 4664 Scriptura;
915 4597 973 4646 et
996 4564 1019 4645 *ε
1051 4586 1325 4658 Sapientia
1352 4581 1533 4639 carnis
1566 4577 1778 4635 inimica

1887 4589 2003 4646 Iute
2023 4586 2217 4642 animae
2236 4592 2453 4649 vestra},
2479 4590 2535 4636 et
2563 4579 2761 4634 timens
2797 4577 3195 4632 damnationem
3217 4581 3475 4635 vestram,

190 4697 261 4742 est
285 4686 417 4750 Deo,
445 4685 696 4757 quoniam
727 4683 827 4756 legi
855 4682 955 4738 Dei
980 4697 1084 4737 non
1105 4688 1180 4735 est
1202 4677 1436 4748 subjecta
1465 4673 1638 4742 (Rom.
1662 4686 1784 4738 ml,

192 4776 263 4846 7).
293 4777 424 4833 llaec
453 4777 738 4847 consulite,
783 4776 900 4831 haec
930 4780 1142 4831 secrete
1184 4780 1242 4826 et
1287 4767 1502 4840 publice
1538 4766 1786 4819 intimate

192 4869 412 4926 domino
464 4881 651 4927 nostro
696 4870 834 4943 regi,
879 4878 937 4925 et
971 4880 1114 4938 saepe
1147 4864 1401 4935 repetite,
1432 4867 1489 4916 et
1519 4865 1782 4929 quantum

195 4961 255 5016 ad
292 4976 394 5017 vos
422 4963 676 5031 pertinet,
730 4960 972 5018 studiose
1014 4964 1327 5014 retractate.
1371 4949 1587 5006 Transit
1614 4947 1781 5012 enim,

197 5061 253 5106 ut
281 5054 471 5109 soletis
497 5054 699 5122 dicere,
737 5053 908 5125 gloria
937 5051 1144 5106 mundi.
1181 5048 1249 5103 Et
1274 5045 1480 5102 utinam
1519 5042 1660 5098 Deus
1686 5052 1784 5095 vos

198 5145 385 5202 ambos
406 5154 529 5217 post
563 5145 934 5202 transitoriam
965 5144 1192 5215 gloriam
1233 5138 1464 5197 transire
1502 5134 1667 5193 faciat
1717 5131 1784 5189 ad

199 5242 475 5293 aeternam.
500 5237 701 5295 Amen.

1892 4690 2049 4754 rogat
2070 4692 2157 4734 me
2181 4686 2244 4731 ut
2262 4673 2545 4732 ostendam
2570 4670 2725 4726 vobis
2754 4668 2811 4725 in
2834 4674 3038 4739 quanto
3067 4662 3310 4734 periculo
3361 4674 3478 4715 ma-

1891 4775 2092 4833 neatis.
2119 4769 2262 4828 Dicit
2288 4768 2436 4826 enim
2479 4764 2605 4836 quia
2635 4761 2799 4819 uxori
2819 4767 3033 4824 vestrae,
3061 4754 3223 4811 matri
3248 4752 3366 4822 ejus
3388 4750 3475 4816 ³¹⁸,

1892 4866 2170 4925 licentiam
2206 4869 2266 4918 ut
2289 4858 2546 4918 saeculum
2571 4855 2885 4925 relinquens
2921 4840 3355 4906 sanctimoitialis
3386 4839 3483 4895 lie-

1893 4956 2242 5025 rctdedistis,
2275 4961 2330 5011 et
2355 4951 2660 5010 castitatem
2692 4942 2935 5015 corporis
2976 4934 3147 4993 vestri
3180 4933 3290 4990 Deo
3330 4930 3483 4989 vovi-

1891 5053 2011 5119 stis,
2052 5050 2146 5108 sed
2203 5054 2391 5121 postea
2444 5044 2605 5099 aliam
2638 5038 2920 5095 mulierem
2966 5028 3286 5100 accepistis,
3329 5027 3483 5082 unde

1892 5117 2063 5199 ﬁlium
2102 5117 2387 5211 gemuistis.
2428 5132 2581 5201 Quod
2610 5129 2654 5185 si
2680 5129 2757 5199 ita
2785 5134 2890 5191 est,
2915 5124 3111 5181 scitote
3140 5122 3345 5193 absque
3367 5117 3479 5175 ulla

1892 5210 2227 5290 dubitatione
2248 5228 2377 5300 quia
2402 5225 2449 5282 si
2473 5224 2525 5280 in
2547 5224 2651 5278 hoc
2685 5226 2911 5293 peccato
2937 5217 3004 5275 de
3058 5215 3160 5271 hac
3209 5214 3342 5270 vita-
3363 5210 3481 5268 exit

1484 5485 1719 5545 VABIAS
1756 5472 2155 5551 LECTIONES.

311 5702 376 5739 ³⁸⁸
405 5700 536 5759 Cum
550 5697 731 5756 eodem
751 5714 828 5753 ms
857 5695 1048 5753 collata

213 5783 373 5857 me!
397 5756 524 5857 (ἰιίίε
586 5767 858 5857 (³⁸⁸9νηξ
891 5766 1193 5857 esse!"
1232 5756 1605 5857 elei“???

216 5829 638 5903 arcliieo'iscoaus
669 5854 855 5899 servus
891 5829 1145 5894 Ecclesiae
1255 5833 1322 5867 '9‘
1351 5829 1640 5890 Eustaeltio
1668 5844 1744 5883 ms

1156 5692 1230 5727 "°
1261 5686 1626 5751 Misericordia
1646 5699 1766 5751 qua;
1791 5699 1870 5739 ms
1901 5674 2285 5739 misericordia.
2308 5688 2414 5751 me,
2442 5682 2498 5751 et
2523 5688 2643 5745 quae
2743 5669 2817 5751 ’.ζ’
2843 5667 3013 5751 Didici
3040 5662 3165 5739 quia
3193 5682 3271 5751 ms
3301 5663 3466 5751 didici

1702 5732 2212 5815 nscimus—vocatus
2259 5732 2700 5815 archiepiscopus
2756 5739 3018 5815 Ecclesia;
3057 5732 3135 5794 ius
3183 5732 3483 5794 Anselmus'

1821 5807 2146 5910 ustacbicot
2171 5819 2278 5907 -f’f
2315 5807 2501 5875 Matris
2540 5807 2654 5884 ejus
2680 5830 2755 5870 ms
2787 5809 2947 5886 matri
2973 5807 3117 5901 ejus'
