4028 6302
549 388 655 447 “9

1088 389 1146 442 S.
1182 388 1476 442 ANSELMI
1521 388 1871 446 CANTUAB.
1895 388 2207 445 ARCHIEP.
2243 389 2394 446 Ol'P.
2433 390 2612 447 PARS
2650 390 2829 448 lll.—
2860 391 3239 449 EPISTOLE.

3723 393 3841 450 190

545 510 731 562 anima
765 519 964 569 veStra,
1002 504 1224 559 omnino
1266 503 1335 536 ’"
1359 504 1568 574 perdita
1592 503 1718 570 erit,
1754 521 1852 559 nec
1874 504 1977 559 ulla
2007 520 2130 573 spes
2160 488 2206 545 Α
2235 503 2387 558 vobis
2433 504 2870 570 commissarum,
2921 505 3045 561 inde
3073 505 3228 561 vobis
3261 508 3469 560 nultum
3501 494 3843 576 impenderd
3874 524 3877 525 '

546 595 666 665 ejus
698 597 911 659 salutis,
930 598 1041 650 sive
1079 603 1207 650 ante
1234 593 1377 649 diem
1399 593 1589 662 judicii
1610 588 1700 662 ³⁸⁷⁷,
1716 595 1829 651 sive
1852 606 1969 665 post
1990 596 2131 652 diem

540 687 733 758 judicii
764 687 888 740 erit.
950 684 1139 740 Videat
1197 685 1364 755 igitur
1410 694 1595 740 vestra
1640 686 1925 754 prudentia
1952 699 2132 756 .quant

545 792 709 847 grave
737 776 934 829 malum
960 776 1030 831 sit
1054 775 1283 847 perdere
1310 774 1480 829 vitam
1501 784 1760 829 asternam
1803 786 1863 849 et,
1901 777 2135 832 societa-

550 850 656 919 tem
682 865 751 896 ³³³⁸
782 865 1122 934 angelorum,
1153 874 1206 918 et
1233 862 1343 932 pati
1384 871 1713 918 tormentum
1756 874 2021 919 aeternum
2073 866 2129 921 in

540 956 1188 1011 societatc'diaholorum.
1223 954 1415 1011 Videte
1443 957 1607 1011 etiam
1651 944 1815 1027 Quam
1863 958 2132 1027 periculo-

542 1062 660 1100 sum
703 1056 774 1101 snt
808 1055 863 1101 et
891 1058 1091 1115 quanta
1121 1046 1428 1116 insipientia
1456 1061 1507 1101 tn
1541 1046 1631 1123 tali
1683 1063 1743 1104 re
1797 1046 2011 1103 diti‘erre
2060 1048 2131 1083 ⁸⁸⁸

539 1138 959 1201 correctionem,
1008 1138 1126 1192 sine
1176 1153 1279 1207 qua
1334 1138 1539 1192 certam
1568 1138 1797 1209 potestis
1816 1148 2132 1212 exspectare

541 1230 920 1294 perditionem.
937 1226 1185 1299 Quandiu
1209 1230 1352 1285 enim
1378 1230 1431 1285 in
1466 1223 1573 1285 hoc
1594 1239 1817 1302 peccato
1845 1231 2126 1296 maneatis,

541 1319 620 1373 ira
652 1319 743 1374 Dei
777 1330 956 1375 manet
986 1335 1148 1390 super
1192 1336 1324 1386 vos;
1357 1330 1414 1376 ct
1440 1322 1583 1376 sicut
1605 1324 1894 1393 peccatum
1925 1330 2129 1391 quanto

540 1410 745 1465 diutius
777 1420 979 1476 manet,
1011 1420 1163 1466 tanto
1207 1411 1382 1483 magis
1411 1413 1629 1477 crescit,
1663 1411 1767 1467 ηδ·
1794 1414 1875 1469 ira
1932 1412 2047 1470 Dei
2072 1412 2130 1469 in

541 1497 659 1553 dies
690 1500 861 1571 magis
895 1516 1047 1571 super
1084 1517 1180 1557 vos
1207 1502 1530 1557 exardescit.
1565 1501 1806 1560 Consule
1858 1504 2027 1577 igitur
2071 1511 2131 1561 et

542 1596 762 1660 precor,
790 1591 937 1647 sicut
960 1591 1299 1648 Christianus
1323 1592 1718 1662 Christianum,
1737 1603 1792 1650 et
1828 1596 1970 1652 sicut
1995 1595 2135 1652 ami-

541 1696 639 1735 cus
664 1684 919 1746 amicum,
953 1692 1221 1754 quatenus
1259 1685 1325 1738 de
1352 1690 1457 1737 tam
1480 1685 1635 1755 gravi
1682 1694 1909 1756 peccato
1929 1697 1989 1743 et
2019 1686 2129 1742 tam

540 1790 738 1845 magno
771 1776 1010 1845 periculo
1033 1778 1181 1831 exire
1203 1792 1309 1832 non
1335 1775 1621 1841 dill'eratis,
1648 1792 1717 1832 ne
1749 1776 1889 1836 forte
1913 1778 1981 1834 de
2025 1779 2131 1837 hac

540 1866 651 1922 vita
700 1867 766 1922 ad
795 1877 1022 1923 mortem
1075 1864 1133 1923 et
1177 1872 1511 1925 tormentum
1558 1872 1823 1926 aeternum
1888 1879 2133 1927 transeat

538 1957 718 2013 anima
747 1966 923 2013 vestra
956 1974 1062 2029 qua
1092 1959 1225 2014 hora
1258 1975 1365 2015 non
1397 1961 1619 2029 putatis.
1673 1961 1912 2017 Consulo
1964 1963 2163 2017 etiam.

540 2057 601 2102 ut
644 2048 739 2103 lilii
800 2050 967 2104 vestri
1014 2050 1219 2105 domini
1251 2049 1498 2106 Gaulridi
1536 2050 1606 2106 de
1637 2053 1743 2107 hac
1763 2067 1823 2107 re
1851 2053 2135 2125 accipiatis

542 2139 858 2205 consilium,
906 2139 952 2193 si
995 2152 1290 2210 unquama
1330 2140 1643 2197 Deorvultis
1690 2142 1889 2197 habere
1938 2142 2131 2199 salutis

536 2231 822 2285 auxilium.
847 2232 982 2286 Nam
1010 2232 1109 2286 etsi
1140 2247 1244 2287 non
1271 2233 1599 2303 promisistis
1624 2234 1933 2290 castitatem
1964 2236 2131 2291 vestri

538 2323 785 2393 corporis
828 2325 1043 2392 quando
1097 2325 1250 2377 uxori
1286 2325 1557 2379 licentiam
1607 2323 1832 2380 dedistis
1882 2334 1943 2380 ut
2002 2339 2131 2381 san-

535 2406 867 2468 ctimonialis
890 2413 1060 2479 (teret,
1097 2414 1246 2469 nullo
1281 2415 1441 2470 modo
1465 2424 1644 2470 tamen
1668 2414 1789 2471 sine
1815 2410 1881 2471 eo
1908 2410 2132 2487 peccato
2186 2434 2189 2435 ν

534 2518 590 2559 et
617 2504 858 2575 periculo
881 2506 1023 2575 quod
1056 2521 1218 2576 supra
1261 2506 1398 2571 dixi,
1439 2507 1644 2562 violare
1675 2508 1923 2562 eamdem
1964 2508 2151 2563 casti--

539 2606 705 2651 tatem
737 2598 790 2651 in
827 2598 982 2653 vobis
1025 2598 1260 2667 possetis
1284 2599 1522 2668 quandin
1575 2611 1713 2653 uxor
1746 2599 1937 2654 eadem
1981 2599 2151 2655 τίνει

536 2696 623 2740 ret
647 2686 743 2740 δ”.

566 2696 623 2741 ω
729 2727 743 2740 ο
951 2777 1285 2834 EPISTULA
1327 2778 1596 2835 LXXXIV
1623 2782 1716 2834 δυ’.

609 2884 832 2927 ΑΝεΕιΠΙ
877 2888 946 2928 ΑΒ
974 2888 1288 2929 ιιΑτιιιιυΑιι
1326 2890 1651 2930 ΑιιθΑτιεεΑιι
1681 2889 2051 2931 ολῡοιιειςεειι.

538 2964 671 3020 11ωέ
693 2983 749 3021 se
768 2965 1069 3020 debiliorem
1090 2967 1410 3021 nersentiens
1436 2966 1665 3019 consulit
1710 2966 2017 3020 Anselmnm
2057 2983 2147 3021 ana

608 3054 742 3091 onus
771 3038 1029 3105 deponere
1067 3035 1271 3089 debeat.
1302 3035 1597 3103 Respondet
1612 3036 1735 3105 ipse
1750 3037 1889 3104 quod
1918 3051 1984 3089 ex
2004 3051 2128 3089 con-

604 3122 762 3160 sensu
793 3104 999 3175 cornitis
1056 3114 1129 3175 et_
1165 3106 1539 3175 archiepiswpi
1596 3104 2025 3175 Rothomayensis
2064 3121 2128 3160 ac

606 3174 1090 3228 sanctimonialium
1114 3171 1450 3227 laudabiliter
1471 3171 1663 3241 possit;
1686 3176 1767 3227 sin
1794 3171 2126 3244 au'temgpar-
2142 3171 2203 3238 'C

609 3246 776 3297 tiatur
797 3259 957 3297 onera
978 3260 1099 3306 sua,
1113 3252 1159 3296 et
1181 3260 1241 3296 ea
1271 3244 1672 3309 sapientioribus
1701 3247 1967 3299 sororibus
1988 3261 2129 3298 com-

614 3316 788 3367 mittat
814 3330 934 3383 qua
960 3313 1167 3382 explere
1193 3315 1307 3383 ipsa
1335 3330 1438 3368 non
1458 3316 1668 3384 sufﬁcit.

610 3406 915 3469 ANSBLIUS,
930 3420 1121 3460 servus
1141 3404 1397 3460 Ecclesiae
1431 3405 1862 3471 Cantuariensis,
1895 3406 2141 3464 dominae

536 3509 587 3554 et
618 3497 929 3554 reverenda:
952 3498 1114 3553 matri
1140 3498 1428 3554 abbatisszr.
1442 3497 2124 3567 Cademensi,Munu.D&,

542 3606 763 3661 seraper
792 3591 989 3646 divina:
1019 3591 1206 3661 gratia:
1242 3592 1352 3660 regi
1382 3590 1631 3646 consilio.

610 3682 755 3737 Petit
785 3682 1049 3737 sanctitas
1073 3690 1251 3739 vestra
1279 3697 1375 3751 per
1402 3683 1657 3738 domuum
1686 3683 2127 3750 Robertum,l’ra-

538 3782 678 3828 trem
710 3772 1007 3837 Eustachii,
1024 3781 1269 3827 nostrum
1289 3772 1574 3828 consilium
1600 3774 1667 3830 de
1687 3775 1901 3833 abbatia
1922 3786 2127 3841 vestra,

537 3878 701 3932 quam
726 3862 929 3917 idcirco
948 3863 1223 3926 deserere,
1252 3864 1295 3917 si
1323 3863 1477 3921 vobis
1498 3863 1687 3920 liceret
1736 3875 1793 3919 ut
1831 3866 1919 3920 alii
1973 3880 2126 3921 corn-

540 3956 915 4021 mendaretur,
940 3955 1173 4022 velletis,
1203 3957 1464 4026 quoniam
1507 3971 1629 4011 eam
1656 3966 1873 4027 propter
1902 3956 2129 4011 inﬁrmi-

536 4058 703 4103 tatem
728 4058 784 4104 et
811 4048 989 4104 astatis
1010 4048 1463 4113 imbecillitatem,
1494 4050 1637 4104 sicut
1659 4059 1910 4120 oportet,
1935 4064 2126 4122 regere

537 4157 644 4195 non
673 4140 883 4196 valetis.
929 4142 1082 4209 Quod
1119 4143 1244 4212 quia
1276 4142 1391 4197 ﬁeri
1436 4157 1543 4198 non
1602 4153 1777 4212 potest
1806 4183 1821 4207 ,
1869 4144 1971 4200 nisi
2028 4159 2125 4215 per

536 4230 794 4284 comitem
860 4239 917 4285 et
970 4230 1436 4299 archiepiscopum
1489 4232 2017 4303 Rothomagensem,
2066 4241 2123 4288 et

536 4318 848 4389 episcopum
902 4327 1158 4383 vestrum,
1189 4328 1245 4371 et
1280 4335 1602 4375 consensum
1625 4324 2145 4377 sanctimonialium‘

2232 612 2449 666 possunt
2479 597 2737 659 auxilium
2756 597 2907 663 ;_sed
2925 598 3186 667 quoniam
3213 596 3316 659 hoc
3338 596 3639 668 petitis‘”.
3657 599 3841 669 quale

2232 699 2452 755 possum
2478 687 2675 741 mando
2696 686 3005 746 consilium.
3024 686 3251 743 Tentate
3270 687 3322 743 si
3347 702 3445 758 per
3465 701 3567 746 eos
3582 688 3652 744 ad
3684 704 3840 759 quos
3864 744 3869 747 .
3952 720 3955 759 ξ

2233 777 2487 847 pertinet,
2514 778 2841 841 desiderium
2870 786 3136 843 vestrum,
3174 777 3317 839 sient
3362 777 3519 841 vobis
3560 780 3841 848 expedire

2232 867 2478 932 videtur,
2528 866 2758 937 potestis
2783 866 3030 935 edicere;
3071 874 3127 920 et
3159 867 3204 921 si
3234 866 3489 936 nequitis,
3512 868 3838 935 sororibus,

2232 971 2353 1027 qua!
2381 956 2624 1012 membra
2649 965 2828 1027 vestra
2846 966 2999 1021 sunt.
3036 956 3142 1027 illis
3169 957 3377 1013 scilicet
3402 957 3455 1012 in
3479 955 3687 1027 quibus
3714 973 3841 1027 ma:

2227 1049 2403 1121 jorem
2439 1049 2781 1121 prudentiam
2803 1050 3150 1121 etreligionis
3178 1048 3448 1121 fervorem
3467 1048 3873 1121 cognoscitis}

2232 1157 2420 1197 earum
2453 1156 2633 1197 rerum
2663 1141 2717 1195 in
2753 1141 2949 1211 quibus
2981 1141 3126 1196 vires
3160 1149 3356 1196 vestrze
3380 1140 3664 1207 deliciunt,
3689 1157 3839 1212 pre-

2233 1232 2500 1303 cipiendo,
2529 1233 3136 1303 rogando,exliortando
3163 1247 3351 1297 curam
3378 1229 3665 1301 injungite.
3693 1232 3839 1286 Nam

2233 1324 2278 1379 si
2301 1322 2371 1355 ⁸⁰³
2394 1323 2558 1379 etiam
2581 1322 2923 1394 contingeret
2974 1331 3035 1377 ut
3064 1322 3197 1379 tales
3244 1335 3505 1392 personas
3543 1321 3598 1375 in
3626 1320 3841 1391 quibus

2232 1414 2527 1469 secundum
2558 1410 2885 1468 desiderium
2903 1421 3141 1468 vestrum
3180 1411 3401 1482 possitis
3427 1408 3500 1444 ⁸⁸⁸
3525 1410 3838 1479 conlidere,

2232 1520 2341 1563 non
2372 1505 2667 1571 haberetis,
2714 1504 2858 1574 quod
2904 1505 2963 1559 in
2992 1502 3245 1559 Ecclesia
3294 1510 3475 1558 vestra
3529 1514 3656 1557 esse
3694 1517 3830 1557 «non

2232 1605 2609 1670 spero,vestra
2639 1605 2817 1653 tamen
2846 1582 3233 1663 reverentia,si
3278 1592 3400 1649 illas
3428 1592 3661 1665 eligeret
3690 1606 3839 1664 quas

2235 1691 2305 1746 ad
2324 1689 2432 1747 hoc
2452 1688 2711 1749 meliores
2735 1696 2794 1759 et
2820 1683 3843 1760 aptiorescognosceret,exeusabilis

2233 1781 2379 1851 apud.
2395 1778 2588 1845 Deum,
2602 1779 2866 1851 quoniam
2882 1776 3079 1841 melius
3102 1790 3213 1833 non
3243 1782 3451 1847 posset,
3465 1774 3611 1837 sicut
3630 1772 3857 1851 eredas.

2183 1871 2207 1899 θ
2237 1871 2521 1927 existeret.

2646 1979 2985 2045 EPISTULA
3016 1976 3277 2041 LXXXV
3316 1976 3388 2008 ⁸⁸⁸
3462 2020 3463 2025 η
3502 2008 3505 2009 ν

2320 2134 2327 2139 .
2371 2094 2599 2137 ιμεειιι
2628 2093 2697 2133 AD
2714 2089 3043 2135 ωῢυυιΕυἈ
3074 2084 3369 2133 ειτιεοοιιυι
3392 2083 3705 2131 ωηαιειι-
3742 2112 3753 2120 .

2234 2169 2376 2230 Eum
2418 2173 2481 2228 de
2510 2170 2906 2227 Cantuariensis
2958 2165 3210 2223 Ecclesia!
3263 2163 3487 2235 negotiis
3537 2162 3836 2235 sollicitam

2304 2243 2509 2297 laudat.
2560 2240 2874 2309 Episcopum
2918 2237 3300 2307 Eboracensem
3329 2232 3433 2287 non
3461 2232 3571 2289 vult
3604 2232 3835 2286 inaudi-

2303 2322 2415 2365 tum
2441 2316 2486 2365 et
2517 2308 2775 2364 absentem
2802 2308 3075 2361 damnare.
3684 2310 3687 2311 '
3724 2312 3727 2315 '

2302 2404 2584 2458 Assstuus
2614 2399 3052 2468 archiepiscopus
3089 2393 3385 2465 reverendo
3434 2401 3505 2448 et‘
3534 2390 3822 2464 diligendo

2230 2493 2488 2565 epis-cepe
2510 2490 2732 2546 Rolensi
2761 2488 3075 2550 Gosouu'o,
3111 2498 3329 2555 semper
3373 2494 3431 2540 et
3466 2482 3736 2539 omnibus
3776 2481 3833 2539 in

2230 2587 2342 2642 Deo
2372 2584 2569 2657 placita
2608 2583 2749 2637 velle
2787 2588 2842 2637 et
2867 2578 3108 2651 operari.

2303 2677 2544 2733 Primum
2572 2674 2776 2749 gratias
2798 2684 2899 2744 ago
2945 2669 3057 2724 Deo
3080 2667 3203 2738 quia
3233 2705 3249 2731 ,
3297 2666 3444 2721 sicut
3495 2662 3833 2727 mandastis,

2230 2769 2410 2825 omnia
2434 2775 2619 2824 nostra
2648 2774 2702 2820 et
2738 2770 2920 2818 vestra
2950 2759 3151 2829 ubique
3183 2770 3445 2829 prospere
3485 2752 3834 2819 subsistunt;

2229 2860 2396 2932 398
2425 2859 2623 2915 deinde
2651 2855 2825 2923 vobis,
2850 2850 3005 2921 cujus
3027 2849 3315 2923 prudentia
3348 2856 3405 2903 et
3443 2859 3575 2903 cura
3628 2860 3841 2914 regun-

2231 2961 2337 3007 tur.
2356 2948 2448 3005 Dei
2469 2947 2641 3018 gratia
2664 2953 2949 3015 postquam
2979 2942 3046 2996 de
3070 2940 3264 3012 Anglia
3292 2938 3455 3003 exivi,
3477 2932 3672 2992 omnia
3699 2951 3859 3008 erga

2231 3053 2319 3097 me
2354 3048 2413 3094 et
2439 3052 2504 3092 ea
2525 3050 2645 3109 qua:
2671 3035 2739 3090 ad
2762 3049 2851 3089 me
2877 3032 3152 3105 pertinent
3182 3029 3249 3084 ad
3274 3038 3460 3083 votum
3489 3042 3678 3083 meum
3719 3028 3841 3082 dis-

2232 3111 2525 3206 ponuntur.
2570 3128 2646 3184 De
2675 3127 2874 3183 debitis
2902 3139 3023 3197 quae
3053 3122 3309 3193 solvistis,
3337 3120 3383 3176 si
3433 3127 3489 3199 et
3538 3118 3726 3174 debita
3773 3122 3844 3203 tte

2234 3224 2527 3280 Romascot
2552 3221 2606 3275 in
2659 3219 2745 3274 bis
2794 3225 2943 3281 sunt,
3000 3214 3248 3287 gaudeo;
3306 3219 3362 3267 et
3403 3207 3840 3282 promissionem

2233 3320 2469 3369 vestram
2495 3309 2563 3365 de
2586 3308 2887 3364 redditibus
2911 3304 3115 3360 nostris
3134 3317 3259 3359 eum
3280 3302 3500 3356 actione
3520 3299 3842 3371 gratiarum

2233 3411 2509 3475 exspecto.
2540 3401 2687 3457 Bene
2712 3399 2939 3464 fecistis,
2968 3396 3093 3468 quia
3120 3394 3281 3449 verba
3310 3408 3431 3464 quae
3466 3392 3609 3446 inter
3641 3404 3861 3461 regem

2232 3510 2289 3555 et
2309 3513 2407 3554 vos
2434 3497 2651 3552 fuerunt
2677 3495 2743 3549 de
2790 3506 2879 3547 me
2922 3501 2978 3547 et
3006 3490 3205 3545 itinere
3234 3501 3377 3551 meo,
3409 3492 3463 3540 et
3489 3484 3563 3539 de
3579 3483 3841 3553 epistolis

2234 3606 2371 3665 quas
2393 3589 2493 3647 sibi
2525 3597 2578 3643 et
2598 3586 2729 3643 mihi
2766 3601 2794 3640 a
2824 3598 2962 3655 papa
2995 3582 3192 3637 missas
3215 3580 3348 3645 dixi,
3373 3587 3427 3634 et
3451 3576 3521 3632 de
3546 3576 3747 3646 legatis
3769 3576 3841 3629 ad

2231 3683 2619 3752 imperatorem
2648 3676 2781 3732 mihi
2810 3673 3131 3731 mandastis.
3160 3671 3287 3740 ;Sed
3314 3670 3507 3725 scitote
3555 3669 3690 3738 quia
3731 3682 3842 3738 ego

2231 3792 2333 3834 nec
2376 3776 2623 3839 litteras,
2670 3787 2771 3827 nec
2816 3768 2980 3826 ullam
3029 3768 3352 3838 legationem
3407 3765 3478 3819 ab
3526 3762 3839 3834 apoStolioo

2231 3870 2416 3935 habui,
2459 3877 2740 3941 postquam
2779 3880 2810 3918 a
2861 3861 3016 3918 vobis
3068 3858 3313 3925 discessi,
3366 3856 3471 3912 nisi
3528 3857 3677 3925 quod
3729 3869 3840 3924 per

2231 3961 2508 4017 Tiberium
2542 3958 2671 4013 mihi
2725 3955 3003 4011 mandavit
3043 3953 3223 4008 verbis
3262 3959 3317 4008 et
3353 3948 3548 4005 litteris
3581 3947 3698 4019 (20)
3773 3955 3838 4001 ut

2227 4067 2349 4107 eum
2402 4050 2470 4105 de
2523 4048 2814 4104 Romascot
2874 4046 3208 4118 adjuvarem.
3260 4044 3335 4098 De
3400 4041 3597 4096 litteris
3642 4047 3835 4094 autem

2226 4155 2379 4212 papae
2403 4140 2471 4193 ad
2503 4152 2683 4209 regem
2717 4135 2846 4191 nihil
2879 4135 3016 4197 scio,
3051 4133 3153 4214 nisi
3175 4132 3320 4201 quod
3351 4145 3448 4185 vos
3485 4126 3615 4183 mihi
3671 4138 3837 4180 man-

2225 4232 2416 4289 dastis.
2436 4231 2493 4287 Si
2517 4240 2694 4286 autem
2718 4228 2913 4283 alicubi
2943 4239 3231 4280 mansurus
3250 4238 3369 4279 sum
3392 4230 3448 4277 et
3462 4235 3557 4292 per
3586 4219 3834 4289 legatum

2228 4338 2408 4378 meum
2440 4323 2543 4375 sim
2572 4320 2815 4375 facturus
2836 4317 2977 4388 qttod
3028 4314 3247 4383 inempi,
3272 4313 3509 4369 nondum
3545 4324 3668 4364 sum
3700 4320 3832 4361 cer-

1851 4436 2087 4491 VARUE
2134 4434 2423 4492 LECTION
2433 4433 2534 4489 ES.

648 4526 719 4558 ⁸⁸⁸
764 4524 978 4586 Anima,
1040 4525 1261 4603 omnino
1312 4545 1391 4582 ms
1449 4528 1628 4603 anima
1679 4536 1881 4603 vestra,
1918 4528 2149 4603 omnino,

539 4609 653 4652 tam
693 4607 952 4649 a'ternam
981 4606 1032 4650 et
1084 4598 1387 4651 satietatem
1439 4616 1519 4652 ms
1540 4598 1785 4667 {gloriam
1827 4600 2082 4652 aeternam
2122 4608 2176 4652 et
2206 4597 2518 4651 societatem

539 4670 610 4701 ⁵⁸⁸
648 4667 794 4722 Uxor
823 4666 1028 4719 viveret
1048 4682 1126 4719 ms
1152 4682 1289 4721 uxor
1316 4672 1507 4723 eadem
1539 4672 1742 4723 viveret
1848 4668 1913 4701 ⁶⁰¹
1950 4669 2080 4723 Cum
2104 4669 2281 4723 eodem
2306 4684 2384 4721 ms
2421 4667 2611 4722 collata

1625 4740 1696 4772 ⁸⁸⁵
1722 4740 2060 4797 Desiderium
2086 4740 2305 4811 possitis
2331 4755 2410 4794 ms
2432 4738 2755 4795 desiderium
2781 4731 3019 4793 veStrum
3049 4731 3268 4803 possitis

537 4670 610 4701 ⁸⁸⁸
648 4667 794 4722 Uxor
823 4666 1028 4719 viveret
1048 4682 1126 4719 ms
1152 4682 1289 4721 uxor
1316 4672 1507 4724 eadem
1539 4666 1742 4724 viveret

539 4738 747 4810 petitis
838 4736 910 4768 ⁸⁸³
939 4736 1074 4791 Nam
1109 4735 1189 4793 sic
1211 4754 1286 4792 ms
1326 4756 1453 4796 nam
1476 4742 1522 4797 si

537 4808 615 4864 ins
644 4808 860 4864 collata.

2266 4528 2334 4559 ’θ’
2386 4527 2524 4582 Ante
2567 4524 2752 4595 iudicii
2800 4538 2878 4577 ms
2936 4530 3062 4576 ante
3112 4519 3255 4576 diem
3289 4516 3481 4587 iudicii
3618 4514 3691 4548 ’θ’
3731 4516 3834 4572 Vi-

2266 4597 2518 4641 rintnlnm
2630 4595 2697 4628 ³9⁸
2722 4594 2774 4641 In
2810 4590 3146 4641 tnli'diﬂ'erre
3180 4603 3256 4641 ms
3285 4592 3337 4641 in
3369 4589 3459 4641 tali
3502 4601 3562 4641 re
3602 4584 3834 4641 differre

2720 4594 2774 4649 ln
2810 4590 3146 4647 tali'dili‘erre
3180 4603 3256 4644 ms
3285 4592 3337 4643 in
3369 4590 3459 4642 tali
3502 4601 3562 4642 re
3602 4590 3834 4644 ditfcrre

2728 4666 2801 4698 η’
2830 4664 3097 4732 Quoniam
3123 4661 3304 4732 petitis
3332 4676 3412 4732 ms
3427 4657 3688 4732 quoniam
3720 4658 3833 4732 hoc

3374 4729 3446 4761 “'
3474 4728 3606 4781 Cum
3635 4730 3833 4783 eodem

1752 4892 2036 4951 JOANNIS
2069 4892 2344 4949 PICARDI
2382 4891 2614 4948 ΝΟΤίΕ.
2640 4944 2641 4947 η

607 5008 721 5078 (ευ)
762 5006 827 5078 Ut
850 5026 968 5062 eum
997 5010 1063 5064 de
1115 5008 1395 5064 Romascot
1423 5008 1751 5078 adjuvarem.
1792 5007 2109 5078 Romascot,
2162 4990 2208 5045 Ῑ)
2233 5007 2438 5061 rincnla
2474 5004 2531 5078 S.
2562 5005 2729 5078 Petri,
2761 5008 2832 5061 ita
2868 5016 2929 5061 ut
2967 5008 3107 5063 ultra
3152 5007 3316 5063 alium
3348 5006 3490 5062 diem
3516 5020 3629 5078 non
3675 5006 3831 5059 deti-

537 5074 891 5133 RotniSrhoot
930 5078 1174 5144 (Gallice,
1212 5078 1264 5131 la
1293 5078 1439 5131 inille
1476 5074 1540 5132 de
1571 5074 1751 5139 Rome.
1798 5077 2019 5143 Cujacio
2054 5078 2121 5131 ad

536 5150 600 5203 Ο.
634 5150 863 5213 Auditis,
902 5148 976 5219 De
999 5150 1298 5218 praescript.
1342 5148 1436 5203 lib.
1468 5148 1551 5219 tt).
1599 5146 1856 5203 Romscot
1900 5147 2125 5219 velitn-

535 5229 745 5290 tnesrot
792 5218 1019 5290 Anglico
1065 5230 1150 5273 est
1180 5220 1368 5282 dictio,
1415 5230 1475 5274 ut
1513 5218 1784 5290 apparet;
1818 5220 1869 5272 in
1909 5218 2122 5290 legibus

535 5288 811 5360 Guillelmi
861 5289 1022 5343 Nothi
1066 5290 1357 5357 Anglorem
1392 5292 1535 5360 regis
1564 5288 1723 5358 'apnd
1773 5288 1967 5360 Roger.
2015 5288 2124 5360 Ho-

534 5360 663 5412 ned.
698 5359 984 5427 descriptis
1018 5361 1067 5413 in
1100 5360 1298 5413 Annal.
1326 5358 1612 5428 posteriori
1646 5369 1820 5427 parte,
1844 5358 1966 5428 pag.
1990 5358 2116 5428 35}.

536 5428 777 5494 Quarum
811 5444 913 5481 una
962 5432 1104 5483 hunc
1132 5427 1344 5484 titulutn
1379 5431 1540 5485 habet
1568 5441 1624 5483 ct
1667 5427 1950 5483 statutum.
1994 5447 2013 5479 ι
2047 5427 2121 5480 De

540 5498 767 5569 denario
807 5499 863 5551 S.
919 5498 1105 5561 Petri,
1164 5501 1254 5568 qui
1310 5502 1536 5569 Anglice
1593 5500 1791 5553 dicitur
1828 5498 2121 5569 Ramescot.

535 5566 727 5623 Omnis
755 5570 844 5635 qni
879 5570 1126 5623 habuerit
1158 5566 1263 5623 xxx
1290 5566 1601 5624 denariatas
1633 5571 1765 5621 viva:
1794 5568 2037 5637 pecunia:
2067 5569 2119 5619 in

538 5639 704 5711 duino
732 5654 826 5711 sua
868 5640 933 5694 de
960 5643 1177 5711 proprio
1204 5642 1496 5711 Anglorum
1524 5641 1640 5711 lege
1664 5640 1813 5691 dabit
1836 5639 2117 5711 denarium

538 5708 598 5760 S.
630 5708 800 5773 Petri,
841 5720 897 5764 et
944 5705 1365 5779 lege'Danortint
1406 5705 1685 5764 dimidiam
1719 5723 1995 5779 imarcam.
2031 5705 2123 5779 ll_le

531 5792 666 5833 vero
699 5782 951 5835 denarius
998 5776 1162 5837 debet
1203 5780 1514 5834 submoueri
1556 5780 1609 5833 in
1653 5777 1994 5833 solemnitate
2057 5776 2117 5830 S.

534 5847 681 5907 Petri
725 5861 779 5907 et
824 5850 973 5906 Pauli
1022 5862 1150 5905 ante
1204 5850 1567 5915 festivitatem,
1600 5865 1717 5917 qum
1767 5848 1984 5915 dicitur,
2034 5849 2115 5902 Ad

2232 5089 2447 5131 neatur.
2476 5075 2533 5130 Si
2563 5076 2851 5145 quisquam
2880 5078 3191 5143 delinuerit,
3235 5078 3300 5130 ad
3333 5076 3639 5130 custodiam
3676 5079 3832 5144 regis

2231 5148 2439 5201 clamor
2465 5146 2767 5217 deferatur,
2790 5150 3052 5217 quoniam
3079 5148 3333 5201 denarius
3359 5146 3448 5199 hic
3471 5145 3827 5217 eleemOsyna

2230 5219 2376 5283 regis
2407 5226 2523 5279 est;
2549 5216 2754 5284 jttstitia
2780 5215 2943 5271 faciat
2975 5219 3121 5272 reddi
3170 5218 3479 5278 denarium,
3502 5224 3555 5269 et
3594 5215 3828 5268 loris'l'a-

2226 5288 2462 5357 ctionem
2503 5285 2738 5357 episcopi
2776 5296 2847 5357 et
2889 5289 3049 5356 regis.
3081 5288 3146 5341 Et
3176 5288 3218 5341 si
3264 5287 3385 5357 quis
3413 5286 3595 5357 plures
3624 5287 3829 5341 domos

2225 5356 2501 5419 habuerit,
2524 5356 2586 5407 de
2614 5354 2699 5407 illa
2736 5355 2821 5409 ubi
2852 5354 3095 5411 residens
3129 5354 3310 5423 fuerit,
3344 5357 3398 5409 in
3427 5356 3565 5409 festo
3590 5366 3825 5423 aposto-

2226 5426 2399 5480 lorum
2430 5425 2574 5479 Petri
2610 5433 2662 5480 et
2695 5425 2841 5479 Pauli
2878 5428 3082 5481 reddat.
3112 5447 3129 5477 ι
3160 5428 3250 5481 Sic
3276 5426 3598 5482 Guillehnns
3632 5425 3825 5480 dictus

2225 5497 2565 5565 Conquestor
2589 5495 2876 5563 imperavit
2907 5496 3234 5550 reddendum
3270 5497 3377 5550 Deo
3405 5496 3551 5565 quod
3586 5495 3678 5549 Dei
3704 5507 3821 5561 εει,

2224 5568 2476 5635 quodque
2507 5582 2535 5618 a
2576 5580 2633 5619 se
2673 5567 2995 5635 imperatum
3039 5566 3216 5619 fuerat
3244 5568 3308 5620 ad
3340 5582 3573 5636 unguem
3616 5579 3819 5636 serva-

2226 5629 2325 5700 vit,
2358 5629 2588 5689 testibus
2615 5629 2809 5690 litteris
2839 5651 2973 5705 quas
2997 5638 3063 5690 ad
3095 5629 3527 5705 Gregorium'Vll
3555 5634 3815 5705 transmi—

2227 5706 2299 5760 sit
2349 5706 2400 5759 in
2445 5707 2582 5759 hanc
2631 5704 3003 5760 svntentiam:
3039 5725 3056 5757 ι
3085 5704 3561 5761 Excellentissimo
3610 5704 3668 5759 S.
3706 5704 3816 5758 Ec—

2226 5774 2405 5847 clcsiae
2435 5775 2637 5844 pastori
2665 5776 2944 5847 Gregorio,
2971 5778 3140 5847 gratia
3170 5777 3263 5831 Dei
3299 5776 3591 5847 Anglorum
3625 5790 3717 5833 rex
3752 5785 3815 5847 et

2220 5850 2324 5902 dux
2354 5844 2759 5900 Northmannia:
2792 5844 3123 5910 Guillcl'mus,
3157 5844 3534 5902 salutem'cum
3570 5845 3817 5901 amicitia
