4028 6302
195 438 295 495 121

1367 434 1494 492 LIB.
1536 435 1620 503 ΙΙΙ,
1662 434 1883 491 EPIST.
1918 434 2178 490 LXXXV.

3380 436 3485 494 ηε

193 561 301 607 tus.
336 549 414 604 Ds
437 546 681 605 Gsrardo
704 546 1116 618 archiepiscopo
1142 543 1471 603 Eboracensi
1502 545 1793 601 nondebeo
1819 532 1867 592 Α
1896 556 2084 602 contra
2113 545 2458 602 adversarios
2483 548 2599 615 eius
2633 544 2780 602 sicut
2805 545 2880 602 illi
2909 547 3224 605 mandatum
3257 560 3361 616 est,
3390 534 3495 607 de?

192 642 249 698 in
276 641 369 697 tali
403 657 466 696 re
496 640 697 711 aliquid
723 641 922 695 absens
946 641 1013 695 de
1043 639 1270 696 absente
1305 650 1362 696 et
1416 641 1659 696 inaudito
1695 640 1791 695 de-

193 732 379 799 linire,
424 733 721 803 praesertim
744 748 867 788 cum
899 732 1016 804 ipse
1037 732 1245 789 crimen
1270 732 1477 788 illatum
1508 741 1696 802 neget;
1735 742 1790 789 et

193 824 320 880 ideo
357 840 463 881 non
486 824 658 881 audeo
682 824 815 879 dare
841 823 1148 890 consilium,
1176 840 1244 881 ne
1277 823 1567 882 consilium
1606 839 1787 881 meum

191 916 264 972 ab
290 916 475 986 aliquo
499 931 598 987 pro
644 914 958 972 deﬁnitione
980 916 1298 987 accipiatur.
1348 915 1691 987 Quapropter
1743 917 1789 972 si

192 1008 349 1062 vobis
376 1008 607 1072 videtur,
640 1007 709 1063 de
751 1007 856 1063 hoc
901 1008 1043 1078 apud
1074 1022 1286 1080 regem,
1318 1008 1540 1062 omnino
1569 1022 1636 1063 ex
1669 1022 1789 1062 mea

191 1107 372 1167 parte,
420 1098 530 1153 nisi
568 1099 686 1169 ipse
712 1114 771 1153 'a
813 1100 969 1155 vobis
1031 1099 1398 1170 requisivcrit,
1451 1097 1595 1169 quod
1637 1098 1791 1154 vobis

192 1189 414 1258 mando,
453 1190 500 1247 si
557 1190 749 1245 melius
773 1205 877 1245 non
901 1191 1144 1261 potestis,
1180 1188 1518 1259 respondete.
1578 1190 1653 1245 De
1699 1190 1793 1246 lite

194 1293 319 1347 quae
338 1290 423 1336 est
457 1280 601 1336 inter
625 1289 843 1336 nostros
861 1291 919 1335 et
939 1282 1188 1337 homines
1232 1279 1452 1335 Roberti
1481 1280 1550 1336 de
1576 1280 1792 1338 Monte-

192 1368 343 1432 forti.
362 1387 555 1441 precor
575 1380 633 1425 ut
663 1370 878 1427 faciatis
900 1386 997 1442 per
1023 1386 1227 1443 regem,
1244 1382 1409 1429 utaut
1427 1387 1532 1443 pax
1556 1372 1788 1444 integra,

194 1470 293 1517 aut
316 1461 504 1517 treviar.
525 1462 597 1495 m
626 1462 767 1518 inter
794 1476 910 1530 eos,
942 1462 1116 1519 donec
1136 1463 1377 1530 redeam,
1408 1470 1699 1535 ponantur.
1714 1463 1791 1520 De

192 1553 451 1610 omnibus
479 1555 679 1612 nostris
704 1554 869 1612 rebus
911 1555 1060 1612 intus
1084 1565 1137 1613 et
1163 1555 1319 1625 loris,
1372 1572 1590 1623 curam,
1648 1556 1792 1612 sicut

194 1643 463 1702 hactenus
483 1645 713 1713 fecistis,
734 1647 999 1712 habeatis,
1020 1656 1077 1703 et
1106 1648 1251 1705 sicut
1272 1647 1425 1704 scitis
1441 1663 1529 1703 me
1556 1648 1609 1703 in
1634 1648 1791 1703 vobis

192 1732 468 1792 conlidere
488 1776 506 1802 ,
529 1748 743 1807 precor.
774 1737 850 1793 De
872 1739 1033 1795 rebus
1057 1752 1123 1795 ac
1152 1736 1376 1807 ,familia
1421 1736 1651 1793 Roberti
1690 1752 1793 1791 nu-

191 1824 332 1885 tritii
357 1828 550 1896 vestri,
571 1829 666 1901 qui
695 1844 910 1887 mecum
934 1838 1038 1898 est,
1062 1829 1269 1902 gratias
1296 1843 1420 1899 ago,
1437 1828 1696 1900 quoniam
1724 1842 1791 1884 ea

1895 638 2145 705 l‘enditis;
2182 647 2238 693 et
2259 637 2652 694 instantissime
2684 646 2877 709 precor
2912 647 2970 694 ut
3019 632 3200 695 Omnia
3248 656 3369 711 qua:
3413 645 3483 701 ad

1890 729 2039 786 illum
2089 729 2363 800 pertinent
2414 728 2595 799 quieta
2653 744 2873 784 manere
2905 730 3126 786 omnino
3155 729 3386 798 faciatis,
3428 742 3485 790 et

1895 821 1999 877 hoc
2030 821 2204 893 ipsum
2235 820 2522 877 Gnillelmo
2543 819 2610 876 de
2636 819 2957 876 Metestante
2981 839 3047 878 ex
3072 839 3188 879 mea
3217 834 3272 880 et
3303 812 3481 882 vestra

1890 920 2046 983 parte
2071 904 2417 981 praecipiatis.
2442 910 2571 966 Dico
2598 911 2743 965 enim
2766 912 2921 967 vobis
2952 912 3078 981 quia
3109 914 3250 968 malo
3274 914 3323 969 in
3350 916 3484 972 meis

1889 1001 2125 1072 propriis
2154 1016 2315 1071 quam
2347 1000 2403 1055 in
2441 1001 2558 1071 ejus
2610 1001 2772 1055 rebus
2799 999 3035 1070 aliquam
3068 1002 3177 1072 pati
3205 1000 3479 1070 injuriam.

1892 1092 2003 1148 Deo
2032 1102 2322 1156 annuente,
2354 1101 2481 1147 ante
2512 1092 2951 1163 Assumptionem
2981 1103 3186 1148 sancta:
3214 1095 3393 1151 Maria:
3414 1096 3483 1153 de

1890 1182 2063 1240 Becco
2089 1182 2355 1254 proﬁcisci
2391 1184 2620 1251 volo,,et
2667 1185 2720 1240 in
2762 1184 3058 1241 festivitate
3106 1184 3246 1255 apud
3282 1186 3485 1242 Carno-

1894 1283 2007 1331 tum
2039 1284 2273 1341 esse;et
2301 1274 2518 1341 deinde,
2550 1276 2692 1331 sicut
2752 1276 2894 1331 Deus
2948 1274 3234 1347 disponet,
3291 1278 3487 1337 vestris

1890 1367 2229 1423 orationibus
2253 1368 2727 1438 prosequentibus,
2769 1367 2877 1423 iter
2902 1375 3149 1422 nostrum
3201 1384 3483 1441 peragere.

1892 1458 2048 1529 Quod
2102 1457 2344 1515 nonnulli
2395 1475 2482 1515 me
2532 1458 2937 1532 reprehendunt
2983 1458 3051 1513 de
3115 1458 3486 1518 familiaritate

1890 1540 2054 1624 quam
2082 1552 2257 1609 habeo
2295 1552 2363 1607 ad
2391 1550 2513 1608 illos
2562 1567 2699 1624 quos
2754 1566 2850 1607 rex
2901 1564 3010 1605 non
3051 1548 3247 1621 diligit,
3288 1552 3486 1608 scitote

1889 1646 2017 1719 quia
2050 1644 2188 1702 nihil
2217 1644 2359 1700 iacio
2386 1653 2580 1700 contra
2604 1643 2864 1699 honorem
2896 1641 3013 1713 ejus
3059 1651 3153 1698 aut
3184 1643 3324 1698 unde
3338 1644 3486 1715 juste

1892 1735 2216 1805 reprehendi
2246 1735 2493 1791 debeam.
2521 1732 2755 1804 Propter
2790 1732 2938 1788 rixas
2964 1751 3083 1804 qua:
3113 1734 3252 1789 ﬁunt
3300 1735 3367 1789 de
3393 1748 3484 1789 ec-

1842 1870 1845 1871 ν
1890 1827 2058 1885 clesia
2098 1825 2167 1883 de
2188 1824 2417 1899 Hergas,‘
2458 1822 2650 1899 jubete
2694 1822 2930 1882 Rodullo
2971 1826 3041 1859 “'
3091 1827 3383 1910 praeposito
3426 1834 3486 1883 ut

1518 2004 1752 2063 VARIE
1790 2002 2199 2063 LECTIONES.

294 2121 369 2155 δ”
396 2124 505 2177 Aut
526 2130 709 2179 tremas
738 2141 816 2179 ms
843 2132 939 2181 aut
961 2110 1143 2178 treviie

1247 2122 1318 2155 “7
1346 2120 1630 2194 Rudolpho
1655 2140 1735 2179 ms
1765 2122 2047 2195 Rodulpho

1365 2280 1652 2341 JOANNIS
1673 2281 1949 2339 PICARDI
1980 2270 2221 2359 NOTAE.
3096 2350 3099 2351 ν

184 2402 463 2459 Hnbertus
527 2409 734 2468 iegatns
797 2409 956 2464 tuus,
1024 2396 1275 2471 religiose
1327 2398 1510 2466 Pater,
1570 2400 1652 2471 ad
1688 2414 1775 2454 me
1807 2379 1851 2434 Β
1944 2397 2249 2471 Bamoscot
2294 2397 2477 2471 igitur,
2517 2412 2612 2471 seu
2664 2399 2941 2471 Romscot,
2987 2407 3071 2455 est
3106 2414 3347 2457 annuum
3382 2420 3478 2460 ve-

184 2475 416 2528 veniens
439 2488 504 2525 ex
549 2482 637 2525 tua
667 2481 820 2540 parte
865 2486 951 2525 me
982 2469 1266 2540 admonuit
1289 2479 1557 2540 quatenus
1598 2469 1693 2525 tibi
1723 2478 1781 2526 et

186 2541 599 2600 successoribus
652 2539 965 2595 fidelitatem
1016 2539 1274 2611 facerem,
1307 2539 1387 2611 ;et
1416 2539 1504 2611 Ade
1549 2541 1780 2611 pecunia

190 2629 357 2682 quam
409 2621 786 2682 antecessores
832 2611 937 2682 ιιιεί
988 2609 1057 2663 ad
1092 2610 1265 2682 ﬁam.
1307 2608 1519 2682 Eccles.
1552 2608 1782 2682 mittere

192 2678 465 2743 solebant,
506 2680 697 2733 melius
728 2681 1046 2748 cogitarem.
1091 2679 1269 2734 Unum
1304 2680 1522 2744 admisi,
1551 2678 1781 2735 alterum

195 2766 308 2805 non
337 2750 553 2805 admisi.
584 2749 925 2804 Fidelitatem
960 2748 1138 2804 facere
1160 2748 1329 2809 nolui.
1353 2763 1454 2804 nec
1481 2748 1625 2810 volo,
1656 2748 1785 2817 quia
1834 2814 1837 2817 Α

201 2836 305 2876 nec
332 2835 433 2888 ego
464 2818 711 2888 promisi,
756 2834 853 2872 nec
889 2827 1265 2888 antecessores
1302 2833 1452 2873 meos
1480 2828 1786 2874 antecesso-

197 2892 355 2945 ribus
373 2886 496 2943 'tuis
524 2888 574 2959 id
609 2888 803 2959 fecisse
822 2888 1119 2959 comperio.
1145 2886 1380 2959 Pecunia
1411 2888 1583 2943 tribus
1616 2888 1786 2959 ferme

199 2961 380 3024 annis.
432 2960 485 3014 in
533 2958 723 3015 Galliis
772 2974 859 3014 me
911 2958 1127 3028 agente,
1169 2958 1507 3029 negligenter
1557 2958 1782 3013 collecta

200 3039 309 3087 est.
347 3030 501 3085 Nunc
527 3043 660 3083 vero
698 3028 880 3084 divina
927 3030 1296 3085 misericordia
1328 3028 1431 3083 me
1477 3028 1531 3083 in
1558 3043 1784 3087 regnum

196 3116 377 3156 meum
420 3114 656 3163 reverso,
707 3099 851 3168 quod
898 3098 1183 3169 collectum
1241 3109 1327 3155 est
1351 3114 1448 3169 per
1493 3098 1780 3169 praefatum

195 3170 433 3243 legatum
466 3170 811 3243 mittitur;_el
841 3170 987 3243 quod
1015 3168 1283 3243 reliquum
1306 3168 1411 3243 est,
1447 3168 1543 3240 per
1572 3168 1779 3237 legatos

193 3239 484 3295 innl'ranci
510 3240 905 3309 archiepiscopi
959 3239 1132 3311 lldelis
1182 3239 1375 3306 nosui,
1413 3239 1537 3311 cum
1577 3252 1784 3311 appor-

197 3319 391 3366 tunnm
422 3311 604 3376 fuerit,
634 3308 1056 3381 transmittetur.
1086 3308 1252 3366 Orate
1274 3326 1375 3380 pro
1397 3309 1576 3374 nobis,
1605 3308 1664 3363 et
1686 3325 1787 3381 pro

196 3391 342 3452 statu
398 3382 547 3450 regni
593 3380 785 3443 nostri.
829 3380 956 3452 quia
1016 3390 1395 3452 antecessores
1450 3390 1662 3452 vestros
1692 3380 1785 3436 di-

194 3451 450 3514 leximus,
500 3461 555 3505 et
600 3466 694 3505 vos
746 3451 858 3520 prae
898 3451 1152 3506 omnibus
1197 3451 1413 3506 sincere
1453 3451 1682 3521 diligere
1724 3459 1781 3505 et

192 3521 512 3575 obedienter
556 3522 742 3575 audire
794 3521 1186 3576 desideramus.
1220 3541 1238 3575 ι
1292 3520 1585 3589 ﬂuensque
1628 3520 1785 3576 Guil-

194 3591 342 3648 lelmi
373 3591 588 3649 litterte.
620 3606 755 3647 anas
786 3590 929 3648 inter
973 3590 1264 3648 Lanl'ranci
1295 3592 1552 3663 epistolas
1592 3600 1785 3647 nactus

193 3676 334 3717 Sum.

267 3732 374 3785 Sed
426 3730 771 3803 Guillelmum
823 3732 1111 3802 scripsisse
1170 3732 1414 3803 Gregorii
1470 3718 1858 3803 litteris‘adC

192 3811 473 3871 parentem
511 3801 563 3855 in
605 3803 803 3871 quibus
847 3800 1088 3857 sic—eum
1136 3800 1421 3857 monuerat
1468 3816 1613 3855 anno
1646 3800 1785 3856 1075

192 3870 248 3925 xi
297 3870 480 3926 Nonas
525 3870 749 3940 Aprilis,
800 3874 1097 3928 indictione
1124 3889 1237 3928 χιιι
1270 3892 1289 3925 ι
1324 3871 1507 3927 Rebus
1542 3886 1674 3927 vero
1720 3870 1781 3927 S.

192 3941 382 4014 Petri._
416 3957 537 4011 quae
590 3943 641 3996 iu
698 3943 892 4014 Anglia
931 3942 1279 4013 colliguntur.
1339 3943 1421 3998 sic
1472 3951 1525 3997 te
1570 3951 1631 3997 ut
1675 3943 1785 3999 tuis

197 4012 487 4080 invigilare
531 4012 909 4077 admonemus,
950 4015 1029 4069 sic
1064 4012 1391 4081 liberalitati
1441 4024 1546 4068 tute
1587 4023 1649 4068 ut
1678 4021 1785 4068 tua:

198 4082 615 4143 committimus.
647 4093 705 4136 ut
750 4085 893 4153 pium
926 4094 980 4138 et
1016 4085 1303 4152 propitium
1335 4082 1637 4137 debitorem
1676 4081 1781 4137 Pe-

192 4161 334 4207 trum
392 4153 654 4219 reperias,
706 4164 761 4207 et
810 4168 935 4206 eum
996 4154 1088 4208 tibi
1139 4170 1207 4207 ex
1263 4153 1445 4209 debito
1494 4153 1785 4207 subvenire

191 4224 510 4286 admoneas,
539 4237 699 4289 quem
724 4223 823 4277 sibi
850 4223 1015 4277 multa
1045 4231 1093 4277 te
1122 4222 1377 4277 tribuisse
1401 4237 1505 4274 non
1528 4222 1777 4276 lalebit.s

269 4290 490 4372 llubcrti
529 4308 656 4372 vero
679 4293 964 4372 apostolici
996 4292 1051 4372 _iu
1083 4293 1330 4372 Angliam
1365 4292 1526 4372 legati
1570 4290 1637 4372 ad
1665 4291 1778 4372 col:

191 4362 465 4432 ligendum
519 4362 627 4432 divi
679 4360 823 4419 Petri
867 4362 1120 4432 vectigal,
1171 4360 1231 4419 lit
1270 4360 1668 4432 mentiogepist.
1709 4360 1782 4416 52

191 4430 283 4487 lib.
346 4448 428 4495 ιι.
490 4441 547 4487 et
592 4430 664 4486 ΛΞ
718 4433 813 4488 lib.
882 4448 966 4489 ιιι.
1017 4430 1176 4501 Quod
1227 4441 1409 4487 autem
1460 4430 1780 4488 Gnillelmus

195 4505 465 4558 Danorum
528 4503 648 4568 lege
698 4504 859 4571 pendi
923 4519 1161 4559 marcam
1203 4502 1565 4559 dimiditalam
1600 4501 1777 4570 jubet,

190 4574 406 4655 videtur
454 4572 863 4655 intelligendum
912 4575 980 4655 de
1028 4574 1257 4655 regibus
1301 4572 1489 4655 Danis,
1537 4574 1630 4644 qui
1680 4590 1780 4655 per

192 4643 399 4715 aliquot
457 4643 646 4698 annos
686 4644 835 4715 regni
902 4643 1122 4715 anglici
1162 4644 1406 4699 habenas
1463 4643 1772 4715 tenuerunt.

192 4713 431 4785 Quorum
474 4731 633 4780 unus,
666 4713 862 4785 nempe
908 4713 1154 4768 Kanutus
1170 4715 1409 4785 ‘primus
1447 4727 1540 4769 rex
1575 4713 1773 4782 Daciae,

192 4784 474 4853 Norvcgitc
520 4794 575 4838 et
604 4781 834 4854 Anglia},
862 4794 1140 4855 revertens
1169 4781 1363 4849 Roma,
1392 4798 1569 4855 quam
1600 4781 1776 4855 petie-

195 4857 407 4909 ratvoti
435 4869 622 4917 causa,
657 4868 801 4909 anno
839 4854 980 4910 1050
1021 4854 1235 4910 litteras
1281 4857 1350 4910 ad
1375 4854 1578 4923 Anglos
1601 4854 1773 4921 dedit,

190 4925 508 4995 praecipiens
542 4926 858 4980 universum
907 4939 983 4980 aes
1010 4925 1247 4983 alienum
1294 4924 1591 4995 solvi_ante
1630 4925 1774 4995 redif

192 4993 303 5049 tum
358 4993 520 5066 Suum
548 5013 562 5049 :
594 5006 650 5049 et
702 4995 895 5065 inquit,
946 4996 1214 5060 denarios,
1253 5011 1382 5066 quos
1411 4993 1653 5066 Romam
1700 4994 1773 5049 ad

1884 2467 2047 2536 ctigal
2075 2466 2220 2539 quod
2243 2482 2400 2539 reges
2428 2468 2636 2539 Anglia:
2666 2470 3308 2539 pensitabantannuatim
3341 2490 3485 2528 sum-

1885 2539 1989 2593 mis
2039 2536 2728 2615 pontiﬁcibnsliofnanis;
2761 2553 2993 2610 eamque
3032 2542 3101 2615 ob
3134 2559 3261 2615 rem
3322 2542 3481 2615 Angli

1883 2608 2174 2681 vernacule
2233 2608 2607 2678 appellabant»
2644 2608 2919 2681 Pitrspens
2984 2611 3067 2666 vel
3123 2608 3480 2681 Petrepencé,

1885 2679 2041 2748 quasi
2098 2693 2324 2748 pensum
2372 2694 2469 2733 seu
2505 2680 2789 2733 denarium
2829 2681 2997 2743 Petri,
3045 2691 3103 2743 ιιι
3153 2679 3377 2741 epistol.
3404 2685 3475 2740 32

1886 2747 2006 2819 l_ib.7
2047 2747 2107 2819 lt,
2166 2756 2221 2801 et
2253 2748 2575 2819 ﬁggrsupra.
2628 2747 2774 2803 Petri
2832 2750 3104 2805 Blesensis
3160 2752 3284 2819 156,
3345 2757 3477 2811 edit.

1886 2817 2184 2889 Parisiens.
2244 2815 2559 2885 1515(nam
2610 2819 2742 2889 edit.
2788 2818 3029 2889 Mogunt.
3087 2815 3358 2880 separavit
3412 2827 3482 2879 ab

1886 2886 2156 2959 epistolis,
2210 2898 2630 2959 semratamqtie
2678 2886 2953 2958 inseripsit
2999 2889 3370 2959 invectivam),
3424 2906 3478 2949 ei

1887 2958 2314 3030 capit._Auditis,
2350 2957 2423 3012 De
2446 2957 2857 3030 Prescription.’
2878 2959 2976 3014 lib.
3012 2975 3074 3026 ιι,
3098 2971 3155 3016 et
3181 2957 3364 3030 capit.
3396 2963 3477 3019 Ea

1884 3044 2023 3099 quis.
2062 3027 2135 3099 De
2156 3029 2412 3083 censibus
2443 3028 2536 3084 lib.
2567 3044 2655 3083 ιιι.

1957 3097 2026 3154 Ει
2074 3097 2220 3153 hunc
2270 3098 2488 3168 quidem
2553 3098 2839 3174 denarium
2887 3100 3056 3154 etiam
3107 3115 3228 3174 cum
3278 3102 3482 3174 Ang'i;e

1886 3175 2425 3242 regnumteneretut:
2443 3169 2745 3242 eptarehia.
2779 3184 2935 3242 reges
2979 3169 3481 3241 pcpendernnt’Ac

1889 3238 2159 3311 imprimis
2206 3238 2351 3311 lnas,
2390 3238 2824 3311 Occidentalium
2845 3238 3177 3311 'VAng'lo‘rum
3215 3256 3329 3303 rex.
3381 3260 3481 3297 an-

1886 3309 2015 3383 nuin
2044 3310 2257 3383 salutis
2298 3310 2518 3383 circiter
2547 3309 2693 3383 740;
2724 3309 3049 3383 {Erit-uirus
3085 3311 3169 3367 vel
3205 3313 3483 3383 Adull‘(ut

1887 3380 2152 3457 scribitur
2182 3380 2274 3434 lib.
2310 3395 2370 3433 ιιι
2415 3380 3095 3457 (Ζιιιοιιίο.⁸Ειιις³Ιυνιξι;άί,
3144 3397 3264 3457 cap.
3300 3384 3343 3457 ﬁ
3371 3380 3480 3455 (iti-

1888 3451 2010 3505 dem
2063 3449 2485 3523 Westsasonum
2534 3465 2628 3523 seu
2674 3449 3106 3523 Occidentaliiim
3172 3449 3472 3523 Anglorum

1887 3535 2030 3575 anno
2060 3520 2187 3583 855,
2215 3530 2274 3575 nt
2298 3523 2528 3592 Asserns
2554 3519 2983 3591 Syreburnensis
3015 3523 3181 3592 (nunc
3222 3519 3475 3579 Siresbe-

1889 3592 2109 3662 riensem
2141 3591 2349 3661 dicunt)
2377 3590 2684 3662 cpisc0pns,
2718 3592 2771 3645 in
2826 3590 3059 3648 Historia
3115 3592 3318 3649 Ell'redi
3370 3598 3480 3650 An-

1888 3660 2243 3729 glosaxonnm
2295 3660 2475 3731 regis,
2519 3660 2740 3716 tradidit
2788 3662 2938 3719 hisce
2985 3664 3200 3719 litteris.
3237 3682 3256 3714 ι
3298 3664 3481 3720 Romae

1888 3746 2104 3803 quoque
2152 3732 2297 3787 omni
2341 3748 2483 3787 anno
2514 3748 2768 3801 magnam
2806 3748 2904 3801 pro
2947 3736 3125 3788 anima
3171 3750 3266 3788 sua
3315 3750 3481 3803 pecu-

1892 3802 2057 3864 niam.
2089 3802 2139 3857 id
2174 3813 2260 3857 est
2290 3818 2383 3858 ccc
2410 3818 2726 3858 mancussas
2761 3813 2982 3871 portare
3016 3805 3310 3873 praecepit;
3359 3820 3481 3873 qua:

1890 3873 2073 3927 taliter
2127 3873 2198 3928 ibi
2254 3873 2625 3929 dividerentur
2660 3875 2933 3937 :seilicet,
2986 3890 3015 3930 c
3059 3889 3377 3928 mancussas
3427 3877 3479 3928 iu

1887 3942 2151 3998 honorem
2222 3944 2395 3997 sancti
2462 3944 2607 3998 Petri
2671 3944 2980 4013 specialiter
3047 3943 3115 3996 ad
3187 3945 3479 4013 emendum

1886 4013 2086 4076 oleum,
2136 4029 2245 4081 quo
2277 4013 2600 4081 impleantur
2640 4012 2823 4067 omnia
2857 4013 3149 4066 luminaria
3203 4012 3350 4065 illius
3390 4028 3481 4067 ec-

1887 4082 2068 4136 clesia:
2098 4083 2148 4135 in
2181 4098 2402 4150 vespera
2447 4081 2705 4147 Paschte;
2734 4093 2787 4135 et
2814 4098 2844 4137 c
2876 4097 3193 4135 mancussas
3224 4082 3274 4135 in
3302 4084 3472 4135 hono-

1886 4166 2004 4206 rem
2038 4152 2211 4206 sancti
2252 4150 2424 4213 Pauli,
2476 4152 2663 4205 eadem
2714 4151 3024 4205 conditione
3061 4152 3128 4205 ad
3171 4154 3473 4219 parandum

1884 4222 2064 4293 oleum
2116 4221 2168 4293 in
2227 4219 2694 4293 ecclesiarSancti
2744 4222 2895 4293 Pauli
2958 4221 3213 4293 apostoli,
3266 4223 3334 4277 ad
3380 4224 3495 4277 im--

1885 4291 2080 4361 plenda
2137 4291 2422 4347 luminaria
2472 4292 2525 4347 in
2575 4307 2796 4361 vespera
2852 4291 3112 4354 Pascinc.
3156 4306 3209 4348 et
3253 4295 3306 4348 in
3349 4296 3473 4362 galli

1884 4372 2049 4445 cantu
2071 4378 2149 4445 λς
2177 4378 2390 4445 quoque
2415 4378 2735 4445 mancussas
2759 4364 3055 4445 venerabili
3081 4380 3232 4445 papa;
3258 4376 3477 4445 aposto-

1884 4433 2013 4489 lico.
2046 4452 2066 4487 s
2100 4433 2243 4491 Pene
2269 4433 2478 4503 singula
2523 4434 2699 4489 Assiri
2746 4435 2908 4489 verba
2962 4433 3223 4490 Florentii
3258 4433 3475 4503 Wigor-

1884 4454 2013 4489 ιιεο.
2046 4454 2066 4487 D
2100 4454 2243 4491 rene
2269 4454 2478 4503 smguta
2523 4454 2699 4489 ASSII'I
2746 4454 2908 4489 νειοιι
2962 4454 3223 4490 l'l0l‘8lllll
3265 4454 3342 4486 “'l
3385 4454 3458 4489 or-

1883 4504 2073 4561 nensis
2094 4505 2413 4575 perscripsit
2439 4504 2722 4563 Chronic.
2752 4506 2947 4575 pagina
2975 4505 3082 4560 300
3104 4505 3321 4562 Guillel.
3350 4454 3458 4559 glal

1883 4575 2272 4632 mesberiensis
2322 4574 2418 4629 lib.
2468 4589 2505 4629 ιι
2552 4575 2628 4647 De
2676 4574 3057 4647 Beg.’Anglis,
3101 4592 3230 4647 cap.
3272 4577 3328 4639 2,
3363 4592 3478 4632 rem

1884 4654 2056 4700 totam
2102 4647 2319 4701 brevius
2360 4654 2414 4700 et
2460 4646 3032 4712 specialins’ahsolvit
3065 4666 3078 4702 :
3115 4646 3362 4706 Romam.
3396 4648 3476 4701 iti-

1880 4716 2343 4788 quitgcomposito
2398 4731 2556 4788 regno
2612 4716 2726 4781 ivit,
2785 4718 2959 4788 ibique
3003 4718 3281 4788 tributum,
3330 4716 3475 4787 quod

1878 4781 2075 4856 Anglia
2102 4781 2358 4856 hodieque
2383 4781 2631 4853 pensitat,
2659 4799 2840 4843 sancto
2870 4781 3049 4843 'Petro
3078 4787 3264 4841 obtulit
3295 4781 3476 4840 coram

1878 4855 2051 4927 Leone
2072 4873 2210 4927 papa
2239 4855 2451 4927 quarto.

1949 4925 2265 4984 Mancussas
2305 4934 2487 4981 autem
2537 4942 2681 4983 nunc
2705 4937 3036 4984 memoratas
3064 4926 3334 4997 Rogerius
3363 4927 3479 4983 Ho-

1876 4997 2122 5053 nedenus
2171 4997 2442 5068 appellant
2493 4999 2813 5068 nimicitias;
2869 5008 2920 5068 et
2982 4996 3479 5055 Malmesbcriensis

193 5075 432 5139 sanetum
485 5062 699 5119 Petrum
734 5060 949 5139 debetis,
999 5068 1105 5120 sive
1159 5060 1513 5139 spiritibus,
1560 5066 1666 5120 sive
1708 5080 1775 5118 ea:
1803 5060 1852 5121 D
1877 5068 2125 5139 proxime
2156 5060 2385 5123 m'a'rcas.
2411 5068 2482 5121 At
2530 5060 2847 5139 Guillelmus
2877 5067 3213 5125 Lamberdus
3253 5070 3477 5126 scholiis

191 5135 350 5189 villis.
390 5134 499 5191 llas
531 5145 713 5189 autem
762 5135 970 5189 litteras
1015 5152 1161 5190 anno
1185 5135 1327 5191 l052
1374 5136 1605 5203 scriptas
1647 5149 1771 5190 esse

191 5207 469 5275 memoriae
516 5206 663 5260 dedit
710 5204 1004 5275 lngnlphus
1056 5206 1225 5261 abbas
1268 5204 1671 5261 Croilendensis
1714 5205 1769 5259 in

188 5290 283 5329 sun
344 5273 625 5346 Historia,
673 5273 796 5346 ubi'
823 5274 1093 5345 integrum
1139 5290 1340 5346 earnm
1394 5277 1767 5346 apographum

186 5347 498 5415 exscripsit,
529 5344 839 5413 religiosam
874 5343 1092 5416 quoque
1135 5343 1330 5401 Kanuti
1374 5343 1769 5416 peregrinatio~

191 5431 313 5470 nem
368 5418 709 5479 denarravit;
768 5429 867 5471 nec
919 5431 1023 5470 non
1070 5416 1411 5470 Malmesber.
1462 5416 1556 5470 lib.
1609 5431 1647 5469 ιι
1694 5416 1770 5469 De

188 5486 403 5554 regibus
430 5487 701 5558 Anglor.._
726 5501 847 5558 cap:
899 5485 996 5558 ιι;
1032 5486 1241 5558 Honed.
1274 5486 1764 5558 Annaliunipriori

223 5567 361 5627 arte,
409 5554 553 5612 anno
604 5554 1006 5627 105l;'Polyd.
1040 5557 1141 5627 lib.
1191 5569 1265 5627 vit
1293 5555 1477 5627 ~Augl.
1521 5554 1764 5627 llisto_r.;

235 5625 355 5680 ilius
400 5628 451 5681 in
501 5627 802 5693 Chronic.;
842 5625 1062 5684 Henric.
1101 5625 1325 5683 Huntid.
1373 5625 1468 5681 lib.
1524 5642 1618 5681 v1:
1658 5625 1771 5681 Rea:

188 5712 307 5768 vero
358 5694 521 5763 Cant,
572 5697 771 5768 inquit,
818 5696 1045 5768 Romani
1087 5694 1358 5768 splendide
1412 5697 1689 5767 perrexit:
1720 5708 1768 5752 et

186 5766 567 5838 eleemosynam
596 5766 715 5839 qua:
734 5779 969 5839 avocatur
995 5766 1261 5839 Iioniscot,
1291 5766 1451 5834 quain
1478 5779 1771 5839 antecesso-

191 5852 271 5889 res
308 5839 391 5910 sui
416 5835 684 5896 'dederant
718 5836 973 5895 Ecclesia:
1008 5835 1281 5905 Romanis,
1312 5839 1606 5910 perenniter
1640 5838 1769 5894 assi-

186 5908 383 5977 enavit.

1878 5141 1948 5193 ad
1979 5150 2189 5193 veteres
2225 5139 2500 5194 Saxonum
2529 5138 2677 5207 leges
2704 5138 2901 5193 asserit
2924 5139 3227 5195 manculam
3250 5150 3305 5196 et
3329 5157 3477 5195 mar-

1876 5224 1996 5263 cam
2020 5210 2208 5277 eadem
2240 5223 2380 5272 esse,
2409 5223 2601 5277 nempe
2631 5223 2909 5264 nummum
2936 5211 3201 5266 valentem
3228 5226 3337 5266 xxx
3374 5210 3467 5265 de-

1877 5276 2214 5351 nariis._Sed
2239 5280 2307 5332 de
2339 5280 2422 5351 his
2474 5276 2657 5343 nimis,
2698 5294 2820 5351 cum
2873 5280 3183 5351 Anglicante
3230 5283 3474 5338 historia

1876 5347 2284 5422 studiosissilit
2308 5349 2517 5402 notiora
2543 5362 2707 5422 quam
2737 5347 3061 5407 luctilent—ins
3094 5353 3470 5422 eaplauarem.

1876 5418 2196 5474 Necessario
2224 5418 2779 5493 tamen__explauatius
2811 5422 2924 5477 haac
2946 5418 3226 5479 observavi
3251 5432 3473 5493 propter

1874 5494 2161 5560 quosdam,
2194 5506 2280 5544 me
2312 5489 2568 5545 audiente
2591 5491 2888 5548 referentes
2928 5494 3066 5549 hanc
3114 5489 3324 5549 dena—vii
3354 5489 3487 5548 lto--

1875 5561 2019 5635 mani
2049 5560 2466 5635 pensitationem
2514 5562 2581 5635 ad
2621 5560 2845 5618 Joannis
2882 5564 3178 5634 vulgariter
3215 5564 3468 5635 appellati

1872 5632 1983 5687 sine
2011 5644 2152 5687 terra
2178 5672 2194 5699 ,
2227 5633 2371 5704 regis
2397 5632 2633 5703 Anglice,
2667 5644 2930 5704 tempora,
2960 5632 3299 5704 quanquam
3318 5647 3470 5690 utra-

1874 5719 1980 5773 que
2014 5705 2085 5759 sit
2114 5718 2179 5759 ει
2207 5703 2472 5758 diametro
2493 5705 2743 5774 opposita
2769 5723 2783 5757 :
2816 5707 2930 5769 haec
2957 5703 3101 5759 enim
3128 5703 3336 5768 coacta,
3379 5705 3469 5761 illa

1873 5785 2176 5854 spontanea
2203 5775 2326 5844 fuit,
2354 5783 2413 5831 ut
2433 5779 2646 5846 prolixe
2666 5786 2854 5831 narrat
2876 5774 3061 5829 Matth.
3088 5775 3307 5830 Parisin
3326 5776 3463 5831 llist.

1876 5860 2008 5913 may.
2020 5862 2095 5901 re.
