4028 6302
555 382 660 437 123

1205 381 1260 437 S.
1293 380 1595 435 ANSELMI
1622 380 1976 440 CANTUAR.
2008 379 2329 439 AllCIIIEP.
2354 378 2502 436 OPP.
2531 380 2707 435 PARS
2728 379 2813 434 III.
2838 410 2906 420 —
2933 378 3314 438 EPISTOLIE.

3722 385 3838 441 191

553 516 674 557 eam
706 509 885 554 teneat
922 499 973 553 in
1008 514 1163 552 manu
1196 514 1314 552 mea
1348 499 1522 554 donec
1551 499 1791 566 redeam,
1837 508 1892 554 et
1919 499 2135 553 interim
2164 480 2212 539 Α
2242 510 2365 550 cere
2395 496 2583 564 nequit
2614 494 2715 549 nisi
2744 502 2838 549 aut
2875 509 2905 548 a
2951 494 3106 549 vobis
3153 503 3249 549 aut
3281 494 3347 551 ab
3375 494 3572 552 abbate
3607 495 3835 552 Carno-

559 590 801 646 inveniat
850 589 939 659 qui
990 590 1041 642 in
1084 602 1148 642 ea
1196 588 1417 643 serviat.
1467 586 1823 656 Omnipotens
1875 587 2139 642 Dominus

553 698 652 739 vos
672 692 726 737 et
752 690 931 737 vestra
961 680 1059 735 sub
1084 697 1180 735 sua
1211 682 1385 752 gratia
1424 680 1717 746 custodiat,
1769 688 1825 734 et
1853 695 1950 735 vos
2002 694 2140 734 sem-

552 790 651 846 per
675 772 745 809 “3
768 774 820 829 in
847 774 986 827 viam
1015 772 1205 826 salutis
1232 773 1447 843 dirigat.
1479 773 1671 826 Amen.
1696 772 1788 825 “9.

978 862 1310 917 EPISTULA
1339 862 1602 917 LXXXVI
1624 861 1715 916 ⁸¹⁰.

760 969 987 1010 ANSELMI
1016 968 1084 1007 AD
1109 968 1378 1007 HE‘XRICUM
1410 968 1584 1007 REGIS)!
1619 965 1922 1008 ANGLORUI.

869 1040 1184 1096 Gratulatur
1210 1041 1318 1111 regi
1343 1041 1407 1095 de
1444 1057 1499 1095 se
1537 1040 1784 1095 sollicito.

618 1137 731 1193 Suo
791 1134 1112 1191 charissimo
1160 1134 1379 1190 domino
1426 1134 1708 1201 ﬂammeo,
1755 1132 1991 1204 glorioso
2027 1132 2138 1202 regi

553 1229 879 1300 Anglorum,
909 1228 1211 1293 Aussuws,
1243 1226 1688 1294 archiepiscopus
1711 1222 2043 1287 Cantuarios,
2075 1221 2138 1275 ﬁ-

555 1322 677 1377 dele
715 1321 995 1377 servitium
1032 1335 1156 1376 cum
1199 1317 1557 1373 orationibus.

631 1413 851 1469 Gratias
901 1428 1126 1484 magnas
1152 1427 1254 1483 ago
1284 1410 1589 1466 celsitudini
1613 1416 1806 1465 vestra:
1833 1423 1932 1478 pro
1955 1421 2141 1463 amore

552 1521 749 1576 magno
815 1519 974 1575 quem
1015 1519 1144 1574 erga
1187 1496 1277 1559 me
1312 1518 1410 1559 vos
1465 1503 1663 1558 habere
1709 1500 2045 1565 ostendistis,
2086 1507 2142 1553 et

549 1597 765 1669 propria
824 1597 1185 1651 sollicitudine
1236 1612 1398 1666 quam
1434 1595 1498 1650 de
1550 1609 1638 1649 me
1681 1593 1823 1649 sicut
1875 1592 1944 1647 de
1999 1591 2141 1646 ﬁdeli

550 1701 735 1744 vestro
769 1689 1001 1755 habetis,
1035 1688 1320 1743 scilicetne
1349 1687 1400 1742 in
1435 1686 1627 1743 itinere
1659 1686 1895 1756 inctepto
1919 1694 2143 1756 propter

551 1778 978 1833 imbecillitatem
1011 1787 1065 1832 et
1114 1776 1486 1831 inﬁrmitatem
1546 1776 1791 1846 corporis
1835 1776 1940 1830 mei
1970 1775 2139 1830 nimio

2241 586 2381 643 tensi
2414 585 2693 640 absolutus
2725 583 2907 639 luerit.
2953 582 3277 641 Consideret
3322 585 3484 656 igitur
3532 588 3837 657 prudentia

2238 688 2419 733 vestra
2451 677 2575 746 quia
2611 691 2714 731 non
2738 676 2956 745 expedit
2994 691 3095 732 nec
3147 677 3302 731 decet
3347 692 3443 732 vos
3496 678 3729 734 abbates
3772 692 3843 735 ut

2239 770 2475 825 animam
2500 769 2620 841 eius
2647 768 2878 839 quisque
2902 768 3004 822 sibi
3040 768 3307 824 trahendo
3333 769 3625 837 seindatis,
3651 770 3753 825 sed
3778 770 3840 825 in

2237 862 2393 917 vobis
2421 876 2541 917 esse
2560 870 2863 915 maternam
2889 859 3164 929 pietatem,
3198 868 3253 916 et
3282 860 3403 930 plus
3455 875 3552 916 vos
3600 860 3843 933 diligere

2240 951 2475 1007 animam
2506 950 2737 1022 proximi
2768 966 2928 1022 quam
2952 951 3223 1022 propriam
3252 951 3582 1007 voluntatem
3640 963 3847 1009 osten-

2239 1042 2405 1099 datis.
2460 1041 2551 1097 llle
2578 1042 2721 1097 enim
2746 1057 2804 1098 sc
2835 1042 3008 1113 magis
3034 1042 3268 1097 ostendit
3291 1056 3413 1098 esse
3442 1051 3701 1109 matrem,
3736 1043 3837 1113 qui

2240 1136 2385 1192 dicet
2405 1136 2558 1190 alteri
2593 1152 2606 1189 :
2641 1135 2847 1191 Habeto
2906 1144 2961 1191 tu
2989 1135 3136 1192 solus
3182 1134 3445 1192 infantem
3474 1136 3692 1200 vivum',
3731 1153 3841 1192 nec

2241 1227 2401 1282 ambo
2439 1240 2562 1282 eum
2590 1227 2933 1290 occidamns,
2960 1236 3020 1280 ut
3046 1241 3168 1281 cum
3199 1226 3409 1281 venerit
3456 1240 3619 1280 verus
3672 1224 3845 1280 Salo-

2240 1332 2389 1383 mon,
2432 1317 2612 1373 dicat:
2647 1314 2782 1372 Date
2805 1316 2925 1370 huic
2951 1315 3204 1385 infantem
3235 1315 3432 1381 vivum,
3457 1314 3567 1368 lucc
3590 1324 3664 1369 est
3694 1315 3845 1369 enim

2240 1421 2407 1465 mater
2443 1410 2579 1480 ejus.
2622 1408 2758 1464 Nam
2789 1424 2913 1464 vera
2960 1416 3139 1463 mater
3201 1406 3409 1462 mavult
3464 1406 3632 1461 ﬁlium
3671 1422 3843 1461 suum

2242 1502 2295 1556 in
2330 1502 2505 1557 alieno
2552 1502 2671 1558 sinu
2700 1501 2902 1565 vivere,
2928 1516 3090 1571 quam
3127 1500 3179 1554 in
3212 1514 3311 1555 suo
3354 1508 3601 1554 mortuus
3624 1496 3844 1553 fovere.

2242 1595 2440 1652 Notum
2489 1607 2666 1652 autem
2714 1595 2786 1651 sit
2810 1594 3087 1652 sanctitati
3131 1602 3325 1649 vestra:
3370 1592 3495 1663 quia
3538 1591 3683 1647 sicut
3744 1607 3845 1647 co—

2242 1702 2507 1759 gnoscere
2560 1687 2737 1757 potui,
2769 1686 2943 1757 magis
2998 1685 3213 1757 expedit
3251 1693 3473 1756 propter
3493 1683 3677 1754 plures
3704 1698 3843 1737 cau-

2243 1799 2331 1839 sas
2356 1799 2477 1839 eum
2508 1780 2727 1839 Carnoti
2762 1793 3045 1835 remanere
3099 1792 3262 1848 quam
3314 1775 3382 1831 ad
3436 1790 3539 1831 vos
3560 1789 3843 1830 remeare.

550 1870 752 1926 laboris
772 1870 1081 1941 gravamine
1109 1868 1377 1924 deﬁciam.
1404 1867 1631 1938 Sedjatn
1661 1883 1830 1939 usque
1858 1868 1912 1922 in
1944 1867 2135 1922 vallem
2171 1847 2215 1901 Β
2244 1876 2427 1944 Unde,
2471 1876 2515 1931 si
2545 1875 2819 1938 auderem,
2856 1870 3101 1941 religioni
3136 1880 3330 1925 vestrm
3355 1867 3693 1925 consulendo
3718 1884 3847 1939 sng-

549 1959 842 2015 Morianna:
868 1960 935 1991 ⁸η
964 1974 1285 2030 progressus
1316 1972 1487 2025 eram,
1514 1958 1729 2028 quando
1773 1965 2006 2013 vestram
2046 1972 2140 2013 su-

550 2052 698 2121 scepi
734 2050 1040 2121 epistolam,
1070 2051 1213 2104 unde
1247 2049 1399 2104 timui
1434 2064 1500 2103 ne
1525 2049 1746 2104 domino
1776 2044 1927 2119 papa:
1955 2048 2139 2118 displi-

549 2153 700 2199 ceret
730 2143 798 2211 si,
828 2151 975 2198 tanla
1025 2149 1181 2211 parte
1224 2140 1438 2195 itineris
1472 2139 1710 2209 perfecta
1732 2180 1748 2206 ,
1777 2154 2139 2207 remanerem,

550 2242 607 2290 c'.
638 2234 843 2289 nullum
868 2235 1000 2289 mihi
1031 2248 1354 2305 responsum
1399 2248 1495 2303 per
1540 2233 1749 2302 legatos
1779 2232 2005 2296 faceret,
2034 2232 2139 2286 nisi

553 2326 621 2380 ad
651 2340 796 2390 eum,
830 2324 970 2379 sicut
996 2324 1218 2393 inccrpi,
1279 2323 1392 2392 ipse
1432 2323 1773 2393 pervenirem
1824 2321 1913 2376 δι’.
1971 2320 2142 2378 Didici

552 2414 698 2471 enim
725 2428 822 2485 per
839 2414 1221 2486 Iittcras,quas
1245 2414 1375 2469 mihi
1401 2430 1495 2485 per
1516 2414 1792 2471 Tiberium
1822 2413 1992 2482 misit,
2017 2414 2142 2484 quia

559 2508 604 2563 si
638 2507 895 2577 possibile
943 2517 1091 2563 esset
1132 2507 1365 2563 libenter
1414 2524 1627 2565 mecum
1684 2509 2001 2578 loqueretur
2051 2507 2139 2561 δι’.

555 2597 801 2667 Sperans
831 2598 1017 2669 itaque
1044 2599 1098 2653 in
1148 2600 1279 2666 Deo,
1305 2599 1602 2655 secundum
1629 2602 1771 2670 quod
1814 2601 1867 2656 in
1901 2617 1987 2656 me
2021 2617 2149 2658 seu-

555 2688 754 2743 tiebam
774 2698 830 2743 et
854 2689 919 2744 de
949 2689 1273 2759 itinerejam
1301 2701 1522 2760 peracto
1548 2700 1806 2762 expertus
1829 2693 2143 2764 eram,quia

553 2777 793 2834 laborem
837 2778 1056 2836 itineris
1078 2796 1291 2852 possem
1322 2782 1653 2849 subsistere;
1684 2785 1829 2855 quod
1876 2786 2002 2856 quia
2056 2801 2145 2841 me

552 2884 661 2925 non
700 2882 860 2939 posse
889 2869 1186 2938 timebatis,
1212 2887 1298 2928 me
1320 2888 1603 2930 remanere
1622 2874 1889 2931 volebatis
1912 2916 1928 2943 ,
1951 2876 2143 2932 existi-

554 2960 697 3015 mavi
727 2960 927 3017 bonum
953 2978 1073 3018 esse
1096 2979 1193 3033 per
1220 2965 1485 3035 mcipsum
1517 2967 1622 3021 hoc
1664 2981 1764 3036 pro
1817 2981 1925 3036 quo
1952 2967 2142 3035 Anglia

548 3053 717 3120 exivi,
742 3053 883 3109 sicut
933 3056 1208 3125 preposui,
1246 3055 1532 3125 perﬁcere,
1592 3055 1693 3111 nisi
1754 3057 1891 3112 forte
1944 3058 2147 3129 aliquid

552 3143 859 3198 obviaverit
881 3145 967 3199 cui
1001 3144 1399 3201 rationabiliter
1420 3162 1683 3217 nequeam
1710 3149 1986 3215 resistere.
2010 3149 2142 3206 0111-

556 3236 807 3306 nipotens
867 3237 1009 3292 Deus
1059 3238 1140 3294 sic
1194 3246 1436 3293 vestrum
1487 3256 1713 3311 regnum
1776 3249 2048 3297 terrenum
2091 3244 2143 3300 in

554 3327 753 3399 gaudio
781 3338 962 3385 vestro
990 3330 1082 3385 diu
1132 3340 1281 3403 regat
1308 3339 1365 3387 et
1388 3333 1705 3389 corroboret
1734 3350 1896 3406 super
1920 3334 2146 3407 Anglos,

556 3428 617 3473 ut
648 3428 767 3489 post
797 3420 868 3452 ⁸²⁶
887 3422 1221 3479 Ιιαηοίγίιωιι
1242 3439 1342 3481 vos
1371 3440 1598 3497 regnare
1624 3425 1791 3483 faciat
1815 3428 1959 3485 inter
1984 3446 2148 3503 ange-

554 3515 655 3571 los.
676 3517 868 3573 Amen.

948 3629 1277 3688 EPISTOLA
1334 3632 1619 3690 LXXXVII
1663 3634 1754 3688 ⁸η.

841 3736 1063 3776 Δκδεωιι
1099 3740 1166 3777 ΑΙ)
1192 3740 1544 3781 GERONTONEI
1582 3743 1845 3783 ABBATEI.

557 3804 792 3863 Clericus
819 3809 874 3863 iu
894 3812 1101 3867 duabus
1126 3811 1377 3868 Ecclesiis
1412 3816 1688 3870 obstrictus
1710 3831 2039 3874 sacramenta
2063 3837 2144 3874 re-

628 3877 861 3959 ligionis,
905 3883 959 3935 in
1005 3899 1110 3953 qua
1137 3886 1318 3959 defeat
1367 3887 1623 3959 manere?
1666 3885 1892 3957 Expedit
1936 3900 2145 3959 propter

623 3951 801 4017 plures
829 3951 1159 4007 raritas—eum
1188 3953 1405 4009 Carnoti
1429 3972 1697 4011 remanere
1716 3951 1875 4012 quam
1920 3951 1988 4013 ἁιι
2032 3951 2146 4013 ’ϐε-

630 4030 898 4075 mntouem
932 4038 1184 4079 remeare.

623 4113 933 4177 Axsrtuus,
964 4130 1155 4173 servus
1203 4117 1458 4174 Ecclesia:
1514 4119 1959 4193 Cantuariensisf,
1992 4118 2163 4180 revc-‘

555 4204 729 4258 rendo
777 4205 959 4261 abbati
980 4218 1034 4261 et
1074 4209 1251 4265 amico
1274 4226 1372 4265 suo
1407 4211 1725 4269 Genosrom
1775 4213 1845 4247 ⁸⁸⁸
1890 4214 2142 4270 salutem.

550 4362 553 4365 δ
628 4292 859 4360 Quidam
893 4299 1211 4363 monachus,
1247 4300 1390 4355 sicut
1419 4301 1488 4356 ab
1533 4303 1625 4359 illo
1654 4304 1843 4370 didici,
1893 4304 2146 4375 alligatus

556 4384 809 4441 Ecclesia:
837 4395 1031 4443 vestra:
1063 4404 1161 4458 per
1204 4392 1490 4459 quamdam
1527 4394 1923 4465 professionem
1979 4413 2143 4467 quam

558 4476 612 4531 iu
638 4476 823 4532 habitu
854 4477 1093 4535 clericali
1126 4481 1280 4536 vobis
1305 4483 1457 4550 fecit,
1487 4494 1541 4539 et
1566 4484 1824 4541 similiter
1873 4496 2145 4543 monaste-

2242 1983 2485 2039 gereretn
2508 1976 2774 2037 quatenus
2799 1979 2894 2020 vos
2917 1979 3023 2019 non
3050 1962 3269 2028 falsam,
3285 1962 3379 2018 sed
3399 1975 3577 2017 veram
3605 1970 3845 2016 matrem

2241 2072 2364 2113 esse
2386 2056 2711 2128 probaretis.
2752 2052 2960 2109 Valete.

2632 2141 2959 2199 EPISTOLA
3008 2138 3317 2195 LXXXVIII
3346 2139 3439 2195 δί’.

2452 2248 2680 2290 Ακδιῑωιι
2712 2249 2777 2287 AD
2801 2246 3068 2287 IIENRICUM
3097 2246 3270 2284 REGE.“
3322 2245 3628 2286 ANGLORUM.

2250 2305 2394 2371 Quid
2432 2305 2749 2374 responderit
2777 2319 2910 2374 papa
2932 2302 3006 2374 nd
3021 2300 3315 2374 consultum
3338 2303 3402 2354 de
3417 2302 3846 2374 sacerdotiorum

2320 2370 2629 2439 collatione;
2649 2370 2890 2443 quodque
2907 2370 3183 2425 Anselmus
3212 2385 3361 2439 papa!
3382 2371 3451 2424 sit
3472 2372 3777 2441 periturus.

2316 2466 2428 2520 Suo
2451 2464 2750 2519 reverendo
2769 2462 2989 2517 domino
3009 2461 3247 2516 lienatco
3268 2460 3379 2531 regi
3407 2460 3715 2531 Anglorum
3741 2461 3849 2516 Au-

2246 2572 2446 2613 ssrnus
2462 2555 2873 2612 Cantuaricusis
2895 2552 3531 2624 archiepiscopus,ﬁdcle
3553 2554 3845 2610 servitium

2246 2663 2368 2703 cum
2399 2647 2769 2702 orationibus.

2317 2740 2577 2807 Qamvis
2604 2754 2700 2811 per
2726 2737 3061 2794 Willelmum
3086 2738 3151 2793 de
3181 2736 3507 2793 Warelwast
3538 2737 3609 2771 ⁸⁸⁸
3641 2752 3849 2808 cOgno-

2246 2834 2414 2889 scatis
2440 2834 2568 2904 quid
2635 2832 2819 2888 Romae
2863 2831 3180 2895 fecerimus,
3223 2840 3404 2887 tamen
3440 2831 3585 2902 quod
3639 2832 3711 2886 ad
3761 2847 3849 2887 me

2248 2924 2507 2991 pertinet,
2532 2921 2772 2975 breviter
2800 2921 3109 2975 ostendam.
3143 2920 3371 2976 Romam
3404 2920 3560 2984 veni,
3614 2935 3849 2977 causam

2249 3028 2348 3083 pro
2370 3028 2479 3083 qua
2509 3027 2771 3068 veneram
2801 3013 3022 3068 domino
3054 3027 3206 3083 papae
3243 3015 3490 3084 exposui.
3540 3012 3853 3084 Respondit

2251 3121 2310 3162 se
2340 3120 2688 3177 nequaquam
2718 3105 2857 3161 velle
2889 3106 3183 3162 dissentire
3206 3122 3237 3161 a
3271 3106 3490 3162 statutis
3520 3114 3848 3162 antecesso-

2172 3208 2214 3266 ο
2250 3214 2367 3269 rum
2393 3213 2637 3263 suorum,
2667 3206 2722 3253 et
2769 3198 2992 3269 insuper
3044 3199 3301 3269 prtecepit
3351 3198 3485 3254 mihi
3519 3207 3579 3253 ut
3637 3199 3851 3255 nullam

2251 3290 2418 3362 399
2439 3290 2699 3345 haberem
2721 3290 3157 3347 communionem
3180 3305 3302 3346 cum
3333 3289 3439 3346 illis
3458 3290 3548 3359 qui
3582 3291 3653 3345 de
3682 3306 3851 3345 manu

2247 3393 2429 3439 vestra
2446 3382 2516 3418 “'
2545 3383 2893 3439 investituras
2932 3391 3256 3452 acceperunt
3287 3381 3677 3446 Ecclesiarum,
3727 3394 3853 3453 post

2250 3473 2412 3543 huius
2444 3473 2828 3545 probibitionis
2873 3473 3143 3538 notitiam,
3175 3473 3275 3529 nisi
3300 3472 3683 3543 pmnitentiam
3713 3487 3849 3544 age-

2246 3576 2392 3633 rent,
2438 3575 2493 3622 et
2523 3566 2642 3622 sine
2689 3581 2785 3637 spe
2837 3564 3269 3636 recuperationis
3322 3565 3467 3635 quod
3516 3574 3853 3634 acceperant

2246 3658 2588 3721 desererent,
2628 3671 2803 3726 neque
2835 3671 2956 3711 cum
2985 3655 3254 3724 episcopis
3305 3654 3398 3725 qui
3456 3652 3590 3709 tales
3649 3668 3855 3709 conse-

2247 3757 2490 3817 crarunt,
2520 3750 2621 3805 nisi
2676 3750 2744 3805 ad
2797 3748 3107 3820 apostolicae
3142 3745 3565 3821 sedisjudicium
3596 3762 3659 3802 se
3699 3763 3853 3817 pnt-

2248 3840 2649 3899 sentarent‘".
2702 3841 2909 3897 Horum
2962 3840 3206 3896 omnium
3262 3840 3418 3894 testis
3476 3845 3661 3908 potest
3720 3852 3855 3893 esse

2245 3936 2537 4008 praedictus
2554 3933 2884 3999 Willelmus,
2905 3933 2951 3989 si
2978 3933 3112 3988 vult.
3144 3930 3245 3999 Qui
3268 3929 3592 3997 Willelmus,
3626 3931 3856 4000 quando

2247 4029 2317 4084 ab
2347 4028 2576 4084 invicem
2602 4026 2976 4089 discessimus,
3007 4039 3076 4080 ex
3105 4032 3287 4079 vestra
3325 4030 3483 4093 parte
3507 4036 3857 4077 commento.

2248 4136 2377 4176 rans
2402 4134 2645 4175 amorem
2675 4126 2732 4173 et
2752 4117 3140 4186 benignitatem
3173 4129 3333 4185 quam
3365 4126 3582 4184 semper
3596 4127 3733 4184 erga
3766 4127 3856 4166 me

2246 4209 2815 4277 babuistis,subtnovit
2831 4223 2916 4262 me
2943 4208 3085 4263 sicut
3109 4206 3575 4276 archiepisconum
3601 4212 3857 4258 vestrum

2245 4315 2305 4360 111
2332 4307 2493 4362 talem
2530 4320 2617 4360 me
2646 4302 2882 4358 facerem
2913 4310 3185 4371 quatenus
3219 4299 3303 4355 sic
3335 4299 3597 4352 intrarem
3632 4296 3688 4351 in
3739 4299 3857 4350 An-

2247 4395 2431 4467 gliam,
2457 4403 2517 4450 ut
2544 4394 2624 4450 sic
2646 4407 2770 4448 esse
2796 4405 3009 4462 possem
3055 4388 3335 4444 vobiscum
3382 4387 3524 4442 sicut
3553 4384 3661 4439 fuit
3688 4396 3857 4439 ante-

2249 4501 2434 4541 cessor
2476 4500 2629 4541 meus
2658 4500 2780 4541 cum
2809 4491 2965 4555 patre
3007 4489 3224 4545 vestro,
3273 4487 3329 4534 et
3365 4493 3462 4533 vos
3510 4490 3599 4532 me
3653 4478 3856 4531 eodem

555 4570 639 4626 rio
668 4568 856 4625 Sancti
886 4570 1210 4643 Petri,quod
1226 4574 1447 4630 Carnoti
1467 4576 1630 4631 situm
1661 4577 1872 4643 est,ubi
1902 4579 2143 4635 habitum
2175 4557 2224 4617 Ῑ)
2254 4580 2459 4635 honore
2485 4590 2538 4634 et
2566 4578 2817 4633 libertate
2843 4574 3175 4639 tractaretis,
3207 4587 3313 4643 qua
3340 4579 3499 4640 pater
3536 4578 3720 4623 vester
3749 4585 3856 4623 an-

558 4663 808 4719 monachi
837 4667 1130 4738 assumpsit
1165 4683 1264 4738 per
1285 4668 1445 4724 aliam
1476 4670 1892 4742 professionem,
1924 4673 2056 4729 dicit
2081 4688 2142 4729 se

556 4755 866 4813 nullatenus
905 4772 1065 4829 posse
1093 4758 1295 4815 habere
1344 4761 1665 4819 solutionem
1710 4779 1740 4820 a
1768 4764 1923 4821 vobis
1963 4779 2140 4836 neque

558 4848 628 4901 ab
669 4847 866 4904 abbate
898 4847 1244 4912 Carnotensi,
1272 4858 1331 4903 ut
1358 4850 1441 4906 vel
1492 4850 1544 4907 in
1576 4852 1897 4909 Carnotensi
1943 4868 2136 4910 mona-

554 4938 724 4995 sterio
769 4939 854 4996 vel
880 4940 933 4995 in
956 4948 1138 4998 vestro
1167 4940 1403 4997 animam
1430 4957 1583 4999 suam
1632 4944 1831 5012 salvet;
1869 4947 2030 5015 quod!
2052 4947 2133 5002 fa-

2259 4679 2584 4735 tecessorem
2616 4682 2795 4724 meum
2828 4664 3103 4721 tractavit.
3138 4663 3197 4719 In
3244 4661 3442 4733 quibus
3467 4659 3652 4715 verbis
3688 4661 3859 4715 intel-

2250 4761 2359 4818 lexi
2390 4764 2517 4833 quia
2543 4762 2648 4818 nisi
2676 4778 2762 4818 me
2792 4761 2957 4816 talem
2983 4761 3244 4824 facerem,
3275 4755 3512 4833 reditum
3550 4769 3734 4809 meum
3800 4756 3856 4809 in

2245 4853 2493 4926 Angliam
2516 4869 2622 4909 non
2648 4852 2879 4908 velletis.
2898 4851 2976 4907 De
2996 4864 3183 4906 amore
3198 4848 3415 4918 quidem
3438 4858 3494 4902 et
3509 4844 3857 4917 benignitate

2244 4948 2450 5017 gratias
2474 4961 2598 5018 ago.
2624 4945 2740 5018 (21)
2778 4944 2846 5001 Ut
2878 4955 3056 5000 autem
3096 4944 3172 4998 ita
3218 4942 3322 4998 sim
3354 4941 3635 4998 vobiscum
3698 4940 3859 4996 sicut

1833 5038 2068 5095 VARI/IS
2109 5038 2523 5097 LECTIONES.

625 5120 700 5203 “f
728 5120 833 5177 Vos
857 5137 999 5208 nunc
1011 5133 1072 5208 _et
1091 5140 1306 5208 semper
1326 5143 1404 5181 ms
1421 5141 1517 5207 vos
1543 5141 1756 5208 semper

1862 5128 1933 5162 ⁸⁰⁹
1962 5129 2133 5186 Amen
2158 5149 2237 5185 ms
2262 5130 2453 5184 omittit
2534 5127 2605 5161 δίο
2632 5126 2764 5183 Cum
2779 5128 3068 5185 eodemms.
3087 5127 3281 5181 collata
3354 5124 3421 5158 ‘“
3449 5125 3705 5180 Mariana:
3740 5144 3854 5180 ms.

557 5190 858 5271 Mor-ianua:
919 5194 986 5225 δι’
1008 5190 1233 5271 Increpi,
1258 5197 1593 5271 pervenirem
1611 5190 1689 5251 ms
1717 5199 1913 5271 incoepi
1942 5201 2054 5269 ipse
2080 5201 2417 5270 pervenirem
2466 5199 2538 5271 δίξ
2568 5199 2693 5271 Mihi
2718 5200 2969 5271 loquerer
2993 5215 3070 5253 ms
3085 5213 3295 5271 mecum
3316 5197 3641 5271 loqueretur
3694 5196 3770 5271 f"
3788 5198 3859 5250 Et

556 5270 678 5332 post
702 5280 778 5316 ms
812 5272 867 5315 ut
891 5274 1012 5332 post
1100 5268 1169 5297 W’
1193 5265 1323 5321 Cum
1353 5268 1532 5322 eodem
1562 5284 1639 5321 ms
1664 5268 1856 5323 collata

1956 5265 2343 5341 “{A'nselmus
2391 5265 2828 5341 archiepiscopus
2875 5269 3081 5341 gout...
3108 5265 3511 5341 Qeroutinims
3547 5265 3857 5341 Anseln‘ms

556 5333 1021 5389 ServnsEeclesite
1037 5334 1510 5393 Cantuariensis...
1534 5337 1827 5394 Gerontani
1920 5340 1989 5372 ¹⁴¹⁷
2005 5338 2211 5395 Collata
2236 5356 2352 5394 cum
2373 5340 2551 5395 eodem
2571 5333 2649 5394 ius
2662 5350 2709 5395 et
2730 5333 2848 5395 'cum
2869 5338 3087 5394 Edmeri
3114 5337 3352 5391 Historia
3381 5336 3655 5398 Novarum
3676 5337 3849 5390 edita.

555 5402 631 5435 ⁵⁸⁸
664 5403 737 5457 De
767 5402 1113 5461 Warelimast
1136 5423 1215 5462 ms
1243 5416 1291 5461 et
1322 5405 1480 5462 Edm.
1512 5410 1580 5464 de
1611 5410 1938 5465 Warelwast

558 5483 955 5543 praesentarent

2041 5411 2109 5445 δί’
2138 5411 2297 5465 Manu
2327 5419 2508 5466 vestra
2536 5409 2695 5465 Edm.
2729 5427 2893 5467 manu
2924 5421 3013 5466 tua
3092 5409 3162 5441 ⁸²⁰
3183 5407 3659 5478 Reprarsentarent
3680 5406 3851 5461 Edm.

1756 5548 2042 5606 JOANNIS
2070 5549 2346 5608 PICARDI
2385 5549 2616 5609 NOTAE.
3436 5600 3439 5603 .

626 5633 743 5714 (21)
778 5637 850 5693 Ut
883 5648 1056 5695 autem
1083 5642 1352 5698 vobiscum
1368 5642 1469 5697 sim
1500 5642 1635 5697 sicut
1681 5651 1980 5714 antecessor
1999 5658 2145 5714 meus
2251 5645 2561 5709 sacerdotii,
2591 5644 2777 5714 virgae,
2811 5650 2904 5698 aut
2932 5642 3114 5699 annuli
3152 5640 3410 5714 pontiﬁcii
3439 5640 3564 5714 data
3596 5649 3852 5714 potestas

555 5704 656 5783 [uit
692 5704 810 5783 eum
835 5720 1198 5783 patregvestro,
1241 5714 1415 5783 facere
1462 5728 1567 5766 non
1610 5711 2147 5783 possumaGirgilIns

557 5778 697 5832 foret
719 5778 869 5832 hisce
893 5781 1073 5835 verbis
1100 5778 1279 5836 extric
1299 5782 1424 5836 udis
1440 5798 1471 5835 n
1486 5778 1670 5836 eccsSa
1681 5782 1811 5837 rius.
1840 5781 1975 5836 Cum
1991 5778 2143 5838 enim

552 5848 652 5904 sub
684 5850 841 5904 liuent
868 5849 1007 5905 illius
1034 5853 1249 5907 smeulia
1279 5852 1544 5907 millesimi
1577 5862 1858 5909 vocaretur
1884 5855 2146 5925 Simouia,

2252 5730 2281 5769 a
2314 5714 2450 5770 laico
2470 5708 2732 5785 principe,
2759 5708 2853 5769 sed
2900 5722 2958 5768 et
3001 5708 3306 5785 homa'gium
3337 5714 3418 5785 (ut
3447 5708 3607 5785 vulgo
3618 5708 3850 5785 loquar)

2251 5787 2426 5839 cidem
2457 5780 2679 5848 factum}
2710 5786 2791 5839 vel
2821 5784 3109 5854 quodpiam
3140 5780 3458 5850 obsequium
3482 5780 3738 5854 eiusdem
3761 5783 3851 5835 rei

2257 5857 2449 5927 gratia,
2491 5855 2755 5913 videbitur
2784 5851 3119 5911 Laufraneus
3143 5856 3239 5910 hac
3268 5868 3433 5923 purus
3466 5851 3697 5919 macula,
3727 5851 3850 5907 imo
