4028 6302
195 450 295 505 123

1337 445 1465 501 LIB.
1504 445 1587 511 111,
1616 445 1832 501 EPIST.
1865 445 2145 500 LXXXIX.

3365 445 3470 501 126

194 554 515 598 autecessor
537 556 691 596 meus
726 538 972 595 fuitcum
1001 548 1156 608 patre
1204 549 1408 606 vestro,
1446 539 1624 596 facere
1674 556 1781 595 non
1813 560 1857 615 Λ
1886 540 1989 595 hoc
2017 540 2159 609 quod
2193 553 2346 593 meus
2402 538 2663 606 humana,
2696 538 2944 610 quamvis
2963 538 3031 571 ⁸⁸⁸
3058 552 3156 594 suo
3194 550 3352 594 sensu
3384 538 3470 593 iu-

194 650 437 704 possum,
471 636 597 705 quia
625 649 723 690 nec
754 633 910 688 vobis
930 634 1238 704 homagium
1274 632 1475 697 facere,
1501 649 1603 689 nec
1636 635 1781 689 acci-

194 728 472 797 pientibus
501 728 567 782 de
616 742 776 781 manu
807 734 985 780 vestra
1036 726 1387 781 investituras
1416 726 1780 781 Ecclesiarum

193 826 418 888 propter
439 818 747 887 praedictam
763 816 1184 887 prohibitionem
1203 830 1287 871 me
1315 818 1566 873 audiente
1584 819 1780 874 factam

194 908 371 964 audeo
399 906 826 963 communicare.
857 905 1011 961 Unde
1054 921 1245 975 precor
1276 916 1334 962 ut
1369 908 1499 963 mihi
1520 919 1777 977 vestram,

194 997 240 1052 si
262 997 461 1067 placet,
489 995 758 1050 mandetis
782 994 1148 1062 voluntatem;
1180 1005 1361 1050 utrum
1390 997 1494 1062 sic,
1524 1000 1781 1067 quemad-

195 1087 413 1144 modum
443 1086 588 1151 dixi,
618 1085 823 1156 possim
858 1085 911 1140 in
945 1101 1079 1155 pace
1127 1095 1308 1163 vestra
1355 1098 1410 1144 et
1457 1087 1617 1145 ollicii
1671 1090 1777 1146 mei

193 1187 463 1249 potestate
490 1179 676 1235 redire
722 1178 775 1233 in
821 1178 1337 1250 Angliam.Paratus
1380 1182 1524 1236 enim
1554 1197 1674 1238 sum
1725 1192 1780 1239 et

191 1270 347 1326 vobis
393 1279 449 1326 et
494 1271 694 1343 popqu
729 1262 917 1326 divina
938 1271 1072 1327 mihi
1099 1271 1453 1342 dispositione
1487 1276 1778 1332 commisso

190 1357 351 1416 ofﬁcii
381 1361 485 1417 mei
519 1362 802 1417 servitium
852 1377 951 1433 pro
981 1362 1188 1419 viribus
1237 1371 1294 1419 et
1354 1365 1580 1422 scientia
1636 1384 1779 1437 mea,

191 1466 413 1513 servata
444 1458 511 1490 “'
544 1459 780 1530 regulari
832 1461 1163 1524 obedientia,
1214 1460 1445 1517 ﬁdeliter
1496 1461 1774 1516 exhibere.

190 1548 347 1616 Quod
368 1548 413 1604 si
441 1549 599 1605 vobis
620 1549 690 1581 ⁸²²
721 1566 828 1607 non
854 1550 1147 1621 placuerit,
1180 1559 1310 1621 puto
1355 1550 1483 1621 quia
1534 1551 1580 1605 si
1633 1552 1776 1621 quod

190 1640 499 1696 animarum
587 1641 970 1698 detrimentum
1047 1642 1173 1698 inde
1249 1642 1576 1712 contigerit,
1658 1658 1777 1697 mea

190 1730 350 1801 Culpa
405 1747 513 1788 non
579 1734 703 1789 erit.
760 1732 1117 1804 Omnipotens
1171 1733 1315 1788 Deus
1351 1734 1429 1787 sic
1483 1742 1672 1803 regnet
1722 1733 1773 1786 iu

188 1823 355 1878 corde
370 1831 556 1879 vestro
570 1832 737 1880 utvos
765 1838 863 1895 per
883 1824 1068 1881 omnia
1092 1824 1331 1895 regnetis
1356 1822 1409 1876 in
1442 1823 1613 1893 gratia
1637 1820 1771 1891 ejus.

188 1916 361 1971 Amen
394 1915 486 1968 ⁵1³.

602 2005 940 2064 EPISTOLA
977 2006 1244 2062 LXXXIX
1273 2008 1360 2061 m.

431 2140 656 2181 ANSELII
698 2141 765 2181 AD
803 2140 1045 2181 FRATRI-38
1081 2140 1532 2181 CANTUARIENSES.

189 2213 268 2270 De
297 2230 395 2270 ςιιο
422 2217 594 2271 reditu
620 2218 674 2272 in
697 2217 943 2288 Angliam
964 2234 994 2271 a
1023 2216 1487 2271 Cantuariensibus
1508 2214 1777 2271 monachis

833 2298 1125 2342 peroptato.

832 2304 1125 2358 peroptato.

256 2378 563 2445 Assscuus,
587 2378 1030 2451 archiepiscopus
1082 2378 1412 2446 Cantuarios,
1444 2378 1681 2434 dominis
1703 2379 1776 2411 δ”

188 2468 458 2525 fratribus
472 2478 530 2525 et
549 2468 676 2525 ﬁliis
699 2470 1037 2526 clarissimis
1063 2469 1117 2525 in
1142 2469 1346 2526 Christi
1371 2468 1613 2525 Ecclesia
1634 2469 1776 2525 Cané

190 2559 383 2614 marite
410 2560 867 2616 conversantibus
902 2560 1134 2616 salutem
1159 2567 1215 2615 et
1243 2559 1678 2615 benedictionem
1705 2560 1776 2595 ⁸²⁶

191 2648 314 2715 Dei,
340 2659 605 2715 et'suam,
635 2662 896 2720 quantum
924 2656 1105 2721 potest

265 2740 346 2796 De
371 2740 549 2795 reditu
576 2749 767 2795 nostro
797 2740 956 2795 dulce
991 2740 1321 2796 desiderium
1350 2749 1615 2806 vestrum,
1648 2741 1776 2810 quia

189 2833 262 2889 de
280 2830 566 2888 dulcedine
617 2830 929 2887 dilectionis
954 2832 1202 2900 procedit
1249 2831 1343 2896 W,
1371 2841 1654 2901 gratanter
1681 2847 1777 2887 ac-

187 2923 356 2994 cipio,
376 2936 501 2978 amo
525 2931 581 2976 et
603 2923 867 2993 approbo,
889 2922 1105 2979 etiamsi
1133 2921 1291 2977 aliter
1319 2922 1459 2978 Deus
1485 2922 1777 2993 disponere

183 3013 422 3069 voluerit
463 3027 626 3084 quam
675 3013 821 3070 sicut
866 3028 969 3084 ego
992 3012 1274 3068 vobiscum
1315 3013 1585 3069 desidero.
1619 3014 1779 3084 Saepe

183 3107 332 3163 enim
373 3107 535 3163 Deus.
561 3120 845 3163 servorum
889 3105 1307 3165 suorumvitam
1337 3104 1556 3162 ordinat
1582 3114 1777 3162 contra

1889 639 2131 694 tentione
2160 638 2322 697 bona.
2353 638 2647 693 desiderat.
2678 639 2832 695 Sicut
2853 639 2999 694 enim
3043 654 3232 692 aurum
3266 639 3319 692 in
3355 639 3465 694 fer-

1887 755 2022 815 nace
2079 739 2359 810 probatur,
2422 738 2492 792 ita
2536 748 2743 795 mentes
2770 740 3067 797 electorum
3093 755 3315 795 suorum
3345 741 3468 811 igne

1887 842 2255 899 tribulationis
2299 842 2598 907 examinat.
2639 841 2792 906 Quod
2827 844 2872 897 si
2905 843 3061 897 vobis
3088 840 3204 910 eius
3236 850 3467 912 paterna

1884 941 2223 998 correctione
2278 950 2373 996 aut
2419 940 2736 1011 probatione
2770 941 3083 1008 contigerit,
3131 942 3299 999 nolite
3333 942 3470 998 deﬁ-

1880 1047 2026 1101 cere,
2072 1034 2167 1088 sed
2206 1048 2273 1087 ex
2322 1032 2435 1101 ipsa
2486 1031 2853 1097 tribulatione,
2901 1032 3046 1087 sicut
3103 1032 3220 1095 ﬁlii,
3253 1033 3467 1090 studete

1881 1124 2166 1195 proﬁcere.
2204 1122 2319 1177 Non
2354 1131 2438 1178 est
2459 1123 2601 1177 enim
2627 1122 2942 1178 inusitatum
2968 1122 3141 1177 servis
3163 1122 3256 1178 Dei
3283 1124 3336 1177 in
3364 1124 3466 1179 hac

1881 1216 2318 1287 peregrinatione
2380 1214 2807 1271 adversitatibus
2848 1213 3186 1270 multimodis
3230 1215 3464 1279 concuti,

1880 1307 2139 1377 quoniam
2172 1322 2278 1361 non
2305 1316 2429 1361 sunt
2454 1308 2523 1361 de
2560 1306 2662 1363 hoc
2687 1307 2928 1372 mundo;
2976 1314 3030 1360 et
3057 1313 3262 1376 quanto
3294 1306 3465 1375 magis

1879 1398 1967 1454 hic
2001 1406 2288 1462 vexantur,
2312 1406 2464 1452 tanto
2512 1398 2682 1469 magis
2712 1396 2973 1452 mundum
3016 1398 3375 1467 cognoscunt,
3409 1404 3465 1451 et

1878 1489 1947 1543 ad
1972 1488 2213 1559 requiem
2238 1487 2472 1543 transire
2497 1488 2807 1543 desiderant
2834 1488 2899 1542 de
2927 1487 3032 1543 hoc
3060 1487 3283 1541 mundo.
3314 1487 3462 1553 Qua-

1876 1587 2101 1649 propter
2152 1591 2351 1635 moneo
2385 1584 2444 1630 et
2471 1590 2666 1645 precor
2693 1591 2788 1633 vos
2831 1584 2890 1630 ut
2921 1576 3060 1631 ﬁlios
3081 1576 3462 1640 cbarissimos,

1880 1676 2175 1737 quatenus,
2221 1666 2265 1721 si
2305 1682 2394 1723 res
2415 1668 2676 1735 exegerit,
2725 1675 2927 1736 quanto
2952 1668 3214 1723 attentius
3243 1683 3340 1723 vos
3367 1669 3464 1723 ho-

1874 1760 1977 1815 stis
2019 1759 2305 1814 hominum
2350 1774 2379 1812 a
2425 1766 2571 1812 statu
2626 1757 2902 1828 religionis
2953 1766 3149 1813 vestra:
3196 1758 3464 1827 dissipare

1881 1849 2195 1914 tentaverit,
2243 1857 2397 1904 tanto
2452 1863 2547 1903 vos
2592 1849 2661 1903 ad
2714 1847 2995 1903 servitium
3054 1847 3146 1903 Dei
3213 1848 3463 1918 colligere

1880 1941 2106 1996 strictos
2158 1939 2442 1994 studeatis.
2492 1938 2585 1993 Sic
2622 1953 2859 2006 namque
2886 1946 3075 1993 contra
3118 1936 3327 1992 hostem
3356 1937 3463 1992 for-

1880 2032 1988 2085 tius
2027 2030 2341 2101 pugnabitis
2387 2038 2441 2086 et
2496 2029 2590 2084 Dei
2618 2029 2882 2083 auxilium
2915 2028 3466 2099 elﬁcaciusimpetra—

1878 2120 2027 2176 bitis.
2058 2122 2134 2175 De
2155 2121 2240 2175 bis
2266 2135 2373 2173 non
2404 2127 2488 2175 est
2519 2108 2755 2175 necesse
2790 2133 2878 2173 me
2905 2118 3057 2175 vobis
3080 2118 3308 2175 multum
3331 2120 3469 2175 scri-

1880 2210 2030 2275 bere,
2060 2209 2187 2280 quia
2212 2209 2308 2263 Dei
2340 2209 2516 2279 gratia
2550 2224 2646 2264 vos
2693 2208 2764 2240 “9
2794 2209 2906 2262 haec
2934 2208 3107 2273 scitis,
3143 2218 3199 2264 et
3222 2210 3466 2264 testimo-

1881 2299 1969 2354 nia
2024 2298 2434 2369 Scripturarum
2476 2298 2629 2355 vobis
2660 2306 2789 2353 sunt
2825 2298 3151 2367 praesentia:
3193 2305 3247 2351 et
3274 2296 3459 2352 domui

1877 2392 2101 2463 prioris,
2131 2392 2181 2447 si
2202 2391 2279 2448 illi
2312 2391 2538 2449 credere
2583 2391 2887 2457 volueritis,
2920 2389 3077 2445 vobis
3098 2390 3382 2447 consulere
3411 2400 3466 2447 et

1878 2497 1977 2537 vos
2029 2481 2342 2538 confortare
2390 2483 2590 2553 poterit
2641 2481 2933 2552 sapientia.
2984 2480 3140 2547 Quod
3196 2481 3380 2552 petitis
3406 2490 3465 2535 ut

1880 2574 2079 2630 domno
2124 2574 2292 2644 priori
2347 2577 2684 2632 committam
2718 2584 2886 2630 totam
2915 2589 3103 2630 curam
3154 2573 3462 2629 animarum

1881 2672 2211 2732 vestrarum,
2232 2674 2445 2721 secrete
2470 2674 2525 2721 et
2549 2664 2791 2736 publice,
2828 2664 3001 2720 donec
3030 2678 3130 2735 ego
3159 2664 3225 2718 ad
3256 2679 3351 2718 vos
3376 2679 3464 2719 re-

1883 2753 2066 2817 deam,
2105 2754 2211 2807 hoc
2245 2755 2432 2824 utique
2468 2756 2572 2811 feci
2624 2765 2678 2809 et
2719 2755 2883 2818 facio,
2910 2755 3052 2809 sicut
3093 2752 3222 2809 mihi
3254 2755 3378 2825 ipsi,
3406 2764 3467 2808 ut

1886 2842 2003 2912 ipse
2028 2842 2323 2897 secundum
2353 2844 2674 2914 sapientiam
2718 2859 2881 2913 quam
2911 2843 3050 2899 Deus
3081 2844 3181 2897 sibi
3212 2844 3378 2907 dedit,
3410 2853 3464 2896 et

1885 2933 2185 2989 secundum
2247 2933 2425 2989 zelum
2485 2936 2675 2991 domus
2708 2935 2803 2989 Dei
2839 2949 3000 3004 quem
3032 2934 3084 2988 in
3108 2935 3270 2990 corde
3302 2936 3462 3005 gerit,

1878 3024 2085 3093 iudicet
2131 3034 2187 3080 et
2234 3026 2519 3097 disponat,
2565 3023 2758 3096 puniat
2807 3034 2863 3081 et
2904 3034 3133 3095 parcat,
3193 3035 3463 3096 quatenus

1884 3113 2081 3169 animae
2138 3112 2194 3170 in
2248 3113 2557 3197 innocentia
2615 3114 3171 3183 nntriantur,etvitia
3202 3126 3460 3185 quantum

1488 3214 1725 3275 VARUS
1760 3219 2164 3283 LECTIONES.

293 3333 361 3366 ⁸³⁸
392 3333 601 3389 Servati
657 3350 734 3389 ηις
787 3342 837 3388 et
878 3330 1036 3386 Edm.
1079 3340 1292 3387 servata

176 3405 364 3462 eodem
386 3421 465 3459 ηις
519 3404 710 3458 collata

176 3475 426 3532 Dominis

174 3548 264 3603 uis
297 3555 489 3600 vestrae
511 3544 751 3614 procedit
776 3560 853 3599 ηις
880 3542 1183 3598 dilectionis
1208 3544 1454 3613 provedit

171 3635 254 3674 ηις
294 3615 391 3671 Dei
420 3614 589 3686 gratia
619 3622 674 3671 et
696 3630 792 3670 vos

1401 3330 1473 3363 “'
1505 3329 1670 3388 Vobis
1720 3334 1877 3390 Edm.
1922 3352 1955 3390 v

531 3344 601 3389 ali
657 3350 734 3389 ηις
787 3344 837 3388 et
878 3344 1036 3386 Eam.
1079 3344 1292 3387 servata
1401 3344 1473 3363 ἰ’
1512 3344 1670 3388 Vobts
1720 3344 1877 3390 Eam.
1922 3344 2063 3393 votis
2168 3344 2243 3371 ⁸¹³
2273 3344 2445 3392 Amen
2502 3354 2582 3392 ηις
2629 3346 2677 3392 et
2721 3344 2878 3391 Edm.
2927 3344 3093 3391 omiu.
3206 3344 3275 3370 “‘
3327 3344 3458 3391 Cum

531 3401 1630 3507 ἱῗξίίέἔῗ..υ,ἶζῗ.ἒἓ.ῗῖῗὶ¹“ὶὲ³..ἷ2ξῗ.ξ¹ἐῗςηῗξῗέἔ
1637 3405 1977 3507 ίὲἒίὶίὶίῖἓῖῗῗτ..
1985 3408 2096 3507 93f!
2104 3414 2247 3507 $3331“;
2256 3406 2528 3507 £22151":
2562 3425 2671 3507 ’12η
2685 3407 2999 3507 ὒξξῗῗέἓέἒέε..
3017 3406 3459 3507 πθέξξθβιίῗὲοξξὶβ

630 3474 940 3530 Conversan
970 3473 1089 3526 ibus
1118 3481 1174 3525 et
1198 3474 1623 3529 benedictionem
1647 3492 1724 3527 ηις
1753 3473 2202 3531 conversantibus
2225 3477 2451 3532 salutem
2478 3488 2533 3531 et
2571 3477 3000 3532 benedictionem
3104 3475 3172 3507 “7
3205 3473 3458 3530 Dilectio-

630 3544 751 3598 :edit
776 3560 853 3599 ηις
880 3542 1183 3598 dilectionis
1208 3544 1454 3613 provedit
1556 3543 1627 3575 “3
1650 3544 1799 3601 Meus
1843 3546 2089 3602 quamvis
2139 3563 2217 3601 ηις
2267 3562 2418 3603 meus
2449 3546 2685 3603 humana
2712 3548 2957 3617 quamvis
3008 3545 3078 3577 “’
3100 3544 3264 3601 Grata
3292 3556 3345 3602 et
3368 3560 3460 3602 vos

2168 3336 2243 3371 ⁸²³
2273 3337 2445 3392 Amen
2502 3354 2582 3392 ηις
2629 3346 2677 3392 et
2721 3336 2878 3391 Edm.
2927 3336 3093 3391 omiu.
3206 3338 3275 3370 “‘
3327 3335 3458 3391 Cum

3104 3475 3172 3507 “7
3205 3475 3458 3530 Dilectio-

1391 3702 1679 3760 JOANNIS
1704 3704 1855 3762 PICA
1865 3706 1980 3761 RDI
2017 3705 2254 3763 ΝΟΤιΕ.

169 3832 227 3876 et
248 3822 370 3891 ipse
394 3816 713 3875 Guillelmus
739 3816 971 3883 Nothus,
1024 3815 1185 3886 hujus
1238 3814 1455 3872 llenrici
1490 3816 1576 3889 (ad
1605 3833 1765 3889 quem
1793 3822 1840 3885 C
1869 3835 1937 3875 ex
2014 3835 2082 3876 no
2114 3821 2167 3877 in
2192 3819 2381 3891 vulgus
2407 3820 2698 3876 ederentur
2718 3818 3026 3875 necessario
3062 3818 3458 3887 cognoscenda,

171 3900 307 3945 sunt
351 3898 648 3945 nrtesentes
698 3889 939 3945 Anselmi
983 3888 1197 3945 litterae)
1244 3889 1475 3945 genitor.
1530 3886 1767 3943 Vidimus
1871 3835 2649 3945 profiocorum.personarum.
2675 3900 2729 3945 et
2757 3899 3057 3945 temporum
3086 3888 3457 3945 rationetalia

171 3886 307 3970 sntit
351 3898 648 3970 prtese't‘ttes
696 3889 939 3970 Anselmi
983 3888 1216 3970 [ἰδίει-ω).
1244 3886 1767 3970 genitor.'lljditnus

170 3962 322 4018 enim
354 3958 491 4028 apud
514 3958 802 4013 Baronimn
830 3974 953 4013 eum
976 3958 1265 4013 Alexandri
1286 3973 1436 4027 papa:
1459 3958 1768 4013 testimonio

172 4031 478 4092 laudatum,
506 4030 576 4083 ob
603 4030 928 4085 exstinctam
957 4045 987 4083 a
1017 4045 1077 4086 se
1098 4038 1306 4099 pestem
1330 4028 1606 4099 Simonite.
1638 4028 1770 4082 Mal-

171 4099 564 4156 mesberiensis
611 4115 763 4165 vero,
814 4100 860 4155 si
907 4098 1198 4155 credamus
1234 4098 1421 4167 aienti,
1457 4098 1552 4154 lib.
1584 4112 1644 4153 ιιι
1692 4099 1770 4154 De

172 4187 291 4251 reg.
321 4168 531 4251 Anglis,
586 4167 909 4251 Gregorium
1108 4167 1665 4251 inventorem'fuisse
1716 4178 1772 4223 et

170 4236 434 4311 primum
455 4236 851 4311 fulminatorem
882 4238 1274 4311 _anatlieuiatis
1293 4238 1360 4311 in
1410 4238 1578 4311 laicos
1602 4239 1771 4311 inve-

171 4307 403 4365 stitores
421 4316 477 4362 et
500 4308 815 4369 iuvestitos:
844 4307 976 4361 nihil
1000 4308 1053 4361 in
1080 4307 1165 4362 his
1188 4309 1375 4363 verbis
1396 4307 1771 4363 animadverto

168 4380 319 4451 quod
344 4377 712 4451 Lanfraueum
738 4378 981 4451 attingat_.
1015 4378 1083 4433 Et
1118 4377 1337 4448 quidem
1376 4379 1495 4451 ejus
1541 4379 1769 4451 inaugu-

170 4448 314 4506 ratio
336 4449 632 4519 plusregia
679 4448 1106 4519 importunitate,
1153 4457 1209 4503 et
1248 4449 1444 4503 summi
1498 4448 1769 4517 pontiﬁcis

162 4521 321 4591 jussu
337 4516 593 4591 perfecta
626 4518 723 4571 fuit
752 4516 911 4585 quam
960 4516 1262 4591 huiusmodi
1307 4516 1587 4591 suspectis
1619 4519 1768 4591 favo-

170 4588 346 4652 ribus,
381 4597 441 4642 ut
469 4590 696 4658 ipsemet
743 4596 969 4643 testatus
1023 4596 1109 4643 est
1154 4588 1351 4643 litteris
1398 4589 1466 4644 ad
1515 4589 1765 4645 eumdem

205 4658 489 4715 outiﬁcem
521 4660 661 4713 datis
708 4658 999 4727 relatisque
1046 4659 1113 4713 ad
1149 4660 1432 4728 epistolam
1478 4658 1550 4712 25
1578 4660 1670 4712 lib.
1724 4675 1763 4713 I.

205 4676 489 4715 ouuucem
521 4676 661 4713 uatis
708 4676 999 4727 relatisque
1046 4676 1113 4713 au
1149 4676 1432 4728 eplswlttm
1478 4676 1550 4712 za
1578 4676 1670 4712 un.
1724 4676 1763 4713 ι.

164 4676 474 4793 βατειθηθ,
523 4729 711 4784 eodem
756 4729 1062 4784 Alexandro
1111 4729 1765 4799 principieutejhomam

167 4799 409 4869 Eboraci
472 4798 938 4869 archiepiscopum
993 4806 1059 4869 et
1110 4796 1414 4869 Remigium
1446 4796 1767 4869 illiut-olida:

207 4867 465 4926 rzesulem
502 4868 614 4939 suis
641 4867 888 4939 iudiguos
912 4867 1132 4939 sedibus
1183 4867 1295 4934 (hic
1316 4868 1458 4938 quod
1481 4868 1766 4939 Guilielmo

207 4887 465 4926 νωδυιεηι
502 4887 614 4922 81118
641 4887 888 4939 1110181108
912 4887 1132 4923 δθαιυυε
1183 4887 1295 4934 Ullc
1316 4887 1458 4938 quou
1481 4887 1764 4924 blllllcllllo

166 4887 350 4998 Βιθιὴο
395 4938 644 5009 Angliam
693 4939 931 4994 venienti
963 4938 1176 4994 tulisset
1211 4939 1509 5009 suppetias,
1552 4938 1764 5009 episco.

166 5012 317 5080 pium
350 5007 707 5080 acquisierat,
740 5009 847 5074 ille,
881 5008 1022 5077 quod
1052 5007 1366 5080 presbyteri;
1406 5008 1548 5080 ﬁlius
1577 5007 1763 5080 esset)

169 5077 439 5149 restituit.
466 5078 663 5132 Verum
694 5082 818 5149 quia
867 5088 1090 5149 auctore
1129 5077 1588 5149 Mahuesheriensi
1622 5078 1711 5134 lib.
1745 5077 1762 5133 ι

168 5151 264 5231 De_
288 5147 858 5239 poptiﬁcilmsA'ii-glis
878 5162 926 5239 ᾖ
952 5147 1167 5239 :hl’apa
1215 5151 1423 5239 pondus
1449 5147 1763 5239 .factiraise
1788 5178 1841 5239 Ι)

168 5217 452 5287 rejiciens,
484 5220 538 5273 iu
568 5217 929 5287 Larufraucum
946 5217 1429 5273 considerationem
1448 5220 1762 5284 transfodit,

170 5286 309 5345 bene
338 5305 412 5344 au
441 5303 600 5343 secus
630 5286 801 5351 ﬁeret,
830 5288 1081 5342 redderet
1114 5289 1464 5344 investituras
1494 5291 1537 5345 si
1568 5290 1759 5353 vellet,

170 5362 214 5416 si
244 5360 451 5424 minus,
476 5358 678 5412 faceret
706 5358 847 5427 quod
871 5358 1210 5412 commodum
1238 5360 1425 5413 sciret.
1457 5359 1529 5413 lta
1574 5360 1672 5424 illi,
1694 5360 1763 5413 de

172 5446 335 5485 manu
370 5428 660 5484 Lanfranci
694 5427 914 5483 haeulos
936 5436 990 5480 et
1018 5427 1246 5483 ammlos
1278 5431 1618 5497 recipientes,
1666 5430 1760 5482 Ia:-

175 5511 288 5569 tnm
322 5501 393 5555 ad
447 5499 677 5569 patriam
712 5514 833 5555 cum
870 5498 1061 5569 eodem
1104 5499 1276 5554 moliti
1329 5509 1457 5554 sunt
1505 5502 1759 5569 reditum.

174 5568 286 5625 Nec
309 5567 520 5640 minori
535 5585 657 5624 eum
683 5568 882 5625 amoris
903 5567 1181 5639 diligentia
1202 5569 1524 5640 palpandum
1554 5568 1765 5640 curavit

174 5640 473 5710 Gregorius
496 5639 785 5695 Alexandri
812 5638 1116 5703 succeséor,
1139 5638 1307 5694 multa
1354 5638 1498 5694 illius
1537 5638 1769 5697 consilio

176 5711 504 5779 transigens,
538 5710 703 5763 multa
724 5710 888 5765 etiam
910 5710 1221 5766 domesticis
1251 5710 1365 5766 suis
1392 5711 1590 5779 ignota,
1617 5711 1761 5766 illius

177 5779 530 5833 conscientiae
557 5780 982 5836 eommunicans.
1017 5799 1036 5833 ι
1072 5780 1276 5847 Quibus
1325 5779 1761 5837 Malmesherieu-

180 5850 256 5920 sis
286 5849 466 5903 verbis
491 5858 730 5920 apparet.
762 5850 859 5905 hos
883 5850 1017 5905 duos
1035 5852 1312 5919 pontilices
1338 5852 1588 5907 habuisse
1619 5852 1758 5906 Lan-

186 5917 430 5975 francum
478 5917 766 5992 innAnglia
819 5922 931 5976 vice
977 5917 1253 5993 sacerrimi
1282 5922 1555 5991 cujusdam
1591 5923 1755 5993 adyti,

1871 3906 1972 3961 pro
1994 3888 2256 3958 locorum,
2272 3888 2649 3961 personarum,
2675 3900 2729 3945 et
2757 3899 3057 3958 temporum
3086 3888 3294 3961 ratione
3306 3903 3327 3961 ξ
3353 3888 3457 3941 alia

1874 3956 2003 4017 viro
2033 3970 2127 4016 aut
2156 3956 2428 4017 reticenda
2458 3976 2702 4030 prorsus,
2731 3969 2825 4012 aut
2854 3956 2958 4030 non
2981 3966 3102 4030 tam
3147 3956 3457 4030 manifesta,

1872 4032 2071 4096 ﬁenda,
2096 4040 2156 4085 ut
2182 4032 2391 4087 videret
2421 4025 2714 4085 Lanfranci
2746 4027 3052 4098 prudentia,
3076 4025 3163 4080 cui
3190 4025 3320 4080 ﬁdes
3341 4036 3461 4081 erat

1872 4102 2450 4171 dictorumipaparum.

1941 4163 2325 4241 Quamobrem,
2363 4171 2409 4225 si
2453 4168 2583 4241 quid
2628 4166 2880 4238 praestitit
2913 4163 3271 4241 Lanfrancus,

1871 4240 2133 4295 detrectet
2164 4235 2489 4307 Auselmus;
2510 4235 2670 4295 nemo
2725 4236 3011 4293 temerarie
3062 4235 3195 4291 vitio
3248 4235 3461 4292 dederit

1870 4309 2195 4380 probiSsiuto
2219 4306 2469 4376 antistiti,
2502 4325 2625 4365 eum
2655 4306 2951 4378 discipulus
2968 4307 3316 4380 praeceptoris
3347 4324 3453 4380 non

1870 4377 2073 4449 carpat.
2100 4381 2191 4435 sed
2222 4380 2458 4435 afﬁrmet
2485 4397 2543 4437 se
2568 4396 2672 4435 non
2704 4377 2904 4449 audere
2950 4377 3093 4447 quod
3122 4378 3457 4449 praeceptori

1870 4446 2017 4523 licuit
2040 4449 2111 4523 (si
2139 4452 2493 4523 res_exigeret
2516 4448 2827 4523 aliquando)
2842 4449 2934 4523 Joh
2960 4446 3303 4523 interdictum
3321 4446 3331 4448 ’
3347 4446 3452 4503 Ur-

1868 4521 1990 4576 bani
2035 4520 2075 4575 11
2125 4532 2179 4575 et
2232 4518 2507 4577 Paschalis
2554 4518 2705 4575 ll'se
2748 4518 2999 4588 audiente
3034 4518 3453 4588 promulgatum.

3352 4168 3456 4222 und

1823 4646 1835 4656 ,
1868 4594 2133 4647 Caeterum
2166 4591 2255 4645 hic
2276 4594 2459 4648 animo
2502 4590 2763 4653 succedit,
2794 4587 3319 4643 Malmesberiensem
3370 4589 3451 4642 sui

1868 4661 2236 4729 immemorem
2268 4660 2594 4717 fuisselibro
2622 4676 2680 4714 ιιι
2719 4660 2793 4715 De
2822 4675 2961 4729 [ηε.
3002 4657 3211 4729 Anglis,
3263 4656 3350 4729 ubi
3388 4659 3456 4729 de

1866 4730 2129 4802 Gregorio
2159 4728 2259 4802 Vll
2279 4746 2412 4801 papa
2443 4729 2741 4802 sicscribit
2766 4746 2779 4784 :
2813 4725 3111 4802 Hic,_quod
3140 4726 3233 4802 alii
3285 4725 3456 4802 inuisi:

1866 4794 2123 4865 lauerant,
2168 4794 2364 4868 palam'
2394 4801 2602 4865 extulit,
2630 4794 3088 4868 excommunicam
3117 4794 3327 4868 electos,
3353 4796 3456 4868 _qui

1867 4863 2205 4926 investituras
2256 4871 2321 4924 de
2366 4888 2525 4926 manu
2575 4863 2699 4925 laici
2721 4886 2814 4939 per
2856 4865 3113 4939 annulum
3135 4873 3182 4939 et
3211 4863 3453 4918 baculum

1866 4942 2177 5009 acciperent.
2230 4939 2505 5004 Graviter,
2552 4934 2793 5011 inquam,
2845 4934 3109 5011 meritoria
3148 4934 3332 5011 lapsus
3372 4946 3456 4991 est

1867 5004 2198 5065 Malmesbita
2232 5011 2302 5065 ita
2333 5013 2575 5068 scribens
2605 5004 2677 5065 τ’(
2709 5008 2842 5063 Cum
2874 5004 3154 5060 Nicolaum
3192 5004 3211 5060 l
3253 5020 3451 5075 papam

1867 5080 2113 5136 ducentis
2136 5079 2303 5134 ferme
2328 5083 2487 5136 anuis
2514 5091 2641 5135 ante
2668 5076 2989 5144 Gregorium
3013 5084 3067 5129 et
3094 5074 3335 5131 Leonem
3360 5076 3452 5140 IV,

1867 5160 1992 5206 ante
2019 5150 2298 5205 Nicolaum
2331 5161 2541 5207 constet
2563 5151 2704 5205 idem
2727 5147 2938 5200 cavisse
2960 5145 3060 5200 sub
3089 5147 3456 5201 auathematis

1868 5220 2049 5291 pretia,
2100 5235 2261 5291 quam
2312 5220 2491 5291 legere
2536 5228 2815 5291 cst__tomo
2861 5215 2908 5291 _ll
2953 5212 3455 5291 conc_i_liorum,_his

1868 5235 2049 5290 praua,
2139 5236 2261 5273 nam
2313 5235 2491 5291 legere
2536 5235 2621 5274 csr
2672 5235 2815 5272 tomo
2866 5235 2908 5270 ιι
2953 5235 3326 5281 ςοιιριιιοιοιιηι,
3369 5235 3453 5272 ius

1866 5289 2045 5344 verbis
2075 5235 2187 5343 :1Jt
2215 5305 2312 5358 per
2356 5290 2523 5344 laicos
2567 5288 2712 5343 nullo
2755 5288 2914 5358 modo
2964 5287 3192 5355 quilibet
3221 5286 3453 5358 clericus

1870 5369 1961 5413 aut
1986 5356 2270 5429 presbyter
2318 5359 2559 5429 obtineat
2598 5356 2907 5429 ecclesiam,
2963 5356 3298 5429 nceggratis,
3353 5371 3451 5429 nec

1869 5425 2064 5500 pretio.
2095 5450 2112 5481 ι
2148 5425 2285 5497 Quin
2333 5439 2388 5485 et
2431 5428 2737 5485 Alexander
2775 5428 2817 5483 11
2844 5427 3087 5500 Gregorii
3115 5425 3217 5500 ξνιι
3240 5426 3449 5496 βηθαρ-

1869 5497 2056 5557 cessor
2086 5501 2350 5570 probavit,
2379 5500 2814 5570 servandamque
2841 5498 3094 5570 praecepit
3118 5497 3267 5570 hanc
3284 5505 3447 5570 cxte-

1870 5586 2065 5640 rasque
2086 5565 2297 5625 'Nicolai
2329 5565 2761 5625 constitutiones.
2793 5565 3177 5640 Etenim’hanc
3228 5565 3447 5640 gratia-

1869 5638 2180 5699 nns-retulit
2212 5642 2502 5701 Alexandri
2530 5642 2770 5704 nomine,
2799 5654 2919 5709 cap.
2948 5638 2998 5701 6,
3026 5644 3213 5706 qmest.
3246 5638 3301 5701 7,
3323 5652 3445 5709 ean.

1870 5710 1978 5767 Per
2006 5712 2187 5765 laicos.
2222 5710 2451 5767 Ubinam
2486 5728 2613 5767 vero
2644 5711 2744 5767 loci
2772 5708 2885 5764 htcc
2918 5717 3117 5762 statuta
3153 5708 3445 5773 renovarit,

1868 5782 2123 5850 exprimit
2152 5781 2392 5856 ipsemet,
2420 5783 2663 5838 scribens
2693 5781 2745 5835 in
2770 5780 2913 5833 lume
2961 5779 3213 5856 modum:
3251 5794 3271 5827 ι
3303 5776 3446 5856 Am:-

1869 5846 2080 5906 xxansn
2127 5846 2430 5921 cpiscopus,
2464 5868 2652 5907 servus
2700 5864 2978 5921 servorum
3032 5847 3145 5910 Dei,
3194 5846 3447 5921 omnibus

1867 5923 2129 5993 episcopis
2162 5918 2498 5991 catholicis,
2562 5935 2860 5989 cunetoquc
2913 5918 3055 5972 clero
3119 5926 3171 5973 οι
3226 5918 3441 5987 P‘JPHIO.
