4028 6302
591 352 692 405 127
1150 359 1207 411 Ι.
1232 354 1534 411 ANSELMI
1570 355 1741 409 CAN!
1761 356 1921 411 υΑιι.
1961 357 2162 410 AliLlll

2266 394 2278 409 .
2316 357 2468 415 OPP.
2499 357 2678 411 PARS
2716 358 2804 412 111.
2836 386 2905 397 --
2932 358 3326 418 EPISTOLAE.’
3773 366 3903 423 128

589 460 852 531 possibile
877 470 980 530 est,
1005 462 1114 520 Deo
1144 465 1457 536 adiuvante,
1502 464 1766 520 radicitus
1790 464 1857 519 de
1888 463 2049 520 domo
2077 463 2169 520 Dei
2201 451 2244 504 Α
2273 469 2351 525 sic
2389 484 2478 525 me
2522 468 2626 525 alia
2680 468 2824 525 bona
2866 466 3027 526 ollicii
3055 469 3160 525 mei
3191 469 3397 527 faciens
3423 484 3454 525 a
3473 477 3899 534 communione

587 564 956 621 exstrrpentur
991 565 1045 611 et
1087 556 1465 613 excludantur.
1513 556 1641 613 Scio
1702 557 1831 627 quia
1860 556 1930 589 ⁸³⁵
1974 558 2169 627 singuli
2234 566 2235 569 ‘
2274 559 2537 615 malorum
2566 558 2892 625 abstineam,
2940 569 3308 630 eonqneretur
3339 577 3431 617 rex
3455 578 3579 619 cum
3603 567 3894 625 omnibus

593 663 835 708 nostram
889 652 1208 710 desideratis
1278 655 1708 720 absolutionem;
1765 654 1862 710 sed
1913 657 2169 726 quoniam
2271 652 2539 724 episeopis
2589 660 2643 707 et
2690 651 3026 721 principibus
3067 653 3202 718 suis,
3241 654 3355 723 (ἢ)
3402 654 3530 725 quia
3554 659 3893 717 cuminum

590 742 819 815 singulis
866 744 966 799 hoc
1026 744 1210 802 facere
1255 747 1389 801 mihi
1440 762 1581 803 nunc
1624 747 1883 818 possibile
1927 762 2032 803 non
2062 757 2162 815 est,

2272 755 2533 796 coronare
2559 740 2705 806 nolo,
2732 741 2921 796 aufero
2944 742 2992 796 ei
3012 757 3227 800 coronae
3242 758 3353 799 suae
3382 745 3668 813 honorem,
3702 763 3890 821 quem

592 834 846 890 omnibus
876 835 1027 892 vobis
1060 836 1153 892 Dei
1181 845 1235 891 et
1270 847 1536 903 nostram,
1578 848 1839 909 quantum
1868 839 1922 893 in
1951 855 2037 894 me
2064 846 2167 907 est,
2270 835 2319 890 ei
2341 837 2544 905 primas
2569 835 2719 905 regni
2759 836 2841 891 sui
2890 834 3048 891 debet
3077 851 3172 905 per
3193 838 3671 896 consuetudinem.
3712 840 3888 899 Unde

589 934 737 995 opto,
786 942 906 982 oro.
956 927 1183 985 mando.
1213 929 1607 985 absolutionem
1634 937 1689 985 et
1714 929 2166 985 benedictionem.
2262 926 2469 998 justum
2516 926 2623 982 illis
2673 927 2969 991 videbitur,
2999 937 3055 981 et
3077 942 3246 997 opere
3281 928 3652 997 complebunt,
3696 939 3767 984 ut
3794 932 3887 986 dr-

586 1017 941 1088 Disciplinam
991 1022 1201 1075 ordinis
1244 1023 1412 1077 vestri
1459 1036 1676 1093 semper
1710 1030 1887 1078 amate
1935 1036 2167 1093 :paeem
2268 1020 2451 1092 gnitas
2482 1019 2737 1076 Ecclesia:
2759 1029 2961 1075 nostra:
2984 1019 3052 1074 ad
3080 1019 3239 1074 aliam
3290 1019 3590 1076 Ecclesium
3621 1025 3888 1080 transfe-

586 1110 730 1163 inter
784 1125 879 1165 vos
924 1120 980 1165 et
1031 1111 1398 1167 obedientiam
1437 1115 1505 1169 ad
1527 1112 1763 1183 priorem
1788 1113 2177 1170 inviolabiliter
2268 1121 2440 1166 ratur.
2487 1109 2639 1177 Quod
2673 1125 2798 1165 cum
2832 1111 2949 1175 ttat,
2992 1125 3077 1166 me
3106 1110 3338 1175 vivente,
3373 1112 3427 1165 in
3453 1127 3639 1183 regno,
3679 1128 3887 1186 neque

584 1207 819 1256 servate.
852 1202 1117 1261 Dominus
1139 1204 1211 1258 sit
1237 1220 1451 1274 semper
1485 1204 1791 1260 vobiscum.
1822 1206 2019 1262 Amen.
2048 1268 2051 1269 ν
2267 1218 2366 1273 per
2389 1218 2475 1257 rue
2497 1211 2591 1256 aut
2612 1218 2707 1273 per
2736 1201 2902 1257 alium
2934 1201 3219 1271 prohibere
3258 1213 3469 1272 potero,
3498 1203 3885 1259 conﬁrmabi-

1079 1294 1415 1352 EPISTOLA
1452 1296 1544 1351 XC.
1573 1294 1666 1351 ⁸³⁸.
2270 1302 2358 1350 tur
2390 1295 2644 1351 Ecclesia:
2679 1303 2878 1349 nostra:
2918 1293 3273 1349 intolerabilis
3328 1294 3669 1363 imminutio.
3708 1296 3897 1365 Quod

1036 1401 1262 1441 ANSBLMI
1304 1401 1370 1440 Αι)
1408 1403 1711 1443 susurrum
1788 1432 1789 1435 η
2268 1378 2447 1442 autem
2499 1388 2685 1443 dicunt
2729 1387 2875 1458 quod
2922 1401 3030 1441 non
3088 1386 3393 1455 oportuerit
3441 1402 3566 1442 eum
3612 1403 3724 1457 pro
3761 1403 3882 1443 uno

1076 1477 1331 1548 Ejusdem
1361 1480 1671 1549 argumenti.
1776 1500 1779 1501 ν
2270 1476 2435 1533 verbo
2481 1476 2691 1549 fugere,
2721 1477 2813 1547 qui
2855 1493 3012 1533 suum
3042 1477 3361 1547 sanguinem
3386 1492 3486 1546 pro
3517 1480 3727 1534 ovibus
3754 1480 3895 1536 stris-

655 1565 940 1623 ANSELI‘US
959 1567 1395 1640 archiepiscopus
1422 1571 1722 1625 reverenda
1747 1577 1803 1625 et
1841 1568 2166 1628 charissimo

584 1653 765 1724 fratri,
803 1658 1003 1716 domno
1035 1659 1207 1731 priori
1251 1660 1525 1728 Eunomo,
1578 1658 1809 1717 salutem
1852 1668 1908 1715 et
1926 1660 2163 1730 gratiam

584 1746 701 1803 Dei.

652 1840 807 1909 Quou
856 1859 954 1900 vos
998 1854 1053 1901 et
1094 1846 1253 1902 amici
1292 1847 1462 1903 nostri
1512 1846 1707 1904 doletis
1756 1846 1883 1918 quia
1940 1849 2159 1907 rediens

582 1930 754 1989 Roma
788 1935 840 1990 in
884 1936 1134 2009 Angliam
1165 1954 1269 1994 non
1299 1939 1443 2004 veni,
1477 1940 1580 1995 hoc
1620 1940 1751 1996 facit
1778 1941 2032 2008 dilectio;
2065 1942 2164 1997 sed

581 2026 722 2094 quod
758 2029 1085 2099 pastoralem
1118 2046 1304 2086 curam
1335 2032 1454 2088 sine
1485 2030 1590 2086 ulla
1618 2032 1829 2089 ratione
1853 2034 2165 2104 relinquere

578 2118 788 2182 videor,
817 2134 922 2175 non
960 2121 1065 2177 hoc
1088 2124 1359 2178 aestimant
1406 2125 1679 2195 sapientes
1708 2125 1941 2198 religiosi
1966 2126 2163 2196 quibus

582 2224 697 2262 rem
741 2212 993 2276 ostendo,
1037 2229 1217 2281 neque
1266 2230 1366 2285 ego
1428 2214 1687 2284 intelligo.
1750 2214 1867 2269 Non
1891 2216 2035 2271 enim
2064 2230 2164 2288 ego

584 2312 728 2367 eam,
772 2314 1034 2370 quantum
1084 2303 1136 2357 in
1163 2319 1249 2360 me
1269 2314 1374 2371 est,
1404 2306 1671 2378 relinquo,
1697 2305 1790 2362 sed
1822 2308 1892 2361 ibi
1918 2308 2007 2362 ubi
2039 2323 2159 2363 eam

584 2408 673 2448 me
697 2402 953 2451 exercere
985 2406 1295 2468 oporteret,‘
1315 2400 1625 2456 conversari
1662 2401 1800 2457 sicut
1831 2416 1949 2466 vos,
1973 2401 2017 2456 si
2040 2401 2173 2456 dili-'

581 2496 775 2556 genter
828 2487 1127 2555 intenditis,
1172 2507 1501 2561 cognoscere
1524 2494 1769 2564 potestis,
1797 2492 2025 2563 nequeo.
2055 2492 2167 2548 Au-

582 2574 738 2630 distis
779 2580 924 2634 enim
976 2582 1169 2650 quibus
1196 2599 1259 2638 ex
1290 2595 1555 2655 praecepto
1585 2584 1823 2654 Apostoli
1864 2587 2165 2641 communi-

581 2681 713 2725 care
742 2686 847 2725 non
881 2674 1079 2740 possim
1103 2674 1219 2731 sine
1249 2677 1445 2731 anima:
1466 2692 1598 2732 mea:
1626 2677 1895 2748 periculo;
1924 2694 2157 2749 quorum

581 2762 1018 2817 commmtionem
1077 2765 1191 2836 regi
1237 2766 1682 2830 communicaris,
1735 2770 1860 2823 dum
1911 2767 2028 2837 ipse
2084 2768 2165 2825 eis

580 2854 970 2922 communicat,
1031 2857 1207 2913 vitare
1251 2874 1356 2914 non
1392 2859 1568 2915 valeo.
1602 2858 1702 2915 Hic
1732 2859 2162 2915 eonsidcretali-

576 2943 697 3011 quis
726 2946 853 3016 quid
884 2947 1064 3005 facere
1100 2952 1302 3019 possim
1328 2948 1401 2982 δ”
1421 2992 1436 3015 ,
1480 2966 1605 3006 cum
1644 2951 1858 3004 veniam
1884 2948 1950 3006 ad
1981 2964 2160 3020 regem

576 3038 972 3105 coronandum,
995 3047 1051 3095 et
1084 3040 1303 3095 missam
1345 3040 1653 3104 celebrabo,
1685 3048 1737 3096 et
1767 3040 1867 3110 ipsi
1900 3041 2045 3096 circa
2076 3055 2163 3096 me

575 3135 755 3181 erunt.
780 3126 940 3183 Certe
964 3128 1084 3184 illos
1114 3129 1385 3200 expellere
1434 3146 1663 3202 nequeo,
1707 3146 1829 3186 cum
1865 3131 1970 3186 illis
2000 3145 2160 3187 orare

577 3231 687 3271 non
716 3219 907 3286 audeo,
959 3221 1073 3292 regi
1125 3223 1449 3279 subtrahere
1505 3224 1724 3279 solitum
1772 3222 2006 3279 cilicium
2053 3239 2157 3279 non

577 3305 770 3374 debeo,
827 3313 1083 3377 quoniam
1121 3314 1375 3369 dominus
1414 3330 1548 3386 papa
1599 3324 1655 3371 et
1682 3314 1759 3370 illi
1797 3316 2072 3380 concedit,
2103 3324 2159 3372 et

579 3397 735 3465 milii,
769 3408 826 3455 ut
864 3400 1057 3456 faciam
1094 3403 1140 3458 si
1194 3418 1428 3475 praesens
1460 3418 1601 3471 sum,
1642 3407 1909 3476 prmeipit.
1935 3404 1993 3461 Si
2024 3406 2156 3461 mihi

578 3486 717 3544 dixit
735 3489 803 3523 m
854 3500 915 3547 ut
964 3493 1107 3548 domi
1153 3510 1422 3562 maneam,
1461 3498 1527 3552 ad
1554 3499 1763 3553 curiam
1797 3514 1902 3553 non
1929 3514 2072 3563 eam,
2100 3506 2157 3553 et

2265 1578 2321 1625 et
2370 1584 2469 1639 pro
2513 1568 2755 1624 Ecclesia
2804 1567 2897 1625 Dei
2950 1566 3199 1625 debuerit
3243 1565 3541 1634 eﬂundere,
3580 1568 3715 1629 dico
3736 1570 3878 1642 qd.

2267 1676 2372 1716 non
2416 1668 2501 1717 est
2554 1658 3052 1731 parvipendendum
3081 1657 3212 1713 illud
3244 1658 3491 1726 verbum,
3524 1659 3580 1713 in
3606 1674 3728 1732 quo
3750 1670 3874 1716 tam

2266 1752 2451 1823 gravia
2494 1752 2635 1807 mala
2680 1751 3033 1808 continentur
3057 1764 3179 1821 quae
3217 1750 3329 1821 jam
3357 1750 3469 1807 dixi
3514 1751 3607 1815 “ﬂ
3646 1751 3711 1807 in
3744 1750 3877 1822 qua

2268 1845 2387 1900 sine
2436 1842 2676 1915 periculo
2718 1843 2913 1898 animae
2961 1856 3098 1898 mea
3144 1850 3200 1899 et
3235 1842 3357 1898 sine
3390 1840 3733 1898 detrimento
3758 1842 3871 1899 Ec-

2266 1936 2446 1991 clesite
2474 1934 2606 1989 mihi
2654 1934 2960 1989 commissae
3001 1932 3309 1989 nullatenus
3335 1948 3422 1989 me
3452 1948 3675 2004 possum
3713 1936 3871 2008 inge-

2267 2040 2410 2081 rere.
2445 2024 2686 2094 Denique
2710 2038 2820 2079 non
2867 2024 3033 2079 timeo
3074 2023 3355 2093 sanguinis
3372 2023 3744 2093 effusionem,
3773 2035 3869 2080 aut

2263 2112 2560 2186 quamlibet
2595 2114 2839 2185 corporis
2885 2113 2987 2168 mei
3033 2112 3496 2180 destructionem,
3534 2124 3633 2169 aut
3670 2131 3867 2171 rerum

2264 2207 2636 2262 amissionem.
2678 2205 2810 2273 Quae
2836 2205 2879 2260 si
2908 2219 3153 2276 personae
3184 2220 3317 2261 meat
3350 2207 3655 2270 evenirent,
3684 2208 3871 2263 liben-

2266 2306 2352 2352 ter
2392 2306 2611 2368 paterer
2641 2303 2865 2367 propter
2908 2295 3156 2352 veritatis
3193 2297 3575 2353 assertionem.
3606 2298 3680 2352 At
3724 2298 3866 2354 nihil

2265 2386 2461 2442 horum
2511 2400 2677 2456 super
2724 2401 2809 2441 me
2848 2383 3037 2451 cadet;
3080 2386 3179 2441 sed
3199 2384 3501 2443 Ecclesiam
3530 2395 3786 2442 nostram
3811 2396 3868 2442 et

2266 2478 2516 2533 homines
2556 2477 2622 2530 ad
2664 2491 2783 2537 eam
2839 2477 3192 2547 pertinentes,
3248 2477 3293 2532 si
3333 2477 3387 2531 in
3410 2477 3604 2546 Anglia
3627 2477 3705 2510 ⁸³⁸
3740 2493 3865 2533 eum

2265 2585 2393 2641 rege
2446 2571 2850 2633 contenderem,
2883 2570 3065 2638 gravis
3111 2569 3395 2640 oppressio
3440 2571 3644 2624 frustra
3670 2580 3864 2626 eonte-

2266 2672 2432 2730 reret,
2478 2670 2533 2718 et
2587 2663 2876 2719 multitudo
2928 2672 3246 2717 vexatorum
3282 2662 3356 2716 ad
3406 2661 3627 2731 culpam
3676 2679 3863 2718 meam

2265 2772 2538 2811 aerumnas
2558 2772 2709 2822 suas,
2754 2772 2841 2811 me
2878 2754 3233 2820 exsecrando,
3262 2762 3632 2809 converteret.
3666 2754 3864 2810 Melius

2265 2848 2450 2920 itaque
2492 2847 2623 2903 mihi
2678 2847 2892 2902 videtur
2932 2854 2991 2901 ut
3017 2861 3104 2901 me
3133 2847 3360 2901 absente
3389 2847 3652 2915 quaelibet
3680 2848 3869 2902 trimo

2265 2940 2419 3004 latio,
2449 2940 2495 2994 si
2526 2938 2687 2994 vitari
2716 2940 2922 3007 nequit,
2952 2930 3004 2993 in
3034 2937 3224 3005 Anglia
3252 2938 3647 3005 debacchetur,
3681 2954 3854 3009 quam

2264 3044 2363 3100 per
2391 3044 2564 3085 meam
2591 3029 2934 3099 praesentiam
2959 3028 3125 3103 500
3143 3038 3199 3085 et
3230 3028 3570 3085 tolerantiam
3597 3032 3861 3101 quaelibet

2265 3137 2431 3193 prava
2461 3121 2873 3178 consuetudo-in
2910 3121 3153 3177 futurum
3175 3121 3561 3188 confirmetur;
3592 3134 3694 3179 aut
3719 3124 3861 3183 mul-

2270 3214 2449 3272 titudo
2518 3214 2821 3279 hominum,
2849 3230 2935 3269 me
2961 3214 3284 3285 aspiciente,
3321 3222 3543 3284 propter
3565 3230 3660 3269 me
3690 3216 3860 3270 tribu-

2266 3311 2521 3367 lationem
2552 3320 2610 3362 se
2634 3306 2748 3376 pati
2777 3305 3121 3361 lamentetur.
3156 3302 3221 3359 Si
3238 3303 3493 3371 obiicitur
3513 3305 3665 3373 quod
3686 3305 3861 3376 majus

2266 3413 2350 3457 est
2378 3403 2633 3455 damnum
2685 3395 2989 3450 animarum
3036 3396 3178 3465 quod
3217 3393 3500 3465 continget
3527 3394 3602 3427 m
3629 3406 3861 3465 ρι-οριει-

2272 3509 2450 3550 meam
2474 3488 2796 3552 absentiam,
2820 3501 2984 3556 quam
3007 3487 3207 3542 malum
3236 3485 3535 3557 temporale
3552 3486 3705 3556 quod
3736 3504 3863 3547 can.

1869 3607 2104 3662 VABIAS
2145 3604 2546 3661 LECTIONES.

659 3688 736 3764 “ﬁ
755 3689 881 3764 Sico
911 3692 1035 3764 quia
1075 3711 1153 3747 ms
1183 3697 1297 3749 scio
1324 3697 1448 3764 quia
1526 3697 1591 3731 ⁸³¹
1625 3698 1757 3756 Cum
1780 3703 1956 3755 eodem
1985 3718 2063 3754 ms
2090 3703 2281 3757 collum
2378 3699 2446 3731 δυ
2472 3696 2717 3759 Possum,
2745 3708 2890 3759 cum,
2912 3710 2990 3748 ms
3016 3692 3386 3764 possim,eum_
3477 3690 3549 3723 “'
3570 3690 3858 3764 Prmcepit,

572 3759 1047 3835 simihiprzeeipit
1069 3781 1146 3818 ms
1174 3759 1436 3835 praecipit,
1460 3770 1502 3823 si
1533 3770 1660 3823 mibi
1683 3772 1821 3825 dixit

574 3828 717 3900 glia,
764 3830 867 3905 7}",
884 3828 1035 3899 Quod
1054 3828 1404 3906 cognoscitur
1422 3828 1506 3893 ius
1536 3841 1681 3909 quod
1706 3842 1985 3910 continget

1929 3771 1997 3803 δ³δ
2026 3773 2160 3839 Quia
2176 3773 2293 3842 jam
2317 3770 2423 3825 dixi
2446 3784 2526 3822 ms
2554 3782 2674 3837 qum
2702 3764 2815 3835 jam
2839 3763 2953 3819 dixi

3058 3762 3579 3833 “'lnAugliamms
3635 3764 3692 3818 iu
3748 3762 3861 3821 An-

1743 3900 2031 3987 toAaiuts
2070 3900 2347 3990 PlCAltDl
2382 3926 2616 3987 noua.

569 4035 802 4117 salutem
846 4038 1259 4117 charissimam,
1314 4050 1369 4117 et
1416 4042 1865 4117 benedictionem
1898 4045 2157 4117 apostoli-

568 4122 712 4185 cam.
742 4106 1028 4185 Yigilantia
1053 4106 1383 4185 universalis
1410 4106 1996 4185 regimiuisassidna'm
2050 4116 2158 4173 sol-

569 4175 898 4256 licitudinem
923 4180 1170 4256 omnibus
1192 4175 1602 4256 debentesjlua:
1627 4186 1677 4239 in
1708 4186 2156 4243 Constantiniana

569 4245 776 4326 synodo
793 4264 978 4326 _nup_er
1023 4251 1291 4326 celebrata
1347 4245 1528 4308 coram
1566 4265 1783 4309 centum
1834 4268 1886 4311 et
1926 4257 2156 4326 amplius

568 4315 1016 4394 cpisco_pis._licet
1064 4320 1237 4394 nobis
1266 4322 1554 4394 immeritis
1602 4327 1975 4394 praesentibus,
2018 4315 2160 4379 'sunt

568 4387 830 4464 canonice
862 4388 1130 4452 instituta,
1156 4390 1308 4445 vobis
1340 4387 1619 4448 notilimre
1644 4387 1984 4459 curavimus;
2028 4397 2155 4464 quia

568 4456 637 4510 ad
662 4456 888 4535 salutem
924 4469 1744 4535 nostram_eorurn_exsecutores
1768 4481 1862 4519 vos
1882 4456 2153 4535 cpt-auius.

566 4536 624 4582 οι
651 4527 939 4595 apostolica
970 4529 1295 4584 auctoritate
1314 4529 1554 4597 jttbendo
1602 4527 1940 4587 matulauuts'.
1974 4534 2155 4589 Prinne

570 4610 826 4672 namque,
857 4599 1326 4672 irtspeetore_Deo,
1362 4610 1417 4655 ut
1445 4617 1472 4654 a
1500 4601 1655 4656 beato
1689 4619 1824 4672 papa
1879 4602 2059 4658 Leone
2101 4614 2151 4659 et

567 4664 1070 4744 benturrnernorige
1122 4668 1364 4744 Nicolao
1390 4673 1539 4744 prius
1589 4664 1849 4744 stat'ut'uut
1890 4684 1975 4728 est
2024 4691 2151 4744 erga

568 4732 909 4814 Simoniacos
944 4739 1143 4814 nullam
1184 4732 1609 4814 misericordiam
1641 4743 1693 4797 in
1738 4744 1996 4814 dignitate
2038 4732 2153 4799 ser-

565 4807 742 4859 \‘auda
768 4807 1066 4885 habendam
1098 4824 1231 4885 _esse
1258 4810 1619 4885 decernimus.
1660 4833 1677 4864 ι
1733 4807 1821 4867 ΕΓ
1846 4815 2004 4883 paulo
2033 4826 2151 4885 post

564 4885 751 4949 sancta
811 4878 1046 4949 synodus
1098 4879 1201 4933 hoc
1245 4882 1421 4949 capite
1448 4882 1547 4935 sub
1593 4878 2148 4940 exeomrmmieatione

564 4946 777 5020 Statuit,
814 4946 1036 5020 dicens:
1074 4968 1092 5001 ι
1131 4946 1453 5020 Quicunque
1478 4954 1736 5008 sacerdos
1776 4954 1858 5008 vel
1890 4955 2147 5011 diaconus

564 5015 647 5067 vel
693 5018 1055 5090 subdiaconus
1097 5015 1219 5090 post
1266 5015 1615 5075 constitutum
1656 5024 1824 5079 beatae
1875 5026 2148 5083 memoria

606 5085 977 5162 rmdeeessoris
1019 5085 1224 5162 nostri,
1253 5092 1577 5146 sanctissimi
1625 5108 1774 5162 papa:
1824 5095 2017 5149 Leonis
2054 5106 2147 5150 aut

598 5152 769 5232 iieolai
808 5158 872 5210 de
900 5161 1153 5215 castitate
1180 5161 1500 5232 clericorum
1528 5152 1879 5218 con'cu'binam
1909 5167 2143 5232 duxerit,

565 5223 660 5304 vel
692 5227 901 5279 ductam
955 5246 1060 5304 non
1120 5231 1415 5304 reliquerit,
1466 5248 1546 5304 ex_
1586 5244 1737 5303 parte
1764 5223 2148 5304 omnipotentis

566 5293 682 5376 Dei,
712 5306 766 5349 et
794 5300 1113 5377 auctoritate
1141 5293 1500 5377 apostolorum
1524 5293 1669 5358 Petri
1702 5315 1749 5358 et
1778 5293 1925 5360 Pauli
1955 5308 2147 5377 praeci-

563 5365 762 5435 pimus,
803 5380 858 5422 et
901 5365 1213 5425 oumimodo
1256 5372 1627 5428 interdicimus
1681 5384 1741 5427 ut
1782 5365 2001 5429 missam
2044 5392 2149 5431 non

564 5447 786 5514 cantet,
836 5456 1022 5514 neque
1084 5441 1461 5514 Evangelium,
1515 5461 1689 5512 neque
1749 5445 2037 5514 Epistolam
2083 5447 2151 5499 ad

564 5507 784 5589 missam
834 5507 996 5583 legat.
1046 5531 1067 5566 ι
1106 5507 1505 5585 Ιιεεοέειῳιὶιιι
1551 5507 1617 5569 ei
1664 5507 1868 5586 synodo
1924 5516 2151 5570 Latera-

564 5592 740 5631 IlCllSI.

633 5646 1193 5727 Porro‘basAnselmi
1223 5652 1731 5727 litterasLugduno
1783 5653 1950 5712 fuisse
1999 5655 2154 5727 datas

564 5729 705 5797 anno
727 5720 858 5797 11ρῦ
874 5724 1231 5797 inde‘constat
1249 5726 1393 5797 quod
1413 5720 1881 5797 observaverimus
1904 5727 1956 5781 in
1981 5724 2144 5797 epist.

562 5784 633 5844 76
653 5789 967 5850 Anselmum
992 5794 1216 5852 Romam
1242 5784 1607 5868 profecturmu
1637 5796 1934 5854 excessisse
1956 5784 2143 5867 Anglia

2260 4056 2405 4096 anno
2450 4039 2609 4105 1104,
2660 4047 2717 4094 et
2762 4037 2813 4092 in
2862 4036 3053 4094 Galliis
3104 4052 3268 4106 supra
3317 4046 3435 4093 tres
3461 4051 3697 4096 menses
3735 4058 3861 4099 esse

2261 4119 2687 4174 commoratum,
2711 4119 2953 4178 propter
2971 4108 3167 4180 nimios
3208 4118 3372 4164 aastus
3400 4108 3711 4180 similisque
3739 4129 3861 4171 cor-

2298 4182 2468 4238 useuli
2518 4180 2981 4243 imbecillitatem,
3033 4178 3104 4231 ita
3164 4189 3220 4232 ut
3274 4194 3334 4232 se
3383 4178 3593 4234 dederit
3618 4178 3683 4235 in
3714 4186 3857 4238 viam

2298 4200 2468 4238 USCUII
2518 4200 2981 4243 Ιιηυεειιιιωιθηι,
3033 4200 3104 4231 Ilii
3164 4200 3220 4232 Ill
3274 4200 3334 4232 SC
3383 4200 3593 4234 (lCllCl’ll
3629 4200 3683 4235 tn
3714 4200 3857 4238 nam

2259 4200 2440 4306 ginnas
2481 4251 2703 4307 circiter
2730 4250 3051 4321 Augustas;
3099 4250 3241 4303 lumc
3266 4249 3409 4321 enim
3455 4248 3593 4303 diem
3621 4255 3860 4321 produnt

2265 4267 2440 4306 nonas
2481 4267 2703 4307 etrctter
2747 4267 2827 4303 Au
2870 4267 3051 4313 usras;
3099 4267 3241 4303 nunc
3266 4267 3409 4302 enim
3455 4267 3593 4303 mem
3621 4267 3860 4321 prouunt

2265 4324 2510 4393 epistola:
2537 4321 2598 4375 8|
2635 4330 2689 4375 et
2717 4320 2805 4393 85.
2834 4267 3228 4393 i’rmterquam,
3252 4320 3419 4393 quod
3441 4334 3469 4371 a
3496 4334 3630 4375 vero
3654 4323 3860 4377 abhor.

2265 4387 2401 4457 rest,
2443 4394 2619 4446 virum
2645 4391 2815 4445 multo
2852 4387 3158 4443 confectum
3202 4390 3355 4444 senio
3386 4389 3514 4444 iisse
3540 4400 3595 4444 et
3630 4393 3860 4450 rediisse

2262 4470 2371 4516 tam
2397 4462 2548 4515 brevi
2582 4470 2641 4514 ut
2663 4462 2851 4531 eodem
2878 4467 3243 4514 reverteretur
3262 4475 3407 4514 anno
3429 4475 3539 4531 quo
3574 4460 3858 4520 discessiso

2260 4540 2365 4598 set,
2391 4532 2731 4600 maximeque
2763 4529 2990 4584 hiberno
3019 4539 3282 4600 tempore.

2330 4603 2481 4675 Hanc
2506 4598 3057 4675 venosi-partitionem
3095 4598 3349 4675 _A_uselr_ni
3401 4599 3647 4675 regiique
3687 4601 3857 4675 legati

2256 4671 2523 4729 Guilleluti
2574 4670 2934 4742 Guarlenastii
2962 4670 3263 4742 contigisse,
3286 4670 3425 4723 baud
3453 4670 3688 4742 procula
3708 4670 3857 4742 Ling-

2256 4745 2422 4804 duno.
2457 4743 2773 4801 Eadmerus,
2809 4739 3319 4803 Malmesberiensis,
3371 4749 3426 4795 et
3455 4740 3546 4794 alii
3593 4754 3725 4795 sunt
3758 4739 3855 4798 au-

2255 4824 2453 4868 ctores.
2490 4813 2744 4868 Diversus
2776 4811 2940 4880 igitur
2966 4808 3288 4879 Lugdunum
3318 4810 3603 4865 Anselmns
3655 4814 3855 4870 multas

2183 4858 2229 4919 ί)
2256 4858 3024 4957 insequentiuiri-episiolarum
3042 4858 3262 4948 scripsit
3275 4882 3348 4957 ad
3361 4894 3562 4957 regem,
3577 4883 3851 4957 reginam,

2256 4950 2552 5020 antistites,
2605 4950 3020 5009 coenohiarchas
3068 4960 3124 5005 et
3175 4951 3502 5017 emnobitas,
3539 4950 3748 5023 aliique
3787 4956 3854 5009 ad

2254 5039 2400 5081 eum.

2328 5096 2440 5165 (9.2)
2475 5093 2613 5165 Quia
2643 5109 2759 5146 cum
2788 5090 2956 5165 illum_
2983 5106 3241 5165 coronare
3274 5090 3415 5145 nolo.
3449 5090 3566 5159 Quo
3587 5107 3763 5165 sensu
3801 5095 3849 5149 id

2256 5160 2399 5220 dicat
2424 5160 2737 5228 'Anselmus,
2773 5178 2876 5215 non
2910 5161 3084 5232 video,
3117 5162 3245 5231 quia
3272 5172 3565 5232 antequam
3586 5162 3848 5220 Henricus

2255 5249 2376 5289 eum
2409 5235 2582 5304 primo
2603 5241 2910 5289 revocasset
2940 5232 2990 5284 in
3021 5231 3671 5305 Augliam_,_jam’insig_nia
3704 5238 3847 5305 regis

2257 5302 2560 5374 sumpserat
2590 5306 2817 5373 ipsumet
2847 5310 3002 5374 teste,
3036 5304 3205 5374 epist.
3247 5303 3332 5374 40A
3360 5317 3543 5374 supra.
3574 5302 3843 5374 Praeterea

2257 5385 2315 5428 ut
2346 5370 2766 5428 monstravimus
2817 5372 2884 5424 ad
2920 5371 3135 5441 epistol.
3181 5372 3271 5437 88,
3324 5370 3655 5441 hat’littera:
3691 5370 3845 5429 fuere

2256 5446 2472 5514 scriptae
2498 5443 2740 5515 Lugduni
2767 5442 2905 5515 intra
2929 5440 3130 5515 annum
3156 5442 3324 5505 “05;
3350 5440 3639 5515 Henricum
3661 5452 3841 5498 autem

2257 5511 2423 5569 fuisse
2482 5515 2536 5568 in
2584 5511 2773 5585 regem
2827 5511 3033 5582 Anglia:
3082 5522 3305 5583 unctum
3340 5527 3482 5565 anno
3531 5511 3703 5585 1⁸1011,Δ
3734 5529 3843 5585 γρο-

2257 5585 2414 5638 strid.
2444 5581 2680 5640 Kalend:
2708 5581 2939 5654 August.
2965 5596 3073 5636 uno
3104 5581 3375 5654 testantur
3404 5596 3522 5654 ore
3547 5581 3837 5654 ngtidon.

2256 5654 2350 5708 lib.
2376 5670 2449 5709 vn
2482 5649 2827 5709 Maltuesbttr'.
2886 5651 2979 5723 lii).
3030 5667 3063 5703 v
3112 5652 3188 5708 De
3239 5666 3351 5723 reg.
3388 5650 3569 5723 Aug]...
3599 5649 3839 5723 Floreat.

2256 5723 2499 5796 Wigorn.
2526 5726 2600 5780 in.
2621 5724 2903 5790 Cbronic.,
2931 5720 3138 5778 lloned.
3177 5724 3229 5777 in
3253 5720 3445 5777 Annal.
3466 5720 3677 5792 t'part.,
3700 5720 3841 5779 Nerio

2250 5796 2389 5867 brig.
2421 5796 2512 5850 lib.
2545 5810 2585 5863 ι,
2613 5808 2732 5866 cap.
2765 5796 2819 5851 5.
