4028 6302
162 366 265 421 ην

164 481 399 551 lingeret
425 491 523 547 per
547 488 727 532 meam
750 470 1120 544 praesentiam,
1145 476 1202 524 et
1220 467 1343 523 ideo
1373 465 1514 522 Istud
1531 471 1753 535 propter
1780 451 1827 505 Α

163 571 297 628 illud
344 577 491 625 esset
536 563 1011 626 contemnendum,
1038 561 1152 632 jam
1184 559 1294 616 dixi
1328 557 1479 630 quia,
1512 556 1557 614 si
1588 570 1753 627 super

163 679 254 721 me
280 661 514 728 venerit,
542 660 924 716 inconcussam
952 670 1233 713 servarem
1274 651 1614 723 patientiam.
1652 647 1755 704 Ve.

164 772 288 813 rum
325 754 584 827 quoniam
617 768 725 808 non
776 752 1039 806 debemus
1069 749 1250 805 facere
1278 747 1420 802 mala
1451 756 1511 801 ut
1531 743 1755 800 veniant

162 848 330 914 bona,
362 862 469 903 non
506 844 678 901 debeo
709 842 984 898 attrahere
1014 855 1177 911 super
1205 838 1475 910 quoslibet
1497 835 1568 869 δ”
1598 836 1755 891 inno-

166 924 355 993 centes
385 935 639 1008 quarlibet
662 932 803 989 mala
834 940 895 987 ut
915 931 1202 985 animabus
1231 928 1460 985 aliorum
1493 926 1755 982 eveniant

167 1030 333 1087 bona.
370 1029 491 1086 Dixi
514 1028 702 1097 utique
727 1026 780 1081 in
810 1022 1089 1096 pnetertt'o
1116 1038 1283 1087 anno,
1317 1037 1440 1077 cum
1468 1035 1553 1075 me
1580 1018 1752 1073 mina-

169 1130 365 1177 rentur
406 1117 706 1190 expellere,
759 1116 887 1187 quia
919 1114 1117 1170 nollem
1146 1114 1296 1170 exire
1328 1119 1553 1182 propter
1577 1109 1758 1181 injun-

165 1223 313 1270 etam
367 1212 502 1268 mihi
535 1225 722 1266 curam
749 1218 805 1265 et
840 1206 1239 1272 obedientiam;
1271 1203 1369 1262 sed
1395 1213 1451 1259 et
1475 1204 1579 1258 hoc
1610 1202 1757 1259 dice-

166 1309 291 1363 bam
333 1316 561 1378 propter
584 1303 704 1359 illos
731 1301 823 1373 qui
874 1305 979 1356 hoc
1014 1300 1380 1363 minabantur,
1408 1311 1478 1352 ne
1504 1310 1603 1366 pro
1630 1294 1756 1350 solis

165 1397 351 1455 verbis
370 1396 584 1452 illorum
612 1394 858 1460 exirem,
891 1407 999 1447 non
1029 1398 1251 1461 propter
1290 1388 1526 1458 aliquam
1554 1386 1758 1441 utiliter

166 1486 485 1544 remanendi
524 1484 800 1540 ﬁduciam.
842 1480 962 1537 Mox
991 1480 1137 1536 enim
1170 1488 1230 1533 ut
1253 1476 1522 1533 discordia
1552 1484 1610 1530 et
1630 1489 1761 1530 con-

168 1577 339 1633 tentio
387 1576 533 1631 inter
557 1589 742 1643 regem
765 1580 822 1628 et
843 1586 933 1628 me
957 1575 1266 1641 appareret,
1304 1568 1511 1636 pariter
1534 1574 1591 1621 et
1618 1563 1755 1620 mala

168 1663 472 1734 corporalia
525 1662 818 1729 ferverent,
851 1670 906 1715 et
933 1660 1071 1715 bona
1096 1657 1397 1729 spiritualia
1424 1657 1637 1727 penitus
1660 1654 1761 1710 fri-

1300 414 1303 417 η
1358 350 1485 407 LIB.
1512 350 1597 417 Ill,
1622 347 1844 405 ‘ISPIST.
1871 348 2027 406 ιειι.
2058 382 2061 385 ν
2152 366 2161 373 ’

3336 348 3441 403 150

1854 469 2053 518 nostra:
2072 460 2141 495 “'
2165 468 2593 528 sacramentum,
2627 466 2723 515 aut
2765 456 2890 513 fidei
2922 456 3312 528 alligationem,
3341 469 3436 514 aut

1852 560 2072 624 pactum
2117 551 2335 622 aliquod
2386 551 2532 621 quod
2562 558 2753 605 contra
2803 548 3048 603 ordinem
3089 545 3177 610 sit,
3213 556 3437 617 propter

1854 644 2142 700 tenendam
2186 643 2423 715 aliquam
2466 650 2811 714 potestatem,
2861 656 3021 713 quam
3050 639 3281 695 dicimus
3305 636 3437 694 obc-

1857 735 2144 802 dicntiam,
2196 736 2538 792 considerate
2565 744 2617 791 et
2647 737 2699 790 in
2752 745 3015 806 quantum
3043 732 3300 804 possibile
3327 740 3436 799 est,

1855 834 1913 881 et
1961 826 2017 882 in
2055 837 2317 897 quantum
2357 828 2533 891 scitis,
2583 827 2817 883 avertite
2852 826 3116 882 malitiam
3143 824 3236 878 “‘.
3265 824 3438 893 Quid-

1855 918 1985 989 quid
2012 918 2251 974 futurum
2299 919 2391 985 sit,
2420 920 2512 976 Dei
2550 919 2760 976 tuitioni
2796 934 2895 974 vos
2934 928 2991 974 et
3019 934 3209 976 omnes
3244 918 3443 974 fratres

1857 1020 2073 1067 nostros
2116 1026 2237 1066 cum
2293 1013 2547 1068 omnibus
2590 1027 2711 1083 qua:
2741 1012 2809 1067 ad
2849 1009 3150 1067 Ecclesiam
3198 1018 3442 1066 nostram

1856 1103 2131 1175 pertinent
2162 1106 2501 1159 commendo.

2348 1193 2682 1252 EPISTOLA
2712 1193 2826 1251 XCI
2848 1194 2937 1250 δι’.

2143 1302 2371 1344 Διιεεωιι
2404 1306 2472 1344 ΑΙ)
2502 1304 2776 1344 ANTONIO!
2809 1301 3161 1344 SUBPRIOBEI.

2287 1380 2426 1434 Eum
2456 1380 2640 1435 laudat
2669 1391 2716 1435 et
2746 1382 3013 1436 admonet.

1929 1468 2212 1526 Ansstnus
2244 1472 2685 1543 archiepiscopus
2714 1471 2871 1528 fratri
2902 1484 2958 1531 et
2983 1474 3092 1529 lilio
3122 1476 3443 1533 charissimo

1859 1561 2106 1618 A'nromo
2128 1564 2423 1632 subprieri,
2450 1564 2681 1618 salutem
2720 1574 2775 1620 et
2814 1567 3268 1623 benedictionem.
3366 1588 3371 1589 ν

1930 1654 2153 1711 Gaudeo
2176 1666 2236 1710 et
2256 1656 2462 1725 gratias
2506 1671 2608 1727 ago
2636 1656 2746 1713 Deo
2784 1669 2840 1712 et
2865 1659 3017 1715 vobis
3041 1676 3140 1730 pro
3162 1661 3303 1717 bono
3326 1659 3451 1717 zelo

168 1767 374 1827 gerent.
405 1755 558 1824 Quod
586 1755 883 1826 imponitur
904 1754 1058 1820 mihi,
1083 1752 1211 1823 quia
1232 1750 1389 1822 quasi
1414 1758 1591 1807 astute
1618 1748 1758 1805 infa-
1788 1791 1836 1851 Β
1863 1761 2024 1819 quem
2069 1747 2300 1811 habetis,
2363 1756 2419 1803 et
2463 1750 2588 1819 quia
2633 1750 2881 1806 ordinem
2928 1763 3167 1809 vestrmu
3221 1755 3450 1813 libenter

167 1848 430 1904 maverim
475 1862 659 1918 regem
707 1855 763 1902 et
789 1862 1016 1917 regnum
1040 1843 1178 1913 eius,
1207 1852 1264 1900 et
1293 1843 1604 1913 episcopum
1627 1840 1759 1894 Lin-

168 1939 523 2004 colniensem,
572 1951 680 1992 non
706 1952 806 2007 per
829 1951 918 1990 me
938 1933 1245 2001 manifeste,
1297 1932 1391 1989 sed
1412 1930 1642 1986 latenter
1665 1943 1761 2000 per

171 2029 470 2085 monachos
520 2036 760 2092 nostros,
820 2035 969 2081 certe
1024 2024 1214 2081 falsum
1262 2032 1368 2089 est,
1418 2037 1547 2093 quia
1584 2019 1762 2075 nullus

172 2121 335 2175 homo
360 2135 390 2175 a
419 2133 507 2174 me
542 2118 611 2174 ad
632 2118 735 2174 hoc
758 2117 995 2173 monitus
1019 2125 1121 2171 est.
1157 2114 1264 2169 Sed
1295 2128 1396 2169 nec
1434 2111 1536 2183 ipsi
1564 2109 1762 2167 fratres

170 2209 339 2265 nostri
384 2208 686 2265 Eadmerus
738 2206 853 2279 (23)
882 2216 937 2262 et
962 2205 1372 2269 "'Alexander,
1399 2203 1489 2274 qui
1524 2201 1761 2258 maxime

168 2300 236 2357 de
286 2301 394 2357 hoc
443 2309 793 2365 accusantur,
821 2301 894 2355 ita
935 2298 1077 2354 sicut
1100 2299 1166 2353 de
1192 2296 1276 2352 eis
1301 2294 1521 2359 dicitur,
1554 2306 1761 2364 cogno-

166 2401 328 2449 scunt
348 2406 499 2459 esse;
520 2400 577 2448 et
598 2407 692 2446 vos
716 2392 869 2447 scitis
894 2391 1020 2460 quia
1044 2389 1334 2453 delatores,
1361 2385 1541 2457 parvis
1565 2397 1760 2454 magna

168 2482 455 2548 addentes,
481 2485 768 2537 mendaces
791 2481 967 2537 solent
994 2495 1117 2536 esse
1143 2498 1157 2534 :
1195 2480 1430 2548 denique
1462 2486 1757 2544 antequam

170 2588 274 2629 nos
303 2574 615 2629 veniremus
640 2572 899 2639 Romam,
941 2571 1106 2626 multa
1142 2568 1462 2625 dicebantur
1481 2568 1550 2622 de
1569 2564 1761 2636 Anglia

170 2662 319 2716 intra
342 2660 568 2715 Romam
590 2670 646 2716 et
670 2671 823 2716 extra
845 2660 1100 2717 Romam.
1122 2659 1181 2713 lu
1210 2659 1294 2713 his
1312 2655 1567 2712 omnibus
1590 2668 1766 2726 neque

172 2766 275 2823 per
297 2765 406 2817 me,
434 2766 611 2822 neque
635 2767 733 2822 per
760 2751 1124 2823 sapientiores
1160 2764 1269 2816 me,
1301 2747 1514 2803 meliori
1545 2759 1765 2817 possum

173 2843 257 2898 uti
305 2842 537 2899 consilio
594 2857 759 2913 quam
810 2841 1219 2911 dispositionem
1254 2839 1347 2895 Dei
1374 2847 1694 2909 exspectare
1712 2843 1772 2893 et

174 2946 295 2989 rem
323 2933 441 3004 ejus
463 2931 1051 3002 committerejudicio.
1078 2930 1191 2987 lloc
1210 2938 1392 2985 autem
1420 2929 1613 2984 scitote
1640 2928 1768 2997 quia

174 3025 437 3082 voluntas
458 3039 575 3081 mea
602 3033 687 3080 est
708 3033 790 3090 ut,
818 3023 1107 3093 adjuvante
1132 3024 1260 3088 Deo,
1295 3020 1495 3076 nullius
1521 3019 1766 3075 mortalis

174 3116 361 3171 homo
396 3114 544 3179 fiam,
588 3128 688 3170 nec
715 3129 813 3185 per
842 3122 1239 3168 sacramentum
1263 3112 1421 3167 fidem
1446 3110 1611 3165 alicui
1634 3123 1764 3181 pro-

175 3208 415 3271 mittam.
465 3204 766 3260 Consilium
820 3216 1066 3260 nostrum
1116 3204 1302 3274 petitis
1329 3203 1459 3274 quid
1488 3216 1648 3273 agere
1670 3201 1767 3257 de-

174 3298 358 3353 beatis
404 3298 545 3353 inter
565 3311 663 3353 eos
692 3308 891 3353 etcum
922 3298 1003 3353 eis
1050 3312 1278 3366 quorum
1325 3295 1766 3352 communionem

174 3390 317 3445 mihi
357 3389 610 3445 dominus
661 3404 798 3460 papa
858 3388 1157 3447 interdixit.
1205 3390 1337 3455 Qua:
1370 3403 1456 3443 res
1486 3385 1559 3442 ita
1600 3384 1767 3441 dubia

172 3494 285 3553 est,
331 3494 391 3541 ut
419 3485 605 3541 minus
632 3483 849 3541 difﬁcile
876 3484 948 3540 sit
977 3497 1085 3538 non
1114 3482 1517 3538 communicare
1539 3479 1622 3536 eis
1644 3479 1769 3550 qui-

172 3579 282 3634 bus
304 3591 398 3632 rex
415 3576 803 3641 communicat,
824 3576 1126 3647 prtesertim
1148 3591 1273 3632 cum
1302 3574 1431 3629 mihi
1454 3572 1553 3628 soli
1582 3570 1771 3629 Roma:

170 3686 202 3725 a
233 3683 376 3741 papa
404 3668 509 3725 ista
536 3669 824 3725 interdicta
847 3670 920 3726 sit
937 3669 1287 3735 communio;
1312 3683 1413 3725 nec
1434 3667 1608 3724 audeo
1632 3681 1772 3737 pra:-

171 3761 371 3831 cipere
422 3768 483 3814 ut
532 3760 640 3817 illis
662 3760 1097 3828 communicetis,
1128 3760 1325 3831 quibus
1363 3774 1464 3832 ego
1490 3776 1597 3815 non
1619 3774 1772 3815 com-

172 3851 440 3918 munico;
507 3852 603 3909 sed
653 3851 700 3909 si
735 3852 809 3908 ita
840 3850 1255 3923 permanseritis
1281 3849 1419 3909 sicut
1447 3866 1543 3907 vos
1566 3851 1769 3919 dimisi,

173 3958 528 4016 nequaquam
568 3959 667 4002 vos
714 3944 1075 4017 reprehendo.
1121 3942 1239 4000 Non
1300 3942 1447 3999 enim
1484 3944 1771 4014 potestisa

175 4047 296 4095 toto
343 4051 516 4110 regno
556 4037 899 4103 discordare,
940 4050 1044 4093 nec
1081 4036 1378 4108 participes
1424 4036 1559 4092 estis
1581 4050 1772 4092 eorum

174 4128 409 4184 malitize
460 4128 505 4184 si
533 4128 656 4198 quis
695 4141 727 4181 a
749 4127 901 4183 vobis
925 4129 1143 4199 petierit
1177 4128 1322 4198 quod
1350 4127 1692 4184 honestatem
1720 4134 1776 4182 et

177 4218 507 4288 religionem
556 4228 795 4273 vestram
845 4235 951 4275 non
1006 4218 1076 4251 “’
1126 4219 1355 4285 deceat;
1415 4218 1775 4290 pmmeditati

174 4320 362 4369 estote
384 4326 453 4367 ne
474 4320 566 4365 aut
595 4311 776 4377 minaa,
805 4322 898 4366 aut
932 4312 1224 4378 blanditiae,
1258 4321 1352 4366 aut
1374 4311 1554 4383 aliqua
1576 4312 1775 4367 astutia

173 4401 552 4477 persuadeant
574 4403 732 4458 vobis
766 4402 969 4474 aliquid
993 4403 1133 4458 unde
1162 4418 1259 4459 vos
1285 4413 1469 4475 postea
1493 4406 1774 4475 poeniteat.

1865 1839 2173 1908 custoditis,
2199 1848 2257 1896 et
2284 1848 2343 1894 ut
2372 1840 2461 1895 alii
2489 1840 2639 1896 illum
2669 1853 2909 1909 servent,
2943 1856 3166 1901 strenue
3198 1849 3449 1905 studetis.

1864 1926 2069 1985 Precor
2093 1940 2298 1995 autem,
2348 1931 2488 1986 sicut
2529 1947 2673 2000 szepe
2702 1944 2958 2002 precatus
2985 1952 3127 1991 sum.
3172 1939 3311 1993 utin
3346 1937 3455 1996 hoc'

1863 2020 2008 2078 bono
2056 2023 2336 2092 proposito
2388 2026 2768 2093 perseveretis,
2798 2026 2923 2095 quia
2959 2028 3071 2082 Deo
3099 2038 3311 2098 gratum
3339 2039 3447 2099 est,

1862 2120 1919 2168 et
1940 2113 2009 2167 ah
2034 2127 2101 2168 eo
2123 2113 2403 2183 pnemium
2433 2113 2632 2169 bonum
2672 2117 3039 2187 reportabitis.
3070 2118 3165 2173 Est
3191 2119 3450 2190 quiddam

1864 2204 2009 2260 unde
2057 2204 2188 2259 olim
2234 2206 2497 2274 quosdam
2550 2206 2728 2260 audivi
2770 2209 3275 2277 conqueri.Dicunt
3304 2211 3448 2266 enim

1865 2297 1990 2368 quia
2014 2295 2308 2368 aliquando
2334 2311 2457 2351 cum
2496 2295 2554 2351 lit
2574 2305 2700 2353 ante
2730 2311 2826 2354 vos
2851 2298 3207 2368 proclamatio
3236 2300 3304 2355 de
3326 2300 3451 2371 qui-

1864 2386 2095 2443 busdam
2124 2385 2488 2457 negligentiis,
2523 2401 2644 2457 quae
2691 2387 2808 2443 sine
2840 2388 2977 2442 mala
3007 2388 3303 2445 intentione
3324 2405 3455 2460 pos-

1867 2489 1995 2537 sunt
2040 2478 2292 2549 intelligi,
2323 2486 2379 2533 et
2420 2478 2588 2534 solius
2624 2478 2865 2534 levitatis
2891 2479 3336 2552 culpaeimputari
3359 2481 3452 2547 ⁸⁸³,

1867 2569 2088 2626 dilectio
2135 2578 2314 2625 vestra
2348 2569 2401 2624 in
2426 2584 2649 2641 pravam
2696 2570 3057 2640 suspicionem
3099 2571 3152 2627 in
3180 2572 3457 2629 audientia

1868 2675 1963 2716 eas
2014 2660 2438 2732 interpretatur;
2499 2659 2665 2715 veluti
2720 2670 2847 2715 sunt
2901 2662 3081 2733 signa,
3116 2673 3368 2733 aspectus
3397 2673 3456 2721 et

1870 2752 2089 2820 similia,
2120 2753 2175 2807 in
2211 2750 2408 2823 quibus
2436 2751 2576 2807 nulla
2614 2753 2832 2808 malitia:
2859 2756 3126 2809 certitudo
3157 2756 3457 2826 deprehen-

1872 2844 1924 2900 di
1970 2853 2167 2915 potest.
2211 2843 2406 2900 Moneo
2452 2859 2584 2916 ergo
2613 2860 2709 2901 vos
2749 2854 2806 2900 ut
2855 2846 3111 2901 dilectum
3139 2845 3455 2903 dilectorem

1872 2950 2077 3004 meum,
2131 2944 2186 2990 et
2234 2934 2485 3000 consulo,
2516 2943 2575 2989 ut
2627 2934 2737 2989 lilio
2765 2934 3109 3002 charissimo,
3150 2950 3218 2989 ne
3245 2936 3349 2990 hoc
3382 2935 3462 2989 fa-
3520 3004 3523 3005 ν

1870 3027 2051 3093 ciatis,
2101 3028 2205 3084 nisi
2266 3043 2391 3083 cum
2451 3042 2540 3084 res
2596 3030 2668 3082 ita
2694 3036 2882 3098 aperta
2912 3024 3158 3081 fueritut
3193 3042 3222 3081 a
3251 3026 3458 3083 malitia

1870 3119 2121 3176 excusari
2192 3134 2298 3175 non
2342 3120 2535 3190 possit.
2563 3118 2732 3175 Nocet
2762 3118 2909 3174 cnim
2935 3118 3181 3173 multum.
3224 3117 3462 3177 Potestis

1869 3212 2016 3267 enim
2059 3212 2270 3282 culpam
2313 3227 2410 3283 pro
2437 3212 2547 3267 sola
2572 3211 2865 3267 violatione
2890 3210 3097 3265 ordinis
3129 3212 3328 3265 acriter
3358 3226 3459 3280 pu-

1871 3305 2010 3371 nire,
2059 3313 2116 3359 et
2156 3318 2371 3360 omnem
2403 3318 2626 3376 pravam
2651 3302 3040 3373 suspieionem,
3088 3305 3306 3372 quando
3330 3317 3457 3373 pro-

1870 3397 1990 3453 bari
2030 3397 2242 3468 nequit,
2263 3406 2531 3453 avertere.
2588 3395 2681 3451 Sic
2709 3404 2890 3450 autem
2921 3403 2977 3450 et
3006 3409 3100 3448 vos
3124 3393 3369 3463 diligent,
3400 3401 3459 3450 et

1872 3504 1932 3547 se
1953 3488 2073 3545 sine
2091 3486 2421 3544 verecundia
2449 3486 2744 3555 corrigent.
2776 3482 2926 3539 Vale.

2348 3576 2684 3633 EPISTOLA
2724 3574 2861 3631 XCII
2891 3574 2981 3629 “‘.

2311 3685 2534 3726 assem
2574 3685 2641 3724 Αι)
2681 3664 3024 3725 σοκυυιηκς

1986 3808 1989 3809 ν
2036 3764 2224 3822 Grates
2249 3762 2496 3832 persolvit
2522 3762 2763 3833 episcopo
2784 3762 2849 3815 de
2868 3778 2922 3816 se
2944 3762 3070 3815 bene
3090 3760 3295 3815 merito.

1944 3858 2250 3921 Assscuus,
2279 3854 2373 3911 Dei
2407 3854 2767 3926 dispositione
2821 3852 3287 3923 archiepiscopus,
3316 3865 3469 3908 reve-

1876 3952 2045 4007 rendo
2064 3960 2122 4007 et
2141 3944 2467 4005 charissimo
2492 3947 2818 4018 coepiscopo
2843 3941 3401 4012 Gonnusro,salutem
3412 3950 3469 3998 et

1877 4043 2019 4115 quod
2055 4040 2251 4098 melius
2273 4040 2346 4097 sit
2362 4047 2419 4096 et
2450 4030 2673 4110 potest.
3450 4025 3467 4033 “

1946 4131 2166 4190 Gratias
2187 4146 2288 4203 ago
2308 4130 2461 4185 vobis
2490 4141 2591 4199 pro
2613 4126 2754 4182 bene
2779 4122 2935 4182 factis
2948 4138 3191 4197 magnas,
3207 4122 3300 4181 sed
3327 4123 3470 4181 ntul-

1880 4233 1935 4281 to
1964 4223 2200 4293 majores
2234 4238 2331 4289 pro
2362 4229 2543 4278 vestra
2592 4220 2732 4277 bona
2774 4217 3074 4284 voluntate,
3105 4235 3227 4290 qua:
3252 4233 3470 4289 semper

1879 4319 2000 4391 plus
2043 4316 2224 4373 facere
2273 4316 2384 4370 vult
2436 4329 2600 4384 quam
2648 4313 2842 4385 possit.
2891 4310 3100 4366 Bonum
3136 4311 3469 4366 desiderium

1879 4420 2120 4468 vestrum
2147 4410 2216 4466 de
2246 4409 2419 4465 reditu
2467 4417 2677 4473 nostro,
2724 4417 2784 4462 et
2819 4404 3104 4460 consilium
3136 4404 3203 4458 de
3230 4417 3356 4457 vera
3385 4402 3470 4457 dl-

175 4495 488 4554 Consilium
542 4502 599 4550 et
646 4510 834 4552 curam
894 4498 1147 4563 fratrum,
1185 4498 1444 4570 quidquid
1474 4500 1772 4570 contingat,
1808 4516 1852 4572 ι)
1880 4504 2111 4559 lectione
2158 4499 2458 4572 procedens
2494 4512 2617 4553 amo
2646 4504 2702 4551 et
2729 4495 2917 4558 laudo;
2948 4494 3042 4550 sed
3078 4493 3145 4549 de
3172 4491 3368 4547 effectu
3396 4489 3470 4524 ⁵⁸³

172 4596 412 4662 propter
462 4586 632 4643 Deum
685 4597 741 4644 et
790 4590 1119 4645 charitatem
1168 4590 1399 4660 proximi
1428 4590 1593 4647 nolite
1622 4594 1775 4647 dese-

177 4697 329 4746 rere,
400 4679 505 4736 nisi
558 4693 659 4736 vos
706 4680 966 4737 violentia
1016 4682 1083 4737 de
1110 4683 1352 4738 Ecclesia
1386 4683 1674 4754 expulerit.
1714 4682 1775 4739 Si

176 4768 497 4840 ingruerint
545 4769 909 4826 adversitates
951 4779 1011 4827 et
1043 4771 1447 4838 tribulationes,
1488 4782 1619 4828 tunc
1658 4772 1772 4828 for-

179 4864 354 4920 tiores
377 4872 573 4930 estote,
595 4872 651 4921 et
676 4864 731 4920 in
769 4866 1068 4923 tentatione
1101 4866 1361 4925 fratribus
1386 4868 1584 4924 vestris
1609 4868 1776 4927 nolite

178 4956 441 5013 deﬁcere.
459 4954 516 5012 Si
537 4958 660 5028 quis
681 4959 926 5031 exegerit
947 4959 1015 5015 ab
1035 4959 1219 5032 aliquo
1238 4959 1506 5016 monacho
1520 4959 1776 5017 Ecclesiae

1878 4594 2123 4667 ejusdem
2188 4590 2486 4649 voluntatis
2532 4598 2741 4645 certum
2794 4588 2922 4659 quid
2983 4587 3303 4658 promittere
3356 4598 3467 4639 non

1881 4686 2087 4749 audeo;
2145 4682 2238 4737 sed
2282 4678 2771 4743 Dei_ordinationi,
2812 4679 2902 4734 cui
2949 4674 3232 4745 subiacent
3261 4673 3468 4738 omnia,

1881 4792 1970 4834 me
2008 4784 2063 4833 et
2101 4786 2442 4848 quaecunque
2493 4772 2562 4827 de
2602 4786 2689 4827 me
2734 4781 2882 4838 sunt,
2912 4768 3255 4825 commendo.
3288 4765 3466 4835 Ipsum

1880 4883 1999 4937 oro,
2026 4876 2083 4923 et
2116 4880 2309 4923 omnes
2333 4864 2540 4919 amicos
2560 4878 2710 4919 meos
2750 4877 2900 4932 rogo,
2927 4868 2985 4914 ut
3009 4866 3167 4913 orent
3195 4864 3469 4927 quatenus

1883 4963 2000 5034 ipse
2044 4974 2133 5017 me
2184 4959 2239 5015 in
2287 4956 2625 5028 beneplacito
2649 4972 2749 5014 suo
2776 4956 3048 5023 disponat,
3077 4965 3181 5006 nec
3227 4964 3470 5021 unquam

1464 5071 1700 5128 ῩΑΒΙᾸΞ
1779 5069 2178 5131 LECTIONES.

290 5162 361 5197 "7
391 5160 567 5233 Super
619 5178 707 5217 me
737 5163 1004 5235 quaslibet
1033 5181 1113 5219 ms
1141 5179 1305 5235 super
1346 5164 1613 5233 quoslibet

184 5251 309 5291 nem
339 5242 580 5286 vestram
608 5248 715 5288 non

826 5233 898 5265 “'
932 5234 1189 5289 Ecclesiae
1211 5233 1405 5290 vestrae
1428 5253 1505 5290 ms
1539 5234 1794 5291 Ecclesiae
1823 5244 2023 5290 nostra:

1719 5164 1790 5241 ﬁ"
1815 5166 2044 5220 Dinerus
2080 5161 2455 5241 mel-Edmerus
2536 5157 2966 5241 “'“Religionem
3002 5171 3221 5241 nonum:
3252 5157 3471 5241 religio-

2132 5233 2202 5265 ιιι
2224 5233 2486 5286 Avertere
2517 5229 2774 5283 malitiam
2828 5244 2905 5281 ms
2948 5229 3177 5284 avertite
3205 5229 3468 5284 malitiam

184 5307 255 5339 δι’
284 5305 423 5360 Cum
443 5304 621 5376 eodem
642 5320 720 5376 uta
740 5302 933 5360 collata
1003 5303 1073 5335 “'
1084 5304 1265 5376 Culpa
1284 5315 1509 5375 possunt
1535 5305 1789 5376 imputari
1817 5322 1898 5360 ms
1920 5303 2116 5376 [culpae
2142 5302 2397 5371 imputari
2470 5299 2541 5333 ⁶⁸⁴
2555 5297 2689 5353 Cum
2712 5298 2893 5354 eodem
2919 5316 2997 5355 ms
3019 5300 3213 5357 collata
3310 5300 3471 5358 “'00

1395 5442 1680 5501 JOANNIS
1699 5444 1973 5503 PICARDI
2001 5442 2238 5501 NOTAE.

260 5558 377 5629 (2'5)
412 5556 477 5629 Et
497 5554 817 5629 Merenda,
841 5558 934 5629 qui
960 5558 1328 5622 maxime,etc.
1356 5556 1454 5613 llic
1477 5557 1784 5616 Alexander
1881 5551 2220 5629 Anseln'mm,
2254 5553 2491 5629 Anselmi
2523 5553 2690 5629 nostri
2711 5562 2964 5629 nepotem
2999 5551 3297 5629 destinavit
3324 5550 3469 5629 libat

216 5622 373 5699 cujus
400 5622 882 5699 etiamWillelmus
912 5628 1250 5685 Malmesber.
1287 5629 1339 5683 in
1369 5629 1783 5683 Cantuariensi-
1885 5646 1953 5685 ex
1981 5628 2222 5683 Anselini
2244 5626 2637 5699 archiepiscopi
2672 5622 2833 5699 dictis
2860 5624 3268 5699 concinnatum,
3297 5632 3353 5678 et
3378 5625 3468 5690 l9,

215 5694 297 5754 ius
326 5698 756 5769 archiepiscopis
788 5699 1017 5769 subinde
1044 5700 1313 5764 meminit,
1338 5699 1429 5754 ubi
1457 5699 1691 5754 maxime
1714 5702 1784 5757 de
1884 5701 2045 5769 capit.
2070 5699 2407 5769 distinctum,
2434 5694 2507 5757 ex
2538 5694 2750 5757 céntur.
2778 5696 2844 5752 10
2886 5695 3117 5769 catalog.
3143 5694 3472 5767 scriptorum

184 5376 385 5433 affectu
428 5390 504 5427 ms
542 5373 611 5428 de
638 5372 833 5429 effectu

174 5769 453 5838 ,Δηιαιίηο
472 5768 685 5840 scribit)
706 5769 808 5827 fuit
831 5768 1239 5828 Cantuariensis
1280 5770 1601 5837 monachus,
1634 5779 1687 5825 et
1711 5773 1779 5828 ad

1888 5770 2199 5825 Britannia}.
