4028 6302
546 332 641 393 131
1084 324 1144 380 S.
1176 320 1473 377 ANSELMI
1522 318 1880 375 CANTUAIl.
1921 319 2241 375 ARCIHEP.
2282 319 2431 375 OPP.
2465 319 2645 376 PAIlS
2672 320 2757 375 Ill.
2784 318 3251 377 -—EPISTOL}E.
3734 320 3855 375 132

543 439 879 491 voluntatem
934 430 1345 487 meamamhirc
1383 430 1452 485 de
1478 445 1573 484 sua
1600 429 1874 484 voluntate
1897 427 2119 498 permit-
2153 413 2194 467 Α
2230 428 2418 500 igitur,
2462 430 2644 497 Pater,
2679 439 2794 497 est,
2843 435 2987 503 quod
3038 435 3230 490 doctor
3278 431 3368 487 ille
3421 442 3693 503 gentium,
3746 450 3855 488 vas

548 541 647 584 tat.
681 528 793 584 Hoc
823 536 1002 580 autem
1035 524 1226 579 scitote
1249 524 1373 593 quia
1411 538 1569 592 spero
1598 523 1650 576 in
1677 523 1805 587 Deo,
1835 531 1891 577 et
1914 523 2029 577 haec
2046 530 2130 576 est
2229 523 2532 589 electionis,
2566 539 2688 578 cum
2720 532 2868 579 totus
2910 526 2961 579 in
3009 524 3143 596 legis
3173 524 3530 580 evacuatione
3580 524 3851 589 sudaret,

545 621 794 675 voluntas
840 633 978 684 mea,
1034 626 1089 670 ut
1135 630 1409 684 nunquam
1446 630 1544 684 pro
1575 614 1751 669 reditu
1792 614 1845 668 in
1876 613 2125 684 Angliam
2229 614 2470 683 nunquid
2503 630 2611 670 non
2644 614 2697 668 in
2730 615 2953 685 templo,
2981 632 3050 671 ne
3085 614 3399 671 scandalum
3434 624 3580 669 esset
3614 616 3710 672 his
3744 621 3849 684 qui

546 714 751 785 aliquid
806 720 997 767 contra
1056 709 1402 764 honestatem
1457 707 1824 778 episcopalem
1884 707 2126 763 scienter
2228 721 2296 761 ex
2339 707 2755 765 circumcisione
2802 712 3174 778 crediderant,
3228 712 3436 785 hostias
3489 709 3850 766 immolavit?

547 805 759 862 faciam.
818 802 956 858 Malo
1009 815 1191 859 autem
1254 800 1569 856 hominibus
1617 815 1724 855 non
1770 798 2124 862 concordare,
2229 796 2501 869 Nunquid,
2524 799 2614 869 qui
2644 800 3115 859 circumcisionem
3138 801 3449 867 damnabat,
3476 801 3845 856 Timotheum

543 914 728 969 quam,
783 897 889 951 illis
939 893 1341 961 concordando,
1387 908 1416 947 a
1445 891 1553 947 Deo
1581 889 1913 946 discordare.
1938 888 2128 945 Consi-
2228 889 2362 959 ipse,
2394 899 2455 945 ut
2493 892 2745 948 omnibus
2770 892 2952 946 omnia
2990 892 3168 957 fieret,
3203 906 3308 946 non
3356 890 3711 947 circumcidit
3737 888 3847 941 “’2

544 991 670 1044 lium
695 988 840 1059 quod
862 986 1045 1058 petitis
1071 986 1198 1056 quid
1229 984 1382 1039 vobis
1408 982 1716 1038 faciendum
1740 981 1830 1049 sit,
1858 981 1905 1036 si
1955 980 2128 1036 domi-

544 1093 645 1133 nus
698 1092 853 1132 meus
883 1090 977 1130 rex
1015 1085 1069 1130 et
1097 1090 1196 1145 ego
1235 1089 1339 1129 non
1394 1072 1811 1137 concordamus,
1844 1071 1899 1126 in
1929 1070 2128 1127 litteris

544 1170 740 1239 prioris
792 1167 1033 1223 breviter
1094 1165 1367 1220 mandavi.
1391 1164 1504 1220 Hoc
1552 1172 1761 1219 tantum
1790 1165 1857 1219 ad
1884 1161 2149 1235 praesens

539 1258 687 1322 dico,
750 1257 910 1312 nulla:
957 1255 1139 1322 minte,
1166 1255 1311 1310 nulla
1335 1255 1644 1325 promissio,
1680 1253 1827 1308 nulla
1872 1253 2125 1309 astutiaa

544 1348 808 1420 religione
859 1357 1039 1403 vestra
1100 1355 1423 1416 extorqueat
1482 1354 1577 1400 aut
1625 1344 1975 1412 homagium,
2032 1354 2128 1401 aut

536 1439 945 1509 jusjurandum,
988 1448 1082 1492 aut
1106 1436 1228 1493 ﬁdei
1262 1437 1649 1509 alligationem.
1692 1436 1747 1492 Si
1770 1437 1899 1507 quid
1932 1437 2126 1493 horum

541 1530 740 1602 aliquis
762 1531 1027 1600 exegerit,
1061 1530 1174 1585 hcce
1201 1529 1268 1584 sit
1293 1540 1472 1586 vestra
1512 1530 1793 1599 responsio
1821 1547 1835 1585 :
1870 1529 2128 1584 Christia-

545 1638 644 1676 nus
697 1638 837 1688 sum,
892 1622 1181 1677 monachus
1226 1638 1364 1687 sum,
1415 1622 1688 1693 episcopus
1742 1639 1890 1689 sum;
1939 1633 1987 1677 et
2007 1622 2125 1678 ideo

540 1710 781 1766 omnibus
804 1709 915 1765 volo
944 1710 1101 1778 ﬁdem
1129 1727 1333 1766 servare
1369 1712 1653 1766 secundum
1682 1713 1821 1783 quod
1849 1714 2126 1785 unicuique

544 1801 725 1856 debeo.
777 1801 1047 1871 Quidquid
1076 1802 1220 1858 aliud
1243 1803 1397 1858 vobis
1424 1804 1655 1867 dicatur,
1696 1805 1783 1859 his
1810 1805 1991 1861 verbis
2025 1820 2126 1862 nec

544 1893 755 1948 addatis
784 1894 1101 1964 quidquam,
1154 1910 1253 1951 nec
1285 1894 1568 1960 minuatis,
1600 1897 1741 1966 quod
1764 1896 1832 1952 ab
1869 1897 1971 1953 hac
2000 1912 2126 1952 sen-

548 1983 716 2038 tentia
772 1982 1032 2037 discedat.
1080 1983 1192 2037 lloc
1225 1984 1398 2053 ipsum
1448 1983 1606 2056 ἀοι
1641 1985 1707 2039 de
1735 2001 1821 2039 me
1855 1986 1996 2050 dico,
2027 2001 2127 2042 nec

536 2090 698 2145 super
746 2075 859 2129 lucc
890 2074 1090 2143 aliquid
1121 2074 1339 2141 addere,
1369 2074 1449 2129 vel
1478 2075 1543 2130 de
1572 2076 1658 2131 his
1680 2077 1942 2143 minuere,
1978 2078 2129 2148 adju-

545 2185 708 2227 vante
740 2172 873 2240 Deo,
908 2175 1047 2229 volo.
1083 2174 1247 2229 Filios
1273 2183 1484 2229 vestros
1531 2184 1585 2229 et
1615 2184 1852 2241 nostros,
1881 2186 1935 2229 et
1966 2176 2127 2239 filias,

538 2264 680 2318 sicut
724 2264 895 2331 scitis,
950 2264 1216 2331 salutate,
1274 2276 1329 2321 ct
1376 2274 1434 2318 ut
1484 2266 1655 2321 nostri
1701 2282 1971 2323 memores
2020 2268 2128 2323 sint

538 2364 713 2408 orate.

999 2445 1333 2503 EPiSTOLA
1372 2446 1531 2503 XClll
1555 2447 1645 2506 “'.

685 2551 974 2593 HATDlLDIS
1004 2552 1213 2591 BEG|N£
1250 2553 1532 2594 ΑΝϐιοιιυη
1572 2554 1637 2592 ΑΙ)
1667 2555 1966 2597 ΑΝεεωιωι.

650 2624 807 2696 Regio
838 2628 997 2698 digna
1019 2639 1224 2698 pectore
1253 2639 1301 2684 et
1326 2631 1518 2684 sanctis
1545 2632 1817 2700 affectibus
1844 2632 2021 2703 plena.

609 2718 841 2775 Domino
868 2736 991 2776 vere
1022 2737 1235 2777 summo
1264 2730 1320 2777 et
1346 2722 1494 2777 Patri
1526 2724 1799 2794 ANSELIIO,
1826 2725 1917 2781 Dei
1957 2726 2128 2799 gratia

537 2808 911 2866 Cantuaricnsi
959 2812 1388 2883 archiepiscopo,
1430 2812 1757 2881 MATHILDIS,
1790 2817 1974 2887 regina
2019 2819 2131 2872 An-

534 2901 764 2971 glorum,
796 2902 1014 2961 humilis
1056 2905 1248 2961 ancilla
1290 2903 1432 2979 ejus,
1464 2921 1692 2962 summa:
1741 2906 2041 2965 devotionis
2075 2920 2130 2966 ct

532 2994 811 3049 servitutis
845 2996 1186 3067 obsequium.
1398 2986 1401 2989 i

604 3085 909 3150 Converte,
977 3086 1195 3142 domine
1272 3096 1491 3149 sancte,
1551 3088 1716 3147 Pater
1781 3089 2197 3184 misericors,c

534 3174 805 3243 planctum
839 3191 1017 3230 meum
1052 3178 1104 3232 in
1146 3178 1401 3248 gaudium
1448 3180 1607 3245 mihi,
1641 3189 1696 3234 et
1722 3180 1997 3236 circumda
2043 3198 2129 3239 me

533 3264 742 3318 Iustitia.
785 3265 944 3333 Ecce,
983 3266 1223 3335 domine,
1264 3267 1483 3323 humilis
1526 3269 1722 3324 ancilla
1776 3280 1865 3326 tua
1916 3271 2021 3329 mis
2055 3272 2130 3328 ri-

532 3353 735 3409 cordiae
765 3362 868 3411 tute
896 3356 1121 3426 genibus
1148 3358 1422 3426 devoluta,
1455 3361 1723 3431 supplices
1755 3362 1823 3416 ad
1864 3370 1915 3418 te
1936 3378 2128 3420 manus

535 3446 790 3517 tendens,
842 3458 1115 3504 consuetae
1166 3451 1406 3520 postulat
1459 3452 1805 3523 benignitatis
1852 3454 2124 3513 allectum.

537 3533 692 3601 Veni,
737 3537 976 3605 domine,
1013 3539 1157 3607 veni,
1196 3550 1252 3595 et
1300 3542 1457 3597 visita
1506 3560 1720 3600 servam
1773 3558 1918 3603 tuam
1980 3548 2125 3616 veni,

537 3623 777 3694 inquam,
824 3624 1004 3692 Pater,
1035 3637 1088 3683 et
1128 3630 1362 3699 gemitus
1400 3648 1551 3688 meos
1597 3634 1704 3690 leui
1736 3634 1828 3703 “7,
1862 3636 2129 3708 lacrymas

536 3716 810 3787 absterge,
833 3716 1049 3774 dolores
1086 3722 1291 3793 mitiga,
1324 3722 1500 3780 luctus
1538 3726 1691 3792 tolle;
1726 3727 1887 3799 imple
1917 3728 2130 3795 deside-

538 3805 676 3860 rium
708 3823 909 3874 meum,
940 3821 1063 3866 vota
1101 3815 1363 3869 secunda.
1393 3815 1486 3881 At,
1527 3817 1758 3888 inquies,
1793 3819 1912 3891 lege
1944 3822 2129 3891 prohi-

538 3899 689 3966 beor,
730 3910 784 3955 et
827 3906 1182 3970 quarumdam
1230 3909 1616 3965 necessitatum
1666 3911 1897 3968 vinculis
1948 3923 2128 3969 tentus

536 3992 806 4046 seniorum
835 3993 906 4029 “‘3
935 3994 1151 4052 decreta
1184 4001 1483 4071 transgredi
1519 4018 1624 4057 non
1654 4019 1943 4075 prmsumo.
1986 4005 2125 4073 Quid

2226 980 2366 1049 Quid
2395 996 2526 1053 ergo
2553 981 2718 1037 faciet
2749 982 3141 1039 misericordia:
3170 981 3334 1048 filius,
3359 979 3662 1051 discipulus
3692 979 3844 1048 ejus,

2227 1073 2319 1143 qui
2345 1081 2405 1129 ut
2430 1088 2619 1131 servos
2651 1074 2966 1139 redimeret,
2998 1074 3112 1144 ipse
3142 1073 3197 1128 in
3233 1079 3465 1127 mortem
3512 1086 3573 1126 se
3606 1070 3844 1125 obtulit.

2227 1165 2412 1233 Vides,
2444 1182 2572 1221 ecce
2600 1166 2751 1222 vides
2793 1166 2993 1221 fratres
3039 1174 3178 1232 tuos,
3208 1178 3505 1221 conservos
3554 1172 3705 1229 tuos,
3742 1178 3845 1231 po-

2226 1259 2410 1329 pulum
2450 1259 2661 1314 Domini
2695 1258 2771 1313 tui
2810 1258 2923 1328 jam
2973 1257 3256 1328 naufragia
3298 1255 3691 1317 sustinentem,
3718 1252 3841 1321 jam

2227 1349 2498 1404 labantem
2546 1348 2599 1403 in
2622 1347 2693 1379 ⁸⁸⁸
2726 1347 2951 1412 ultimis,
2978 1362 3081 1402 nec
3126 1345 3423 1408 succurris,
3457 1359 3556 1400 nec
3594 1344 3844 1414 porrigis

2228 1442 2529 1506 dexteram,
2557 1454 2658 1496 nec
2684 1439 2928 1511 objectas
2956 1450 3007 1496 te
3034 1438 3355 1495 discrimini.
3384 1436 3579 1493 Nonne
3604 1437 3843 1506 optabat

2227 1532 2517 1603 Apostolus
2563 1531 2854 1587 anathema
2899 1546 3022 1588 esse
3064 1547 3097 1587 a
3139 1530 3354 1587 Christo
3410 1542 3509 1599 pro
3565 1526 3841 1581 fratribus

2229 1623 2377 1679 suis?
2400 1623 2589 1679 Flecte
2637 1623 2844 1693 itaque,
2883 1623 3024 1680 bone
3067 1623 3307 1689 domine,
3337 1622 3425 1693 pie
3452 1621 3636 1687 Pater,
3666 1634 3838 1675 seve-

2229 1716 2442 1771 ritatem
2480 1715 2648 1783 hanc;
2675 1724 2731 1770 et
2761 1716 3029 1783 ferreum,
3052 1730 3184 1786 pace
3223 1723 3314 1768 tua
3352 1712 3607 1779 dixerim,
3635 1721 3837 1781 pectus

2228 1804 2438 1872 cmolli;
2474 1805 2595 1861 veni
2642 1813 2697 1862 et
2737 1806 2903 1863 visita
2954 1805 3166 1877 plebem
3204 1814 3383 1872 tuam;
3428 1812 3485 1860 et
3526 1804 3671 1859 inter
3716 1819 3838 1868 eos,

2229 1896 2482 1952 ancillam
2531 1904 2701 1962 tuam,
2737 1897 2864 1953 totis
2908 1896 2978 1951 ad
3023 1905 3077 1952 te
3118 1896 3420 1952 visceribus
3455 1893 3835 1949 anhelantem.

2228 1990 2411 2047 inveni
2438 1990 2578 2045 viam
2616 2005 2722 2061 qua
2758 2003 2857 2045 nec
2886 1998 2942 2044 tu
2978 1998 3182 2059 pastor,
3213 1988 3305 2059 qui
3344 1986 3632 2058 praecedis,
3659 1985 3839 2041 offen-

2229 2083 2348 2145 das,
2384 2096 2485 2136 nec
2526 2082 2688 2151 regia:
2724 2078 3027 2150 majestatis
3066 2080 3189 2151 jura
3239 2078 3541 2135 solvantur.
3588 2077 3754 2144 Quod
3792 2078 3837 2132 si

2231 2172 2347 2226 hare
2386 2170 2546 2225 simul
2577 2162 2829 2227 constare
2862 2186 2970 2226 non
3002 2170 3238 2237 valeant,
3271 2170 3453 2225 veniat
3486 2169 3707 2225 saltem.
3746 2184 3839 2225 vc-

2231 2264 2345 2319 niat
2370 2263 2437 2318 ad
2467 2263 2630 2318 ﬁliam
2653 2262 2838 2331 Pater,
2870 2263 2941 2319 ad
2969 2263 3224 2318 ancillam
3255 2262 3527 2328 dominus,
3555 2271 3613 2319 et
3638 2263 3839 2318 doceat

2228 2374 2349 2413 eam
2381 2357 2510 2428 quid
2546 2372 2708 2429 agere
2749 2357 2963 2414 debeat.
3003 2355 3344 2424 lngrediatur
3390 2354 3458 2409 ad
3501 2369 3628 2410 eam
3670 2366 3838 2410 antc-

2229 2464 2390 2519 qnam
2452 2449 2765 2520 egrediatur
2819 2449 2887 2504 de
2947 2448 3170 2505 mundo.
3222 2447 3279 2503 Si
3334 2447 3479 2503 enim
3533 2458 3835 2517 antequarn

2228 2538 2436 2594 moriar
2475 2538 2608 2594 mihi
2650 2548 2702 2595 te
2739 2553 2849 2595 non
2887 2538 3073 2594 videre
3111 2537 3422 2608 contigerit,
3462 2537 3717 2608 improbe
3755 2538 3836 2592 lo-

2229 2646 2389 2702 quar,
2425 2629 2589 2685 timeo
2629 2644 2701 2686 ne
2739 2630 2875 2686 mihi
2910 2629 3079 2685 etiam
3124 2629 3178 2684 in
3217 2628 3305 2683 illa
3344 2637 3491 2684 terra
3529 2628 3836 2684 viventium

2229 2732 2286 2778 et
2322 2722 2620 2779 lzetantium
2648 2723 2832 2779 omnis
2876 2720 3183 2778 exsultandi
3224 2722 3551 2793 praecidatur
3584 2722 3835 2777 occasio.

2230 2816 2311 2871 'l‘u
2343 2815 2610 2885 siquidem
2638 2828 2699 2870 es
2724 2813 2978 2884 gaudium
3005 2828 3209 2879 meum,
3234 2827 3357 2883 spes
3385 2826 3528 2879 mea,
3555 2810 3835 2882 refugium

2230 2921 2429 2961 meum.
2461 2905 2656 2959 Anima
2686 2919 2804 2960 mea
2835 2905 2979 2960 sicut
3008 2912 3156 2960 terra
3196 2903 3315 2959 sine
3337 2918 3478 2973 aqua
3508 2902 3642 2968 tibi;
3686 2905 3837 2958 unde

2230 3004 2285 3051 ct
2329 2993 2561 3065 expandi
2608 2994 2676 3048 ad
2724 3003 2774 3049 te
2812 3008 3006 3049 manus
3051 3008 3233 3059 meas,
3274 3001 3333 3048 ut
3367 2992 3677 3049 ariditatem
3718 2994 3840 3065 ejus

2230 3086 2606 3153 exsultationis
2640 3084 2760 3142 oleo
2789 3084 3105 3157 perfundas,
3137 3095 3194 3141 ct
3232 3083 3539 3140 dulcedinis
3573 3083 3839 3155 ingenita:

2236 3192 2359 3235 rore
2387 3178 2531 3249 riges
2554 3176 2644 3231 ⁸⁸³.
2689 3176 2746 3232 Si
2786 3187 2967 3232 autem
3014 3191 3118 3233 nec
3160 3185 3215 3233 te
3255 3174 3413 3232 ﬂetus
3441 3174 3572 3242 mei,
3602 3191 3708 3231 nec
3738 3192 3840 3247 pu-

2234 3268 2375 3325 blica
2408 3276 2529 3324 vota
2560 3266 2876 3334 sollicitant,
2920 3268 3219 3339 postposita
3251 3267 3399 3339 regia
3431 3267 3723 3339 dignitate,
3752 3282 3837 3321 re-

2233 3362 2375 3420 lictis
2410 3362 2734 3434 insignibus,
2774 3361 3039 3432 deponam
3075 3360 3274 3427 fasces,
3300 3361 3547 3417 diadema
3577 3370 3834 3417 contem-

2233 3470 2380 3521 nam,
2414 3469 2708 3525 purpuram
2740 3454 3069 3525 byssumque
3093 3453 3333 3517 calcabo,
3367 3463 3422 3508 et
3454 3453 3647 3507 vadam
3678 3454 3753 3506 ad
3786 3464 3838 3506 te

2234 3560 2468 3601 maerore
2494 3546 2761 3601 confecta.
2798 3546 2909 3615 (24)
2935 3546 3247 3616 Amplectar
3269 3545 3491 3615 vestigia
3524 3553 3636 3609 tua,
3666 3546 3837 3614 pedes

2230 3639 2605 3706 exosculahor,
2647 3653 2747 3693 nec
2786 3637 3058 3693 amovebit
3093 3652 3201 3703 me,
3230 3637 3276 3691 si
3304 3636 3487 3691 veniet
3515 3634 3691 3699 Giezi,
3725 3635 3837 3691 nisi

2230 3747 2353 3787 cum
2401 3731 2654 3788 desiderii
2703 3730 2811 3785 mei
2860 3724 3087 3785 summa
3121 3728 3501 3800 complebitur.
3547 3726 3661 3781 Pax
3709 3729 3834 3794 Dei,

2231 3838 2351 3892 quzr
2381 3829 2677 3892 exsuperat
2715 3835 2932 3897 omnem
2983 3835 3224 3885 sensum,
3257 3819 3527 3876 custodiat
3551 3831 3647 3871 cor
3675 3826 3835 3873 tuum

2228 3924 2284 3969 et
2313 3913 2722 3984 intelligentiam
2754 3919 2924 3981 tuam,
2952 3921 3008 3969 et
3038 3912 3202 3969 faciat
3229 3911 3619 3969 misericordia:
3648 3911 3835 3968 visce-

2235 4005 2385 4060 ribus
2420 4002 2714 4059 abundare.

1828 4177 2059 4235 VARUE
2100 4179 2506 4238 LECTIONES.

594 4325 663 4410 “fi
681 4326 811 4381 Cum
843 4328 1020 4410 eodem
1049 4333 1337 4410 macellum
1411 4336 1754 4410 “fﬁemitus
1777 4338 1882 4410 leni
1909 4355 1990 4392 ms
2017 4339 2248 4409 gemitus
2274 4355 2423 4410 meos
2452 4340 2557 4396 leni
2633 4342 2703 4375 “'
2725 4343 2965 4399 Vinculis
2992 4351 3172 4399 tentus
3194 4358 3473 4398 servorum
3495 4358 3573 4395 ms
3600 4341 3839 4397 nexibus

536 4406 715 4454 tentus
760 4402 1033 4457 seniorum
1126 4402 1195 4435 *δ’
1221 4404 1553 4463 Cireuncidit
1578 4425 1655 4463 ms
1681 4424 1789 4464 non
1826 4402 2167 4465 circum'cidit
2239 4409 2308 4443 ⁸⁶⁰
2339 4411 2636 4468 Labentem
2654 4413 2708 4469 in
2733 4418 2832 4469 ‘ms
2855 4415 3124 4470 labantem
3152 4416 3202 4469 in
3275 4413 3342 4450 ⁸³¹
3368 4413 3663 4485 Rigeasms
3690 4412 3840 4484 riges

1680 4614 1683 4615 '
1736 4605 2022 4663 JOANNIS
2060 4605 2335 4666 PICARDI
2369 4609 2605 4667 NOTAE.

607 4754 720 4840 (2i)
765 4738 1093 4840 Anipfcctarl.
1119 4746 1333 4829 vestigia
1376 4770 1492 4826 tua,
1566 4760 1727 4840 pedes
1765 4762 2125 4840 exosculabor.
2162 4749 2206 4805 1)
2232 4767 2448 4840 domina
2493 4768 2658 4823 mea?
2712 4767 2876 4824 Certe
2921 4768 2967 4823 si
3015 4782 3109 4824 rex
3140 4769 3326 4840 -sciret
3368 4770 3497 4834 ista,
3547 4784 3838 4840 nunquam

535 4822 819 4900 Lecto—rem
866 4822 960 4882 hic
992 4828 1153 4883 velim
1202 4822 1436 4895 oratum,
1475 4822 1734 4900 ne'putet
1784 4834 1968 4886 isthch
2003 4849 2124 4889 esse

536 4896 699 4970 verba
726 4909 777 4950 et
804 4913 991 4970 voces;
1026 4901 1168 4969 quod
1198 4902 1339 4955 enim
1383 4896 1698 4970 regina'illa
1728 4903 2123 4958 modestissima

535 4966 1124 5041 pollicetur_Anselmo,
1150 4970 1338 5024 eodem
1369 4966 1593 5041 prorsus
1635 4987 1776 5026 anno
1804 4983 1857 5025 et
1888 4977 2119 5041 cmteris,

535 5045 595 5109 [ιι
619 5038 874 5109 credibile
903 5049 1008 5103 est,
1040 5042 1305 5109 pra-stitit.
1347 5038 1560 5096 Testem
1601 5043 1772 5095 habeo
1814 5038 2121 5099 Matthzeuni

537 5104 782 5180 Paridem
815 5123 958 5180 anno
986 5104 1123 5163 11⁷05
1152 5111 1370 5180 majoris
1400 5111 1649 5167 Historia:
1684 5113 1736 5166 id
1769 5112 2116 5169 referentem.

542 5193 584 5254 r_
610 5176 839 5254 Eodem,
866 5178 1054 5254 inquit,
1086 5176 1330 5254 tempore
1358 5183 1525 5254 David
1549 5183 1731 5254 frater
1760 5185 1959 5254 regina:
2006 5186 2121 5238 An-

535 5246 763 5321 glorum
793 5246 1087 5321 Mathildis,
1122 5246 1269 5306 venit
1319 5253 1372 5306 in
1424 5253 1669 5321 Angliam
1691 5294 1706 5319 ,
1766 5246 1849 5308 υ(
1878 5270 2121 5309 sororem

535 5333 691 5396 suam
719 5319 981 5396 visitaret.
1015 5321 1114 5388 Qui
1142 5337 1263 5375 cum
1298 5332 1457 5378 nocte
1484 5319 1714 5392 quadam
1745 5324 1796 5379 in
1825 5325 2122 5380 thalannun

535 5390 651 5460 ejus
720 5390 787 5443 ab
868 5390 980 5460 ipsa
1058 5404 1280 5446 vocatus
1338 5390 1577 5450 venisset
1625 5397 1864 5460 domum,
1923 5396 2127 5449 invenit

535 5457 772 5534 leprosis
797 5457 1031 5530 plenam,
1063 5473 1117 5517 et
1148 5465 1348 5533 regina,
1385 5466 1437 5519 in
1470 5466 1647 5520 medio
1674 5457 1861 5529 stans,
1876 5467 2123 5534 deposito

534 5528 725 5609 pallio,
744 5528 908 5586 linteo
937 5548 997 5609 se
1027 5528 1269 5609 utrisque
1295 5535 1546 5609 manibus
1574 5528 1880 5604 pr:ecinxit,
1906 5528 1961 5589 ei
1980 5552 2123 5604 aqua

535 5601 804 5675 imposita,
851 5605 1015 5673 coepit
1070 5601 1253 5660 lavare
1297 5606 1461 5675 pedes
1509 5601 1722 5669 eorum,
1751 5614 1813 5659 et-
1843 5601 2124 5673 extergere

535 5669 726 5749 lmteo,
762 5683 815 5727 et
842 5669 1092 5749 utrisque
1112 5669 1361 5749 manibus
1390 5676 1714 5749 constrictos
1744 5676 1911 5749 carpit
1962 5669 2125 5749 devo-

537 5742 741 5799 tiSsime
764 5742 1018 5802 osculari.
1054 5746 1150 5803 Cui
1182 5748 1350 5804 frater
1380 5764 1392 5799 :
1437 5746 1575 5812 Quid
1598 5755 1680 5801 εει
1709 5742 1851 5816 (ιυοά
1904 5745 2038 5817 usis,
2090 5760 2122 5802 0

2230 4837 2547 4961 dignaretur
2568 4854 2630 4893 os
2654 4846 2801 4891 tuum
2826 4840 3159 4909 leprosornm
3181 4838 3375 4908 pedum
3403 4840 3525 4894 tabe
3541 4837 3840 4906 pollutum,

2230 4907 2279 4960 la
2323 4909 2388 4961 iis
2414 4909 2526 4961 suis
2575 4909 2829 4961 osculari.
2887 4910 2952 4961 Et
2998 4910 3084 4961 illa
3136 4910 3447 4961 subridens.
3498 4911 3617 4961 ait:
3655 4910 3840 4961 Pedes

2230 4907 2388 4963 labiis
2414 4909 2526 4963 suis
2575 4909 2829 4962 osculari.
2878 4907 2952 4962 Et
2998 4910 3084 4963 illa
3136 4907 3447 4974 sobridens,
3498 4911 3617 4963 ait:
3655 4910 3842 4966 Pedes

2230 4976 2391 5048 Regis
2422 4979 2610 5033 aeterni
2643 4980 2765 5047 quis
2820 4980 2989 5035 nescit
3016 4980 3189 5034 labiis‘
3210 4980 3353 5049 regis
3407 4980 3677 5049 moritori
3708 4996 3842 5036 esse

2230 5049 2635 5118 praeferendos?
2686 5049 2847 5115 Ecce,
2897 5066 2997 5118 ego
3043 5051 3247 5106 idcirco
3284 5048 3347 5105 te
3391 5050 3606 5115 vocavi,
3656 5048 3845 5107 frater

2232 5120 2572 5190 charissime,
2627 5121 2978 5190 utgexemplo
3030 5136 3151 5176 meo
3210 5120 3336 5175 talia
3366 5119 3549 5190 discas
3571 5123 3837 5190 operari;

2230 5188 2338 5261 fac,
2368 5204 2530 5261 rogo,
2566 5189 2726 5261 Δ(ιιιοά
2777 5206 2862 5245 me
2892 5188 3099 5244 'facere
3157 5190 3405 5261 intueris.
3448 5208 3467 5241 ›
3534 5188 3841 5261 [lucusque

2230 5258 2515 5313 Matthams
2562 5258 2736 5329 Paris,
2783 5261 2867 5315 cui
2901 5260 3155 5315 nonnulla
3204 5259 3613 5328 adjecissemus,
3651 5262 3696 5315 si
3732 5258 3839 5317 ve-

2230 5330 2402 5400 nisset
2437 5329 2489 5382 in
2524 5345 2717 5385 manus
2746 5340 2960 5385 nostras
2993 5330 3137 5400 liber
3178 5332 3244 5386 de
3272 5330 3387 5399 ejus
3413 5332 3536 5385 Vita
3563 5333 3835 5400 scriptus,

2230 5399 2383 5470 cujus
2433 5401 2764 5470 mentionem
2796 5401 2925 5456 facit
2976 5399 3296 5456 Guillelmus
3347 5399 3834 5468 Gemmetieensis,

2230 5470 2323 5523 lib.
2352 5484 2449 5522 vnt
2490 5469 2740 5525 Historia:
2770 5472 2966 5526 ducum
3000 5471 3524 5535 Northmaunorum,
3555 5487 3680 5539 cap.
3736 5475 3832 5529 l0.

2229 5539 2323 5594 Ms.
2368 5540 2573 5596 Victor.
2600 5540 2838 5608 habet8,
2867 5546 2920 5596 in
2954 5544 3096 5598 hunc
3122 5543 3365 5597 modum.
3403 5560 3421 5593 ε
3459 5543 3692 5609 Quanta:
3719 5558 3834 5597 au-

2234 5619 2342 5664 tem
2397 5612 2705 5666 sanctitatis
2755 5622 2808 5667 et
2858 5613 3101 5668 scientia:
3156 5623 3264 5667 tam
3321 5613 3600 5667 swcularis
3658 5627 3834 5680 quam

2230 5680 2527 5753 spiritualis
2551 5692 2777 5753 utraque
2801 5684 3005 5753 regina,
3038 5683 3342 5753 Margareta
3394 5682 3606 5737 scilicet
3630 5691 3688 5737 et
3711 5681 3835 5737 Ma-

2233 5750 2416 5807 thildis
2447 5751 2668 5822 fuerint,
2693 5750 2973 5825 ‘liber,'qui
3027 5755 3095 5811 dc
3130 5750 3252 5810 Vita
3301 5754 3541 5825 ipsarum
3581 5753 3834 5824 scriptus
