4028 6302
189 347 296 405 155
716 436 1045 494 EPISTOLA
1090 439 1270 496 XCIV.

423 544 638 585 HENRICI
668 545 822 586 REGIS
850 546 1131 588 ΑΝῦιοιιυιι
1160 548 1227 586 AD
1257 548 1565 589 ANSELMUSI.

184 621 343 679 Dolet
390 622 696 677 Anselmum
745 622 845 676 sibi
885 623 1220 692 pertinaciter
1260 623 1531 679 reluctari.
1581 624 1791 680 Misisse

259 711 317 747 se
345 694 416 747 ad
447 692 789 763 apostolicum
829 692 1114 763 signiﬁcat,
1147 706 1196 747 ct
1231 710 1286 748 se
1329 695 1535 749 interim
1572 713 1789 750 censen.

258 765 361 818 tire
395 773 453 817 ut
482 762 552 817 de
586 763 833 833 beneﬁcio
873 762 1272 819 Cantuariensis
1312 763 1566 821 Ecclesia:
1605 782 1789 821 conve-

261 834 468 889 nienter
493 834 705 887 habeat.

260 924 550 989 HENRICUS,
587 938 683 981 rex
726 923 1050 995 Anglorum,
1094 924 1368 993 Assumo,
1411 925 1785 984 Cantuariensi

182 1015 619 1086 archiepiscopo,
651 1013 884 1069 salutem
917 1023 973 1069 et
1003 1015 1323 1071 amicitiam.

260 1106 526 1163 Mandasti
552 1107 685 1162 mihi
712 1109 854 1179 quod
880 1109 948 1164 ad
975 1125 1063 1167 me
1082 1110 1268 1166 venire
1289 1127 1394 1167 non
1418 1120 1656 1182 poteras,
1684 1128 1787 1169 nec

184 1212 401 1254 mecum
436 1212 579 1265 esse,
612 1198 754 1255 sicut
781 1198 1124 1257 Lanl’rancus
1154 1210 1467 1258 antecessor
1503 1212 1624 1259 tuus
1661 1219 1784 1259 cum

182 1299 341 1360 patre
370 1307 494 1347 meo
522 1291 707 1348 multis
748 1295 908 1349 annis
937 1292 1072 1362 fuit;
1103 1294 1245 1351 unde
1271 1294 1428 1351 valde
1458 1295 1615 1351 doleo
1640 1297 1785 1367 quod

179 1378 368 1437 facere
403 1397 513 1438 non
551 1382 651 1445 vis,
680 1382 808 1453 quia
846 1383 889 1439 si
929 1383 1113 1440 facere
1143 1383 1423 1449 voluisses,
1458 1384 1688 1442 libenter
1732 1396 1785 1442 te

180 1473 541 1543 susciperem,
570 1481 627 1529 et
654 1488 846 1530 omnes
875 1474 996 1530 illos
1026 1475 1282 1542 honores,
1311 1484 1366 1532 et
1395 1475 1700 1547 dignitates,
1732 1486 1784 1533 et

178 1560 476 1629 amicitias,
493 1576 633 1633 quas
661 1572 818 1633 pater
846 1578 1001 1619 meus
1031 1565 1365 1621 antecessori
1397 1575 1487 1621 tuo
1509 1565 1658 1631 fecit,
1686 1567 1781 1622 tibi

176 1652 455 1709 fecissem.
495 1653 756 1709 Dominus
795 1669 927 1711 vero
968 1655 1298 1726 apostolicus
1330 1657 1609 1713 mandavit
1648 1657 1782 1714 mihi

176 1743 380 1803 litteris
413 1746 528 1803 suis
551 1759 746 1817 preces
771 1754 827 1803 et
851 1747 1252 1805 admonitiones
1274 1764 1438 1821 super
1459 1749 1780 1820 quibusdam

175 1836 363 1890 rebus.
412 1834 758 1907 Quapropter
794 1836 911 1892 volo
955 1836 1164 1906 legatos
1203 1852 1355 1893 meos
1389 1836 1619 1893 Romam
1652 1841 1778 1895 mit-

176 1933 333 1991 tere,
383 1932 437 1980 et
475 1926 706 1981 consilio
734 1925 829 1981 Dei
869 1936 925 1982 et
962 1929 1227 1982 barenum
1269 1943 1514 1983 meorum
1565 1930 1782 1987 domino

175 2030 333 2088 papze
374 2008 499 2071 inde
538 2019 889 2088 respondere,
919 2027 974 2074 et
1018 2019 1121 2076 hoc
1153 2020 1436 2091 requirere
1475 2023 1618 2093 quod
1648 2024 1780 2080 mihi

178 2107 568 2178 requirendum
595 2117 701 2166 est.
736 2109 803 2165 Et
829 2121 1052 2183 accepto
1081 2127 1342 2183 responso
1369 2128 1399 2168 a
1427 2129 1588 2186 papa,
1622 2130 1779 2171 man-

175 2199 319 2256 dabo
358 2199 454 2257 tibi
492 2202 597 2258 hoc
622 2205 765 2273 quod
794 2204 924 2260 mihi
955 2206 1100 2261 Deus
1127 2207 1400 2263 annuerit.
1430 2207 1653 2265 Interim
1683 2225 1781 2266 au-

173 2300 285 2346 tem
316 2293 655 2349 consentiam
686 2295 831 2364 quod
874 2304 929 2351 tu
969 2295 1037 2352 de
1073 2296 1344 2355 beneﬂcio
1370 2298 1780 2358 Cantuariensis

168 2381 434 2440 Ecclesiae
479 2388 867 2444 convenienter
895 2386 1128 2456 habeas;
1162 2391 1415 2460 quamvis
1442 2391 1548 2447 hoc
1576 2391 1779 2450 invitus

169 2474 336 2543 facio,
368 2478 625 2547 quoniam
655 2481 861 2536 nullum
892 2482 1177 2537 mortalem
1208 2483 1484 2540 hominem
1519 2486 1572 2540 in
1608 2502 1779 2557 regno

169 2581 297 2621 meo
323 2566 578 2627 libentius
606 2586 818 2627 mecum
843 2586 1004 2641 quam
1033 2584 1085 2628 te
1111 2572 1311 2631 habere
1332 2574 1645 2643 voluissem,
1671 2577 1777 2633 nisi

172 2657 231 2712 in
258 2666 310 2712 te
335 2661 708 2730 remansisset,
728 2672 868 2720 teste
883 2663 1120 2720 Roberto
1142 2665 1397 2735 episcopo
1412 2665 1778 2725 Lincolniensi

171 2758 229 2806 et
248 2750 543 2808 Willelmo.

662 2864 1000 2929 El‘lSTOLA
1041 2865 1179 2924 XCV
1206 2868 1298 2923 ⁸⁸⁸.

641 2971 866 3011 ANSEL!"
912 2972 979 3011 AD
1017 2973 1311 3014 HENRICUH.

490 3042 588 3098 Est
617 3045 687 3099 ad
714 3047 1090 3116 prwcea'entem
1120 3048 1452 3118 rescriptum.

1490 348 1613 403 LIB.
1649 348 1733 405 Ill.
1771 348 1991 405 EPIST.
2020 351 2203 408 XCVI.

1821 443 1864 498 Α
1894 472 1949 518 ct
1988 464 2089 519 hoc
2120 465 2251 518 mihi
2290 468 2627 535 promittitis,
2656 480 2879 540 paratus
2918 487 3037 528 sum
3088 474 3267 533 redire
3294 477 3360 532 ad
3391 494 3487 535 vos

3382 368 3405 421 -ι
3421 332 3489 423 5t

1894 553 1947 609 in
1987 554 2260 625 Angliam,
2296 565 2351 611 et
2397 560 2605 615 servire
2646 562 2779 630 Deo,
2831 573 2885 618 et
2922 562 3098 633 vobis,
3138 575 3193 621 et
3236 568 3490 624 omnibus

1894 643 2028 698 mihi
2065 648 2393 714 commissis,
2426 653 2725 707 secundum
2760 653 2999 711 cilicium
3031 659 3162 715 mihi
3193 674 3224 714 a
3256 658 3367 716 Deo
3401 662 3486 716 in-

1887 733 2168 805 jnnetum,
2194 738 2311 808 ipso
2352 739 2662 810 adjuvante.
2716 744 2993 816 Siquidem
3040 766 3162 805 cum
3199 750 3343 807 nullo
3382 753 3491 807 alio

1892 838 2019 897 rege
2046 838 2138 882 aut
2158 828 2401 900 principe
2429 832 2818 900 mortali,‘volo
2852 847 2960 891 tam
2989 839 3223 907 libenter
3245 857 3366 898 esse
3393 850 3487 897 aut

1891 922 1941 980 ei
1973 923 2198 980 servire.
2238 923 2296 979 Si
2331 934 2511 981 autem
2545 928 2648 983 hoc
2679 944 3021 1001 nequaquam
3059 936 3357 1005 suscipitis,
3390 951 3489 993 vos

1890 1015 2102 1071 facietis
2125 1013 2269 1086 quod
2292 1015 2445 1071 vobis
2466 1016 2728 1086 placebit;
2754 1036 2853 1092 ego
2875 1036 3027 1089 vero,
3050 1025 3161 1080 Deo
3186 1037 3485 1094 annuente,

1890 1122 1996 1161 non
2034 1106 2314 1177 abnegano
2360 1121 2532 1177 regem
2573 1109 2710 1179 cjus.
2746 1111 2813 1165 Et
2854 1128 2960 1168 non
3004 1115 3196 1180 audeo,
3228 1119 3484 1185 quoniam

1894 1213 2000 1253 non
2031 1196 2202 1255 debeo
2229 1204 2410 1253 tacere
2443 1198 2594 1255 vobis
2622 1201 2748 1272 quia
2775 1218 2882 1259 non
2910 1204 3083 1260 solum
3106 1208 3268 1281 402
3300 1209 3486 1278 requi-

1889 1297 1973 1343 ret
2005 1289 2145 1344 Deus
2180 1304 2210 1343 a
2239 1287 2394 1343 vobis
2424 1289 2567 1358 quod
2601 1290 2763 1347 debet
2804 1292 2879 1348 illi
2912 1297 3061 1367 regia
3096 1299 3485 1368 potestas.sed

1886 1383 2147 1454 quidquid
2177 1383 2414 1455 pertinet
2455 1384 2522 1439 ad
2552 1384 2803 1453 primatis
2842 1387 3053 1458 Anglice
3094 1390 3484 1447 ministerium.

1887 1474 2040 1541 Quod
2076 1489 2215 1530 onus
2245 1474 2406 1528 nimis
2427 1482 2508 1529 est
2532 1473 2603 1506 ‘”
2628 1476 2777 1530 vobis
2809 1476 3169 1548 importabile,
3205 1497 3305 1539 nec
3326 1481 3484 1539 vobis

1885 1565 2049 1621 debet
2068 1566 2354 1636 displicere
2369 1566 2510 1636 quod
2524 1567 2716 1622 dicam.
2732 1568 2870 1625 Nulli
2894 1572 3096 1629 homini
3119 1575 3293 1646 magis
3314 1570 3489 1645 expe-
3508 1586 3509 1591 ‘

1883 1657 1964 1713 dit
1993 1673 2155 1730 quam
2183 1661 2295 1731 regi
2326 1674 2386 1715 se
2421 1659 2652 1715 suadere
2688 1660 2791 1733 legi
2820 1663 2948 1731 Dei,
2980 1672 3036 1720 et
3066 1665 3241 1722 nullus
3268 1667 3484 1738 pericu-

1885 1751 2054 1807 losius
2096 1766 2157 1808 se
2200 1755 2473 1811 subtrahit
2499 1756 2571 1791 ⁸⁸⁵
2600 1773 2631 1813 a
2659 1758 2777 1831 lege
2805 1759 2942 1829 ejus.
2974 1758 3116 1813 Dicit
3148 1759 3292 1815 enim
3323 1775 3482 1817 sacra

1886 1844 2188 1916 Scriptura,
2221 1862 2329 1903 non
2376 1864 2476 1920 ego
2507 1867 2520 1904 :
2553 1850 2800 1906 Potentes
2828 1860 3063 1922 potenter
3092 1860 3348 1906 tormenta
3381 1868 3481 1921 pa-

1882 1936 2105 2004 tientur;
2149 1947 2197 1993 et
2230 1939 2536 2009 fortioribus
2585 1941 2777 2011 fortior
2823 1942 2985 1996 instat
3029 1942 3295 1996 cruciatus
3327 1939 3478 2014 (Sap.

1883 2043 1957 2095 vr,
1990 2027 2076 2096 7);
2119 2031 2265 2099 quod
2296 2029 2439 2087 Deus
2470 2047 2500 2086 a
2530 2032 2687 2088 vobis
2716 2032 2967 2088 avertat!
3013 2032 3069 2087 In
3102 2047 3362 2103 responso
3388 2048 3483 2089 ve-

1882 2130 1997 2178 stro
2041 2123 2183 2192 quod
2231 2124 2363 2180 mihi
2395 2126 2510 2193 jam
2548 2127 2632 2183 bis
2668 2126 2898 2192 lceistis,
2930 2124 3064 2180 nihil
3103 2124 3343 2196 intelligo
3374 2127 3479 2182 nisi

1882 2213 2193 2285 quamdam,
2227 2216 2273 2272 si
2316 2216 2488 2272 audeo
2520 2217 2725 2287 dicere,
2760 2233 2881 2289 qum
2918 2231 3020 2272 nec
3062 2216 3257 2271 animae
3287 2226 3483 2272 vestra:

1882 2321 1982 2364 nec
2020 2306 2282 2363 Ecclesia:
2327 2308 2423 2363 Dei
2470 2308 2712 2379 expedit,
2754 2308 3091 2364 dilationem.
3138 2308 3194 2364 Si
3237 2323 3368 2380 ergo
3414 2306 3480 2363 ad

1880 2400 1997 2455 haec
2030 2399 2357 2470 respondere
2390 2409 2584 2455 vestrae
2610 2400 2907 2456 voluntatis
2934 2400 3318 2456 certitudinem
3354 2398 3480 2455 diu-

1881 2492 1989 2547 tius
2020 2490 2273 2558 dill‘ertis,
2303 2506 2425 2562 ego,
2458 2492 2586 2561 quia
2615 2506 2779 2547 causa
2819 2507 2928 2547 non
2960 2502 3047 2547 est
3078 2505 3220 2559 mea,
3250 2489 3346 2546 sed
3382 2488 3480 2546 Dei

1878 2580 2010 2636 mihl
2037 2582 2105 2637 ab
2131 2581 2249 2646 ipso
2275 2580 2675 2649 commendata,
2705 2580 2870 2636 timeo
2900 2581 2991 2636 diu
3026 2578 3243 2636 dill'erre
3284 2578 3481 2633 clamo-

1879 2686 1997 2728 rem
2036 2672 2103 2726 ad
2134 2673 2304 2726 Deum
2346 2670 2552 2728 facere.
2594 2671 2936 2743 Quapropter
2971 2686 3186 2744 precor,
3225 2671 3477 2736 obsecro,

1880 2775 1950 2817 ne
1987 2775 2076 2817 me
2118 2760 2327 2830 cogatis
2374 2761 2647 2816 dolentem
2688 2772 2745 2817 ct
2782 2763 3010 2816 invitum
3041 2761 3281 2816 clamare
3316 2778 3329 2815 :
3364 2759 3480 2814 Ea:-

1880 2868 2054 2922 surge,
2085 2850 2250 2917 Deus,
2274 2850 2460 2921 judica
2489 2868 2705 2906 causam
2749 2863 2894 2905 tuam
2920 2850 3095 2923 (Psal.
3126 2867 3321 2918 Lxxm,
3356 2850 3472 2923 22).

1878 2941 2235 3012 Omnipotens
2280 2931 2424 2997 Deus
2477 2942 2588 2997 cito
2631 2952 2915 2997 convertat
2970 2956 3066 2997 cor
3118 2952 3357 2997 vestrum
3406 2944 3474 2998 ad

1876 3033 2210 3089 voluntatem
2242 3048 2418 3099 suam,
2450 3040 2510 3088 ut
2542 3042 2664 3104 post
2689 3032 2762 3065 ⁸⁸⁸
2796 3033 2937 3089 hanc
2966 3033 3131 3088 vitam
3165 3033 3476 3090 introducat

241 3131 504 3200 llssmco,
531 3133 624 3190 Dei
651 3135 824 3205 gratia
851 3135 960 3206 regi
989 3135 1306 3206 Anglorum,
1330 3146 1384 3193 et
1406 3138 1626 3195 domino
1648 3153 1768 3210 suo,

1880 3140 1975 3182 vos
2005 3125 2057 3180 in
2084 3125 2314 3195 gloriam
2342 3141 2516 3180 suam.

165 3222 476 3289 Assstuns,
507 3224 948 3297 archiepiscopus
991 3224 1424 3297 Cautuariensis,
1459 3227 1617 3285 lidele
1648 3245 1769 3287 ser-

164 3312 359 3368 vitium
389 3323 446 3368 et
472 3316 767 3371 orationes.

235 3403 292 3459 ln
345 3403 544 3462 litteris
584 3416 782 3463 vestrae
820 3406 1158 3467 celsitudinis
1202 3426 1338 3482 quas
1378 3428 1552 3485 nuper
1580 3416 1764 3487 accepi

163 3497 443 3552 mandavit
496 3498 628 3554 mihi
670 3509 852 3556 vestra
902 3501 1147 3573 dignatio
1193 3504 1511 3574 amicitiam,
1545 3515 1601 3562 et
1638 3510 1763 3579 quia

163 3586 371 3641 nullum
401 3588 684 3645 mortalem
715 3590 988 3646 hominem
1018 3592 1074 3648 in
1103 3609 1271 3665 regno
1295 3603 1480 3651 vestro
1505 3596 1766 3654 libentius

164 3683 366 3742 habere
390 3700 553 3755 quam
581 3701 669 3741 me
694 3685 926 3753 velletis,
959 3686 1004 3742 si
1031 3701 1132 3758 ego
1165 3686 1357 3743 vellem
1386 3689 1458 3743 ita
1486 3690 1763 3747 vobiscum

162 3789 285 3831 esse
326 3775 469 3832 sicut
497 3775 839 3833 Lanfrancus
863 3775 1305 3847 archiepiscopus
1331 3777 1436 3834 iuit
1460 3795 1583 3837 cum
1610 3791 1766 3852 patre

160 3873 366 3921 vestro.
390 3866 469 3922 De
488 3867 727 3923 amicitia
772 3875 827 3925 et
863 3869 931 3924 de
956 3869 1093 3924 bona
1118 3869 1395 3925 voluntate
1415 3870 1617 3941 gratias
1639 3887 1759 3943 ago.

158 3957 246 4013 Ad
273 3958 374 4015 hoc
401 3960 545 4030 quod
568 3961 748 4017 dicitis
775 3962 841 4017 de
864 3970 1017 4033 patre
1057 3972 1237 4019 vestro
1265 3972 1320 4020 et
1353 3965 1763 4036 archiepiscopo

159 4048 469 4106 Lanlranco
496 4052 798 4121 respondeo
826 4054 950 4123 quia
979 4068 1156 4124 neque
1181 4055 1233 4110 in
1259 4057 1553 4128 baptismo,
1587 4073 1762 4127 neque

160 4143 216 4198 in
247 4143 429 4214 aliqua
474 4143 822 4200 ordinatione
872 4162 993 4202 mea
1032 4149 1256 4220 promisi
1297 4163 1384 4202 me
1419 4157 1762 4203 servaturum

158 4232 339 4302 legem
359 4231 443 4288 vel
465 4235 908 4290 consuetudinem
941 4239 1110 4307 patris
1140 4238 1326 4303 vestri,
1355 4246 1450 4292 aut
1466 4235 1760 4294 Lanfranci

157 4323 575 4396 archiepiscopi,
617 4326 714 4382 sed
760 4327 933 4400 legem
974 4328 1069 4385 Dei
1117 4337 1173 4385 et
1216 4329 1458 4386 omnium
1510 4330 1761 4387 ordinum

158 4430 296 4485 quos
328 4417 565 4487 suscepi.
613 4417 957 4497 Quapmpter
991 4421 1037 4476 si
1073 4421 1237 4478 vultis
1282 4437 1371 4479 me
1407 4423 1488 4479 sic
1516 4438 1638 4480 esse
1664 4440 1759 4481 vo-

2388 3216 2727 3274 EPISTOLA
2767 3215 2950 3273 XCVI.

2033 3329 2326 3371 IIATIIILDIS
2354 3329 2563 3369 DEGINE
2592 3328 2875 3369 ANGLORUII
2905 3327 2972 3366 AD
3002 3327 3303 3368 ANSELHUH.

1949 3409 2218 3475 Quantum
2244 3423 2299 3461 se
2321 3405 2555 3460 Anselmi
2581 3406 2769 3460 littera:
2793 3403 3136 3459 ealtilararint
3158 3404 3390 3473 exponit.

1943 3500 2034 3555 Pic
2076 3499 2366 3557 recolendo
2400 3498 2572 3565 Patri,
2603 3508 2658 3553 et
2706 3497 2867 3568 digne
2910 3494 3210 3552 reverendo
3248 3496 3467 3552 domino

1866 3590 2268 3655 sumens-ramo
2314 3588 2746 3659 archiepiscopo,
2785 3585 3109 3653 MATHILDIS,
3143 3586 3238 3642 Dei
3293 3587 3466 3661 gratia

1867 3682 2052 3752 regina
2097 3681 2414 3754 Anglorum.
2454 3681 2678 3735 minima
2723 3680 3036 3736 sanctitatis
3076 3679 3196 3751 ejus
3240 3678 3463 3747 ancilla,

1864 3783 2180 3845 perpetuam
2209 3775 2261 3830 in
2291 3774 2509 3831 Christo
2535 3772 2783 3829 salutem.

1901 3867 2261 3924 -lndesinenti
2295 3875 2484 3923 vestra:
2510 3865 2764 3931 bonitati,
2800 3879 2942 3934 qua),
2970 3864 3077 3919 mei
3117 3880 3224 3919 non
3269 3863 3463 3919 imme-

1864 3976 1984 4018 mor
2004 3960 2097 4027 "’,
2126 3958 2325 4015 litteris
2353 3959 2714 4029 praesentalis,
2746 3957 2988 4012 absentis
3025 3956 3193 4011 vestri
3224 3970 3462 4026 praesen-

1865 4055 1993 4109 tiam
2020 4052 2277 4108 exhibere
2299 4051 2515 4122 dignata
2546 4058 2648 4116 est,
2680 4050 2882 4121 gratias
2906 4049 3217 4104 innumeras
3257 4047 3455 4101 refero.

1864 4145 2125 4200 Tristitia:
2161 4144 2357 4213 quippe
2396 4141 2604 4196 nebulis
2646 4142 2843 4210 quibus
2889 4138 3219 4196 obvolvebar
3271 4138 3462 4210 expul-

1862 4237 1939 4293 sis
1962 4236 2055 4305 ⁸⁵⁸,
2094 4237 2385 4292 verborum
2431 4244 2737 4290 vestrorum
2787 4248 2874 4289 me
2912 4230 3152 4298 rivulus,
3197 4239 3456 4302 tanquam

1862 4342 2017 4385 novre
2055 4327 2193 4383 lucis
2227 4325 2430 4389 radius,
2464 4322 2836 4397 perlustravit.
2878 4321 3195 4380 Chartulam
3235 4322 3457 4393 quidem

1863 4438 1894 4477 a
1922 4422 2078 4478 vobis
2112 4422 2332 4477 missam
2373 4418 2495 4475 loco
2535 4417 2714 4475 Patris
2754 4417 3075 4489 amplector,
3117 4416 3239 4472 sinu
3276 4417 3454 4482 l’oveo,

157 4507 364 4562 biscum
388 4519 448 4564 ut
471 4510 676 4578 possim
715 4513 902 4570 vivere
930 4515 1227 4571 secundum
1261 4516 1434 4584 legem
1461 4516 1558 4572 Dei
1586 4527 1642 4572 et
1664 4533 1752 4573 or-
1784 4497 1830 4552 Ῑ)
1855 4517 2004 4572 cordi
2050 4516 2227 4586 quoad
2270 4530 2520 4586 possum,
2560 4513 2779 4584 propius
2826 4513 3124 4578 admoveo,
3171 4508 3337 4565 verba
3388 4511 3458 4567 de

158 4600 334 4655 dinem
366 4615 567 4666 meum,
605 4609 662 4658 et
681 4601 728 4658 si
764 4618 851 4660 me
875 4606 1150 4662 revestitis
1180 4607 1474 4662 secundum
1501 4609 1749 4663 eamdem
1853 4608 1992 4665 dulci
2044 4608 2306 4664 bonitatis
2353 4616 2549 4664 vestra:
2591 4605 2737 4660 fonte
2782 4603 3057 4659 man‘antia
3105 4615 3203 4658 ore
3249 4600 3455 4672 relego,

156 4690 326 4761 legem
343 4691 438 4748 Dei
466 4692 532 4749 de
550 4694 802 4753 omnibus
837 4695 1000 4754 rebus
1022 4713 1161 4768 quas
1188 4698 1255 4755 de
1276 4699 1749 4771 archiepiscopatu
1783 4765 1785 4767 1
1851 4710 2032 4758 mente
2077 4708 2335 4766 retracto,
2371 4700 2536 4756 corde
2606 4697 2867 4768 recogito,
2903 4694 3193 4766 recogitata
3239 4692 3292 4747 in
3336 4693 3456 4762 ipso

155 4797 277 4839 meo
308 4785 621 4856 accepistis,
649 4796 935 4859 postquam
973 4805 1004 4845 a
1035 4790 1190 4847 vobis
1223 4791 1470 4860 discessi,
1513 4808 1650 4864 quas
1676 4792 1749 4827 ⁸³³
1851 4796 2033 4851 cordis
2071 4809 2272 4850 arcano
2310 4807 2532 4865 repono.
2574 4791 2678 4849 Ubi
2721 4794 2880 4863 digne
2907 4790 3139 4845 laudatis
3165 4785 3449 4849 omnibus,

154 4873 199 4930 si
224 4888 461 4945 praesens
485 4891 661 4935 essent
689 4895 796 4937 non
819 4881 1093 4940 deberetis
1114 4898 1202 4941 me
1226 4883 1446 4941 nolente
1471 4885 1743 4958 accipere,
1850 4887 1954 4943 hoc
1993 4885 2168 4942 solum
2207 4885 2374 4942 miror
2407 4884 2551 4956 quod
2584 4884 2650 4940 de
2688 4892 2884 4953 nepote
2910 4888 3093 4935 vestro
3124 4874 3452 4933 excellentia

1462 4999 1695 5057 VABIIE
1735 4998 2151 5058 LECTIONES.

1126 5116 1198 5148 ⁸⁸⁸
1223 5114 1269 5170 Α
1294 5116 1449 5171 vobis
1472 5131 1606 5185 quas
1635 5134 1721 5192 ms
1738 5131 1779 5192 _:l_
1792 5117 1946 5192 vobis
1971 5117 2218 5192 discessi,
2240 5130 2376 5186 quas
2483 5114 2554 5144 ⁵⁵⁵
2576 5114 2752 5192 Minus
2781 5115 2852 5190 est

959 5184 1028 5217 "°
1060 5185 1126 5241 Et
1151 5196 1272 5257 post
1295 5204 1373 5242 ms
1397 5195 1454 5241 ut
1480 5184 1603 5256 post
1710 5187 1779 5219 ⁸⁸⁷
1806 5187 1907 5244 Mei
1937 5204 2069 5245 vero.
2093 5184 2399 5249 immemor.
2428 5199 2505 5238 ms
2533 5184 2634 5236 mei
2684 5194 2791 5233 non
2839 5184 3122 5233 immemor

1328 5340 1452 5398 JOA
1464 5339 1623 5396 NNIS
1659 5338 1936 5396 PlCARDl
1962 5338 2200 5396 NOTAE.

151 5442 254 5512 est,
282 5432 444 5512 pleno
466 5448 718 5490 sermone
754 5434 1033 5512 describit.
1072 5454 1092 5489 ι
1148 5434 1248 5491 llic
1274 5445 1454 5512 autem
1478 5434 1736 5512 Gemme-
1844 5442 1956 5512 met
1991 5433 2589 5512 suo__tantum__s_criptas
2608 5429 3295 5512 nomine._Ge_tnmetice_r_isi
3323 5431 3436 5512 cal-

154 5500 373 5560 ticen'sis
406 5504 574 5586 locus
614 5521 802 5586 ansam
856 5507 1064 5578 prabet
1111 5504 1639 5586 moneudi_lectoris
1671 5502 1740 5557 de
1844 5504 2023 5586 culum
2046 5506 2235 5586 adjicit
2278 5500 2579 5586 W_illelinus
2624 5504 3132 5586 blalrncsberieusis,
3180 5500 3435 5586 lii-iuriie

154 5590 332 5648 rerum
363 5575 693 5648 divinarum
723 5571 1199 5647 humanarumque
1249 5576 1582 5648 cognitione,
1630 5588 1737 5644 qua
1845 5578 2012 5647 gestis
2040 5571 2150 5647 reg.
2206 5576 2504 5645 Anglorum
2558 5578 2607 5631 in
2650 5576 2793 5631 hanc
2833 5574 3201 5648 sententiam:
3234 5571 3433 5627 litteris

153 5644 402 5721 escelluit
427 5644 731 5721 _Mathil_dis,
764 5664 1036 5721 quamque
1072 5644 1341 5721 testantur
1368 5647 1503 5721 satis
1529 5647 1647 5721 luce
1680 5656 1740 5721 et
1846 5644 2060 5721 quoque
2092 5644 2384 5703 l‘elniueum
2416 5656 2598 5705 nectus
2626 5646 2891 5715 exercuit.

153 5714 269 5770 alia
289 5714 531 5786 ejusdem
563 5718 629 5773 ad
654 5714 968 5777 Anselmuni
993 5719 1250 5793 epistolae,
1293 5733 1361 5775 ne
1399 5718 1523 5790 quis
1548 5718 1737 5774 existi-

2483 5112 2554 5144 ⁸⁸⁵
2576 5110 2752 5165 Minus
2781 5114 2865 5161 est
2891 5122 2967 5159 ms
2991 5103 3152 5162 nimis
3179 5113 3258 5162 est
3367 5104 3440 5139 “'

258 5108 327 5143 ⁸⁸⁸
356 5108 487 5164 Cum
513 5111 692 5167 eodem
719 5130 798 5168 ms
825 5113 1020 5168 collata
1126 5116 1198 5148 ⁸⁸³
1223 5114 1269 5170 Α
1294 5116 1449 5171 vobis
1472 5131 1606 5185 quas
1635 5134 1712 5171 ms
1743 5131 1770 5169 εὶ
1792 5117 1946 5173 vobis
1971 5117 2218 5182 discessi,
2240 5130 2376 5186 quas
2483 5112 2554 5144 ⁸⁸⁵
2576 5110 2752 5165 Minus
2781 5114 2865 5190 est
2891 5122 2967 5159 ms
2991 5108 3152 5162 nimis
3179 5113 3258 5162 est
3367 5108 3436 5139 “'

258 5180 553 5232 rtraltet’mts
582 5184 853 5232 subtrahit
959 5184 1028 5217 ⁸⁵⁸
1061 5185 1126 5232 Et
1152 5196 1272 5232 nnst
1295 5204 1373 5232 ms
1397 5195 1454 5232 ut
1480 5196 1603 5232 nnst
1710 5187 1779 5219 ⁸⁸⁷
1810 5187 1907 5232 Mai
1937 5204 2069 5232 vm-n
2094 5190 2399 5232 immmunr.
2428 5199 2505 5232 ms
2533 5182 2634 5232 mei
2684 5194 2791 5232 non
2839 5192 3122 5232 Immemor
3229 5177 3301 5210 ⁸⁸⁸
3327 5176 3436 5232 Ex-

156 5177 553 5238 Subtrahet’mts
582 5184 853 5238 subtrahit

153 5250 336 5321 pulsus
356 5268 435 5306 ms
461 5252 704 5324 expulsis
