4028 6302
155 358 252 419 I37

1424 348 1552 405 LIB.
1592 348 1656 402 III
1722 343 1936 401 EPIST.
1969 344 2030 399 C.

3318 343 3417 395 1δδ

153 479 293 533 enim
336 488 462 546 erga
494 487 578 527 me
608 471 842 541 aliquam
876 469 1053 526 cordis
1090 465 1505 521 amaritudinem
1547 463 1728 527 habet,
1762 467 1807 525 Α
1838 468 1919 515 est
1951 472 2159 512 summa
2181 499 2195 522 ,
2244 457 2492 513 videlicet
2521 499 2531 520 ,
2587 467 2765 512 utrum
2800 454 2865 511 de
2910 454 3131 510 castello
3161 456 3304 526 quod
3353 456 3419 509 ds

155 569 335 624 nescio
358 582 443 619 me
466 579 700 634 unquam
729 564 830 617 hoc
857 562 1037 631 aliquo
1065 560 1243 624 modo,
1277 568 1533 628 quantum
1562 556 1616 610 in
1647 568 1733 610 tne

152 669 253 718 cst.
290 656 573 710 meruisse.
611 654 743 708 Etsi
777 652 1066 722 aliquando
1100 650 1171 705 illi
1208 650 1427 713 servivi,
1462 650 1571 717 ipse
1609 647 1730 710 scit,

152 761 205 804 et
236 760 366 819 puto
390 748 516 819 quia
546 763 649 800 non
676 745 852 799 tradet
878 742 1154 799 oblivioni.
1182 742 1237 796 Si
1266 756 1396 813 ergo
1423 756 1507 796 me
1530 741 1736 809 aliqua~

155 852 312 896 tenus
342 841 457 895 odit
497 839 612 893 sine
640 851 826 903 causa,
857 835 1075 904 expedit
1109 832 1183 888 illi
1219 841 1273 886 ut
1303 836 1445 887 hunc
1471 846 1501 885 a
1528 847 1584 886 sc
1615 846 1740 884 ran-

157 949 337 986 corem
397 930 661 1001 expellat,
710 943 780 983 ne
821 936 1014 997 peccet
1054 941 1236 981 coram
1280 927 1407 980 Deo.
1460 924 1738 979 Promittis

156 1023 288 1076 mihi
321 1022 462 1091 quod
504 1021 569 1074 dc
600 1019 900 1073 redditibus
928 1016 1147 1082 nostris,
1175 1017 1240 1071 de
1268 1016 1462 1086 quibus
1488 1015 1736 1085 aliquan-

158 1127 269 1169 tum
320 1115 448 1168 mihi
486 1111 751 1182 permittit
794 1110 1024 1174 habere,
1076 1108 1265 1163 melius
1318 1115 1374 1162 et
1416 1106 1646 1177 amplius
1684 1105 1738 1160 in

154 1208 396 1261 futurum
445 1205 751 1279 permittet;
802 1204 943 1256 unde
984 1200 1373 1256 benevolentiae
1402 1209 1593 1254 vestrm
1634 1212 1739 1252 non

153 1296 326 1351 debeo
348 1310 468 1350 esse
488 1295 751 1365 ingratus,
775 1294 919 1362 quia,
944 1301 1206 1362 quantum
1230 1293 1280 1345 in
1307 1289 1458 1346 vobis
1477 1298 1582 1355 est,
1604 1290 1741 1345 bona

151 1390 435 1443 voluntate
464 1387 566 1443 hoc
597 1386 794 1441 facitis.
836 1385 942 1441 Sed
971 1401 1077 1440 non
1108 1385 1331 1440 deberet
1373 1399 1493 1439 esse
1521 1399 1655 1455 opus
1684 1393 1743 1437 ut

152 1482 267 1536 haec
309 1480 439 1534 mihi
483 1479 634 1533 ﬁeret
673 1478 980 1550 promissio,
1017 1478 1140 1548 quia
1181 1485 1370 1533 contra
1408 1476 1741 1532 voluntatem

154 1588 333 1626 mnam
377 1573 519 1627 nulla
563 1572 725 1627 debet
756 1571 886 1625 mihi
928 1570 994 1625 de
1032 1570 1137 1625 illis
1179 1569 1294 1625 fieri
1330 1568 1622 1640 prohibitio
1651 1575 1744 1622 aut

154 1665 459 1718 diminutio.
494 1664 554 1717 Et
593 1665 684 1732 qui
725 1664 797 1718 illi
846 1663 1077 1719 consulit
1127 1672 1186 1716 ut
1236 1662 1439 1732 aliquid
1481 1662 1605 1716 inde
1638 1661 1742 1716 sibi

155 1762 419 1815 assumat,
449 1767 554 1806 non
596 1752 712 1809 leve
757 1761 1062 1820 peccatum,
1096 1767 1266 1821 neque
1310 1751 1416 1806 tale
1453 1752 1596 1820 quod
1638 1767 1742 1805 un-

1836 551 2038 605 comitc
2068 548 2305 603 lloberto
2331 552 2544 615 tenetis,
2571 551 2792 618 possitis
2820 549 2973 603 fratri
2999 550 3114 618 ejus
3142 548 3252 620 regi
3281 546 3422 603 Hen-

1838 643 1951 697 rico
1980 652 2168 696 contra
2214 642 2462 696 eumdem
2516 643 2770 697 comitem
2823 642 3095 697 deservire
3124 682 3139 705 ,
3199 649 3420 711 propter

1838 731 2130 802 injustitias
2161 747 2297 801 quas
2327 732 2468 787 idem
2498 747 2681 787 comes
2703 734 2853 788 vobis
2885 733 3038 799 facit,
3094 732 3236 788 sicut
3267 748 3421 788 man.

1841 826 2028 881 dastis.
2060 824 2217 893 Quod
2250 841 2590 896 nequaquam
2617 840 2798 880 coram
2831 827 2939 880 Deo
2966 835 3022 881 et
3048 841 3231 881 coram
3256 826 3420 897 justls

1839 918 2149 972 hominibus
2167 916 2312 972 licite
2338 918 2451 972 fieri
2477 932 2631 987 posse
2656 916 3425 985 intelligimus.Nam,etiamsi

1838 1023 1935 1063 vos
1956 1009 2021 1064 de
2050 1009 2151 1063 hoc
2170 1008 2420 1073 absolvit,
2447 1007 2589 1079 quod
2619 1006 2693 1062 illi
2725 1007 2965 1061 debeatis
2988 1022 3082 1077 per
3104 1008 3424 1075 bominium,

1841 1105 1934 1151 aut
1966 1111 2062 1166 per
2094 1097 2252 1153 fidem
2279 1096 2349 1130 “3
2379 1097 2725 1166 promissam,
2759 1098 2875 1152 sive
2893 1112 2993 1168 per
3018 1097 3249 1168 aliquam
3281 1115 3405 1155 com

1842 1204 2059 1244 munem
2085 1190 2524 1255 conventionem,
2574 1206 2679 1244 non
2707 1205 2805 1244 vos
2837 1190 3013 1259 potuit
3037 1190 3318 1245 absolvere
3365 1193 3430 1246 de

1843 1283 1946 1337 hoc
1976 1283 2118 1352 quod
2148 1282 2259 1338 Deo
2280 1291 2336 1339 et
2360 1283 2606 1353 proximo
2628 1292 2849 1352 propter
2878 1282 3047 1337 Deum
3092 1282 3302 1336 debetis
3334 1296 3430 1352 per

1841 1371 2201 1429 Christianam
2270 1373 2603 1443 religionem.
2664 1373 3004 1443 Quapropter
3070 1373 3426 1444 intelligimus

1842 1466 1965 1534 quia
1996 1480 2100 1519 non
2130 1464 2337 1520 debetis
2374 1464 2655 1534 praefatum
2680 1466 2946 1532 comitem,
2962 1466 3028 1520 de
3056 1465 3159 1520 hoc
3180 1467 3323 1534 quod
3367 1466 3432 1519 de

1844 1556 1935 1611 illo
1964 1555 2174 1611 habetis
2207 1556 2555 1611 exbaeredarc
2583 1569 2637 1611 et
2672 1556 3043 1612 luereditatem
3066 1556 3184 1627 ejus
3211 1558 3431 1611 inimico

1844 1663 1943 1704 suo
1976 1650 2208 1702 tradere.
2238 1647 2295 1701 In
2326 1648 2430 1702 hoc
2450 1662 2665 1717 quoque
2695 1663 2791 1703 vos
2831 1648 3057 1703 multum
3098 1658 3309 1717 oportet
3353 1650 3432 1702 in-

1849 1740 2070 1795 tendere
2101 1739 2244 1809 quod
2274 1739 2510 1795 nondum
2544 1748 2727 1795 vestra
2756 1740 2976 1795 dilectio
3029 1742 3271 1812 suscepit
3310 1744 3430 1812 epi-

153 1860 315 1911 quam
350 1842 567 1897 tolerari
605 1843 819 1907 debeat,
851 1842 927 1896 illi
960 1842 1208 1896 consulit.
1232 1842 1332 1908 Qui
1362 1842 1506 1896 enim
1533 1842 1737 1910 episco-

1849 1833 1985 1901 scopi
2012 1835 2562 1897 consecrationem,et
2584 1832 2628 1887 si
2650 1833 2755 1886 hoc
2784 1832 3033 1887 faceretis
3055 1835 3196 1902 quod
3224 1849 3254 1887 a
3282 1836 3434 1889 vobis

155 1943 281 1994 pum
325 1928 438 1982 suis
477 1928 638 1983 rebus
682 1929 752 1981 ita
786 1928 1007 1997 spoliat,
1038 1928 1182 1981 inillo
1214 1929 1374 1983 modo
1405 1928 1743 1984 reconciliari

156 2017 267 2071 Deo
296 2019 513 2087 poterit,
548 2018 651 2072 nisi
698 2017 771 2072 illi
811 2020 1019 2089 integre
1049 2018 1229 2071 omnia
1260 2034 1352 2073 sua
1388 2020 1651 2073 restituat.
1678 2018 1747 2074 Et

154 2108 346 2162 scitote
376 2109 501 2176 quia
538 2110 871 2163 tantumdem
900 2118 984 2163 est
1030 2109 1159 2163 mibi
1203 2109 1268 2163 de
1303 2109 1544 2179 qualibet
1579 2124 1742 2180 parva

154 2207 307 2266 parte
331 2206 591 2267 quantum
635 2198 677 2252 si
719 2198 784 2252 de
821 2208 931 2252 toto
960 2198 1223 2268 Spoliatus
1254 2198 1429 2254 fuero.
1459 2197 1573 2254 Non
1598 2201 1740 2255 enim

149 2288 257 2343 hoc
302 2289 425 2345 dico
467 2290 954 2359 amerepccuniae,
989 2290 1083 2345 sed
1134 2306 1317 2346 amore
1356 2292 1449 2347 Dei
1492 2291 1739 2360 justitize.

148 2382 285 2435 Orat
312 2390 486 2435 vestra
526 2382 835 2451 benignitas
865 2389 923 2434 ut
949 2381 1292 2437 dilectionem
1337 2398 1512 2437 meam
1549 2398 1578 2436 a
1615 2399 1742 2454 rege

150 2486 260 2526 non
307 2486 575 2537 avertam,
608 2473 700 2527 sed
750 2488 849 2541 pro
903 2472 1016 2536 illo,
1044 2482 1099 2527 et
1140 2488 1237 2542 pro
1282 2474 1455 2538 vobis,
1495 2485 1547 2528 et
1592 2475 1743 2543 prole

150 2578 357 2628 vestra,
388 2574 443 2618 et
482 2565 633 2633 regni
664 2565 830 2619 vestri
864 2572 1007 2619 statu
1053 2565 1403 2620 intercedam.
1440 2565 1593 2631 Quod
1638 2566 1744 2620 uti-

151 2673 261 2727 que
304 2660 567 2715 baetenus
621 2658 754 2723 feci;
789 2661 855 2713 de
884 2658 1067 2713 futuro
1099 2668 1304 2721 autem,
1339 2659 1430 2713 Dei
1475 2674 1560 2713 me
1595 2674 1743 2715 com-

153 2750 315 2806 mitto
358 2749 716 2819 dispositioni,
747 2750 887 2818 apud
918 2764 1076 2817 quem
1118 2749 1258 2803 filius
1288 2764 1392 2803 non
1428 2758 1609 2817 portat
1639 2749 1741 2802 ini-

152 2842 421 2910 quitatem
446 2841 636 2911 patris,
662 2856 761 2895 ncc
796 2857 934 2894 uxor
962 2841 1082 2895 viri.
1115 2840 1178 2894 Et
1205 2855 1365 2910 Spero
1394 2842 1443 2894 in
1472 2841 1743 2911 Deo,quia

149 2931 362 2987 nullum
413 2930 596 2985 cordis
646 2944 926 2985 rancorem
978 2931 1151 2985 habeo
1201 2931 1460 2984 adversus
1507 2930 1741 2999 aliquem

42 3060 81 3107 ἑ,
149 3021 298 3076 unde
325 3036 532 3075 mecum
572 3035 677 3075 non
724 3021 953 3075 habeam
994 3020 1181 3076 Deum.
1210 3020 1571 3089 Omnipotens
1600 3021 1742 3077 Deus

42 3146 82 3189 ξιτ

148 3128 251 3168 vos
278 3124 329 3168 et
361 3114 565 3182 prolem
600 3123 836 3168 vestram
870 3127 1084 3183 semper
1114 3113 1167 3167 in
1207 3128 1303 3169 sua
1346 3114 1521 3184 gratia
1552 3124 1737 3169 custo-

42 3214 79 3256 ςςῑ
145 3203 284 3257 diat.

42 3298 63 3319 ts“
76 3308 77 3315 ι

42 3418 76 3473 ἀὲ

42 3636 69 3689 ita

42 3712 70 3757 ε

42 3928 71 3971 ιι

42 3998 69 4042 gl

42 4072 67 4113 ἐς

42 4140 67 4186 tl

42 4212 65 4255 ti

42 4286 63 4327 ἑ

42 4368 49 4397 ἰ

509 3314 669 3389 403
699 3314 1029 3372 EPISTOLA
1060 3314 1263 3371 XCVIII
1292 3316 1383 3371 ⁸⁸⁸.

168 3422 402 3463 ANSELIII
450 3422 520 3472 AD
576 3422 917 3462 οιῐιιιεωιυιί
952 3420 1239 3461 EPISCOPUM
1276 3422 1719 3464 WENTONIENSEI.

144 3498 309 3564 Quod
332 3516 434 3554 non
470 3500 631 3569 possit
657 3515 841 3571 nocere
876 3499 1174 3571 aduersario
1196 3500 1375 3553 comiti
1424 3499 1486 3553 ob
1512 3501 1737 3571 injurias

652 3570 752 3623 sibi
774 3569 838 3622 ab
859 3569 1039 3623 eodem
1061 3569 1260 3623 illatas.

218 3688 532 3751 Anssuws,
571 3684 1007 3757 archiepiscOpus
1042 3684 1377 3754 Cantuariae,
1427 3685 1741 3743 ϐυιιιεικο

136 3779 352 3835 dilecto
396 3778 639 3833 dilectori
694 3792 828 3845 suo,
870 3776 1042 3833 electo
1095 3777 1349 3847 episcopo
1415 3777 1738 3846 Wentonia',

139 3872 381 3926 salutem
413 3879 467 3926 et
494 3871 928 3927 benedictionem
963 3870 1054 3925 Dei
1076 3868 1168 3938 ⁸⁸⁵,
1198 3880 1250 3925 et
1279 3886 1455 3938 suam,
1481 3881 1740 3941 quantum

137 3967 318 4027 valet,
354 3972 517 4033 atque
545 3961 729 4017 divino
760 3976 975 4033 semper
1020 3961 1128 4033 regi
1154 3960 1401 4017 consilio
1428 3970 1483 4017 et
1532 3961 1740 4033 protegi

136 4052 373 4111 auxilio.

216 4143 457 4196 Nuntius
488 4150 667 4196 vester
700 4156 919 4196 causam
948 4149 1210 4208 vestram,
1250 4157 1349 4211 pro
1373 4157 1480 4210 qua
1530 4143 1597 4196 ad
1644 4158 1743 4197 nos

136 4235 354 4288 missus
374 4243 477 4299 est,
502 4234 805 4289 reverenda
832 4233 1053 4288 domino
1075 4242 1129 4288 et
1147 4233 1296 4288 Patri
1327 4242 1515 4289 nostro
1536 4234 1743 4303 Hugoni

134 4326 502 4396 Lugdunensi
528 4326 959 4397 archiepiscopo,
993 4334 1047 4381 et
1071 4326 1201 4381 mihi
1230 4327 1408 4391 simul,
1441 4328 1577 4384 sicut
1610 4343 1745 4398 pra)-

130 4417 402 4488 cepistis,
444 4417 659 4482 retulit;
695 4426 749 4471 et
784 4431 883 4487 ego
911 4416 1087 4472 eidem
1133 4414 1277 4472 Patri
1311 4426 1500 4474 nostro
1530 4417 1743 4475 litteras

133 4524 285 4575 quas
338 4508 470 4562 mihi
509 4507 736 4563 misistis
764 4548 777 4573 ,
814 4507 1049 4563 ostendi.
1099 4507 1221 4578 Ipso
1256 4508 1440 4579 itaque
1490 4510 1732 4580 jubente,
1767 4524 1813 4592 ι)

128 4617 239 4672 pro
272 4599 372 4654 illo
397 4607 451 4656 et
471 4616 569 4670 pro
600 4615 686 4656 me
718 4601 770 4655 in
801 4600 920 4657 istis
954 4599 1150 4673 litteris
1182 4602 1501 4672 respondeo.
1535 4601 1736 4673 Utique

132 4694 450 4765 gaudemus
480 4702 536 4749 et
568 4694 782 4763 'gratias
810 4694 1021 4763 agimus
1048 4693 1159 4751 Deo
1185 4711 1284 4765 pro
1310 4705 1489 4752 vestra
1517 4695 1572 4751 in
1599 4696 1743 4752 veri-

133 4797 253 4841 tate
287 4787 623 4853 constantia,
654 4796 709 4843 et
731 4787 855 4857 quia
886 4774 993 4841 non
1017 4788 1259 4857 quaeritis
1296 4787 1605 4854 consilium,
1637 4788 1743 4846 nisi

130 4879 288 4950 quod
326 4878 434 4932 Deo
462 4877 673 4948 placeat
702 4878 771 4911 “‘
800 4888 855 4934 et
884 4879 1225 4934 honestatem
1253 4889 1490 4936 vestram
1517 4888 1569 4937 et
1591 4881 1740 4937 ordi-

132 4985 295 5035 nem,
338 4967 403 5021 ad
428 4982 589 5038 quem
622 4969 777 5024 electi
804 4970 960 5035 estis,
992 4969 1200 5026 deceat.
1226 4969 1358 5024 Rem
1388 4979 1576 5039 totam,
1602 4970 1744 5026 sicut

131 5060 287 5114 idem
323 5060 546 5114 nuntius
578 5060 732 5114 vobis
763 5060 1024 5126 narravit,
1066 5070 1270 5130 quanto
1302 5060 1611 5129 diligentius
1636 5076 1738 5132 po.

132 5153 375 5215 tuimus,
425 5148 681 5204 adhibitis
708 5149 829 5205 aliis
856 5151 1206 5221 prudentibus
1252 5160 1311 5206 et
1353 5151 1621 5223 religiosis
1669 5152 1738 5187 “'

131 5240 303 5303 viris,
322 5240 793 5309 pertractavimus,
813 5240 1163 5296 etconsilium
1180 5242 1321 5312 quod
1344 5244 1548 5311 petitis,
1573 5243 1739 5298 Deum

133 5333 470 5387 invocantes
488 5341 548 5385 ut
567 5348 667 5387 nos
681 5332 961 5402 dirigeret,
976 5334 1229 5387 concordi
1245 5350 1406 5389 sensu
1423 5335 1739 5389 considera—

132 5425 347 5478 vimus.
379 5422 544 5493 Cujus
566 5425 799 5492 consilii,
833 5426 885 5480 in
913 5433 1174 5496 quantum
1213 5426 1594 5493 intelleximus,
1626 5427 1741 5482 here

1848 1941 1943 1980 rex
1992 1924 2190 1994 exigit,
2236 1924 2414 1977 nullus
2462 1932 2642 1993 posset
2667 1924 3011 1994 exstinguere
3040 1924 3433 1979 exsecrabilem

1848 2016 2044 2070 famam
2066 2057 2081 2082 ,
2109 2017 2235 2086 quia
2268 2016 2371 2071 hoc
2398 2015 2597 2070 factum
2628 2025 2772 2072 esset
2796 2024 3018 2086 propter
3067 2016 3433 2087 episc0patus.

1845 2123 2003 2177 quem
2030 2106 2259 2178 perdere
2283 2108 2568 2173 timeretis,
2591 2109 3039 2178 redemptionem.
3071 2108 3435 2176 Quamobrem

1843 2200 2096 2270 quoniam
2125 2201 2472 2269 providemus
2506 2201 2648 2255 bona
2691 2215 2799 2256 non
2830 2209 3038 2255 tantum
3075 2216 3263 2257 coram
3302 2203 3434 2269 Deo,

1843 2291 1937 2346 sed
1980 2291 2149 2346 etiam
2189 2306 2372 2346 coram
2417 2292 2751 2360 hominibus,
2777 2303 2989 2349 avertat
3038 2293 3183 2350 Deus
3242 2296 3345 2351 hoc
3404 2308 3433 2350 ι

1842 2383 2014 2447 vobis,
2050 2398 2225 2453 neque
2261 2379 2499 2453 unquam
2540 2384 2821 2454 permittat
2862 2393 2972 2440 tam
3000 2400 3229 2455 pravum
3256 2404 3437 2443 exem-

1842 2473 1988 2543 plum
2011 2472 2116 2553 ulla
2133 2472 2385 2543 Opinione
2406 2474 2556 2528 exire
2577 2473 2644 2528 de
2666 2475 2839 2530 vobis.
2869 2473 3020 2542 Quod
3044 2490 3225 2531 autem
3255 2492 3283 2530 a
3313 2473 3439 2550 rege

1854 2565 2170 2634 praedictum
2202 2565 2507 2633 castellum,
2530 2567 2673 2622 sicut
2699 2567 2860 2623 homo
2896 2567 3013 2638 ejus
3046 2571 3231 2632 cratis,
3283 2586 3438 2627 acce-

1843 2657 2019 2727 pisns,
2052 2658 2199 2712 nullo
2230 2661 2392 2714 modo
2426 2661 2809 2731 cognoscimus
2834 2676 2930 2715 vos
2956 2661 3022 2715 ad
3054 2661 3159 2717 hoc
3202 2665 3433 2736 astringi

1845 2756 1904 2801 ut
1924 2762 2048 2801 eum
2077 2747 2267 2802 eodem
2297 2750 2523 2804 castello
2546 2759 2736 2805 contra
2761 2752 3020 2808 comitem
3045 2755 3120 2808 uti
3146 2755 3434 2824 permitta-

1844 2838 1942 2903 tis,
1975 2838 2018 2893 si
2050 2838 2098 2892 ei
2133 2839 2431 2895 bominium
2476 2855 2582 2895 non
2641 2842 2745 2897 nisi
2796 2841 2949 2898 salvo
2974 2845 3169 2902 ordine
3206 2847 3433 2903 fecistis.

1846 2935 2116 3004 Denique,
2142 2935 2285 2990 sicut
2342 2934 2523 2991 nullus
2570 2936 2732 2991 homo
2772 2935 2976 3007 aliquid
3027 2945 3217 2994 contra
3263 2939 3434 2995 Deum

1844 3024 2001 3080 debet
2026 3025 2377 3096 promittere,
2413 3026 2487 3080 ita
2536 3026 2864 3097 promissum
2912 3028 3225 3085 nullatenus
3272 3030 3435 3087 debet

1843 3116 2123 3188 perlicere,
2151 3134 2251 3174 nec
2281 3118 2477 3188 aliquis
2507 3120 2611 3173 hoc
2642 3127 2788 3174 recte
2816 3121 3248 3193 potestexigere.
3271 3121 3433 3190 Qua:-

1842 3212 1968 3267 dam
1998 3210 2103 3267 alia
2132 3225 2228 3280 per
2273 3211 2434 3265 istum
2482 3211 2733 3267 nuntium
2774 3211 2895 3266 viva
2930 3212 3084 3268 vobis
3125 3228 3258 3270 voce
3289 3215 3432 3269 refe-

1839 3307 2009 3361 renda
2051 3305 2391 3360 mandamus.
2444 3302 2659 3359 Salutat
2708 3317 2807 3361 vos
2858 3303 3151 3375 praedictus
3178 3304 3429 3361 dominus

1842 3405 1895 3451 et
1920 3395 2085 3451 Pater
2109 3404 2318 3460 noster,
2349 3394 2490 3449 sicut
2516 3392 2724 3449 amicus
2755 3393 3010 3449 anticum.
3039 3392 3192 3450 Vale.

2340 3483 2675 3541 EPISTOLA
2740 3483 2928 3539 XCIX.

1843 3592 2132 3633 HATHILDIS
2170 3592 2380 3633 REGIN£
2424 3590 2708 3632 ANGLORIJI
2738 3590 2805 3630 Αι)
2833 3589 3139 3631 ΡΛεοιιΔιιιι
3166 3591 3205 3631 ll
3232 3592 3427 3632 ΡΛΡΔΙ.

1842 3670 2055 3726 Gratias
2079 3671 2185 3741 agit
2206 3687 2301 3741 pro
2328 3670 2513 3725 litteris
2547 3668 2849 3724 hortatoriis
2876 3669 2949 3722 ad
2973 3670 3247 3740 conjugem
3267 3670 3428 3725 datis.-

1913 3762 2138 3818 Summo
2175 3760 2416 3833 pontifici
2465 3769 2520 3817 et
2569 3759 2862 3817 universall
2916 3774 3070 3833 papa:
3124 3760 3427 3825 ΡΑεοιιΑιι.

1842 3853 2165 3918 Munium,
2195 3854 2289 3910 Dei
2305 3853 2480 3927 gratia
2499 3852 2797 3923 Anglorum
2825 3853 3031 3924 regina,
3056 3854 3129 3911 ita
3152 3855 3433 3926 dignitatis
3494 3892 3497 3905 ι

1843 3945 2280 4016 apostoliezejura
2307 3947 2623 4017 dispensare
2647 3947 3038 4017 temporaliter,
3059 3954 3118 4002 ut
3140 3953 3259 4002 cum
3271 3946 3433 4016 justi.
3488 3960 3491 3965 '

1846 4040 1933 4093 tite
1961 4039 2252 4108 manipulis
2291 4038 2344 4092 in
2376 4046 2648 4108 perpetuae
2685 4038 2834 4108 pacis
2880 4036 3089 4109 gaudiis
3132 4038 3430 4110 apostolico

1845 4130 2052 4186 senatui
2084 4139 2360 4184 mereatur
2384 4129 2584 4185 ascribi
2606 4129 2940 4200 perenniter.
3418 4176 3421 4181 λ

1912 4224 2235 4295 Sauctitatis
2278 4232 2473 4279 vestrae
2508 4224 2865 4291 sublimitati,
2914 4242 2948 4282 ο
2996 4225 3082 4283 vir
3118 4228 3430 4300 apostolice',

1844 4326 1947 4373 etc.
1968 4315 2094 4372 Vide
2124 4318 2177 4373 in
2211 4314 2461 4372 Paschali
2491 4314 2576 4383 II,
2608 4317 2677 4371 ad
2700 4333 2791 4373 an.
2818 4319 2973 4375 “18.

2221 4429 2385 4504 404
2428 4428 2757 4485 EPISTOLA
2786 4430 2827 4486 C
2856 4431 3030 4473 “Lm

2296 4536 2522 4578 ANSELII
2554 4538 2620 4577 AD
2649 4536 2976 4581 οῐωυνικυκ.

1840 4618 2157 4691 Gratulatur
2204 4615 2462 4691 monacho
2539 4630 2649 4691 sua:
2713 4615 2871 4691 fanus
2919 4600 3178 4686 studioso,
3202 4620 3434 4691 quidque

2015 4686 2448 4743 obtrectatoribus
2482 4685 2597 4740 suis
2628 4685 2962 4756 respondeat,
2998 4685 3253 4759 suggerit.

1908 4784 2213 4845 Ausawus,
2243 4778 2684 4849 archiepiscopus
2723 4777 3152 4842 Cantuarieusis,
3200 4777 3354 4832 fratri
3380 4788 3436 4834 et

1841 4874 1950 4929 lilio
1977 4870 2302 4928 charissima
2330 4868 2632 4937 Oswmto,
2663 4868 2897 4924 salutem
2920 4906 2936 4933 ,
2995 4876 3057 4924 et
3093 4867 3427 4925 benedictio-

1842 4982 1963 5023 nem
1972 5005 1986 5021 ο

1916 5056 2133 5113 Gratias
2157 5071 2259 5127 ago
2306 5051 2578 5111 dilectioni
2624 5061 2728 5108 tuae
2774 5051 2904 5124 quia
2949 5050 3214 5110 sollicitus
3261 5068 3322 5111 es
3365 5055 3436 5113 de

1848 5164 1966 5205 mea
1992 5149 2159 5216 fama,
2196 5158 2250 5205 et
2278 5150 2476 5219 quaeris
2493 5150 2625 5221 quid
2669 5146 2998 5218 respondeas
3042 5146 3195 5203 falsis
3225 5147 3432 5203 calum-

1847 5243 2148 5298 niatoribus
2199 5243 2334 5297 meis
2364 5242 2734 5313 quaerentibus
2780 5243 3095 5300 occasiones
3141 5242 3430 5297 adversum

1848 5346 1954 5387 me.
1995 5332 2208 5398 Dicunt,
2239 5341 2298 5386 ut
2318 5333 2584 5403 scripsisti
2618 5333 2770 5400 mihi,
2799 5333 2922 5405 quia
2956 5332 3221 5404 prohibeo
3246 5347 3426 5404 regem

1849 5427 1977 5481 dare
2026 5425 2405 5492 investituras;
2449 5434 2503 5481 et
2540 5425 2683 5498 quod
2718 5425 2869 5497 pejus
2919 5436 3023 5494 est,
3070 5427 3326 5497 permitto
3365 5434 3428 5481 ut

1424 5577 1511 5635 VA
1522 5580 1658 5636 RIZE
1720 5580 2120 5638 LECTIONES.

213 5707 291 5742 ⁸⁸⁸
321 5703 453 5761 Cum
484 5714 661 5769 eodem
690 5731 769 5767 ms
800 5716 994 5769 collata

135 5778 421 5849 religiosis
446 5782 575 5837 viris
684 5785 752 5816 ⁸⁸⁸
780 5787 883 5840 Aut
911 5786 1065 5841 fidem
1094 5802 1171 5839 ms
1198 5796 1289 5839 aut
1316 5802 1410 5855 per
1442 5787 1595 5841 fidem

308 5889 583 5963 Parnm.
630 5895 839 5960 CLIX.

1120 5714 1191 5747 ’⁸⁸³
1216 5714 1533 5771 Guentonite
1561 5733 1636 5771 ms
1664 5715 1966 5769 chmnite

2101 5713 2171 5790 ‘5‘“
2195 5712 2566 5790 Placebitums
2613 5716 2843 5790 placeat.
2942 5716 3011 5752 δ”
3046 5712 3329 5788 Religiosis
3348 5728 3429 5771 ms

1708 5788 1871 5827 “Lm
1901 5785 2032 5840 Cum
2059 5785 2239 5839 eodem
2271 5801 2349 5841 tu
2371 5786 2563 5843 collata

2856 5900 2894 5963 5
