4028 6302
642 335 750 392 159

1191 335 1247 389 S.
1280 334 1577 391 ANSELMI
1615 334 1967 392 CANTUAB.
2009 335 2326 392 ARCHIEP.
2360 337 2508 394 OPP.
2545 338 2721 394 PARS
2751 339 2832 394 ΙΙΙ.
2855 371 2922 380 -—
2958 340 3336 397 LPISTOLIE.

3829 345 3916 400 ΗΘ

641 451 855 507 sciiicet
886 449 1011 504 mali
1033 451 1348 521 etperversi
1387 451 1566 506 clerici
1604 451 1861 506 invadant
1901 459 1957 506 et
2009 461 2218 508 vastent
2251 455 2294 510 Α
2323 462 2487 508 tomm
2511 454 3000 525 congregationem.
3027 455 3182 525 Smpe
3206 457 3348 509 enim
3379 454 3477 509 hoc
3498 452 3716 510 faciunt
3737 455 3916 513 divina

647 543 924 612 ecclesias,
964 555 1063 598 nec
1091 541 1324 598 ascendo
1370 558 1432 597 ex
1470 543 1719 600 adverso.
1767 544 1962 600 Dicunt
2008 559 2220 614 quoque

643 637 767 706 quia
788 651 887 706 ego
911 636 980 689 do
1004 632 1260 690 ecclesias
1285 634 1461 690 laicis.
1478 636 1577 690 Dic
1603 637 1687 691 eis
1709 637 1832 706 quia
1865 638 2216 693 mentiuntur.

645 727 758 785 Non
784 728 934 782 enim
960 743 1059 797 ego
1088 727 1156 760 ⁸⁷⁸
1186 728 1449 797 prohibeo
1499 744 1598 797 per
1627 743 1715 784 me
1759 744 1789 783 a
1830 744 1957 801 rege
1992 729 2106 785 dari
2139 731 2220 785 ins

644 819 926 873 vcstitnras
955 817 1309 873 ecclesiarum
1334 861 1348 886 ,
1383 819 1476 874 sed
1503 819 1627 887 quia
1664 819 1842 875 audivi
1871 820 2218 891 apostolicum

639 909 691 963 in
717 923 911 979 magno
937 908 1170 963 concilio
1201 911 1674 965 excommunicare
1703 910 1870 966 laicos
1897 911 2219 968 dantesillas

639 1002 989 1057 investituras
1019 1009 1071 1056 et
1099 1002 1448 1071 accipientes,
1481 1012 1535 1056 et
1558 1003 1647 1072 qui
1680 1003 2007 1074 accipientes
2033 1019 2217 1062 sacra-

637 1094 794 1160 bunt,
824 1093 947 1149 nolo
996 1095 1399 1150 communicare
1432 1097 1916 1154 excommunicatis
1959 1113 2058 1155 nec
2103 1099 2216 1155 ﬁeri

629 1186 1156 1241 excommunicatus.
1175 1185 1410 1242 Clericos
1425 1203 1552 1243 vero
1569 1203 1668 1243 nec
1683 1189 1889 1253 volens,
1915 1191 2008 1244 sed
2031 1189 2218 1246 dolens

640 1278 810 1334 tolero
841 1278 1098 1336 ecclesias
1128 1280 1454 1350 opprimere.
1482 1289 1536 1334 et
1561 1279 1612 1335 in
1651 1289 1856 1335 tantum
1893 1297 1959 1336 ex
1989 1283 2218 1339 adverso

639 1370 894 1435 ascendo,
920 1379 980 1424 ut
1013 1385 1110 1440 pro
1132 1370 1233 1426 hoc
1258 1371 1359 1426 sim
1395 1371 1449 1425 in
1481 1371 1674 1427 exsilio
1699 1381 1752 1426 et
1779 1372 1964 1430 'rebus
2007 1374 2218 1444 episco-

639 1469 796 1530 patus
829 1461 1182 1532 exspoliatus.
1216 1460 1332 1516 Non
1362 1462 1504 1516 enim
1535 1463 1679 1532 quod
1707 1462 1966 1534 objiciunt
1999 1466 2066 1520 de
2104 1466 2217 1522 cle-

639 1551 766 1607 ricis
804 1552 974 1618 ﬁeret,
1002 1553 1046 1608 si
1079 1553 1430 1618 investiturte,
1464 1553 1660 1622 quibus
1685 1569 1752 1609 ex
1775 1553 2002 1610 adverso
2026 1571 2217 1612 ascen-

637 1646 728 1710 do,
763 1660 868 1701 non
900 1646 1111 1700 ﬁerent.
1146 1645 1416 1702 Ecclesias
1437 1660 1566 1700 vero
1607 1661 1714 1701 non
1747 1645 1816 1702 do
1853 1645 2006 1703 laieis
2030 1689 2044 1713 ,
2095 1663 2214 1703 cum

635 1737 704 1792 do
733 1737 810 1792 eis
843 1752 956 1793 mea
990 1738 1226 1793 maneria
1255 1736 1322 1792 ad
1355 1737 1600 1803 ﬁrmam;
1654 1739 1749 1794 sed
1793 1739 2112 1795 commendo
2159 1748 2220 1794 ut

634 1843 730 1884 eas
756 1828 1078 1892 custodiant,
1122 1843 1233 1884 non
1269 1838 1329 1881 ut
1357 1827 1613 1882 clericum
1655 1827 1715 1882 in
1757 1827 1838 1884 eis
1884 1838 2088 1900 ponant
2123 1839 2220 1886 aut

631 1919 887 1988 inferant,
921 1921 1024 1976 nisi
1062 1936 1162 1992 per
1193 1934 1302 1987 me,
1329 1928 1424 1974 aut
1451 1919 1893 1978 archidiaconum
1947 1931 2214 1991 nostrum,

630 2021 724 2067 aut
769 2029 865 2084 per
889 2013 1127 2085 priorem
1166 2013 1220 2067 in
1249 2012 1512 2068 maneriis
1540 2011 1795 2070 Ecclesia:
1824 2023 2044 2070 nostrae.
2108 2013 2217 2072 Ne-

629 2105 891 2175 quissime
965 2104 1148 2174 itaque
1209 2105 1584 2175 improperant
1631 2104 1976 2176 mihi,~quia
2027 2101 2218 2164 'aliena

630 2209 761 2249 curo
789 2233 803 2259 ,
837 2209 956 2249 mea
987 2193 1222 2265 negligo,
1258 2194 1516 2263 quoniam
1546 2209 1653 2250 non
1683 2196 1788 2251 hoc
1823 2197 2008 2252 dicunt
2035 2214 2220 2257 amore

633 2286 901 2352 veritatis,
931 2287 1025 2342 sed
1055 2287 1345 2342 obstruunt
1371 2300 1434 2343 os
1473 2301 1650 2343 meum
1682 2287 1906 2359 loquens
1954 2305 2053 2360 pro
2083 2293 2220 2347 veri-

639 2387 774 2433 tate.
809 2377 962 2434 Vale.

1150 2491 1480 2550 m’lSTULA
1531 2491 1594 2548 Cl
1630 2493 1721 2547 ‘7‘.

889 2597 1109 2638 ANSELII
1158 2599 1225 2638 AD
1260 2598 1500 2639 FRATRES
1524 2598 1972 2642 CANTUABIENSES.

634 2675 748 2741 Quo
803 2673 1020 2728 debeant
1065 2691 1175 2729 esse
1224 2675 1401 2728 animo
1432 2673 1837 2731 Cantuarienses
1879 2678 2122 2732 monachi
2167 2678 2220 2732 in

841 2744 1230 2799 calamitatibus
1269 2762 1400 2816 quas
1435 2761 1489 2799 se
1522 2745 1734 2800 absente
1757 2747 2004 2802 tolerant.

634 2885 644 2892 .
697 2836 978 2891 Aasuuus
1007 2835 1469 2906 archiepiscopus,
1498 2834 1760 2892 fratribus
1784 2846 1838 2892 et
1863 2838 1985 2893 ﬁliis
2017 2839 2223 2895 charis-

635 2931 790 2986 simis
815 2929 868 2984 in
892 2929 1093 2986 Christi
1117 2929 1362 2984 Ecclesia
1374 2927 1682 2984 Cantuarite
1707 2930 1816 2986 Deo
1837 2931 2217 3000 servientibus,

630 3022 863 3077 salutem
909 3033 962 3076 et
991 3021 1427 3077 benedictionem
1458 3021 1551 3077 Dei
1578 3063 1593 3088 ,
1640 3029 1703 3078 et
1732 3038 1883 3078 suam
1906 3065 1920 3090 ,
1960 3034 2219 3094 quantum

629 3124 830 3182 potest.
886 3139 888 3142 ν
1471 3137 1474 3140 λ

637 3242 653 3249 -
702 3207 828 3263 Scio
855 3207 1180 3264 desiderium
1221 3220 1462 3266 vestrum
1499 3221 1555 3268 et
1605 3211 2016 3268 tribulationem
2059 3228 2220 3284 quam

631 3301 686 3354 in
713 3302 962 3371 praesenti
1011 3303 1291 3360 sustinetis
1319 3345 1334 3370 ,
1387 3313 1443 3359 et
1471 3305 1599 3376 quia
1638 3304 1900 3374 majorem
1947 3306 2002 3360 in
2042 3306 2222 3362 futuro

630 3391 856 3447 timetis.
877 3393 965 3447 De
993 3407 1097 3463 qua
1141 3406 1200 3448 re
1245 3393 1450 3449 nnllurn
1482 3395 1634 3450 vobis
1668 3395 1861 3450 melius
1900 3404 2077 3466 potest
2107 3396 2221 3452 dari

632 3482 916 3540 consilium
959 3499 1122 3554 quam
1144 3494 1212 3539 .ut
1249 3484 1465 3556 penitus
1493 3486 1782 3543 intendatis
1827 3488 1882 3542 in
1931 3488 2021 3544 Dei
2054 3487 2223 3543 servi-

631 3575 788 3630 tium.
819 3574 945 3630 Sive
976 3577 1120 3631 enim
1151 3591 1248 3632 vos
1276 3577 1470 3646 probet
1507 3577 1648 3633 Deus
1667 3593 1764 3647 per
1793 3578 2218 3646 tribulationem,

630 3668 747 3723 sive
771 3668 1048 3736 corripiat,
1074 3669 1190 3724 sive
1213 3679 1488 3738 exerceat,
1519 3685 1734 3742 semper
1785 3671 1851 3727 ad
1899 3672 2015 3728 haec
2062 3673 2222 3728 debet

635 3761 969 3832 respondere
990 3772 1171 3822 veStra
1201 3761 1266 3818 ad
1295 3763 1434 3819 bene
1477 3764 1766 3820 vivendum
1799 3764 2077 3820 instantia.
2116 3764 2218 3820 Per

630 3855 777 3910 hanc
823 3854 968 3916 enim
1013 3869 1174 3926 quam
1215 3855 1383 3911 fortes
1411 3856 1570 3922 sitis,
1617 3866 1672 3911 et
1722 3870 1884 3927 quam
1916 3871 2043 3913 vere
2069 3857 2218 3912 illum

628 3946 891 4018 diligatis,
925 3949 1278 4013 monstratis;
1313 3963 1425 4017 per
1469 3950 1611 4005 hanc
1641 3949 1790 4004 illum
1821 3950 2050 4018 pacatis
2073 3991 2087 4016 ,
2123 3965 2221 4020 per

630 4040 771 4094 hanc
802 4038 1090 4095 exercitari
1127 4039 1194 4095 ad
1225 4039 1736 4111 rnajora'proﬁcitis,
1762 4049 1825 4096 ut
1853 4041 2047 4098 altiora
2076 4040 2216 4097 dona

632 4128 951 4182 merearnini
1003 4128 1144 4184 sicut
1185 4131 1419 4202 purgati.
1465 4130 1692 4187 Cessent
1736 4131 1900 4203 igitur
1948 4131 2001 4186 in
2063 4131 2218 4186 vobis

634 4217 948 4288 vaniloquia
969 4257 984 4282 ,
1018 4219 1343 4289 exstirpetur
1372 4222 1550 4277 omnis
1575 4222 1842 4279 detractio
1865 4263 1882 4289 ,
1926 4221 2218 4279 squocetur

639 4310 1031 4377 marmoratio,
1086 4311 1461 4383 exstinguatur
1509 4313 1886 4384 impatientia,
1930 4327 2218 4372 evanescat

634 4399 906 4454 inutilium
954 4400 1260 4464 curiositas,
1286 4403 1586 4472 expellatur
1607 4405 1874 4473 etiositas,
1893 4407 2217 4462 annihiletur

2252 1820 2293 1874 Β

2249 3168 2294 3232 C

2320 544 2523 613 judicia
2556 554 2625 598 ut
2658 558 2848 614 magna
2867 545 3154 600 multitudo
3177 544 3520 616 perturbetur
3548 543 3717 597 unius
3742 547 3914 615 culpa.

2325 637 2478 693 Unde
2509 638 2552 693 si
2585 638 2742 696 nimis
2774 641 2987 709 longum
3016 654 3120 694 non
3149 646 3311 705 esset,
3337 639 3580 709 exempla
3614 643 3783 711 plura
3813 657 3915 710 pro-

2324 730 2450 786 ferri
2481 744 2720 802 possent.
2749 732 2940 788 Finem
2967 733 3162 787 faciam
3195 729 3354 800 hujus
3382 741 3582 788 nostra:
3634 732 3914 789 allocutio—

2323 823 2427 890 nis,
2456 825 2580 894 quia
2615 834 2670 880 et
2721 825 2900 895 plures
2936 840 3003 881 ex
3033 824 3188 880 vobis
3226 823 3536 894 Scripturas
3582 823 3910 894 intelligitis,

2322 923 2378 968 et
2421 914 2634 970 habetis
2657 915 3073 972 dilectissimum
3099 914 3318 970 fratrem
3355 923 3599 971 nostrum
3634 915 3909 971 dominum

2320 1005 2558 1075 priorem
2585 1006 2864 1063 Ernulfum
2895 1006 2988 1074 "7,
3017 1008 3107 1078 qui
3134 1007 3250 1062 lucc
3273 1015 3330 1062 et
3355 1005 3459 1061 alia
3487 1007 3615 1073 scit,
3663 1015 3726 1062 et
3752 1015 3910 1077 potest

2321 1095 2502 1152 dicere
2524 1098 2695 1154 vobis.
2729 1097 3083 1168 Omnipotens
3118 1097 3260 1152 Deus
3289 1095 3544 1168 dignetur
3569 1110 3680 1153 vos
3708 1097 3785 1152 ab
3810 1113 3907 1152 om-

2320 1187 2479 1244 nibus
2504 1188 2662 1245 malis
2685 1190 2996 1255 emendare,
3023 1197 3080 1244 et
3102 1187 3266 1244 faciat
3285 1187 3442 1242 bonis
3461 1186 3732 1242 omnibus
3758 1188 3910 1242 abun-

2323 1283 2480 1343 dare,
2504 1291 2554 1337 et
2580 1291 2699 1352 post
2726 1283 2866 1337 hanc
2895 1283 3060 1336 vitam
3093 1282 3154 1335 in.
3177 1296 3275 1336 suo
3309 1296 3472 1352 regno
3499 1280 3825 1338 exsultare.
3847 1283 3911 1336 Sit

2319 1388 2482 1443 super
2509 1388 2602 1429 vos
2645 1375 2734 1428 Dei
2772 1373 3110 1436 benedictio,
3154 1380 3209 1427 et
3240 1371 3441 1427 tribuat
3473 1372 3638 1428 vobis
3674 1374 3908 1428 omnium

2318 1473 2619 1520 vestrorum
2643 1472 2986 1534 peccatorum
3013 1462 3406 1517 remissionem.
3431 1461 3632 1518 Amen.
3671 1462 3909 1538 Rediuua

2318 1565 2561 1610 nostrum
2633 1553 2702 1609 ad
2763 1568 2856 1609 vos
2901 1551 3119 1622 quando
3172 1551 3384 1607 futurus
3428 1552 3500 1606 sit
3557 1553 3636 1606 ad
3684 1568 3908 1622 presens

2318 1647 2526 1714 nescio,
2567 1646 2662 1703 sed
2693 1661 2852 1717 spero
2886 1646 2939 1700 in
2992 1643 3102 1699 Deo
3150 1645 3279 1715 quia
3319 1661 3422 1700 non
3468 1643 3576 1696 erit
3616 1643 3680 1696 in
3734 1659 3908 1697 vanam

2319 1739 2492 1794 oratio
2530 1747 2712 1796 vestra

2822 1853 3153 1910 EPISTOLA
3205 1852 3291 1908 Cll
3320 1853 3410 1907 "3.

2479 1965 2704 2006 ANSELMI
2747 1965 2813 2004 AD
2840 1965 3084 2014 QUOSDAII
3117 1963 3394 2005 IIONACHOS
3417 1963 3769 2005 APOSTATAS.

2319 2046 2599 2116 Apostatas
2643 2044 2926 2116 monachos
2973 2043 3029 2098 in
3065 2045 3354 2116 claustrum
3395 2056 3632 2116 reuersas
3660 2048 3842 2094 monet
3868 2050 3906 2088 li!
3952 2045 3953 2078 ξ

2523 2132 2635 2170 non
2665 2115 2976 2170 verecundia
3027 2114 3380 2184 paenitentiam
3413 2111 3710 2182 abjiciant.

2388 2207 2671 2263 Axscwos
2696 2206 3158 2276 archiepiscopus,
3188 2203 3449 2259 fratribus
3470 2214 3526 2258 et
3551 2201 3692 2258 ﬁliis
3717 2202 3904 2258 cbaris-

2320 2298 2474 2354 simis
2497 2297 2783 2365 Wu‘arco,
2816 2297 3088 2362 Parmeno,
3122 2294 3449 2362 WILLELuo,
3470 2293 3716 2349 salutem
3750 2303 3807 2348 et
3832 2293 3904 2347 be-

2321 2389 2682 2445 nedictionem
2709 2389 2802 2444 Dei
2829 2395 2886 2444 et
2913 2401 3089 2444 suam.
3149 2431 3152 2434 .

2390 2479 2583 2534 Audivi
2613 2479 2740 2549 quia
2768 2479 3121 2550 persuasione
3156 2475 3425 2547 serpentis
3457 2475 3723 2547 antiqui,
3773 2475 3903 2543 cujus

2320 2572 2520 2630 astutia
2553 2573 2758 2643 primos
2785 2581 3038 2643 parentes
3067 2578 3283 2626 nostros
3328 2570 3394 2624 de
3442 2567 3719 2640 paradiso
3748 2568 3902 2637 ejecit,

2321 2662 2668 2718 claustralem
2677 2662 2986 2733 paradisum
3007 2670 3064 2717 et
3086 2661 3390 2732 religiosam
3414 2657 3902 2717 conversationem,
3951 2657 3953 2732 ι

2321 2765 2585 2827 quantum
2612 2753 2679 2808 ad
2711 2768 2828 2819 vos,
2869 2751 3225 2817 deseruistis,
3273 2758 3329 2805 et
3380 2747 3537 2802 valde
3590 2747 3789 2812 dolui;
3836 2745 3903 2800 sed

2322 2847 2630 2903 consolatus
2667 2859 2784 2900 surn
2814 2851 2870 2898 et
2900 2841 3226 2904 laatiﬁcatus,
3254 2839 3380 2910 quia
3407 2853 3516 2893 non
3545 2836 3760 2894 clausit
3793 2837 3904 2890 Due

2322 2939 2474 2994 vobis
2500 2936 2696 2992 ostium
2726 2933 2987 3005 paradisi,
3036 2947 3105 2987 ne
3136 2931 3277 2986 ultra
3322 2930 3374 2984 in
3421 2927 3554 2983 illud
3596 2927 3901 2984 intr-arctis.

2323 3028 2417 3085 sed
2438 3028 2614 3100 potius
2637 3041 2730 3081 vos
2760 3023 3186 3081 misericorditer
3210 3020 3416 3091 coegit,
3444 3027 3505 3074 ut
3560 3020 3634 3074 ad
3686 3020 3902 3090 requies
3948 3023 3950 3026 ’

2324 3121 2569 3178 relictam
2611 3117 2882 3174 rediretis.
2915 3116 2973 3172 Si
3024 3123 3203 3171 autem
3233 3128 3330 3184 pro
3379 3113 3483 3167 hac
3531 3111 3902 3168 misericordi:

2325 3226 2488 3284 quam
2516 3208 2672 3266 vobis
2711 3207 2895 3265 invitis
2938 3205 3089 3272 fecit,
3133 3205 3338 3276 gratias
3385 3203 3460 3258 illi
3491 3203 3701 3274 agitis,
3741 3213 3903 3259 etnon

2326 3312 2534 3360 tantum
2561 3315 2744 3358 coram
2780 3297 3032 3356 omnibus
3061 3312 3157 3354 ore
3182 3337 3196 3361 ,
3233 3296 3327 3352 sed
3379 3294 3544 3351 etiam
3582 3310 3786 3350 coram
3825 3293 3907 3346 Dee

2323 3392 2488 3450 corde
2511 3391 2904 3448 correctionem
2933 3388 3004 3421 ’⁸⁷⁵
3033 3386 3352 3459 promittitis
3375 3425 3392 3452 ,
3445 3400 3608 3456 agam
3643 3386 3904 3441 vobiscum

2323 3485 2526 3556 gratias
2553 3485 2696 3552 Deo,
2736 3491 2792 3539 et
2829 3495 3046 3538 omnem
3092 3493 3385 3535 rancorem
3429 3492 3596 3547 quem
3650 3479 3731 3533 de
3781 3478 3905 3544 culp

2322 3585 2502 3632 vestra
2523 3575 2767 3645 concepi,
2796 3571 3062 3643 expellam
3087 3570 3154 3627 de
3181 3569 3346 3626 corde
3366 3582 3506 3624 meo.
3536 3566 3750 3625 Moneo
3778 3570 3906 3640 igitet

2322 3682 2439 3733 vos,
2476 3675 2536 3721 ut
2562 3663 2632 3697 ⁴⁸⁰
2661 3663 2802 3730 ﬁlios
2847 3676 3030 3726 meos,
3088 3667 3360 3730 quatenus
3403 3657 3555 3712 illam
3593 3673 3835 3730 pravam
3872 3668 3908 3710 et

2320 3760 2644 3828 diabolicam
2674 3757 3006 3814 voluntatem
3044 3769 3207 3828 quam
3239 3753 3512 3826 [habuistis
3538 3793 3555 3818 ,
3599 3754 3907 3824 paenitenda

2321 3867 2501 3908 coram
2531 3851 2642 3907 Deo
2664 3851 2732 3907 de
2747 3850 2911 3906 corde
2928 3855 3112 3904 vestro
3135 3845 3358 3918 penitus
3383 3841 3717 3913 expellatis;
3761 3857 3908 3912 nego:

2320 3945 2607 4002 occasione
2623 3920 2856 4012 alicujus
2883 3938 3221 3996 verecundiae
3242 3944 3527 4008 postquam
3559 3950 3672 3992 vos
3699 3937 3846 3992 Deus
3863 3936 3912 3988 ad

2321 4051 2379 4094 se
2412 4034 2706 4101 revocavit,
2745 4040 2980 4089 mentem
3006 4037 3242 4086 vestram
3292 4027 3590 4081 indiscrete
3617 4027 3912 4082 contend:

2323 4128 2422 4196 tis;
2462 4127 2557 4188 sed
2577 4134 2860 4199 sperantes
2897 4124 2948 4178 in
2977 4123 3083 4178 hoc
3109 4120 3235 4192 quia
3266 4119 3409 4174 Deus
3454 4116 3813 4187 pmnitcntes
3841 4119 3914 4170 te

2319 4223 2480 4294 nigne
2506 4220 2749 4290 suscipit,
2802 4217 2856 4271 in
2899 4215 3040 4270 bona
3069 4212 3350 4269 voluntate
3395 4217 3451 4264 et
3499 4221 3706 4264 amore
3763 4205 3913 4262 vestri.

2317 4314 2524 4371 ordinis
2578 4309 2890 4383 quiescatis.
2927 4305 3077 4362 Solet
3111 4304 3254 4360 enim
3289 4300 3609 4371 contingere
3654 4310 3747 4367 ut,
3795 4315 3916 4368 φω-

2320 4405 2465 4460 niam
2499 4402 2761 4468 diabolus,
2794 4400 2904 4454 Deo
2932 4398 3226 4453 miserante
3267 4405 3323 4448 et
3361 4407 3581 4447 servum
3614 4407 3791 4446 suum
3842 4391 3920 4444 dc-

635 4489 964 4557 mussitatio,
1015 4501 1307 4570 evacuetur
1356 4492 1689 4564 indignatio,
1742 4503 1796 4550 et
1841 4510 1939 4565 pro
1979 4497 2217 4566 qualibet
2250 4515 2294 4569 ι)
2322 4497 2590 4559 fendente,
2619 4508 2727 4549 non
2753 4499 2932 4562 potest
2957 4489 3024 4545 de
3060 4503 3124 4544 eo
3151 4485 3295 4556 quod
3332 4483 3560 4554 inceepit
3607 4482 3916 4552 perﬁcere.

633 4579 929 4636 offensione
956 4581 1152 4653 mentis
1183 4583 1428 4652 quiescat
1454 4587 1765 4652 commotio,
1798 4585 2105 4644 eliminetur
2125 4605 2216 4645 ne-

633 4673 924 4746 gligentia,
957 4675 1352 4730 exterminetur
1397 4673 1710 4732 invidentia.
1764 4679 2111 4736 Exsecrabile
2149 4682 2220 4737 sit

630 4764 894 4836 quidquid
925 4779 954 4818 a
1003 4764 1198 4820 vestris
1227 4765 1519 4832 discordat,
1573 4766 1803 4824 amabile
1833 4769 1904 4824 sit
1955 4769 2217 4841 quidquid

632 4859 967 4916 monachicis
995 4860 1425 4922 institutionibus
1463 4861 1790 4928 concordat;
1831 4861 2040 4918 ferveat
2084 4864 2214 4920 obe-

633 4951 868 5019 dientia,
917 4961 972 5007 et
1000 4952 1242 5007 omnium
1272 4952 1534 5006 virtutum
1564 4993 1578 5016 ,
1627 4968 1747 5022 qum
1793 4955 2119 5023 supradictis
2164 4965 2217 5011 et

633 5041 758 5096 aliis
794 5051 1099 5114 repugnant
1127 5043 1294 5109 vitiis,
1324 5043 1562 5099 studium
1584 5053 1644 5098 'et
1668 5044 1965 5116 diligentia.
1995 5046 2217 5104 Scrute-

637 5144 726 5189 tur
747 5135 1117 5207 unusquisque
1145 5137 1432 5208 diligenter
1463 5137 1629 5191 vitam
1654 5137 1835 5208 [suam
1866 5147 2135 5195 secretam
2164 5149 2219 5196 et

635 5221 927 5292 publicam,
955 5233 1004 5280 et
1030 5225 1074 5280 si
1103 5225 1305 5281 invenit
1332 5227 1495 5292 unde,
1529 5226 1746 5283 festinet
1791 5228 1858 5284 ad
1899 5229 2218 5301 condignam

635 5311 1082 5379 satisfactionem,
1115 5329 1180 5368 ne
1202 5314 1339 5370 forte
1366 5333 1462 5388 pro
1494 5315 1609 5386 ejus
1639 5317 1795 5388 culpa
1822 5318 2056 5390 ﬂagellet
2079 5323 2218 5379 Deus

2323 4589 2389 4644 ad
2417 4587 2578 4642 aliam
2632 4599 2692 4640 se
2741 4589 3026 4638 convertat
3078 4577 3364 4642 astutiam;
3417 4584 3474 4630 et
3537 4589 3742 4644 quem,
3793 4575 3923 4627 sicut

2323 4679 2567 4750 incmpit,
2597 4676 2828 4747 dejicere
2869 4674 3079 4744 nequit,
3125 4672 3342 4742 dejiciat
3391 4684 3490 4738 per
3537 4668 3922 4722 immoderat:-

2321 4769 2660 4828 verecundiae
2689 4766 3100 4835 impatientiam.
3130 4762 3327 4820 Coram
3355 4761 3464 4816 Deo
3497 4766 3727 4812 tantum
3751 4758 3924 4812 admi-

2321 4859 2521 4918 ramini
2549 4858 2819 4930 quomodo
2846 4855 2949 4910 hoc
2974 4853 3111 4909 velle
3135 4850 3390 4925 potuistis
3415 4889 3431 4914 ,
3475 4857 3532 4904 et
3558 4847 3920 4903 erubeseite.

2319 4965 2376 5010 et
2397 4966 2580 5010 coram
2623 4947 2935 5004 hominibus
2973 4961 3041 5002 ex
3079 4947 3220 5001 bona
3252 4938 3591 4998 conscientia
3646 4937 3927 4994 conforta-

2323 5048 2478 5113 mini,
2505 5055 2560 5102 et
2583 5045 2856 5103 conﬁdite.
2884 5041 2991 5098 Per
3011 5041 3209 5095 bonam
3237 5031 3722 5091 conversationem
3751 5041 3928 5086 osten-

2324 5141 2436 5196 dile
2483 5154 2698 5202 Omnem
2740 5150 2964 5211 pravam
3019 5131 3357 5188 voluntatem
3422 5123 3668 5178 alienam
3708 5137 3855 5204 esse
3903 5135 3928 5170 ι

2324 5237 2516 5302 vobis;
2549 5245 2604 5292 et
2625 5236 2705 5291 sic
2738 5227 2952 5286 facietis
2989 5232 3050 5279 ut
3101 5219 3242 5276 nulla
3277 5215 3540 5273 memoria
3572 5214 3650 5269 sit
3705 5213 3838 5269 aliis
3869 5212 3929 5266 de

2326 5327 2431 5381 hoe
2456 5326 2599 5396 quod
2631 5320 2856 5385 fecistis,
2885 5326 2938 5372 et
2971 5311 3114 5370 nulla
3164 5323 3329 5381 prava
3376 5303 3620 5376 suspicio
3642 5305 3721 5360 de
3753 5302 3930 5360 vobis.

1918 5497 2151 5554 VARi/E
2192 5500 2592 5561 LECTIONES.

709 5632 780 5708 ξτδ
801 5631 1080 5708 Non_en'm
1107 5633 1248 5708 quod
1271 5646 1611 5708 cgp‘tnsnon
1635 5638 1778 5692 enim
1808 5653 1906 5708 ego
1948 5639 2016 5670 ⁸⁷⁸
2045 5639 2173 5694 Cum
2201 5641 2377 5694 eodem
2404 5657 2480 5694 ms
2502 5639 2693 5694 collata
2767 5639 2835 5672 "'7
2861 5626 3481 5708 DomnumErnulphum
3510 5641 3615 5682 ms.
3643 5623 3926 5708 notentur}

631 5703 895 5782 Priorem
915 5690 1246 5769 Ernnlpbnm
1305 5690 1380 5736 ῖτθ
1404 5703 1609 5761 Collum
1632 5690 1745 5761 cum
1768 5690 1946 5764 eodem
1972 5690 2169 5764 mariti-9-
2205 5690 2728 5766 iié’d'éniliééiicikin
2759 5727 2836 5764 ms
2865 5690 2986 5782 Deo
3003 5702 3168 5759 corde
3192 5690 3588 5756 correctionem
3607 5758 3621 5765 -
3644 5690 3726 5723 “‘°
3761 5691 3865 5762 lgi'.
3885 5707 3928 5747 ,ιι

633 5787 689 5831 ut
715 5791 800 5830 ms
831 5774 988 5841 igitur
1017 5789 1111 5828 vos
1138 5784 1196 5828 ut

3951 2411 3953 2420 t

3951 2439 3953 2458 i

3952 2723 3953 2732 ι
