4028 6302
147 333 253 387 ιιι

1467 335 1594 390 LIB.
1632 337 1719 403 ΙΙΙ,
1751 337 1966 393 EPIST.
2008 337 2117 391 CV.

3319 348 3419 405 MS

141 444 512 514 Omnipotens
542 444 683 502 Deus
712 462 803 502 vos
832 456 884 503 et
910 463 938 502 a
963 448 1249 519 praeteritis
1278 447 1447 518 culpis
1473 447 1738 515 absolvat,
1768 435 1817 492 Δ
1846 447 2119 517 sapienter
2180 449 2464 507 veritatem
2520 452 2742 507 vanitati
2794 452 3157 524 praeponenti,
3209 452 3420 513 fortiter

140 547 203 589 et
247 537 303 590 in
350 536 533 591 futuro
576 538 695 593 sine
733 539 839 595 ﬁne
883 540 952 595 ab
999 543 1144 595 omni
1198 550 1421 610 peccato
1452 539 1740 596 custodiat.

141 629 354 683 Amen.

548 718 709 791 (.05
749 720 1082 778 EPISTOLA
1121 723 1227 778 Clll
1261 724 1353 781 εει.
1401 698 1417 709 “

604 829 831 870 ANSELMI
869 830 937 869 AD
976 833 1297 873 WARNERUH.

140 904 219 959 Ut
244 916 485 959 sanctum
536 909 857 975 propositum
910 926 1012 964 non
1061 912 1310 978 despiciat
1371 913 1511 978 quod
1560 914 1743 967 timore

244 930 485 959 saltuum
536 930 857 975 proposuum
910 930 1012 964 non
1061 930 1310 978 aespwtat
1409 930 1508 965 noa
1560 930 1741 967 umore

219 978 407 1029 mortis
447 978 674 1043 incwpit,
705 980 1020 1051 sedusancto
1062 998 1238 1051 artiore
1264 983 1315 1034 in
1352 930 1440 1035 ii’lo
1469 983 1741 1051 proﬁciat;

164 1110 167 1113 Α
220 1063 344 1100 eum
375 1062 516 1119 cura:
545 1064 607 1100 ac
645 1049 877 1119 consiliis
909 1050 1165 1119 Ernulplii
1214 1054 1405 1119 prioris
1446 1049 1741 1116 committit,

219 1117 552 1184 constititque
592 1126 648 1169 ut
680 1117 816 1188 legat
838 1135 990 1173 suam
1020 1121 1088 1173 ad
1113 1117 1411 1175 Lanzouem
1446 1123 1739 1191 epistolam.

218 1208 508 1261 Assstuus
539 1207 981 1278 archiepiscopus
1008 1207 1290 1265 Waausno
1321 1211 1546 1266 salutem
1576 1221 1629 1266 et
1650 1211 1743 1266 be-

138 1298 514 1352 nedictionem
564 1297 680 1362 Dei,
723 1307 773 1352 et
827 1313 1004 1367 suam,
1037 1308 1091 1353 et
1142 1299 1282 1355 bono
1332 1300 1568 1371 inempto
1598 1300 1739 1370 optio

137 1402 292 1441 suam
318 1386 573 1456 subsequi
598 1389 1146 1443 consutmuationem.

218 1479 550 1533 Benedictus
578 1481 720 1535 Deus
748 1482 801 1534 in
824 1481 982 1535 donis
1004 1484 1141 1547 suis,
1165 1493 1216 1537 et
1244 1492 1463 1539 sanctus
1486 1483 1539 1537 in
1567 1484 1742 1538 cumi-

134 1572 247 1623 bus
276 1571 534 1640 operibus
560 1572 696 1637 suis,
723 1573 817 1642 qui
844 1582 915 1638 te,
947 1574 1019 1628 liii
1048 1575 1386 1641 eharissime,
1420 1576 1472 1630 in
1500 1574 1741 1646 periculo

140 1660 347 1713 mortis
387 1660 582 1716 anima:
603 1669 658 1715 et
681 1663 929 1732 corporis
973 1679 1069 1717 sua
1097 1666 1273 1734 gratia
1304 1665 1565 1733 visitavit,
1597 1673 1651 1720 et
1673 1664 1740 1719 ad

141 1752 439 1822 utriusque
469 1752 637 1807 vitam
671 1750 1111 1810 misericorditer
1145 1757 1441 1811 revocavit.
1477 1758 1664 1827 Cogita
1689 1768 1744 1812 ct
1776 1782 1818 1836 Β

134 1842 433 1897 considera
467 1853 731 1914 quantum
762 1845 977 1916 signum
1019 1862 1132 1900 sua:
1159 1847 1463 1902 dilectionis
1484 1847 1624 1902 Deus
1651 1848 1744 1904 tibi

140 1932 299 1998 fecit,
326 1950 452 1988 cum
483 1946 533 1990 te
563 1950 667 1990 non
707 1936 881 1990 solum
937 1935 1255 2005 fugientem,
1287 1939 1380 1993 sed
1409 1946 1463 1993 et
1506 1950 1746 1994 contem-

138 2032 371 2079 nentem
402 2041 481 2092 se,
531 2036 587 2081 et
612 2027 712 2082 sibi
770 2028 837 2082 ad
883 2037 1112 2082 mortem
1145 2038 1291 2083 tuam
1339 2030 1741 2097 adversantem,

136 2112 210 2167 ad
266 2130 329 2169 se
377 2116 559 2171 redire
619 2128 675 2171 et
724 2117 827 2172 sibi
879 2117 1016 2173 velle
1067 2120 1274 2174 servire
1332 2127 1557 2188 paterna
1609 2135 1739 2175 cura

146 2205 353 2275 coegit.
382 2205 715 2262 Nearstimes
739 2223 973 2278 unquam
1021 2208 1161 2279 quod
1216 2207 1310 2263 tibi
1353 2210 1531 2265 minus
1570 2210 1747 2265 valeat

134 2298 286 2367 quod
314 2297 607 2368 incoepisti,
638 2299 760 2355 ideo
791 2301 917 2370 quia
971 2300 1162 2363 timore
1206 2302 1396 2357 mortis
1419 2311 1659 2371 coactus,
1689 2314 1746 2358 et

135 2407 252 2446 non
306 2401 606 2462 spontanea
658 2392 939 2449 voluntate
983 2408 1045 2448 es
1094 2402 1377 2449 attractus.
1438 2393 1553 2449 Non
1596 2395 1741 2450 enim

135 2492 337 2551 pensat
363 2483 507 2538 Deus
534 2492 743 2539 tantum
793 2499 900 2553 quo
954 2484 1110 2539 initio
1161 2485 1245 2541 vel
1296 2500 1401 2555 qua
1459 2487 1745 2543 occasione

137 2576 306 2629 homo
340 2574 541 2630 bonum
582 2577 822 2643 inchoat,
855 2586 1119 2646 quantum
1157 2592 1260 2647 qua
1292 2578 1596 2646 voluntate,
1636 2594 1743 2648 qua

139 2667 517 2723 devotionem
544 2668 774 2739 gratiam
798 2669 891 2723 Dei
923 2669 1224 2738 impensam
1252 2670 1353 2725 sibi
1382 2681 1582 2725 servat.
1610 2671 1744 2725 Nam

144 2763 345 2818 Paulus
400 2762 677 2832 apostolus
723 2771 945 2819 coactus
995 2779 1293 2819 conversus
1339 2773 1423 2819 est
1468 2766 1536 2819 ad
1584 2764 1743 2819 fidem

140 2853 548 2920 Christianam;
578 2854 671 2910 sed
698 2854 956 2924 quoniam
982 2862 1094 2909 toto
1117 2855 1279 2910 corde
1299 2854 1456 2909 [idem
1486 2856 1739 2923 servavit,

142 2959 198 3002 et
242 2949 294 3002 in
321 2964 385 3002 ea
414 2963 633 3004 cursmn
681 2949 1104 3013 consummavit,
1134 2948 1426 3016 repositam
1458 2946 1558 3001 sibi
1589 2962 1743 3002 coro-

141 3036 511 3106 namjustitia:
541 3037 827 3108 gaudendo
856 3036 909 3091 in
940 3036 1098 3092 dictis
1122 3037 1235 3092 suis
1266 3036 1420 3091 nobis
1452 3035 1731 3091 indicavit.

1845 538 2069 608 gloriam
2126 542 2493 597 transitoriam
2547 560 2646 614 pro
2700 546 2982 601 honestate
3033 548 3419 608 contemnenti.

1844 630 2079 687 viriliter
2106 641 2475 702 paupertatem
2515 639 2813 705 superanti,
2835 637 3009 693 salute
3035 646 3089 693 et
3115 638 3292 709 gratia
3323 636 3417 693 Dei

1845 733 2059 788 semper
2092 723 2296 793 protegi
2328 732 2383 777 et
2412 723 2481 755 ⁸⁸⁸
2511 726 2826 783 confer-tari.

1892 810 2053 866 .Petit
2072 812 2285 868 dilectio
2312 822 2401 869 tua
2430 823 2490 869 ut
2516 815 2748 885 aliquam
2778 818 2873 871 tibi
2901 820 3148 876 mandem
3172 819 3420 878 consola-

1847 905 2040 960 tionem
2069 923 2081 958 :
2106 906 2246 974 quod
2293 920 2393 974 ego
2420 905 2647 963 libenter
2693 907 2853 974 facio,
2889 912 3339 979 quemadmodum
3369 922 3421 966 te

1844 999 2017 1068 magis
2042 999 2236 1053 decere
2264 997 2400 1053 et‘"
2428 997 2518 1052 tibi
2536 1013 2716 1053 coram
2742 999 2849 1054 Deo
2874 1001 3128 1068 prodesse
3158 1004 3416 1075 intelligo.

1842 1088 2184 1145 Conscientia
2220 1098 2328 1155 tua,
2358 1088 2530 1144 virtus
2574 1098 2687 1155 tua,
2728 1092 3131 1160 perseverantia
3153 1103 3242 1148 tua
3269 1095 3339 1148 sit
3366 1095 3420 1149 in

1843 1185 2134 1247 conspectu
2178 1176 2269 1232 Dei
2297 1177 2598 1233 consolatio
2625 1180 2803 1235 cordis
2837 1178 2931 1232 tui.
2960 1179 3195 1237 Fortiter
3239 1183 3417 1251 egisti,

1842 1269 2059 1338 quando
2094 1270 2483 1339 episcopatum,
2514 1269 2567 1324 in
2592 1285 2753 1339 quem
2786 1286 2892 1324 non
2922 1271 3213 1325 secundum
3248 1272 3413 1326 Deum

1843 1360 2045 1416 invitus
2074 1361 2314 1417 intrusus
2339 1376 2417 1425 es,
2445 1376 2542 1431 pro
2566 1361 2796 1416 veritate
2830 1359 3078 1431 rcjecisti.
3107 1361 3222 1417 Non
3248 1364 3415 1419 inten-

1841 1450 1934 1505 dat
1976 1468 2074 1507 cor
2102 1460 2252 1507 tuum
2302 1462 2361 1507 ut
2407 1453 2509 1507 hoc
2545 1453 2686 1508 Dens
2740 1452 2837 1507 tibi
2888 1453 3169 1522 prmmium
3204 1454 3421 1525 virtutis

1841 1545 2106 1600 retribuat
2131 1546 2277 1616 quod
2309 1561 2408 1617 pro
2436 1547 2664 1602 veritate
2695 1546 3085 1615 contempsisti.
3128 1532 3422 1601 Pretiosior

1840 1646 1923 1692 cst
1954 1637 2107 1691 Valde
2134 1639 2308 1692 virtus
2348 1653 2511 1709 quam
2560 1636 2789 1692 servasti
2834 1653 2995 1708 quam
3020 1638 3162 1707 quod
3192 1654 3289 1708 pro
3329 1639 3419 1693 illa

1847 1714 2119 1798 respuis‘ti.
2178 1729 2346 1786 Valde
2419 1729 2582 1799 igitur
2629 1728 2907 1784 decoloras
2971 1729 3424 1799 pulchritudinem

1853 1830 1996 1872 tuatn
2024 1835 2205 1873 coram
2239 1821 2369 1885 Deo,
2423 1819 2467 1874 si
2513 1822 2655 1889 quod
2697 1818 2803 1875 vile
2833 1827 2890 1873 et
2921 1805 3292 1874 transitorium
3320 1830 3425 1885 est,

1849 1912 1901 1966 in
1935 1912 2217 1981 praemium
2251 1923 2307 1967 et
2344 1913 2766 1968 consolationem
2795 1923 3078 1983 exspectas
3103 1912 3271 1968 abeo.
3308 1912 3425 1968 Non

1848 2002 1970 2056 dico
1993 2002 2134 2072 quod
2162 2002 2527 2073 episcopatum
2554 2002 2755 2057 [rabere
2788 2018 2892 2057 non
2920 2002 3136 2068 debeas,
3157 2014 3249 2057 aut
3275 2001 3425 2057 illum

1850 2108 1955 2147 non
1985 2094 2267 2160 merueris,
2315 2094 2410 2150 sed
2463 2110 2658 2150 moneo
2684 2103 2742 2149 ut
2784 2095 2836 2149 in
2871 2094 3204 2151 conscientia
3247 2102 3336 2149 tua
3362 2097 3426 2149 de

1847 2186 2020 2253 gratia
2059 2185 2111 2239 in
2140 2200 2241 2254 qua
2276 2194 2324 2240 te
2371 2185 2513 2241 Deus
2539 2194 2685 2240 stare
2717 2184 2861 2253 fecit,
2891 2176 3231 2257 gaudeas,iet
3261 2186 3424 2242 tribu-

1847 2278 2101 2335 lationem
2142 2288 2197 2334 et
2225 2278 2647 2334 consolationem
2676 2287 2821 2333 tuam
2851 2278 3016 2336 solius
3063 2281 3156 2335 Dei
3204 2280 3426 2350 disposi-

1849 2372 1979 2427 tioni
2037 2373 2362 2428 committas.
2415 2371 2682 2427 Memento
2732 2371 2876 2441 quod
2928 2372 3161 2443 Spiritus
3208 2379 3426 2428 sanctus

1847 2465 1978 2519 dicit
2005 2482 2017 2518 :
2045 2462 2304 2534 Exspecta
2328 2464 2634 2527 Dominum,
2663 2463 2881 2518 viriliter
2893 2470 3008 2534 age,
3031 2473 3077 2517 et
3100 2463 3443 2532 conforteturv

1846 2574 1936 2611 cor
1960 2566 2130 2625 tuum,
2162 2566 2209 2611 et
2234 2558 2432 2611 sustine
2462 2555 2741 2611 Dominum
2775 2554 2947 2628 (Psal.
2976 2572 3127 2620 xxvr,
3160 2557 3269 2628 M).
3295 2559 3427 2615 Cum

1846 2649 2014 2705 sentis
2043 2650 2393 2705 necessitates
2442 2658 2496 2703 et
2542 2657 2887 2719 paupertates
2912 2651 3057 2705 circa
3105 2659 3156 2707 te
3192 2651 3422 2712 fervere.

1849 2750 1974 2797 tunc
1993 2752 2174 2797 certus
2199 2752 2316 2797 esto
2345 2743 2510 2796 Deum
2542 2743 2770 2811 gratiam
2805 2757 2959 2798 suam
2988 2744 3084 2799 tibi
3115 2746 3415 2816 multiplici-

1848 2844 1933 2890 ter
1956 2849 2172 2902 augere.
2197 2833 2347 2887 lianc
2374 2834 2621 2889 desidero
2646 2850 2764 2891 esse
2799 2836 3217 2892 consolationem
3258 2848 3422 2902 tuam,

1848 2924 1901 2979 in
1925 2925 2025 2980 hoc
2054 2924 2302 2980 desidero
2327 2934 2384 2980 ut
2412 2927 2699 2979 conlirmes
2726 2941 2876 2995 spem
2915 2935 3083 2981 tuam.
3124 2927 3267 2983 Tunc
3296 2931 3425 2982 edu—

1845 3027 1920 3071 cet
1951 3017 2207 3071 Dominus
2234 3019 2387 3088 quasi
2414 3017 2589 3071 lumen
2614 3017 2874 3088 justitiam
2902 3029 3068 3084 tuam,
3101 3031 3147 3074 et
3162 3021 3426 3090 judicium

142 3131 322 3187 llabcs
356 3140 533 3186 tecum
567 3130 946 3186 charissimum
996 3128 1219 3184 fratrem
1249 3144 1428 3183 meum
1459 3128 1736 3183 dominum

1845 3120 2011 3173 tuum,
2044 3120 2292 3180 tanquam
2334 3110 2601 3164 meridiem
2633 3107 2803 3181 (Psal.
2835 3126 3025 3177 xxxvr,
3060 3111 3134 3182 6).
3168 3109 3301 3177 Quia
3335 3129 3423 3166 nc~

144 3230 380 3294 priorem
409 3222 694 3279 Ernulfum
720 3230 1063 3293 praesentem,
1104 3222 1193 3293 qui
1224 3237 1330 3276 non
1375 3222 1553 3276 minus
1572 3238 1732 3293 quam

146 3332 245 3386 ego
278 3315 371 3371 tibi
397 3324 451 3370 et
473 3315 701 3370 scientia
727 3323 782 3370 et
815 3313 1095 3369 voluntate
1141 3322 1323 3383 potest
1346 3312 1649 3378 consulere,
1680 3321 1736 3368 et

148 3419 202 3463 te
262 3423 379 3464 mea
417 3408 740 3463 auctoritate
788 3405 1089 3460 absolvere.
1137 3406 1246 3460 Deo
1288 3414 1342 3461 et
1372 3405 1448 3459 illi
1492 3414 1544 3459 te
1588 3420 1735 3460 com-

147 3498 331 3563 mitto;
378 3497 450 3551 illi
497 3504 618 3566 post
658 3496 829 3549 Deum
879 3504 934 3549 tu
968 3495 1083 3564 ipse
1134 3502 1185 3549 te
1216 3502 1401 3549 nostro
1431 3493 1658 3548 consilio
1679 3503 1735 3548 et

148 3597 331 3642 nostra
356 3586 602 3657 jussione
633 3584 939 3639 committe.
971 3583 1157 3639 Gratia
1214 3582 1308 3638 Dei
1360 3583 1625 3637 litteratus
1644 3596 1729 3647 es;

148 3677 433 3732 scientiam
464 3682 626 3745 quam
678 3674 820 3732 Deus
850 3675 902 3728 in
934 3688 1119 3729 amore
1154 3672 1334 3729 saeculi
1385 3682 1436 3728 te
1489 3674 1737 3744 permisit

151 3770 457 3841 acquirere,
485 3768 551 3823 ad
584 3782 829 3824 amorem
872 3767 988 3834 Dei,
1030 3784 1060 3822 a
1100 3783 1208 3838 quo
1236 3767 1308 3799 ⁸⁸³
1335 3767 1503 3823 habes
1528 3768 1574 3822 si
1605 3767 1732 3837 quid

151 3864 337 3929 babes,
368 3869 644 3927 converte,
689 3869 748 3915 ut
794 3875 893 3937 pro
935 3860 1104 3932 gloria
1157 3870 1389 3925 terrena,
1449 3860 1516 3914 ad
1570 3875 1733 3931 quam

151 3967 248 4024 per
274 3951 481 4006 litteras
523 3959 644 4005 tuas
681 3950 995 4018 anlielabas,
1021 3950 1247 4019 gloriam
1282 3960 1541 4005 mternam
1564 3951 1734 4020 adipi-

152 4043 343 4110 scaris,
368 4058 529 4114 quam
558 4052 652 4098 aut
679 4042 1215 4107 contemnehas,aut
1242 4038 1421 4113 tepide
1451 4042 1733 4099 desidera-

154 4134 729 4189 bas.‘Consuetudines
778 4134 950 4187 nostri
995 4133 1203 4188 ordinis
1243 4148 1403 4203 quem
1429 4147 1489 4188 es
1528 4133 1736 4203 ingres-

153 4239 267 4290 sus,
298 4224 453 4295 quasi
508 4240 537 4277 a
576 4223 688 4278 Deo
713 4225 1034 4279 constitutas
1089 4223 1330 4278 studiose
1385 4238 1562 4290 serva,
1611 4223 1750 4293 quia'

156 4316 301 4371 nulla
331 4316 536 4371 inutilis
575 4324 681 4382 est,
713 4314 859 4369 nulla
883 4316 1259 4384 :supervacua.
1284 4314 1521 4371 Consulo
1551 4316 1643 4371 tibi
1677 4327 1737 4371 ut

156 4421 364 4477 quaeras
415 4406 699 4478 epistolam
748 4422 910 4478 quam
960 4422 1060 4479 ego
1090 4407 1193 4464 feci
1224 4408 1443 4463 domino
1470 4407 1731 4473 Lanzoni,

1840 3199 1952 3255 scio
1973 3199 2101 3269 quid
2142 3200 2284 3255 Deus
2312 3200 2378 3255 de
2423 3216 2508 3255 me
2559 3200 2919 3270 dispositurus
2948 3202 3038 3268 sit,
3070 3202 3202 3257 nihil
3235 3218 3301 3256 ex
3341 3221 3425 3258 me

1840 3294 1891 3346 in
1917 3292 2343 3347 consolationem
2398 3292 2571 3347 audeo
2596 3293 2934 3363 promittere,
2961 3293 3054 3348 sed
3084 3293 3424 3349 voluntatem

1840 3403 2013 3441 meam
2045 3402 2207 3455 quam
2234 3386 2366 3442 mihi
2402 3385 2547 3440 Deus
2574 3385 2720 3441 dedit
2741 3395 2794 3440 et
2820 3394 2873 3440 tu
2904 3386 3170 3453 meruisti,
3202 3401 3425 3457 possunt

1837 3480 2142 3535 ostendere.
2176 3480 2334 3535 Certe
2384 3477 2452 3547 si,
2484 3479 2596 3535 Deo
2637 3480 2817 3546 dante,
2851 3479 3139 3550 aliquando
3168 3490 3422 3550 opportu-

1837 3572 2081 3627 nitatem
2111 3572 2373 3640 habuero,
2415 3581 2469 3626 et
2492 3571 2785 3627 secundum
2826 3587 3021 3642 corpus
3044 3582 3098 3627 et
3128 3572 3421 3627 secundum

1838 3664 2073 3719 animam
2130 3663 2222 3717 tibi
2275 3663 2531 3733 prodesse
2584 3663 2854 3719 desidero.
2897 3663 3248 3734 Omnipotens
3280 3661 3421 3716 Deus

1837 3757 2090 3811 continua
2147 3771 2242 3811 sua
2273 3765 2322 3810 te
2351 3757 2683 3825 protectione
2713 3765 2766 3809 ct
2794 3756 3159 3812 consolatione
3185 3754 3420 3825 gaudere

1837 3849 2021 3915 faciat,
2064 3847 2235 3903 frater
2262 3849 2332 3903 nti
2366 3849 2705 3904 charissime.
2735 3849 2932 3904 Amen.

2391 3939 2633 3997 El‘lSTO
2642 3940 2726 3994 LA
2764 3939 2874 3996 CV.

2001 4052 2068 4089 an
2105 4050 2446 4093 GUILLEulUtt
2486 4047 2895 4089 vvtsromesssu
2940 4046 3253 4087 EPISCOPUH.
3300 4032 3311 4041 '

1840 4129 2101 4182 Hortatur
2122 4146 2238 4184 eum
2274 4141 2327 4184 ut
2349 4144 2452 4199 qua
2481 4137 2701 4199 coeperat
2726 4127 2887 4180 animi
2912 4126 3161 4193 ﬁrmitate
3183 4128 3235 4181 in
3262 4126 3419 4181 ercle~

1931 4201 2269 4255 siasticarum
2295 4197 2623 4254 sanctionum
2646 4197 3002 4252 observatione
3020 4208 3324 4267 perseveret.

1907 4288 2192 4345 Anssuus
2262 4288 2703 4358 archiepiscopus
2756 4286 2954 4343 dilecto
3002 4287 3248 4344 dilectori
3323 4305 3424 4345 suo

1838 4384 2174 4450 GUILLELuo,
2232 4382 2595 4439 Wintoniensi
2647 4381 2922 4452 episcopo,
2982 4380 3209 4437 salutem
3259 4392 3316 4439 et
3367 4385 3424 4439 in

162 4475 373 4568 quando
406 4475 640 4555 novitius
688 4475 806 4553 erat
833 4498 950 4569 (lib.
974 4475 1019 4565 1,
1042 4514 1130 4569 ep.
1154 4498 1290 4570 [29).
1314 4498 1392 4555 [bi
1419 4500 1561 4556 enim
1585 4499 1737 4555 inve-
1768 4502 1814 4557 ι)
1839 4479 2089 4536 omnibus
2110 4478 2277 4549 gratia
2306 4478 2399 4533 Dei
2428 4475 2708 4570 custodiri.

158 4591 268 4644 nies
294 4589 527 4659 qualiter
551 4600 603 4645 te
632 4590 685 4644 in
708 4589 974 4661 principio
1008 4591 1383 4647 conversionis
1409 4592 1609 4648 debeas
1630 4593 1733 4647 ha-

155 4680 301 4745 bere,
333 4689 387 4735 et
435 4680 821 4735 tentationibus
871 4680 1132 4734 novitium
1182 4682 1621 4752 impugnantibus
1648 4696 1736 4737 re-

154 4773 433 4840 spondere.
453 4770 858 4826 Absolutionem
875 4780 927 4827 et
945 4772 1579 4841 remissionempmnium
1608 4788 1731 4843 pee-

155 4872 394 4916 catorum
419 4870 657 4927 tuorum,
683 4870 942 4931 quantum
975 4878 1216 4933 possum,
1254 4877 1352 4918 oro
1382 4872 1439 4917 ut
1471 4865 1613 4918 Deus
1635 4864 1730 4918 tibi

157 4952 379 5017 tribuat;
408 4959 462 5006 et
494 4951 572 5007 sic
604 4961 656 5007 te
681 4952 732 5006 in
756 4953 1032 5023 proposito
1077 4954 1313 5024 incmpto
1342 4956 1568 5021 nutriat,
1592 4964 1649 5010 ut
1683 4964 1733 5010 te

157 5044 220 5095 ad
250 5040 472 5111 gloriam
512 5050 768 5097 a:ternatn
805 5042 1082 5112 perducat.
1126 5044 1319 5099 Amen.

645 5133 981 5189 EPISTOLA
1006 5133 1116 5190 CIV
1144 5134 1234 5186 ⁵⁸⁵.

582 5240 807 5279 assem"
845 5242 915 5280 an
952 5230 1291 5284 mruacnuu.

156 5319 366 5373 Solatur
414 5318 559 5391 pium
614 5328 880 5391 vexatum,
928 5320 1018 5389 qui
1072 5321 1443 5389 episcopatum.
1479 5321 1534 5374 in
1579 5336 1731 5391 quem

286 5392 477 5444 invitus
512 5390 746 5443 intrusus
779 5390 973 5458 fuerat,
1012 5407 1105 5459 pro
1152 5393 1362 5445 veritate
1389 5391 1583 5460 rejecit.

222 5484 519 5548 ANSELHUS,
542 5482 1316 5553 archiepiscopusCantuariae,
1332 5482 1621 5537 RAYNALDO
1634 5481 1725 5548 ⁸⁸⁸,

1906 4571 2166 4640 Quamvis
2191 4587 2287 4643 per
2311 4570 2538 4642 gratiam
2561 4569 2749 4639 Deide
2778 4578 2958 4625 vestra
2989 4568 3255 4625 confidam
3281 4586 3412 4624 con-

1839 4664 2061 4729 stantia,
2095 4671 2274 4717 tamen
2302 4661 2426 4731 quia
2455 4659 2826 4735 indesinenter
2881 4658 3130 4714 desidero
3176 4668 3235 4711 ut
3286 4673 3424 4711 nun-

1838 4771 2002 4824 quam
2040 4769 2071 4807 a
2106 4752 2428 4808 rectitudine
2456 4749 2770 4818 ﬂectamini,
2806 4748 2901 4804 sed
2948 4762 3164 4818 semper
3190 4748 3256 4802 ad
3306 4763 3424 4801 me-

1838 4846 1969 4901 liora
2002 4844 2315 4915 proliciatis,
2350 4826 2421 4899 ex
2454 4842 2779 4897 abundantia
2830 4840 3009 4895 cordis
3064 4837 3296 4893 delectat
3335 4854 3422 4892 nio

1840 4940 2182 4996 dilectionem
2232 4947 2469 4993 vestram
2523 4934 2824 4991 exhortari.
2858 4934 3060 4989 Omnes
3100 4931 3188 5001 qui
3227 4941 3418 4986 contra

1838 5031 2205 5088 sinceritatem
2236 5028 2534 5086 honestatis
2558 5037 2613 5083 et
2648 5024 2871 5093 iustitiae
2912 5031 3226 5093 suggerunt,
3252 5037 3421 5078 vene-

1840 5124 1958 5179 nosi
1981 5132 2262 5192 serpentes
2294 5129 2437 5185 sunt,
2471 5118 2561 5172 lilii
2591 5115 2857 5185 serpentis
2881 5112 3110 5183 antiqui.
3144 5112 3296 5186 Rogo
3323 5113 3418 5185 igi-

1842 5223 1929 5266 tur
1975 5226 2093 5277 vos,
2142 5220 2201 5266 ut
2240 5212 2498 5266 dilectum
2544 5207 2798 5270 amicum,
2843 5214 2897 5259 et
2934 5203 3178 5269 consulo,
3220 5213 3279 5258 ut
3305 5202 3417 5259 lilio

1840 5299 2182 5364 charissima,
2215 5308 2273 5354 ut
2300 5300 2343 5354 si
2374 5298 2495 5367 quis
2539 5290 2843 5362 huiusmodi
2870 5292 3023 5349 vobis
3052 5292 3256 5363 aliquid
3284 5308 3416 5349 con-

1841 5401 1920 5446 tra
1951 5376 2236 5447 consilium
2264 5390 2358 5447 Dei
2390 5387 2675 5444 consulere
2711 5387 2959 5453 voluerit,
2994 5402 3267 5458 nunquam
3299 5396 3411 5442 tan-

1841 5493 1956 5539 tum
1986 5482 2220 5538 insibilet
2249 5481 2467 5538 auribus
2495 5480 2690 5536 vestris
2718 5480 3099 5557 promittendo,
3134 5478 3418 5545 minando,

1388 5584 1635 5651 ‘V’ARIZE
1671 5594 2078 5653 LECTIONES.

229 5666 287 5697 "“
313 5670 519 5722 Collata
548 5684 663 5722 cum
695 5668 873 5723 eodem
906 5684 984 5721 ms

157 5752 257 5807 quo
382 5737 455 5769 ⁸⁸⁸
475 5738 602 5792 Cum
632 5740 809 5793 eodeni
841 5755 917 5792 ms
945 5735 1135 5795 collata

159 5820 213 5864 ct
313 5808 380 5841 λετ
411 5808 601 5865 Dicere
630 5817 681 5864 et
709 5825 783 5863 ms
805 5818 993 5865 decere
1025 5819 1078 5863 et

1093 5669 1161 5701 '“
1191 5670 1305 5737 Qua
1338 5668 1623 5724 dilectione
1650 5685 1724 5723 ms
1752 5684 1857 5738 qua
1890 5667 2171 5738 devotione

1278 5740 1347 5772 ⁸⁸⁸
1376 5738 1676 5812 Rayoalmo
1707 5736 1852 5795 Edit.
1896 5736 2007 5795 I’ic.
2039 5737 2298 5795 Reinaldo

2280 5667 2349 5702 ⁸⁸⁸
2379 5680 2632 5723 amorem
2657 5680 2686 5718 a
2711 5680 2818 5734 quo
2866 5680 2944 5721 ms
2983 5677 3221 5718 amorem
3255 5661 3349 5715 Dei
3384 5677 3415 5715 a

2436 5738 2506 5773 m
2549 5736 2763 5806 protegi
2790 5743 2843 5791 et
2867 5750 2943 5790 ms
2968 5749 3181 5805 semper
3207 5744 3414 5803 protegi
