3946 6306
566 322 682 378 Ηδδ

1099 321 1155 375 s.
1187 318 1485 375 ausum
1523 317 1876 375 cuman.
1900 293 2146 372 Alienus

2261 315 2410 371 OPP.
2449 314 2628 371 PARS
2685 315 2768 372 lll.
2800 315 3268 372 ——EPISTOL£.

3789 311 3896 368 ιιι

561 438 909 504 blandiendo,
944 436 1199 505 rogando,
1243 444 1301 489 ut
1329 443 1563 490 mentem
1600 443 1838 488 vestram
1865 433 2156 488 invenenet
2183 440 2226 496 Α
2264 431 2493 486 servatis
2519 432 2572 487 io
2597 440 2796 497 mento,
2822 440 2870 485 et
2898 431 3263 486 obedientiam
3287 428 3543 483 fraterna:
3562 427 3895 484 charitatis

565 529 959 602 persuadendo.
997 529 1102 582 Vos
1123 526 1274 581 scitis
1300 526 1431 596 quia
1458 526 1717 582 Dominus
1748 525 1998 595 reprobat
2019 539 2147 579 con-

564 627 683 681 silia
710 623 1027 696 principum,
1065 619 1348 675 consilium
1402 629 1583 675 autem
1619 619 1831 675 Domini
1883 627 2065 674 manet
2096 618 2146 672 in

563 727 846 773 zeternum.
880 715 992 770 iloc
1025 713 1144 768 ideo
1184 713 1306 768 dico
1349 713 1474 782 quia
1507 727 1611 766 non
1649 712 1838 767 dubito
1866 712 2147 780 antiquum

562 812 768 866 hostem
801 821 962 877 quem
1020 804 1234 861 fortiter
1273 805 1326 858 in
1383 803 1706 857 rectitudine
1753 801 2150 873 perseverando

560 900 907 965 cbufudistis,
939 895 1292 962 multimodisf
1316 897 1532 951 asmtiis
1559 893 1835 966 inquirere
1879 894 2149 964 quomodo

560 1003 763 1049 statum
803 1000 858 1047 et
888 991 1089 1046 famam
1133 1000 1328 1044 vestra:
1375 990 1675 1043 honestatis
1723 987 1896 1058 possit
1923 987 2148 1041 subver-

559 1095 695 1150 tere,
730 1092 785 1140 et
818 1083 1031 1137 laudem
1056 1097 1240 1152 quam,
1294 1081 1404 1136 Deo
1432 1066 1742 1148 adjuvante,
1785 1079 1964 1150 adepti
1995 1079 2146 1140 estis,

560 1178 612 1230 in
639 1176 902 1240 derisum,
950 1173 1091 1245 quod
1149 1173 1289 1227 Deus
1332 1182 1564 1235 avertat,
1618 1182 1951 1226 convertere.
2005 1167 2149 1222 Nihil

560 1268 882 1324 nominatim
907 1267 1059 1321 vobis
1097 1267 1236 1320 unde
1264 1264 1528 1328 caveatis,
1567 1263 1833 1333 signiﬁco,
1863 1262 1987 1332 quia
2016 1260 2148 1315 nihil

559 1357 703 1427 quod
734 1358 1075 1427 aliquatenus
1123 1355 1461 1410 honestatem
1495 1355 1791 1419 decoloret,
1824 1367 2008 1408 coram
2042 1350 2151 1404 Deo

559 1449 1059 1520 parvipendcndmn
1122 1448 1394 1502 existimo.
1453 1445 1804 1516 Omnipotens
1875 1445 2018 1498 Dens
2073 1441 2152 1496 sic

557 1541 720 1593 vitam
748 1547 982 1594 vestram
1015 1552 1229 1607 semper
1257 1547 1310 1591 et
1347 1536 1545 1606 ubique
1579 1538 1630 1592 in
1673 1536 1926 1590 omnibus
1969 1544 2151 1604 prole-

557 1641 651 1699 gat
680 1639 735 1684 et
759 1631 987 1695 muniat,
1023 1637 1080 1682 ut
1131 1629 1277 1683 nullo
1329 1630 1490 1684 modo
1527 1629 1725 1698 aliquis
1775 1626 1947 1682 hostis
1970 1633 2152 1679 vester

557 1722 623 1776 de
645 1721 825 1790 aliquo
856 1736 1003 1776 nzevo
1026 1721 1444 1791 pulchritudinis
1474 1729 1669 1775 vestrae
1698 1720 1888 1774 rideat.
1919 1718 2110 1772 Amen.

946 1835 1112 1910 406
1149 1834 1483 1891 EPISTOLA
1534 1833 1645 1890 CVI
1675 1833 1767 1887 ⁸⁸⁸.

648 1943 871 1983 ΛΝΞΕιΜΙ
915 1943 982 1981 AD
1022 1943 1332 1984 CUNTERIUM
1372 1942 1672 1983 CANONICUM
1703 1942 1749 1980 S.
1789 1941 2053 1989 QUINTI‘NI.

556 2018 697 2074 Eum
728 2021 844 2073 licet
873 2022 1062 2091 quietis
1086 2021 1526 2091 amantissimum,
1556 2031 1748 2080 tamen,
1772 2021 1816 2072 si
1839 2017 2031 2091 electus
2054 2024 2148 2091 est,

631 2092 815 2144 debere
843 2089 1094 2160 fratribus
1122 2107 1211 2144 uer
1237 2089 1582 2144 obedientiam
1623 2091 1815 2143 servire
1860 2100 1905 2142 et
1949 2089 2150 2140 abbatis

629 2179 761 2216 onus
797 2162 993 2216 subire.

627 2253 919 2307 Ausswus
965 2265 1156 2306 servus
1195 2249 1452 2305 Ecclesiae
1481 2248 1913 2314 Cantuariensis,
1954 2249 2152 2314 dilecto

557 2345 711 2400 fratri
739 2354 795 2399 et
821 2344 999 2400 amico
1025 2343 1095 2377 ⁸⁸⁸
1131 2341 1416 2400 ΟυΝτειιιο
1459 2342 1725 2397 canonico
1768 2341 1950 2396 Sancti
1982 2340 2152 2408 Quiu-

558 2437 678 2501 tini,
707 2436 936 2492 salutem
966 2443 1023 2490 et
1052 2433 1145 2489 Dei
1178 2449 1395 2503 semper
1425 2433 1535 2504 regi
1559 2432 1808 2489 consilio.

625 2530 780 2586 Sicut
805 2531 985 2596 audio,
1011 2543 1133 2584 cum
1156 2527 1356 2584 fratres
1399 2527 1565 2583 vestri
1615 2526 2022 2582 Bellovaceuses
2054 2541 2148 2580 ca-

559 2623 738 2679 nonici
773 2621 1026 2676 Ecclesia:
1058 2619 1242 2675 Sancti
1276 2618 1516 2686 Quiutiui
1547 2633 1651 2672 non
1685 2628 1908 2682 temere,
1944 2618 2037 2672 sed
2079 2615 2149 2670 ob

559 2712 760 2768 multas
815 2711 1056 2766 rationes
1097 2710 1374 2764 dominum
1433 2707 1790 2772 Odonetn‘",
1838 2708 1926 2778 qui
1991 2706 2148 2762 modo

562 2814 746 2862 vester
774 2803 943 2860 abbas
973 2803 1194 2869 dicitur,
1241 2801 1422 2856 volunt
1451 2803 1520 2858 ab
1569 2801 1670 2855 hac
1722 2799 2036 2870 pratlatioue
2066 2813 2150 2852 re-

556 2913 797 2963 movere,
831 2905 886 2952 et
933 2905 1169 2950 vestram
1213 2893 1609 2949 fraternitatem
1655 2892 1774 2946 loco
1798 2891 1915 2958 ejus
1951 2889 2150 2945 substi-

562 2999 750 3054 tuere;
783 2987 876 3042 sed
905 2987 1097 3041 timent
1118 2986 1184 3017 ⁸⁹¹
1219 3001 1288 3039 ne
1329 2995 1508 3038 vestra
1550 2983 1734 3052 religio
1759 2991 1978 3051 propter
1999 2995 2151 3034 amo-

554 3095 668 3136 rem
706 3078 908 3148 quietis
936 3091 1098 3146 (tuam
1136 3091 1282 3130 nunc
1315 3073 1546 3140 habetis,
1581 3089 1685 3126 non
1711 3072 1837 3126 velit
1863 3070 2148 3126 intentioni

455 3163 466 3174 ί
554 3186 742 3225 eorum
777 3169 934 3224 facile
985 3167 1315 3223 consentire.
1342 3166 1608 3233 Quoniam
1651 3181 1780 3236 ergo
1824 3166 2002 3220 sciunt
2050 3179 2146 3220 vos

2260 3181 2305 3234 in
2331 3180 2537 3235 eisdem
2568 3181 2765 3236 litteris
2794 3178 3140 3251 signiﬁcastis
3165 3193 3260 3232 vos
3285 3154 3472 3232 meum
3499 3176 3555 3231 in
3600 3178 3851 3248 Angliam

555 3276 731 3317 meam
757 3259 1119 3314 humilitatem
1149 3258 1396 3327 diligere,
1427 3268 1480 3312 et
1508 3267 1731 3328 sperant
1755 3273 1849 3313 vos
1881 3257 1999 3327 plus
2027 3272 2147 3312 meo

553 3368 719 3421 quam
747 3352 1106 3422 quorumdam
1148 3351 1379 3408 consilio
1405 3349 1646 3416 credere,
1681 3358 1874 3421 rogant
1901 3365 1987 3404 mc
2018 3350 2147 3420 quid

556 3443 678 3498 inde
711 3443 944 3499 sentiam
976 3452 1172 3498 vestrae
1217 3444 1474 3498 cltaritati
1505 3444 1812 3498 oatendere.
1850 3441 2068 3512 Utique,
2099 3442 2144 3498 si

553 3534 609 3588 in
670 3548 898 3605 corpore
965 3534 1169 3590 Christi
1222 3535 1457 3591 invicem
1505 3551 1693 3591 sumus
1745 3535 1884 3590 alter
1923 3535 2147 3591 alterius

554 3626 820 3691 membra,
853 3637 908 3682 et
963 3629 1200 3684 maxime
1248 3630 1301 3684 in
1347 3645 1452 3685 una
1483 3631 1858 3702 religiosarum
1889 3651 2150 3707 persona-

552 3734 673 3772 rttm
727 3718 989 3785 Ecclesia,
1053 3721 1144 3790 qui
1191 3737 1298 3776 non
1339 3723 1605 3791 permittit
1636 3740 1736 3781 nec
1772 3726 1886 3782 vult
1941 3736 1999 3783 ut
2041 3729 2144 3783 alia

552 3808 795 3864 membra
827 3819 884 3865 et
917 3818 1088 3866 totum
1115 3825 1310 3882 corpus
1342 3827 1401 3868 se
1427 3822 1651 3869 utantur
1674 3825 1731 3870 ttt
1756 3832 1855 3872 suo
1879 3819 2143 3886 membro,

551 3914 658 3954 non
712 3901 868 3954 video
914 3903 1185 3971 quomodo
1237 3904 1408 3974 possit
1455 3919 1514 3960 se
1559 3905 1792 3976 probare
1845 3911 2146 3967 membrum

549 3991 694 4045 illius
717 3993 990 4062 corporis;
1014 4001 1070 4048 et
1098 3993 1142 4049 si
1172 4009 1370 4066 corpus
1397 3994 1529 4050 illud
1563 4006 1649 4052 est
1689 4013 1887 4069 corpus
1920 4000 2144 4069 Christi,

548 4087 820 4155 quomodo
851 4102 908 4142 se
933 4089 1186 4145 ostendat
1213 4105 1334 4146 esse
1364 4092 1668 4148 membrum
1715 4093 1940 4150 Christi.
1973 4095 2071 4151 Est
2093 4105 2148 4152 et

551 4179 724 4242 aliud,
754 4181 880 4248 quia
909 4195 1091 4245 nemo.
1122 4181 1168 4237 si
1196 4193 1344 4240 recte
1395 4198 1453 4239 se
1487 4195 1704 4252 tractat,
1731 4188 1832 4244 sibi
1883 4189 1983 4245 soli
2032 4189 2148 4246 vult

550 4272 761 4337 vivere;
793 4273 886 4326 sed
921 4274 1063 4330 sicut
1102 4256 1374 4331 desiderat
1406 4286 1460 4331 et
1505 4279 1698 4344 credit,
1751 4281 1797 4334 si
1845 4282 2145 4337 membrum

551 4362 645 4417 Dei
671 4372 776 4426 cst,
807 4364 990 4418 omnia
1031 4369 1311 4423 commoda
1361 4371 1592 4425 aliorum
1623 4373 1997 4426 membrorum
2049 4388 2148 4428 sua

2255 524 2306 575 iu
2332 537 2530 593 opere;
2563 537 2724 591 quam
2761 522 2805 576 si
2835 521 3006 576 solam
3042 519 3593 590 contemplationem,
3623 518 3888 573 aliorum

2251 613 2646 692 contemnendo
2697 628 2886 684 preces
2935 622 2986 668 et
3040 613 3352 681 utilitatem,
3403 611 3592 667 velitis
3636 610 3882 682 eligere.

2254 703 2400 758 Vale.

2778 794 3110 850 EPISTOLA
3149 793 3305 851 CVII.

2393 901 2617 940 Ακεεικι
2660 901 2727 938 AD
2765 901 3080 940 IIATHILDEI
3119 900 3352 940 REGINAI
3392 899 3728 940 ANGLORUH.

2538 976 2612 1031 De
2636 977 2875 1031 benevolo
2902 978 3094 1048 regina:
3122 992 3245 1046 erga
3273 993 3327 1030 se
3355 976 3556 1029 animo.

2321 1069 2564 1125 Domina:
2594 1077 2649 1124 et
2672 1068 2793 1124 ﬁlim
2831 1069 2884 1123 in
2909 1068 3019 1124 Deo
3051 1068 3259 1125 dilectae
3302 1068 3608 1135 Mummi,
3663 1067 3878 1138 regina

2251 1163 2572 1234 Anglorum,
2627 1163 2944 1228 Axssuus,
3002 1163 3446 1233 archiepiscopus
3514 1161 3876 1223 Cantuariz,

2252 1254 2481 1309 salutem
2507 1263 2565 1310 et
2595 1254 3029 1310 benedictionem
3077 1253 3194 1318 Dei,
3247 1261 3302 1308 et
3350 1266 3530 1318 suam,
3585 1261 3874 1321 quantum

2251 1353 2447 1415 potest,
2485 1354 2541 1397 et
2571 1343 2756 1398 ﬁdeles
2777 1345 3056 1398 orationes
3079 1357 3202 1398 cum
3241 1341 3483 1397 servitio.

2321 1439 2378 1495 in
2406 1440 2602 1494 litteris
2629 1440 2743 1494 suis
2769 1439 3037 1494 celsitudo
3063 1445 3244 1494 vestra
3277 1445 3488 1491 tantum
3539 1450 3640 1490 me
3698 1435 3876 1489 latiti-

2254 1531 2396 1586 cavit
2424 1540 2686 1602 quantum
2715 1531 2782 1585 de
2826 1545 2884 1586 se
2913 1531 3111 1586 bonam
3144 1544 3296 1598 spem
3321 1528 3487 1584 dedit.
3515 1526 3691 1582 Solet
3727 1528 3873 1581 eni

2251 1638 2370 1680 esse
2397 1631 2546 1678 certa
2574 1638 2697 1695 spes
2723 1624 3079 1680 correctionis
3107 1621 3327 1678 immitis
3363 1623 3656 1692 susceptio
3685 1636 3873 1677 corrc.

2253 1715 2449 1770 ctionis
2469 1725 2523 1770 et
2545 1715 2875 1769 monitionis.
2905 1713 3122 1770 Gratias
3154 1714 3318 1785 igitur
3345 1727 3446 1783 ago
3487 1713 3604 1767 Deo
3642 1712 3749 1782 qui
3788 1714 3872 1765 dat

2185 1802 2229 1857 B
2255 1805 2452 1860 bonam
2475 1803 2802 1859 voluntatem
2830 1805 2982 1859 vobis
3009 1819 3171 1875 quant
3203 1805 3255 1857 in
3283 1801 3659 1873 responsione
3687 1812 3870 1855 vestra

2257 1896 2388 1950 mihi
2435 1897 2812 1966 signiﬁcastis;
2858 1904 2914 1950 et
2965 1896 3169 1967 gratias
3210 1909 3313 1965 ago
3347 1894 3501 1949 vobis
3548 1893 3698 1964 quia
3751 1907 3867 1946 eam

2254 1990 2393 2046 dulci
2421 1987 2616 2044 affectu
2647 1988 2897 2045 servatis.
2941 1987 3094 2043 Unde
3128 2002 3224 2042 oro
3259 1986 3430 2041 Deum
3459 1994 3520 2040 ut
3559 1985 3728 2056 quod
3761 1985 3870 2054 ipse

2253 2079 2408 2134 vobis
2453 2077 2884 2133 misericorditer
2922 2078 3175 2147 inspirat,
3219 2085 3506 2132 conservet
3554 2085 3607 2130 ct
3643 2086 3865 2146 augeat,

2252 2182 2516 2242 quatenus
2542 2186 2664 2226 cum
2695 2169 2874 2224 anima
2907 2177 3085 2224 vestra
3114 2167 3182 2221 de
3227 2181 3458 2237 corpore
3497 2167 3715 2220 exiens
3745 2176 3866 2219 ante

2251 2275 2598 2336 conspectum
2654 2261 2771 2332 ejus
2824 2261 3262 2330 prmsentabitur,
3300 2258 3583 2313 felicitatis
3641 2269 3864 2313 reterns».

2251 2353 2533 2425 prauirium
2558 2353 2626 2407 ab
2645 2366 2710 2407 eo
2739 2350 3019 2421 suscipiat.
3055 2349 3108 2404 Si
3136 2359 3316 2404 vestra
3339 2349 3643 2419 prudentia
3674 2357 3860 2418 egeret

2253 2447 2432 2502 doceri
2480 2444 2716 2516 qualiter
2741 2453 2801 2498 ιιι
2839 2444 2951 2498 Deo
2990 2443 3281 2514 placeretis
3319 2442 3600 2498 deberetis
3649 2444 3856 2505 vivere.

2253 2539 2526 2592 studerem
2549 2535 2846 2592 secundum
2872 2550 3031 2606 posse
3052 2550 3231 2590 meum
3268 2535 3370 2590 hoc
3391 2538 3724 2590 ostendere.
3758 2535 3855 2590 Sed

2252 2631 2531 2701 quoniam,
2566 2629 2660 2684 Dei
2693 2629 2893 2698 gratia,
2921 2643 3017 2684 vos
3049 2628 3244 2683 utentis
3273 2627 3550 2682 intellectu
3579 2629 3741 2684 inter
3771 2631 3856 2683 ho-

2251 2737 2376 2774 num
2401 2729 2455 2776 et
2483 2719 2683 2774 malum
2716 2735 2821 2774 non
2853 2719 3042 2791 ignoro
3064 2719 3393 2784 discernere,
3428 2719 3533 2772 hoc
3565 2734 3739 2790 rogo,
3765 2723 3855 2774 hoc

2251 2828 2466 2884 precor,
2515 2817 2618 2872 hoc
2649 2828 2867 2878 moneo,
2901 2822 2960 2866 ut
2991 2813 3091 2866 hoc
3121 2813 3190 2868 sit
3241 2812 3404 2866 vestri
3441 2812 3632 2866 cordis
3664 2813 3852 2866 indeli-

2250 2909 2401 2963 ciens
2445 2909 2806 2978 prOpositum,
2869 2915 3140 2976 quatenus
3202 2905 3254 2958 in
3317 2903 3577 2959 omnibus
3637 2907 3856 2960 actibus
3926 2959 3927 2982 ᾖ

2249 2999 2465 3064 vestris,
2500 2999 2708 3070 magnis
2737 3006 2792 3052 et
2829 2997 3034 3068 parvis,
3072 2997 3173 3049 hoc
3213 2993 3395 3063 potius
3434 2991 3662 3063 eligatis
3716 2994 3852 3065 quoi
3926 3005 3927 3032 ι

2252 3089 2422 3155 magis
2447 3089 2556 3143 Deo
2580 3089 2793 3160 placere
2823 3087 3084 3157 probatis.
3111 3086 3256 3141 Satis
3284 3085 3373 3155 pio
3391 3092 3446 3138 et
3478 3083 3624 3138 dulci
3659 3084 3854 3140 affectu

2253 3181 2305 3232 in
2331 3180 2537 3232 eisdem
2568 3181 2765 3232 litteris
2794 3178 3140 3232 signiﬁcastis
3165 3193 3260 3232 vos
3293 3192 3472 3232 meum
3499 3176 3555 3231 in
3600 3178 3851 3232 Angliam
3926 3141 3927 3232 ι

2252 3273 2485 3328 reditum
2537 3274 2881 3338 desiderare;
2922 3286 3109 3326 verum
3155 3285 3329 3338 neque
3375 3269 3536 3324 video
3603 3269 3767 3324 illum
3805 3271 3852 3323 ia
3926 3259 3927 3288 ξ

2250 3362 2405 3432 cujus
2445 3374 2715 3435 potestate
2755 3365 2991 3420 maxime
3037 3371 3122 3418 est
3153 3363 3358 3418 reditus
3389 3377 3546 3416 meus
3575 3374 3846 3431 quantum
3926 3363 3927 3390 ³

2249 3457 2315 3510 ad
2341 3457 2614 3512 hominem
2662 3457 2924 3526 pertinet,
2953 3455 3006 3509 in
3051 3455 3152 3510 hoc
3191 3453 3453 3510 voluntati
3489 3453 3589 3508 Dei
3620 3469 3852 3509 concor-

2250 3549 2401 3613 dare,
2431 3564 2606 3619 neque
2654 3550 2848 3604 animae
2878 3563 3012 3602 mea:
3041 3547 3264 3617 expedit
3291 3547 3359 3600 ab
3405 3560 3468 3601 ea
3499 3545 3846 3601 discordare.

2249 3641 2315 3696 Et
2340 3645 2504 3698 timeo
2531 3656 2598 3696 ne
2623 3642 2776 3696 tarde
2805 3640 3074 3711 intelligat
3107 3654 3166 3696 se
3204 3655 3235 3693 a
3269 3647 3416 3694 recta
3445 3639 3531 3692 via
3574 3639 3848 3703 deviasse,

2249 3731 2534 3787 consilium
2567 3731 2660 3786 Dei
2690 3732 3015 3801 spernendo,
3039 3738 3096 3785 et
3114 3730 3344 3786 consilia
3367 3729 3716 3800 principum,
3742 3746 3854 3802 qu:

2250 3826 2509 3881 Dominus
2531 3826 2808 3894 reprobat,
2835 3825 3134 3895 sequendo.
3151 3823 3344 3878 Certus
3365 3832 3550 3877 tamen
3581 3839 3713 3879 sum
3733 3825 3849 3895 quia

2249 3917 2544 3987 aliquando
2569 3917 2852 3988 intelliget.
2895 3916 3249 3987 Omnipotens
3298 3916 3438 3971 Deus
3484 3925 3742 3971 vestram
3770 3933 3853 3972 es-

2253 4008 2565 4063 cellentiam
2593 4017 2651 4064 et
2681 4023 2856 4063 meam
2889 4009 3212 4078 parvitatem
3241 4005 3532 4078 aliquando
3563 4008 3635 4062 de
3667 4019 3853 4062 mutua

2249 4099 2459 4156 visione
2508 4098 2807 4164 secundum
2839 4114 2990 4154 suam
3031 4097 3364 4154 voluntatem
3394 4097 3662 4164 laetiﬁcct,
3705 4111 3764 4157 et
3806 4101 3850 4155 in

2249 4192 2403 4248 vobis
2433 4192 2624 4262 gratiae
2654 4207 2766 4247 sua:
2789 4193 2927 4246 dona
2966 4191 3307 4260 multiplicet.

2713 4303 3048 4359 EPISTOLA
3085 4303 3240 4360 CVllI
3270 4304 3363 4357 m.

2295 4410 2516 4450 ANSELII
2556 4411 2624 4449 ΑΙ)
2661 4411 3008 4463 FABIANNUI,
3049 4410 3364 4450 OBDUVINUI
3401 4410 3472 4450 ΕΤ
3512 4411 3807 4452 ΒεΜΑ-ιι.

550 4464 714 4556 erunt
742 4456 793 4508 in
822 4453 1002 4556 futura
1028 4457 1176 4524 vita;
1228 4459 1303 4515 ita
1331 4461 1493 4517 debet
1520 4462 1660 4517 velle
1691 4470 1752 4516 ut
1793 4463 1837 4517 si
1863 4463 1990 4532 quid
2020 4463 2145 4518 boni
2181 4501 2226 4556 Β
2252 4484 2362 4539 σω.
2411 4487 2486 4540 εἰ,
2528 4503 2631 4542 mm
2679 4487 2843 4556 pauit
2892 4453 3170 4541 (οηὲεαεη
3218 4497 3274 4540 ,η
3317 4486 3386 4539 ad
3415 4486 3586 4553 {pum
3616 4490 3846 4542 pem-mm

549 4557 634 4602 est
663 4548 716 4601 in
744 4561 823 4613 sc,
855 4548 1087 4604 aliorum
1128 4551 1200 4606 sit
1232 4551 1282 4606 in
1319 4553 1572 4624 praesenti
1621 4555 1753 4608 vita.
1783 4555 2018 4610 Consule
2049 4557 2146 4626 igi-

553 4651 660 4706 tur,
689 4649 956 4711 quantum
996 4642 1049 4697 in
1097 4658 1183 4698 me
1209 4654 1312 4712 est,
1352 4655 1407 4701 et
1448 4661 1662 4717 precor,
1713 4647 1878 4702 frater
1900 4650 2150 4704 ctamice

550 4737 897 4802 charissime,
928 4747 986 4792 ut
1009 4738 1053 4793 si
1089 4747 1199 4793 tota
1226 4750 1402 4795 vestra
1435 4742 1804 4812 congregatio,
1840 4741 1923 4796 vel
1954 4743 2147 4799 melior

550 4847 698 4899 pars,
720 4829 950 4886 consilio
969 4833 1391 4888 reverendorum
1413 4835 1790 4904 episcoporum
1807 4835 1983 4891 lvouis
2005 4834 2143 4890 Car-

552 4925 796 4978 notensis
821 4933 876 4978 et
908 4923 1133 4979 Gaionis
1164 4922 1490 4980 Parisiensis
1510 4925 1602 4992 ⁸³³,
1643 4927 1734 4996 qui
1763 4926 1952 4983 Patres
1975 4930 2140 4984 vestri

548 5011 841 5067 fueruntet
861 5028 959 5069 vos
986 5017 1352 5083 uutriveruut,
1399 5031 1494 5070 vos
1531 5018 1794 5073 instanter
1831 5018 2048 5088 elegerit
2077 5020 2145 5076 ad

547 5100 648 5156 hoc
666 5104 811 5172 quod
860 5119 1022 5175 supra
1069 5107 1202 5171 dixi,
1253 5120 1321 5161 ne
1372 5108 1594 5162 omnino
1650 5107 1932 5180 refugiatis
1971 5126 2146 5181 neque

547 5193 1002 5266 impersuasibilis
1047 5199 1320 5254 existatis.
1387 5198 1581 5255 Utilius
1627 5198 1770 5254 enim
1823 5201 1976 5257 vobis
2022 5219 2142 5260 esse

547 5287 821 5356 existimo,
862 5289 905 5342 si
949 5290 1184 5359 quietem
1235 5291 1712 5362 contemplationis
1757 5312 1855 5368 per
1897 5311 2140 5352 amorem

2356 4555 2592 4626 Singulis
2621 4555 2795 4612 autem
2821 4574 3001 4612 eorum
3030 4557 3421 4628 difﬁcultatibus
3450 4558 3758 4625 respondet.

2323 4648 2611 4706 ANSBLIUS
2648 4649 3093 4719 archiepiscopus
3148 4647 3486 4704 charissimis
3531 4646 3661 4702 ﬁliis
3706 4648 3848 4703 Fas-

2254 4755 2451 4804 uanso,
2482 4739 2763 4796 Onouvmo
2787 4747 2840 4793 et
2871 4738 3162 4806 Bursam,
3191 4740 3421 4793 salutem
3442 4747 3495 4792 et
3511 4737 3846 4794 benedictio-

2253 4845 2374 4886 nem
2411 4830 2526 4897 Dei,
2559 4841 2613 4885 et
2640 4845 2817 4886 suam.

2325 4921 2471 4985 Scio,
2503 4920 2597 4974 ﬁlii
2631 4917 2960 4984 charissimi,
2995 4918 3121 4988 quia
3163 4917 3470 4974 dilectionis
3506 4917 3844 4975 abundantia

2247 5015 2377 5070 facit
2407 5031 2502 5070 vos
2531 5014 2844 5070 desiderare
2871 5027 3047 5078 meam
3094 5014 3461 5085 praesentiam,
3497 5022 3558 5069 ut
3598 5023 3655 5069 et
3693 5015 3838 5085 quod

2245 5107 2409 5161 corde
2438 5106 2649 5176 geritis,
2682 5104 2825 5158 sicut
2847 5101 2939 5156 ﬁlii
2967 5104 3128 5173 patri,
3153 5105 3431 5173 aperiatis,
3461 5114 3518 5159 et
3546 5104 3834 5159 consilium

2245 5198 2470 5267 singulis
2518 5197 2782 5268 angustiis
2838 5195 3035 5250 vestris
3080 5197 3382 5267 accipiatis.
3428 5196 3558 5261 Sed,
3584 5197 3838 5267 quamvis

2246 5295 2446 5350 bonum
2475 5292 2549 5348 sit
2575 5291 2776 5348 habere
2809 5291 3011 5350 bonum
3059 5291 3236 5348 zelum
3274 5301 3330 5346 et
3356 5289 3712 5360 laudabilem,
3757 5301 3834 5347 ta-

1839 5485 2069 5540 "Ale
2109 5481 2498 5540 LECTIONES

616 5615 687 5646 ⁵⁸⁸
718 5615 850 5670 Cum
888 5616 1066 5674 eodem
1094 5636 1171 5673 ms
1195 5619 1392 5675 collata

546 5681 614 5715 ⁸⁸⁸
644 5685 748 5756 Sed
780 5697 958 5756 tamen
989 5708 1067 5744 ms
1103 5691 1196 5745 sed
1231 5692 1419 5746 timent

546 5765 600 5811 et
627 5755 848 5814 Gelonis
880 5757 1225 5819 Parisicnsis.
1249 5771 1268 5776 ”
1335 5762 1406 5794 ⁸⁸³
1433 5758 1562 5814 Cum
1594 5755 1770 5814 eodem
1805 5755 1878 5814 ius
1908 5762 2096 5816 collata

1502 5621 1572 5652 ⁸⁸³
1603 5621 1790 5674 Amico
1813 5619 1879 5677 ϐ.
1937 5639 2015 5675 ius
2076 5622 2252 5676 amico
2287 5621 2550 5677 Guntcrio

1530 5690 1600 5721 ⁸⁹²
1632 5691 2012 5759 Episcoporum
2042 5690 2149 5746 Car

2660 5620 2732 5652 ⁸⁹⁰
2764 5620 3046 5676 Dominum
3085 5622 3148 5679 Ο.
3181 5639 3258 5678 ms
3280 5624 3558 5683 dominum
3589 5625 3830 5684 Odanetn

2153 5693 2392 5748 uotcusis
2424 5703 2476 5746 et
2505 5689 2824 5748 Parisiensis
2849 5709 2926 5748 ms
2947 5692 3196 5767 EpiscOp.
3238 5693 3436 5754 Yvonis
3479 5696 3836 5758 Carnotensis
