3946 6306
121 389 233 444 £15

1438 390 1563 446 LIB.
1595 391 1682 453 ιιι,
1706 387 1924 445 EPIST.
1950 387 2085 445 CIX.

3318 383 3417 445 “6

119 522 252 561 men
287 506 330 560 si
377 519 483 560 non
522 513 608 560 est
637 505 935 561 secundum
986 504 1293 571 scientiam,
1351 522 1457 560 non
1498 514 1583 561 est
1615 507 1723 560 Deo
1752 508 1800 568 Α
1830 499 2054 570 impellit
2085 500 2202 554 sine
2243 496 2587 553 discretione.
2661 494 2881 567 Nequeo
2939 497 3239 570 intelligere
3294 502 3417 558 ani—

117 595 489 666 acccpzabile.
519 596 692 652 Vultis
738 598 937 652 habere
969 612 998 651 a
1028 612 1113 653 me
1144 597 1412 653 licentiam
1461 607 1520 652 ut
1548 599 1614 652 ad
1642 613 1726 653 me

121 691 386 754 veniatis,
432 691 525 746 sed
570 705 668 760 pro
716 699 867 746 certo
897 705 1084 744 verum
1130 698 1212 745 est
1261 690 1388 761 quia
1435 688 1722 755 difﬁcilius,

119 783 240 839 imo
263 782 658 854 impossibilius
699 783 800 837 hoc
826 771 932 848 est,
957 797 1119 852 quam
1146 797 1240 838 vos
1262 782 1334 814 ""
1356 784 1722 854 cognoscatis;

118 874 214 928 via
245 873 411 929 nimis
463 873 643 946 longa,
675 889 806 945 gens
837 883 1120 944 extranea,
1175 875 1278 930 iter
1331 876 1722 945 periculosum;

117 964 384 1018 monachi
415 964 480 1018 de
500 965 689 1018 eadem
716 974 862 1019 terra
889 964 1203 1035 capiuntur,
1231 964 1368 1019 male
1399 974 1724 1031 tractantur,

117 1056 276 1126 equi,
323 1063 376 1111 et
404 1055 450 1112 si
480 1056 608 1126 quid
635 1055 854 1124 habent,
886 1057 1224 1113 auferuntur.
1265 1056 1500 1126 Pecunia
1532 1075 1724 1130 magna

117 1146 458 1214 necessaria,
489 1146 644 1202 labor
680 1148 884 1220 gravis,
915 1149 1352 1206 exordinationes
1380 1149 1586 1214 multae;
1621 1151 1726 1204 uti-

116 1236 253 1292 L'tas
277 1251 382 1292 non
408 1237 544 1294 adeo
568 1254 782 1309 magna,
819 1248 877 1296 ut
903 1240 994 1296 alii
1024 1255 1109 1296 me
1135 1256 1242 1296 non
1261 1241 1507 1312 judicent
1538 1258 1724 1312 repre-

125 1329 538 1398 liensibilern,si
561 1331 630 1389 ad
660 1331 803 1388 hunc
821 1346 1104 1388 assensum
1128 1333 1356 1389 exhibeo
1374 1350 1460 1390 me
1485 1334 1722 1389 facilem.

119 1419 185 1476 Si
217 1420 360 1474 mala
390 1436 511 1492 qua;
537 1421 674 1478 ﬁunt
710 1422 762 1476 in
790 1421 982 1495 Anglia
1004 1432 1059 1478 et
1087 1423 1138 1478 in
1184 1422 1454 1489 Ecclesia,
1497 1439 1616 1495 quae
1645 1424 1724 1477 vi-

117 1509 269 1566 detis
305 1519 362 1568 et
407 1511 632 1579 auditis,
681 1512 812 1568 mihi
841 1514 1002 1569 vultis
1045 1514 1350 1581 notificare,
1404 1516 1538 1571 satis
1585 1517 1716 1580 scio,

120 1616 347 1672 nequeo
390 1603 694 1674 corrigere;
740 1604 850 1661 Deo
899 1606 1082 1673 dicite,
1122 1615 1177 1662 et
1223 1617 1283 1662 ut
1325 1607 1439 1678 ipse
1487 1608 1723 1678 corrigat

119 1709 316 1764 exsper
332 1693 496 1750 tando
518 1704 693 1752 orate.
721 1694 777 1752 Si
806 1697 1089 1752 consilium
1115 1698 1181 1754 dc
1213 1699 1498 1754 animabus
1527 1699 1722 1756 vestris

117 1785 295 1842 vultis
321 1803 585 1858 quaerere,
619 1789 833 1846 habetis
877 1791 1156 1848 vobiscum
1208 1791 1569 1847 venerabilem
1615 1792 1723 1845 fra-

121 1886 265 1946 trem
291 1887 346 1934 et
373 1879 542 1934 filium
565 1893 812 1937 nostrum
845 1881 1124 1936 dominum
1149 1883 1387 1952 priorem
1411 1883 1718 1952 Ernulfum,
1753 1857 1795 1912 Β

121 1969 306 2023 virum
347 1971 709 2041 spiritualetn,
754 1971 807 2026 in
840 1987 948 2042 quo
977 1983 1030 2029 et
1058 1973 1196 2030 bona
1244 1976 1717 2047 voluntas,,gratia

123 2057 248 2128 Dei,
283 2062 542 2128 abundat,
597 2073 653 2119 et
673 2064 966 2134 sapientia;
1035 2082 1196 2138 quem
1256 2069 1406 2124 vobis
1459 2085 1558 2141 pro
1609 2087 1726 2139 me,

119 2152 284 2224 quasi
311 2154 542 2212 alterum
587 2173 696 2226 me,
727 2158 926 2214 dimisi.
957 2159 1037 2215 Ad
1065 2161 1213 2216 illum
1246 2164 1402 2233 quasi
1425 2163 1491 2218 ad
1519 2180 1605 2220 me
1634 2183 1718 2222 re-

119 2247 352 2315 currite,
399 2247 474 2304 illi
530 2249 675 2306 velut
706 2253 847 2308 mihi.
872 2268 966 2312 vos
1003 2256 1208 2312 credite
1226 2255 1335 2325 ως,
1361 2257 1542 2324 illum,
1574 2260 1718 2315 sicut

116 2356 230 2406 me,
281 2343 561 2414 suscipite.
610 2343 725 2402 Hoc
774 2348 939 2404 etiam
997 2353 1236 2406 concedo
1288 2352 1354 2408 de
1382 2351 1452 2384 ⁸³⁸
1497 2353 1716 2412 domino

116 2437 699 2508 ep’scot:o.Gondulfo,
733 2443 779 2496 si
806 2443 929 2513 quis
975 2445 1224 2502 voluerit.
1274 2447 1394 2504 Tibi
1445 2449 1584 2512 dico,
1639 2449 1714 2506 fili

118 2527 454 2599 Farmanne,
481 2534 577 2602 qui.
621 2534 742 2590 ideo
781 2537 918 2605 petis
939 2537 1215 2594 licentiam
1242 2540 1716 2598 alibiconversan-

120 2619 204 2684 di,
237 2622 366 2690 quia
396 2623 448 2678 in
499 2634 580 2679 tot
621 2629 1124 2708 perturbationibus
1163 2633 1399 2688 animam
1427 2643 1575 2689 tuam
1604 2637 1714 2690 sal-

126 2727 259 2767 vare
288 2715 502 2783 nequis,
534 2726 592 2770 ιιι
619 2717 778 2784 dicis,
815 2735 919 2773 non
951 2721 1108 2777 decet
1137 2735 1196 2777 ut
1232 2726 1467 2794 quandiu
1493 2742 1586 2782 vos
1607 2744 1714 2784 non

121 2817 346 2872 passum
380 2821 570 2876 regere
611 2823 710 2863 nec
735 2808 1012 2880 colligere,
1066 2811 1318 2882 incipiam
1369 2831 1465 2871 vos
1509 2794 1718 2888 disper-

120 2911 273 2966 gere.
322 2896 440 2953 Non
472 2913 602 2970 ergo
645 2909 730 2955 est
771 2903 1056 2957 consilium
1103 2913 1160 2958 ut
1185 2913 1282 2960 aut.
1308 2914 1360 2961 tu
1401 2908 1503 2963 hoc
1533 2918 1712 2978 petas,

119 2995 216 3038 aut
244 3001 348 3057 ego
383 2989 598 3043 faciam.
633 2991 872 3060 Denique
896 2995 940 3047 si
975 2993 1065 3047 uni
1093 3003 1185 3049 aut
1209 2996 1418 3052 duobus
1447 3002 1709 3066 concedo,

121 3085 220 3134 aut.
261 3080 508 3146 exircde
565 3081 841 3148 Ecclesia,
896 3094 952 3138 ut
1000 3086 1126 3141 alibi
1181 3099 1562 3156 conversetur;
1621 3104 1712 3147 aut

121 3169 273 3222 exire
303 3170 368 3223 de
392 3186 576 3241 regno,
611 3181 668 3228 ut
689 3175 754 3227 ad
769 3190 856 3230 me
883 3177 1083 3243 veniat,
1107 3187 1186 3234 tot
1209 3191 1336 3235 sunt
1356 3183 1446 3252 qui
1477 3183 1708 3239 similem
1737 3217 1781 3276 (η
1811 3175 2092 3232 “sum”!
2124 3182 2326 3220 omnem
2357 3183 2590 3234 “mum,
2627 3169 2835 3220 εααοαί

125 3259 326 3316 liahrnt
364 3277 609 3326 causam,
667 3275 726 3321 ιιι
769 3284 875 3323 non
908 3269 1026 3324 sine
1071 3286 1264 3326 inaano
1313 3275 1589 3326 sandalo-
1617 3286 1710 3326 aut.
1766 3258 1779 3276 ’
1811 3257 2177 3313 “Mammula
2202 3268 2396 3312 υθδιναε
2419 3257 2641 3326 (Philip.
2674 3274 2748 3323 ιν,
2786 3259 2839 3326 7)

1766 3258 1779 3276 ⁸
1811 3257 2177 3313 intelliaentias
2202 3268 2396 3312 vestras
2419 3257 2641 3328 (Philip.
2674 3274 2748 3323 tv,
2786 3259 2860 3326 7).

125 3259 326 3316 liahrnt
364 3277 609 3332 causam,
667 3275 726 3321 ιιι
769 3284 875 3323 non
908 3269 1026 3324 sine
1071 3286 1264 3342 magno
1313 3275 1710 3342 s.audalo,,aut

123 3349 240 3404 sine
269 3369 461 3424 magna
497 3355 858 3412 dissolutione
885 3359 1002 3416 fieri
1029 3363 1223 3431 p0ssit.
1277 3364 1486 3420 Habeat
1524 3368 1709 3440 igitur,

123 3440 216 3508 (ιι-ἱ
242 3441 345 3499 huc
370 3445 501 3512 vult,
527 3463 647 3502 eam
673 3449 1072 3509 discretionem.
1101 3465 1157 3510 et
1204 3457 1520 3526 patientiam
1545 3475 1706 3528 quam

127 3534 325 3590 habent
378 3539 491 3606 alii,
544 3550 604 3595 ut
633 3545 852 3611 pariter
896 3546 949 3604 in
1002 3549 1260 3617 patientia
1312 3562 1489 3606 vestra
1539 3555 1710 3622 possi-

125 3626 300 3683 dealis
323 3628 487 3701 407
517 3633 724 3690 animas
750 3645 978 3694 vestras.
1025 3638 1145 3694 Tibi
1168 3655 1386 3712 quoque
1407 3642 1481 3696 fili
1511 3642 1714 3712 Benja-

126 3716 254 3780 min,
291 3720 382 3787 qui
419 3721 536 3775 sine
577 3736 664 3776 me
693 3723 760 3755 "7
793 3726 1010 3795 adjuras
1040 3729 1375 3797 terribiliter,
1418 3740 1472 3786 et
1514 3735 1710 3788 obten-

127 3809 208 3863 dis
262 3813 620 3880 perditionem
663 3817 862 3873 animae
897 3830 1023 3885 true,
1071 3824 1298 3878 ostendo
1341 3833 1399 3879 ut
1433 3825 1507 3880 illi
1555 3827 1708 3896 cujus

128 3900 320 3956 animae
355 3903 525 3960 debeo
549 3915 604 3961 et
627 3909 1082 3979 volo-consulere,
1125 3913 1254 3984 quia
1282 3925 1392 3970 tam
1438 3917 1709 3975 indiscre-

130 3999 234 4046 tam
262 4010 375 4050 rem
431 4013 536 4052 non
566 3999 796 4055 debuisti
830 4000 1033 4072 facere,
1063 4021 1237 4077 neque
1259 4009 1457 4064 animae
1489 4025 1622 4065 mea:
1653 4020 1708 4066 et

127 4087 317 4142 animae
359 4097 463 4143 tute
519 4100 626 4146 tam
674 4110 837 4164 grave
881 4099 1182 4166 periculum
1245 4115 1536 4170 opponere.
1570 4103 1708 4158 Cum

127 4177 266 4231 enim
309 4181 544 4234 animam
588 4184 838 4254 impellis,
882 4199 1143 4256 quantum
1176 4191 1229 4245 in
1278 4202 1328 4245 te
1355 4201 1459 4258 est,
1501 4195 1552 4247 in
1592 4204 1712 4250 tau-

130 4277 239 4321 tum
261 4269 580 4338 periculum,
611 4284 791 4328 certus
820 4286 936 4332 esto
961 4280 1085 4347 quia
1118 4297 1223 4335 non
1253 4291 1335 4336 est
1364 4283 1466 4339 hoc
1513 4286 1709 4341 animm

129 4367 227 4412 tua:
248 4360 464 4417 salubre
491 4365 798 4420 consilium.
829 4367 980 4436 Quod
1009 4372 1148 4439 petis
1181 4373 1321 4429 nulla
1352 4376 1564 4432 ratione
1589 4376 1706 4432 fieri

127 4460 317 4518 potest.
373 4452 671 4511 lndiscreta
701 4467 754 4512 et
791 4459 1101 4517 inordinata
1139 4466 1444 4523 temeritate
1474 4468 1702 4524 forsitan

1829 608 1971 648 mam
2024 599 2170 645 tuam
2216 590 2268 644 in
2296 589 2537 660 periculo
2567 603 2688 644 esse
2739 589 3060 660 perditionis
3109 591 3155 646 si
3203 608 3413 647 mecum

1829 685 1972 755 loqui
2002 698 2106 739 non
2137 691 2308 752 potes.
2347 680 2481 735 Nam
2511 681 2554 736 si
2591 696 2766 760 essem
2799 683 2888 737 ubi
2923 671 3236 739 nullatenus
3260 700 3416 740 acce-

1829 777 1953 837 dere
1983 789 2170 846 posses
2194 774 2246 827 in
2296 774 2397 828 hoc
2427 774 2647 837 mundo,
2691 782 2782 828 aut
2836 774 2886 828 in
2923 773 3097 831 altera
3137 777 3268 842 vita,
3303 793 3408 832 non

1829 879 2010 923 tamen
2042 867 2107 922 de
2138 867 2309 920 salute
2339 866 2534 919 anima:
2567 875 2672 920 tua;
2698 868 2790 922 tibi
2828 869 3226 939 desperandum
3243 879 3403 924 esset.

1827 959 2026 1014 Precor
2055 958 2218 1030 igitur
2245 968 2296 1012 et
2338 957 2586 1024 consulo,
2619 959 2691 1013 [ili
2745 960 3089 1027 charissime,
3134 973 3193 1016 ut
3249 964 3410 1018 susti-

1827 1065 1959 1106 neas
1981 1051 2096 1106 sine
2125 1049 2383 1116 scandalo
2414 1050 2612 1125 anima:
2639 1060 2743 1106 tua:
2773 1052 2865 1107 Dei
2895 1052 3330 1122 dispositionem;
3353 1064 3415 1110 ρι’

1827 1142 2122 1200 secundum
2152 1141 2294 1212 quod
2328 1140 2480 1197 vides
2519 1156 2642 1218 eum
2678 1157 2777 1197 nos
2797 1150 2852 1198 et
2875 1157 2994 1213 quae
3025 1144 3092 1197 ad
3123 1158 3221 1198 nos
3243 1145 3411 1213 perti-

1827 1245 1976 1303 nent,
2006 1235 2283 1300 ordinare,
2334 1236 2489 1289 stude
2527 1245 2576 1290 te
2624 1218 2824 1305 ipsum,
2852 1236 2992 1291 sicut
3035 1236 3302 1294 discretus
3353 1228 3411 1291 et

1825 1329 1915 1398 qui
1951 1344 2100 1399 spem
2143 1329 2302 1384 habet.
2350 1328 2404 1384 in
2439 1330 2565 1394 Deo,
2621 1327 2850 1383 salvare.
2887 1329 2962 1384 De
3016 1328 3118 1384 hoc
3161 1329 3301 1398 quod
3327 1337 3408 1395 tu,

1825 1419 1995 1475 frater
2035 1430 2090 1475 et
2139 1420 2211 1476 lili
2267 1419 2540 1475 Orduvine
2591 1420 2681 1486 ηε,
2710 1420 2960 1475 obtendis
2984 1405 3122 1475 mihi
3149 1420 3275 1490 quia
3301 1435 3408 1490 non

1824 1514 1988 1568 redeo
2011 1513 2065 1567 in
2095 1511 2366 1584 Angliam,
2389 1511 2527 1567 scito
2547 1513 2674 1583 quia
2704 1527 2809 1566 non
2841 1509 2986 1584 fugio
3013 1519 3263 1577 mortem,
3298 1528 3405 1567 non

1824 1604 2155 1660 abscisiones
2203 1604 2593 1667 membrorum,
2644 1617 2751 1658 non
2807 1602 3058 1672 quaelibet
3115 1611 3403 1664 tormenta,

1823 1697 1919 1750 sed
1968 1706 2248 1765 peccatum
2277 1704 2329 1751 et
2379 1695 2733 1766 ignominiam
2773 1695 3026 1752 Ecclesiae
3058 1697 3174 1765 Dei,
3204 1705 3259 1751 et
3291 1713 3405 1750 ma-

1823 1787 1970 1842 xime
1994 1786 2418 1842 Cantuariensis.
2447 1785 2502 1841 Si
2553 1785 2698 1840 enim
2727 1787 2800 1841 ita
2828 1785 3040 1840 rediero
3072 1795 3130 1854 ut
3159 1797 3406 1856 apertum

1821 1895 1926 1936 non
1956 1879 2026 1934 sit
2055 1879 2179 1949 quia
2211 1894 2306 1933 rex
2339 1892 2424 1932 me
2460 1878 2725 1948 spoliare,
2770 1888 2824 1933 et
2861 1893 2946 1933 res
2977 1878 3231 1934 Ecclesia:
3273 1881 3406 1935 mihi

1819 1972 2140 2030 commissas
2190 1972 2471 2037 invadere,
2513 1972 2654 2027 sicut
2690 1971 2838 2037 fecit,
2876 1986 2984 2026 non
3033 1957 3404 2039 debuit,,con—

1819 2065 2048 2120 firmabo
2084 2080 2327 2135 pravam,
2363 2065 2472 2119 imo
2499 2063 2748 2137 servilem
2775 2072 2829 2119 et
2859 2064 3147 2134 pessimam
3180 2079 3406 2118 consue-

1821 2157 2058 2212 tudinem
2092 2155 2562 2227 mihietposteris
2606 2158 2767 2222 meis,
2788 2170 2908 2209 meo
2945 2153 3214 2224 exemplo,
3264 2155 3407 2224 quod

1818 2247 1960 2303 Deus
1989 2256 2201 2302 avertat
2224 2262 2254 2301 a
2279 2261 2383 2301 me.
2411 2245 2524 2301 Nisi
2561 2260 2688 2317 ergo
2711 2253 2991 2315 peccatum
3015 2260 3170 2300 suum
3209 2259 3406 2313 cognoo

1815 2351 1992 2402 scere,
2016 2344 2070 2390 et
2092 2336 2202 2391 Deo
2239 2336 2555 2391 satisfacere
2585 2336 2649 2391 de
2699 2337 2802 2392 hoc
2853 2337 2997 2405 quod
3027 2337 3079 2390 in
3105 2352 3192 2392 me
3213 2349 3408 2407 pecca-

1815 2427 1892 2480 vit
1932 2435 1987 2480 et
2024 2435 2232 2496 peccat,
2267 2425 2500 2482 voluerit
2529 2427 2627 2492 “’9;
2664 2435 2722 2481 ut
2761 2441 2859 2482 nec
2887 2427 3020 2496 ipse,
3047 2442 3146 2481 nec
3178 2441 3400 2482 succes-

1816 2538 1905 2579 sor
1931 2522 2046 2592 ejus
2074 2524 2203 2578 mihi
2247 2533 2344 2578 aut
2394 2524 2804 2579 successoribus
2862 2523 3018 2588 meis,
3051 2537 3171 2577 meo
3225 2537 3407 2578 exem-

1815 2615 1922 2686 pla,
1953 2615 2133 2672 dicere
2163 2615 2336 2685 possit
2365 2631 2423 2670 sc
2459 2616 2561 2671 hoc
2606 2615 2787 2670 facere
2828 2630 2925 2685 per
2954 2615 3402 2688 consuetudinem

1815 2706 2124 2763 nullatenus
2153 2707 2414 2777 intelligo,
2469 2721 2646 2777 neque.
2690 2706 2886 2776 aliquis
2919 2705 3262 2764 rationabilis
3315 2712 3404 2759 iu-

1818 2797 2083 2866 tcllectus,
2113 2799 2384 2868 quomodo
2413 2800 2462 2853 ei
2487 2799 2835 2862 concordare,
2868 2808 2961 2853 aut
2983 2798 3049 2852 ad
3073 2814 3196 2854 eum
3225 2800 3404 2854 redire

1813 2890 2016 2959 possim
2047 2891 2114 2945 ad
2152 2890 2414 2945 honorem
2463 2890 2577 2954 Dei,
2621 2900 2674 2946 et
2702 2890 2960 2945 Ecclesiae
2985 2901 3202 2954 nostrae,
3239 2901 3293 2945 et
3319 2907 3403 2948 sa.

1814 2980 1977 3034 lutem
2003 2980 2198 3035 anima:
2241 2996 2394 3036 meae.
2444 2980 2502 3036 Si
2530 2980 2588 3034 fit
2624 2981 2753 3035 mihi
2792 2981 2934 3050 quod
2961 2981 3075 3036 ficri
3105 2982 3288 3046 debet,
3320 2983 3401 3035 fa-

1812 3073 1950 3128 ciam
1980 3074 2124 3143 quod
2144 3075 2326 3130 debeo
2356 3074 2422 3128 ad
2457 3075 2718 3128 honorem
2758 3075 2872 3129 Dei.
2908 3072 3025 3140 Pax
3054 3073 3262 3130 Domini
3281 3092 3400 3141 qua:

1811 3175 2092 3232 exsuperat
2124 3182 2326 3220 onmem
2357 3183 2590 3234 sensum,
2627 3166 2892 3220 custodiat
2928 3167 3087 3220 corda
3121 3176 3310 3231 vestra,
3353 3173 3400 3221 et

2340 3349 2674 3406 EI‘ISTOLA
2715 3348 2848 3405 CIX.

2030 3459 2252 3498 ANSEIM'I
2283 3459 2348 3496 AD
2373 3459 2642 3498 [IENRICUI
2676 3457 2852 3498 REGEI
2884 3458 3190 3499 ANGLOBUM.

1810 3535 2034 3601 Corripit
2090 3552 2258 3601 regem.
2311 3537 2450 3603 quod
2504 3537 2778 3604 pecuniam
2841 3535 3016 3598 inique
3066 3537 3303 3604 exigeret
3365 3552 3396 3587 η

1880 3608 2188 3675 presbyteris
2215 3606 2416 3675 Anglia:
2439 3603 2776 3660 vialatoribus
2809 3605 3018 3658 concilii
3047 3603 3395 3659 Londinensis

1881 3677 1946 3730 ab
1974 3675 2218 3729 Anselmo
2251 3677 2436 3740 habiti,
2470 3692 2588 3729 cum
2609 3676 2744 3730 lianc
2767 3675 2978 3745 culpant
3000 3676 3263 3730 vindicare
3292 3693 3396 3729 non

1879 3749 2131 3816 pertineat
2159 3747 2260 3799 nisi
2295 3747 2362 3800 ad
2389 3747 2675 3816 episcopos.

1882 3837 2143 3898 llssmco,
2175 3852 2274 3892 suo
2311 3837 2635 3892 charissimo
2665 3835 2909 3902 domino,
2939 3836 3112 3905 gratia
3147 3835 3237 3888 Dei
3280 3836 3392 3904 regi

1808 3930 2126 3999 Anglorum,
2189 3929 2495 3995 Assnnuus,
2557 3928 3000 3997 archiepiscopus
3067 3926 3393 3990 Cantuariae,

1812 4021 1998 4076 ﬁdeles
2017 4020 2296 4075 orationes
2324 4033 2448 4072 cum
2479 4017 2620 4072 fideli
2649 4016 2896 4070 servitio.

1880 4112 1962 4166 Ad
2007 4125 2095 4165 me
2116 4111 2375 4180 pertinet,
2431 4109 2476 4163 si
2537 4107 2700 4161 audio
2755 4107 2899 4175 quod
2941 4105 3155 4161 faciatis
3191 4106 3394 4177 aliquid

1811 4203 1953 4275 quod
1978 4202 2170 4257 animae
2197 4213 2393 4256 vestrae
2425 4216 2531 4256 non
2579 4200 2851 4269 expediat,
2881 4209 2938 4254 ut
2981 4199 3084 4254 hoc
3107 4200 3262 4256 vobis
3289 4216 3395 4256 non

1813 4301 2045 4356 taceam,
2073 4306 2162 4356 ne,
2211 4291 2354 4361 quod
2398 4291 2539 4347 Deus
2579 4298 2806 4353 avertat,
2857 4289 3001 4346 Deus
3029 4291 3300 4348 irascatur
3341 4300 3399 4347 et

1809 4385 1983 4446 vobis,
2016 4384 2062 4440 si
2093 4384 2274 4440 facitis
2301 4385 2444 4454 quod
2473 4383 2545 4438 illi
2594 4399 2703 4438 non
2751 4383 2988 4454 placeat,
3023 4392 3078 4439 et
3124 4384 3255 4438 mihi
3298 4398 3396 4452 pro

1810 4477 2180 4534 taciturnitate
2202 4493 2344 4533 mea.
2365 4478 2540 4534 Audio
2563 4479 2706 4548 quod
2729 4486 2910 4533 vestra
2932 4478 3251 4534 excellentia
3275 4478 3394 4532 vin-

129 4541 237 4597 lieri
270 4553 472 4614 posset.
500 4545 614 4602 Non
641 4549 786 4605 enim
814 4561 897 4607 est
926 4554 1250 4612 rationabile
1279 4559 1428 4629 sequi
1457 4575 1702 4631 quocun-
1733 4570 1779 4629 ο
1806 4569 2003 4624 dictam
2037 4577 2256 4625 exercet
2290 4585 2453 4639 super
2495 4541 2844 4641 ριοέευγιειιοε
2892 4569 3119 4641 Anglia},
3147 4579 3201 4625 ρι
3230 4567 3392 4624 foris-

126 4650 226 4704 que
281 4653 380 4694 nos
443 4641 675 4711 impetus
736 4645 925 4711 animi,
977 4647 1140 4704 etiam
1185 4650 1325 4708 bona
1375 4651 1699 4721 intentione,

1808 4659 2070 4718 facturam
2099 4660 2420 4734 (26)exigit
2465 4661 2534 4717 ab
2580 4660 2682 4728 eis,
2727 4659 2856 4732 quia
2899 4675 3005 4717 non
3042 4669 3393 4716 servaverunt

1405 4768 1492 4825 VA
1502 4771 1638 4828 RIIE
1679 4773 2080 4832 LECTIONES.

193 4897 260 4929 m
277 4896 450 4963 Quam
478 4914 570 4954 vos
592 4919 669 4955 nis
684 4903 784 4958 hoc
809 4915 892 4962 est

123 4967 190 4999 "7
219 4968 312 5036 Qui
347 4984 430 5024 me
454 4988 533 5024 ms
566 4974 656 5042 qui
686 4977 765 5030 sic
793 4991 879 5032 me

123 5047 177 5092 et
201 5051 402 5107 peccat,
434 5041 661 5098 voluerit

921 4922 1082 4978 quam
1113 4925 1211 4966 vos
1262 4910 1330 4944 *θ’
1352 4911 1481 4967 Mihi
1503 4915 1706 4970 credite
1730 4934 1806 4972 ms
1843 4919 1973 4972 mihi
1999 4933 2094 4972 vos
2117 4919 2321 4975 credite
2372 4919 2442 4951 ⁸⁸⁸
2463 4919 2636 4974 Etiam
2669 4919 2736 4973 de
2757 4933 2836 4971 ms
2861 4915 3026 4970 etiam
3059 4913 3296 4969 concedo
3325 4915 3392 4971 de

985 4979 1054 5011 ⁴⁹⁸
1085 4979 1278 5036 Frater
1302 4981 1540 5040 Orduine
1572 5003 1648 5040 ms
1675 4985 1841 5043 frater
1860 5001 1914 5044 et
1945 4989 2016 5043 fili
2047 4989 2285 5045 O'duine

2392 4989 2462 5022 "9
2493 4990 2763 5045 Peccavit.
2793 4985 3022 5040 voluerit
3048 5001 3124 5039 ius
3147 4990 3392 5056 peccavit

1354 5143 1640 5202 JOANNIS
1669 5147 1940 5205 PICARDI
1973 5149 2204 5205 ΝΟΤᾹΞ.

191 5247 300 5332 (26)
334 5247 751 5332 foris/acturam
779 5255 956 5325 exigit.
987 5256 1371 5332 Forisfactura,
1398 5261 1692 5332 forisfartio

119 5331 172 5399 et
200 5320 524 5399 [orisfacturn
554 5327 712 5399 vulgo
743 5320 1046 5399 synonyma
1071 5320 1215 5384 sunt.
1251 5320 1368 5384 Hic.
1392 5320 1571 5387 autem
1615 5332 1694 5384 fo-

121 5391 398 5471 t'isfactura
431 5391 702 5471 significat
738 5391 964 5471 multum
1007 5399 1369 5471 pecuniariam
1395 5417 1423 5454 a
1452 5403 1694 5471 principe

121 5410 398 5472 rtsracutra
432 5410 702 5518 srgmucat
741 5410 964 5452 multam
1007 5410 1369 5465 pecuniariam
1395 5417 1423 5454 a
1452 5410 1694 5471 principe

117 5463 196 5544 vel
219 5463 397 5544 pudice
422 5463 489 5544 de
512 5465 752 5544 inqucnti
773 5467 1356 5544 impositam,_A_mende
1371 5486 1437 5526 en
1457 5472 1694 5544 punition

119 5533 188 5585 du
212 5531 412 5609 [οι-[αἰι.
451 5535 516 5589 Et
549 5531 876 5609 sicquidani
900 5539 988 5596 hic
1013 5531 1182 5609 accipi
1206 5542 1431 5595 suadent
1453 5531 1692 5596 Anselmi

117 5603 279 5680 verba
299 5605 457 5680 hmc‘:
504 5624 522 5657 ι
584 5603 714 5680 Dico
759 5610 904 5664 enim
945 5609 1097 5666 vobis
1130 5603 1288 5680 'quod
1321 5611 1473 5666 valde
1506 5611 1695 5667 timere

119 5675 314 5730 dt-betis
341 5677 467 5746 quia
492 5679 716 5753 pecunia
746 5681 924 5736 taliter
948 5675 1181 5752 accepta'
1198 5679 1278 5752 (nt
1301 5690 1506 5738 taceam
1524 5699 1694 5753 quau-

121 5756 223 5826 tu_t_n
253 5757 446 5826 noceat
475 5748 689 5820 animae)
741 5767 860 5826 non
897 5748 1126 5816 tantum,
1163 5748 1284 5807 cum
1334 5748 1687 5826 expendetur,

118 5816 381 5884 ailjuvabit
416 5827 627 5874 terrena
671 5816 917 5892 negotia,
958 5835 1216 5892 quantum
1263 5816 1617 5894 perturbabit.
1667 5816 1683 5878 ἱ

1787 5401 1959 5456 "aliter
2003 5401 2212 5466 fecerit,
2262 5401 2437 5457 solvat
2485 5401 2907 5458 satisfacturam.
2943 5421 2966 5458 'o
3021 5405 3087 5460 Et

1802 5263 1892 5336 §ic
1928 5278 2115 5336 rursus
2139 5271 2430 5336 usurpatur
2446 5262 2506 5336 in
2520 5259 3016 5336 legibusWillelmi
3050 5262 3390 5336 Noﬁthi,apud

1803 5331 2415 5405 Roger.‘lloned.,’pag.
2446 5331 2583 5405 342,
2605 5331 2708 5405 fac.
2733 5333 2769 5386 2
2801 5350 2814 5388 :
2855 5351 2875 5384 σ
2909 5332 3064 5401 Quod
3091 5335 3162 5398 si,
3193 5331 3386 5405 inquit,

1803 5420 1959 5456 auter
2003 5420 2212 5466 iecerit,
2262 5420 2437 5457 sorvat
2485 5420 2907 5458 sansracturam.
2943 5421 2966 5458 ι
3021 5420 3087 5460 ut
3137 5420 3256 5476 pag.
3305 5423 3392 5461 se-

1802 5474 1985 5543 quenti
2019 5492 2032 5528 :
2070 5493 2088 5525 ι
2131 5473 2410 5528 Reddatur
2465 5473 2533 5546 die
2577 5475 2739 5546 rebus
2787 5475 3024 5532 hominis
3077 5474 3242 5541 illius,
3293 5479 3387 5546 qtti

1801 5546 2162 5617 calt_tu_miat_us
2211 5551 2315 5608 est,
2366 5545 2508 5617 quod
2540 5544 2757 5617 dicitur
2797 5561 3007 5617 scapus,
3060 5556 3117 5602 et
3165 5544 3391 5617 insuper

1801 5614 1913 5700 regi
1945 5615 2362 5700 forisfacturaﬂ
2393 5699 2399 5700 γ
2415 5615 2486 5700 _Et
2531 5614 2659 5698 folio
2682 5615 2825 5700 d545,
2859 5614 2993 5700 pag.
3029 5617 3066 5672 2
3094 5635 3163 5700 :_t
3213 5614 3388 5700 Spicea

1795 5685 1898 5753 est,
1929 5688 2070 5756 quod
2105 5686 2148 5742 si
2180 5685 2433 5756 quislibet
2457 5686 2775 5744 nominatim
2825 5685 3059 5758 aliquem
3111 5689 3179 5743 de
3204 5687 3387 5757 aliqua

1796 5757 2155 5812 calumniatus
2204 5757 2386 5814 fuerit.
2441 5767 2497 5813 et
2543 5756 2632 5812 ille
2683 5761 2980 5814 necaverit.
3036 5757 3387 5814 forisfactura

1796 5773 2155 5812 calumniatus
2204 5773 2386 5824 tuerit,
2441 5773 2497 5813 et
2543 5773 2632 5812 nte
2683 5773 2980 5828 negaverit,
3036 5773 3381 5814 tortstactura

1797 5827 2129 5897 probationis
2161 5827 2242 5884 vel
2271 5828 2574 5900 negationis
2621 5827 2667 5885 si
2720 5830 2984 5897 evenerit,
3025 5843 3122 5884 sua
3171 5829 3298 5884 erit.
3360 5847 3381 5880 ο
