3946 6306
145 373 256 435 Ηθ

1417 369 1544 427 LlB.
1571 369 1656 432 lll.
1701 369 1916 427 EPIST.
1938 369 2093 427 C‘Xll.

3315 357 3417 412 150

143 487 546 560 archiepiscopi
583 484 906 551 habuerunt,
939 493 993 541 ct
1029 484 1153 556 quia
1197 500 1287 540 rex
1333 500 1416 540 mc
1451 485 1734 540 resarcivit
1763 492 1803 547 Α
1835 485 2131 548 mcndavit,
2159 492 2214 538 ct
2243 497 2408 554 regno
2459 491 2663 546 vestro,
2707 481 2758 535 in
2796 493 2929 550 pace
2974 483 3152 531 vestra
3190 473 3420 529 celerius

145 585 220 638 de
269 589 383 636 toto
437 579 929 648 arclncpiscopatu,
987 586 1041 632 et
1107 577 1230 646 quia
1282 585 1519 646 tempore
1566 576 1737 645 patris

143 672 272 740 ejus
295 680 350 727 et
373 668 613 739 ejusdem
635 668 1027 739 archiepiscopi
1065 669 1116 723 in
1144 666 1372 724 concilio
1410 665 1736 737 prohibitum

144 775 240 820 cst
265 773 374 819 tam
398 761 731 817 exsecrabile
756 761 1085 832 conjngium,
1119 759 1440 816 fiducialiler
1469 774 1555 822 ea,
1581 773 1738 828 quam

147 871 224 912 ex
259 853 723 924 archiepiscopatu
765 853 957 918 habeo,
987 853 1313 909 auctoritate
1339 851 1590 922 prrecipio
1633 863 1740 903 non

148 947 332 1002 solum
387 945 441 1000 iu
502 944 988 1014 archiepiscopatu,
1038 943 1132 1000 sed
1189 942 1351 998 etiam
1389 955 1520 1024 per
1575 946 1739 995 totam

150 1037 432 1108 Angliam,
456 1044 512 1090 ut
545 1051 734 1092 oumes
759 1035 1071 1091 sacerdotes
1096 1035 1185 1105 qui
1216 1033 1383 1106 408
1412 1031 1642 1087 feminas
1667 1039 1746 1086 te-

152 1131 399 1198 tzucrinl,
427 1129 674 1186 ecclesiis
703 1139 758 1184 et
780 1130 926 1184 omni
954 1129 1324 1185 ecclesiastico
1348 1126 1609 1184 beneﬁcio
1632 1124 1746 1196 pri-

149 1231 374 1277 ventur.
409 1221 674 1276 Dominus
723 1235 860 1291 papa
921 1234 1091 1292 nuper
1136 1219 1411 1275 mandavit
1459 1217 1640 1273 comiti
1680 1216 1747 1273 de

153 1309 413 1364 Melleuto
442 1308 672 1365 salutem
699 1320 754 1366 et
773 1310 1205 1366 benedictionem
1230 1325 1406 1374 suam,
1437 1308 1540 1363 hac
1560 1306 1747 1363 videli-

151 1408 247 1454 cet
267 1398 582 1466 conditione
610 1399 654 1455 si
701 1398 938 1454 libertati
973 1398 1232 1454 Ecclesiae
1275 1398 1510 1454 voluerit
1537 1396 1742 1462 favere,

153 1490 250 1545 cui
314 1492 576 1546 hactenus
625 1489 776 1546 visus
822 1497 909 1546 est
971 1489 1243 1547 resistere.
1301 1489 1395 1544 Sin
1451 1498 1630 1544 autem
1678 1489 1746 1544 ab

156 1581 390 1638 introitu
425 1582 670 1640 ecclesiae
699 1590 906 1639 tantum
940 1581 1091 1638 illum
1113 1583 1358 1649 arcebat,
1382 1582 1525 1638 sicut
1545 1581 1748 1638 fecerat

157 1673 315 1742 prius
342 1672 409 1729 de
429 1673 519 1728 illo
540 1682 595 1729 et
635 1673 703 1729 de
728 1673 850 1730 aliis
877 1672 1232 1744 complicibus
1260 1673 1378 1745 ejus
1407 1672 1746 1730 consiliariis

158 1765 330 1836 regis,
363 1765 417 1820 in
445 1765 640 1822 litteris
678 1781 906 1836 quarum
932 1765 1212 1835 exemplar
1255 1765 1377 1821 misi
1423 1765 1599 1820 vobis.
1640 1763 1747 1820 Sed

1843 575 2115 637 restituar,
2133 583 2186 638 ct
2208 571 2337 626 mihi
2362 572 2739 642 opportunitas
2761 568 2940 626 utendi
2971 564 3263 640 secundum
3292 579 3417 633 pose

1840 665 2146 722 sibilitatem
2195 679 2371 719 meam
2412 661 2586 718 ollicio
2625 679 2720 733 pro
2753 677 2860 732 quo
2902 659 2973 718 ibi
3005 657 3232 730 positus
3276 669 3448 712 sum.~

1841 754 2038 809 diutius
2070 767 2176 807 non
2208 743 2552 822 impediatur.
2584 751 2752 806 Valde
2780 762 2994 820 quoque
3034 745 3167 801 mihi
3220 743 3414 798 timen-

1843 849 1968 904 dum
2017 855 2206 902 estne
2237 846 2348 900 Deo
2396 843 2800 912 displiceat,.et
2841 857 2925 896 me
2982 839 3232 895 dominus
3283 849 3424 907 papa.

1837 941 1983 1012 juste
2028 939 2404 1012 reprehendat,
2431 938 2580 1008 quia,
2611 944 2898 1006 postquam
2929 948 3025 988 vos
3052 939 3105 985 ct
3130 945 3230 1000 ego
3259 926 3417 984 simn'l

1845 1031 2194 1088 convenimus
2225 1029 2366 1100 apud
2397 1037 2637 1087 castrum
2673 1026 2815 1096 quod
2849 1032 3085 1078 vocatur
3107 1019 3324 1090 Aquila,
3367 1017 3421 1072 in

1850 1135 1955 1181 tam
1985 1126 2140 1197 longo
2191 1133 2566 1194 temporenon
2616 1119 2693 1175 illi
2731 1117 2855 1174 misi
2881 1116 3118 1187 legatum
3153 1119 3421 1171 nostrum,
3450 1163 3454 1170 ,

1847 1233 1942 1287 per
1979 1231 2142 1286 quem
2171 1215 2298 1286 quid
2328 1214 2393 1269 dc
2423 1203 2573 1269 tanta
2601 1228 2657 1268 re
2687 1212 2830 1266 inter
2853 1224 2950 1265 nos
2981 1207 3184 1261 factum
3209 1214 3264 1259 et
3291 1203 3418 1272 quid

1850 1290 2213 1376 peragendum
2241 1303 2312 1359 sit
2358 1310 2726 1374 cognosceret,
2759 1307 2814 1356 et
2851 1313 2951 1370 ego
3004 1294 3120 1365 ejus
3141 1292 3425 1351 consilium

1849 1406 1904 1452 et
1964 1395 2265 1466 jussionem
2308 1395 2630 1464 acciperem.
2681 1392 3018 1464 Quapropter
3066 1385 3426 1458 periculosum

1849 1499 1933 1545 est
1981 1488 2112 1544 mihi
2167 1488 2256 1544 diu
2298 1495 2614 1555 exspectare
2662 1495 2922 1546 vestrum,
2966 1482 3221 1552 legatum,
3267 1490 3454 1547 quem,

1851 1588 1975 1632 ante
2001 1579 2301 1648 proximam
2333 1576 2675 1631 Nativilatem
2707 1573 2943 1638 Domini,
2970 1573 3112 1628 sicut
3151 1570 3204 1624 in
3251 1563 3433 1620 verbis

1851 1670 2045 1724 vestris
2075 1669 2335 1736 intellexi,
2380 1667 2550 1721 Roma
2599 1665 2803 1721 scilicet
2854 1665 3155 1720 rediturum
3193 1657 3428 1731 Speravi,

1852 1762 2151 1832 praesertim
2182 1778 2328 1827 cum,
2371 1761 2553 1817 nescio
2598 1775 2704 1830 quo
2730 1758 2954 1812 consilio
2982 1769 3154 1826 quave
3200 1753 3434 1818 ratione,

157 1856 422 1928 queniam
472 1857 612 1914 idem
655 1873 839 1914 comes
867 1859 1120 1929 promisit
1160 1857 1292 1912 mihi
1329 1871 1389 1913 se
1425 1863 1744 1912 cenaturum
1779 1861 1822 1922 Β
1852 1854 2053 1908 nullum
2106 1854 2389 1908 terminum
2433 1851 2591 1906 modo
2635 1850 3004 1906 constituatis.
3035 1846 3303 1922 Quoniam
3333 1842 3433 1913 igi.

159 1958 224 2000 ut
256 1962 354 2002 rex
380 1963 533 2019 papae
553 1949 838 2019 praeceptis
863 1948 1098 2014 odediat,
1128 1948 1349 2018 permisi
1379 1948 1428 2002 ei
1464 1947 1745 2016 introitum

162 2039 434 2106 ecclesia»,
468 2055 497 2094 a
529 2055 638 2110 quo
668 2039 1029 2096 detinebatur.
1079 2043 1155 2098 De
1189 2040 1312 2097 aliis
1357 2056 1486 2096 vero
1511 2035 1617 2096 nec
1645 2039 1745 2095 ali-

159 2128 290 2199 quis
316 2130 634 2186 nominatur
683 2131 735 2186 in
769 2131 1009 2203 praefatis
1037 2131 1258 2199 litteris,
1307 2146 1407 2190 nec
1457 2146 1557 2204 ego
1580 2130 1747 2186 ullum

161 2228 315 2274 certe
339 2235 558 2289 possum
611 2224 925 2292 nominare;
956 2232 1012 2281 et
1043 2238 1252 2292 omnes,
1281 2225 1423 2280 sicut
1465 2224 1646 2291 audio,
1681 2224 1747 2277 ad

158 2311 511 2366 concordiam
540 2313 682 2368 inter
721 2316 913 2384 papam
943 2323 1000 2371 et
1052 2331 1232 2385 regem
1261 2316 1527 2371 nituntur.
1559 2314 1636 2369 De
1664 2313 1750 2370 his

159 2401 256 2471 qui
307 2402 656 2459 investituras
702 2415 1055 2476 acceperunt,
1089 2417 1146 2463 et
1192 2407 1261 2462 de
1301 2405 1748 2461 consecrantibus

160 2507 280 2559 eos,
311 2495 455 2551 nulla
476 2507 560 2554 est
587 2507 790 2555 mutata
819 2503 1110 2558 sententia.
1143 2501 1360 2558 Gratias
1391 2501 1601 2573 agimus
1638 2501 1748 2556 Deo

162 2583 294 2651 quia
324 2599 444 2650 vos,
473 2586 688 2644 domine
711 2591 877 2662 prior,
906 2592 1046 2649 sicut
1080 2592 1398 2657 mandastis,
1437 2592 1506 2647 de
1533 2592 1749 2659 aegritu-

166 2672 298 2725 dine
331 2683 509 2730 vestra
553 2679 954 2746 convalescitis,
985 2692 1041 2736 et
1091 2697 1311 2737 oramus
1353 2681 1520 2736 Deum
1569 2689 1628 2734 ut
1657 2694 1749 2736 vos

171 2765 226 2820 in
257 2766 525 2837 integram
581 2771 868 2828 sanitatem
928 2776 1195 2829 restituat.
1231 2775 1582 2844 Omnipotens
1610 2771 1755 2828 Deus

170 2871 270 2912 vos
304 2873 522 2929 semper
549 2876 659 2917 sua
681 2864 852 2934 gratia
889 2874 1156 2938 protegat,
1186 2882 1400 2938 semper
1435 2866 1502 2922 ad
1528 2864 1754 2923 meliora

167 2962 416 3006 crescere
439 2953 618 3020 faciat,
652 2954 846 3012 fratres
871 2967 926 3012 et
948 2957 1040 3012 filii
1067 2958 1390 3015 charissimi.

665 3064 1000 3122 EPISTOLA
1033 3066 1146 3124 CXI
1172 3069 1263 3123 δυ.

386 3174 610 3213 Αισεεωιι
635 3177 702 3215 AD
728 3178 994 3219 HENRICUM
1029 3179 1204 3222 REGE]!
1228 3180 1534 3226 ANGLORUII.

175 3243 314 3332 er‘
347 3249 618 3332 displicere
656 3255 754 3309 sibi
795 3255 1080 3332 Io‘ngiorem
1141 3259 1274 3330 regii
1334 3260 1492 3332 legati
1540 3281 1744 3318 moram

239 3317 378 3404 ultra
401 3319 582 3402 datum
602 3332 801 3404 tempus
825 3317 1003 3404 Bima:
1023 3317 1243 3404 factum,
1266 3333 1355 3385 sed
1375 3317 1524 3386 suam
1550 3351 1580 3387 η
1601 3317 1752 3404 grege

240 3387 622 3470 diuturniorem
647 3387 933 3470 absentiam
959 3411 977 3449 .'
1003 3387 1235 3458 maxime
1262 3417 1381 3454 cum
1415 3418 1507 3456 rea:
1549 3387 1752 3458 utilium

240 3465 543 3517 prwstituat
570 3465 865 3522 terminum.

246 3543 359 3601 Suo
407 3549 730 3607 charissima
770 3554 993 3612 domino
1031 3557 1292 3623 lleivaico,
1358 3560 1593 3632 glorioso
1640 3565 1752 3634 regi

174 3635 489 3706 Anglorum,
522 3642 827 3714 Aasnwus,
857 3649 1300 3722 archiepiscopus
1329 3651 1656 3719 Cantuarite,
1689 3655 1749 3709 li-

173 3723 294 3781 dcle
322 3729 601 3784 servitium
633 3747 756 3788 cum
786 3737 1148 3794 orationibus.

175 3834 178 3838 ·
245 3814 379 3881 Quia
433 3827 612 3875 vestra
650 3825 966 3894 magnitudo
1018 3843 1105 3883 me
1134 3828 1188 3884 in
1238 3829 1350 3887 suis
1400 3831 1596 3889 litteris
1645 3844 1751 3889 tam

177 3904 503 3980 honorifice,
553 3919 702 3968 tanto
738 3914 894 3970 bona:
936 3917 1230 3975 voluntatis
1275 3921 1469 3978 all‘ectu
1529 3925 1751 3994 salutat,

177 3997 377 4065 gratias
404 4015 627 4071 magnas
650 4019 772 4073 ago,
820 4006 962 4062 sicut
1005 4008 1192 4064 debeo.
1230 4009 1382 4079 Quod
1423 4022 1600 4069 autem
1644 4024 1753 4072 tam

177 4085 492 4174 suppliciter
517 4106 601 4145 me
636 4094 839 4164 rogatis
865 4107 925 4151 ut
967 4113 1075 4153 non
1122 4099 1255 4154 mibi
1297 4100 1582 4172 displiceat
1610 4105 1756 4174 quod

179 4171 384 4242 legatus
426 4188 604 4233 vester
636 4180 860 4237 [lernam
912 4187 1210 4243 mittendus
1245 4171 1453 4246 tantum
1492 4171 1752 4261 moratur,

178 4264 364 4335 utique
387 4277 620 4324 vestram
664 4286 899 4341 precem,
951 4285 1212 4346 quantum
1273 4278 1327 4332 in
1361 4293 1448 4334 me
1495 4288 1759 4348 esl,,con-

180 4364 423 4413 temnere
450 4375 556 4415 non
583 4361 773 4430 debeo,
812 4366 904 4420 sed
937 4381 1098 4423 causa
1150 4369 1321 4440 magis
1363 4381 1446 4427 est
1474 4371 1568 4427 Dei
1594 4389 1754 4443 quam

181 4463 330 4515 mea;
366 4452 508 4508 unde
539 4455 705 4510 corde
737 4456 880 4512 lideli
910 4467 966 4514 et
988 4458 1223 4534 benigno
1252 4464 1434 4527 animo
1459 4465 1613 4521 vobis
1633 4467 1754 4523 dico

1858 1953 1944 1999 tur
1967 1945 2086 2014 plus
2115 1944 2273 1999 debet
2304 1943 2434 1997 mihi
2489 1957 2609 1997 esse
2639 1942 2704 1996 de
2740 1942 2844 1995 hoc
2881 1938 3022 2009 quod
3058 1952 3158 2007 ego
3183 1934 3436 1991 Ecclesia:

1853 2036 1984 2110 mihi
2013 2036 2313 2092 commissa:
2347 2050 2585 2106 praesens
2615 2048 2735 2089 esse
2768 2045 3000 2102 nequeo,
3043 2042 3209 2099 quam
3239 2027 3305 2080 de
3327 2025 3433 2079 ulla

1853 2135 2073 2204 terrena
2115 2122 2490 2197 possessione,
2514 2138 2707 2196 precor
2731 2131 2788 2177 ut
2817 2121 2946 2176 mihi
2994 2119 3226 2189 aliquem
3257 2116 3455 2187 proxi-g

1853 2236 1997 2276 nium
2029 2221 2317 2275 terminum
2343 2220 2635 2274 nominetis
2661 2233 2757 2290 per
2781 2217 2991 2272 litteras
3011 2224 3240 2281 vestras,
3266 2228 3458 2290 quan-1

1851 2311 1919 2366 do
1941 2299 2142 2380 possim
2193 2310 2427 2381 legatum
2459 2317 2696 2370 vestrum
2749 2307 2977 2370 Romani
3007 2307 3205 2362 iturum
3244 2316 3439 2372 exspe-

1851 2409 2019 2466 ctare,
2078 2401 2205 2470 quia
2255 2417 2356 2472 ego
2395 2416 2500 2456 non
2545 2399 2718 2458 audeo
2782 2396 3019 2464 differre,
3082 2405 3140 2450 ut
3204 2395 3433 2449 multum

1851 2492 2046 2556 dicam,
2093 2492 2232 2572 ultra
2281 2494 2578 2563 proximam
2624 2490 2972 2548 Nativitatem
3007 2487 3260 2553 Domini,
3301 2484 3432 2557 quin

1853 2598 2029 2640 meum
2053 2583 2286 2654 legatum
2319 2586 2546 2639 mittam.
2579 2582 2728 2638 Vale.

2377 2714 2710 2773 EPISTOLA
2743 2715 2901 2773 CXII.

1945 2845 2171 2886 ANSELII
2217 2845 2300 2884 AD-
2337 2843 2656 2886 CUNDULFUI
2709 2843 3021 2892 EPISCOPUH,
3069 2841 3354 2882 EBNULPUH

2439 2914 2694 2966 PRIOBEM,
2727 2913 2850 2954 ere.

1856 3012 2143 3085 Conﬁrmat
2170 3015 2452 3070 anathema
2477 3014 2554 3085 in,
2577 3013 2896 3085 presbyteros
2930 3009 3151 3085 feminas
3193 3008 3438 3062 habentes

2048 3086 2196 3158 iuste
2216 3103 2248 3140 a
2271 3102 2368 3140 suo
2406 3079 2779 3138 archidiacono
2813 3079 3231 3149 pronuntiatum.

1781 3206 1834 3269 Ο,
1927 3176 2208 3232 Ausswus
2279 3173 2737 3269 archiepiscopus,
2784 3170 3086 3227 reverenda
3147 3167 3440 3224 GUNDULFO

1856 3268 2131 3338 episcopo,
2159 3276 2214 3323 et
2235 3256 2484 3322 Euandro
2500 3265 2688 3336 priori,
2719 3270 2772 3320 et
2800 3262 3184 3319 archidiacono
3207 3260 3438 3316 Cantua-

1859 3357 2021 3412 riensi
2051 3357 2372 3421 WiLLsLuo,
2403 3367 2458 3411 et
2504 3355 2757 3411 omnibus
2805 3355 2858 3410 in
2893 3369 2990 3410 sua
3028 3352 3281 3431 parucbia
3309 3352 3436 3409 reli-

1855 3448 2068 3518 gionem
2117 3447 2200 3502 sui
2247 3446 2453 3503 ordinis
2499 3461 2684 3502 amore
2737 3445 2832 3501 Dei
2879 3442 3244 3508 servantibus,
3297 3441 3440 3498 salu-

1857 3547 1983 3594 tcm.

1925 3629 2108 3700 Nuper
2134 3631 2301 3686 relata
2331 3638 2415 3686 est
2443 3630 2575 3686 mihi
2603 3630 2714 3686 Deo
2734 3629 3088 3688 exsecrabilis
3111 3637 3165 3685 et
3185 3627 3437 3685 omnibus

1853 3722 2181 3779 Christianis
2207 3723 2430 3782 odibilis
2451 3723 2682 3794 superba
2724 3722 3083 3795 quorumdam
3114 3721 3236 3792 (qui
3257 3736 3316 3777 se
3345 3735 3444 3776 sa—

1855 3813 2100 3868 cerdotes
2140 3813 2450 3884 nominant)
2494 3811 2861 3885 praesumptio.
2921 3810 3152 3884 Scripsit
3199 3825 3450 3879 namque

1857 3903 1987 3958 mihi
2035 3904 2454 3961 archidiaconus
2483 3913 2668 3962 noster
2698 3904 3003 3963 Willelmus
3036 3903 3163 3974 quia
3191 3902 3449 3959 nonnulli

1856 3997 2177 4071 presbyteri,
2205 3998 2298 4070 qui
2328 3999 2429 4054 sub
2458 3997 2576 4068 ejus
2601 4007 2729 4053 sunt
2750 3997 3020 4061 custodia,
3050 3999 3248 4051 iterum
3283 4010 3438 4066 repe-

1857 4093 2031 4142 tentes
2086 4087 2383 4158 prohibilas
2420 4087 2649 4143 feminas
2694 4088 2745 4140 in
2794 4086 3214 4153 immunditiam,
3257 4103 3288 4142 a
3327 4103 3437 4159 qua

1858 4176 2060 4232 salubri
2121 4177 2350 4233 consilio
2397 4187 2452 4234 et
2485 4176 2730 4248 iussione
2781 4177 3039 4234 abstracti
3088 4179 3329 4246 fuerunt,
3381 4193 3442 4235 se

1860 4265 2228 4323 revolveruut.
2281 4265 2435 4334 Quod
2489 4283 2612 4323 cum
2661 4266 2804 4323 idem
2831 4267 3246 4326 archidiaconus
3284 4269 3445 4327 vellet

1861 4359 2152 4432 corrigere,
2175 4361 2395 4416 omnino
2420 4359 2537 4429 ejus
2565 4359 2916 4416 munitionem
2956 4368 3011 4415 et
3033 4361 3434 4431 susceptibilem

1849 4450 2148 4520 jussionem
2209 4451 2442 4508 nefanda
2491 4451 2744 4523 superbia
2811 4461 3274 4526 contempserunt.
3339 4453 3444 4520 Qui

175 4538 315 4605 quad
339 4549 520 4598 tacere
549 4545 880 4617 non~debeo.
929 4548 1060 4607 Mihi
1089 4552 1305 4622 quidem
1348 4553 1557 4627 aliquid
1579 4557 1754 4628 disp“.
1788 4554 1834 4609 1)
1860 4545 2170 4600 convocatis
2199 4559 2383 4600 secum
2416 4543 2662 4614 pluribus
2686 4543 2953 4615 religiosis
2982 4553 3038 4600 et
3063 4543 3441 4600 obedientibus

173 4643 297 4685 cere
322 4631 416 4697 Μ,
450 4635 552 4690 nisi
607 4651 729 4692 cum
758 4648 980 4711 propter
1026 4641 1193 4699 Deum
1238 4647 1506 4718 displicet,
1529 4666 1637 4708 non
1669 4661 1753 4706 est

175 4735 424 4792 magnum
448 4741 465 4792 ;
491 4728 584 4782 sed
616 4729 902 4801 displicere
941 4734 1053 4790 Deo
1101 4736 1303 4806 aliquid
1334 4740 1635 4798 nullatenus
1669 4754 1754 4799 est

176 4817 619 4871 contemnendum
646 4836 674 4871 :-
717 4823 902 4892 utique
959 4841 1065 4880 non
1106 4841 1297 4896 parum
1354 4830 1600 4901 displicet
1642 4835 1751 4890 Deo

123 4953 132 4956 _
177 4904 485 5002 episcopum
514 4909 736 4978 spoliari
767 4915 930 4970 rebus
959 4917 1093 4984 suis,
1123 4917 1264 4988 quod
1294 4918 1406 4990 jam
1445 4921 1554 4977 Deo
1602 4924 1752 4980 vobis

175 4993 467 5060 inspirante
504 5000 835 5057 correxistis.
885 4995 991 5059 Sed
1036 5007 1346 5076 episcopum
1393 5013 1664 5082 segregari
1719 5029 1748 5067 a

175 5097 268 5138 suo
303 5083 496 5154 ollicio,
527 5097 584 5143 et
611 5091 908 5149 Ecclesiam
947 5109 976 5148 a
1008 5099 1404 5168 suo-episcopo
1440 5101 1560 5157 sine
1589 5116 1751 5158 causa

173 5187 328 5242 quam
350 5177 489 5234 Deus
506 5181 782 5251 approbet,
799 5184 958 5239 nimis
978 5201 1141 5256 grave
1155 5187 1377 5256 judical.
1406 5190 1632 5260 Expedit
1656 5193 1727 5248 ita
1742 5225 1756 5236 -

173 5281 277 5336 que
306 5269 500 5325 anima:
555 5281 749 5327 vestra:
797 5282 1065 5342 quatenus
1111 5279 1370 5348 satagatis
1406 5280 1477 5312 ⁵⁰⁸
1514 5291 1577 5335 'ut
1628 5299 1749 5353 ego,

175 5355 558 5430 qualiscunque
609 5361 681 5392 ὀδ
741 5363 841 5418 Si!"
916 5366 1200 5435 episcOpus
1261 5368 1535 5436 Ecclesiae,
1587 5388 1748 5441 quam

177 5447 312 5501 bcus
351 5447 419 5480 ⁸⁰⁷
449 5461 641 5506 vestrae
672 5455 831 5521 rcgize
862 5459 1117 5524 potestati
1157 5460 1564 5516 custodiendam
1597 5478 1749 5518 corn-

1861 4638 2258 4706 sacerdotibus,
2281 4637 2544 4709 superbos
2580 4645 2636 4692 et
2665 4637 3038 4693 inobedieutes
3065 4636 3241 4707 gladio
3265 4636 3463 4705 digna:-

1860 4728 2439 4786 excommunicatiouis
2485 4728 2768 4798 percussit.
2805 4726 2977 4796 Quam
3005 4723 3443 4781 excommunica-

1862 4821 2061 4876 tionem
2086 4819 2311 4888 ,bcstiali
2367 4820 2579 4875 insania
2608 4827 3038 4883 contemnentes,
3081 4813 3437 4870 ministerium

1859 4919 2105 4966 sanctum
2133 4911 2390 4981 polluere,
2439 4919 2700 4980 quantum
2732 4909 2785 4963 in
2829 4908 2958 4978 ipsis
2980 4915 3080 4971 est,
3117 4920 3226 4959 non
3257 4904 3442 4959 formi-

1859 5002 2010 5056 dant.
2051 5001 2392 5073 Quapropter
2421 5016 2522 5072 ego
2551 5000 2862 5065 Anselmus,
2888 4998 3134 5068 quamvis
3162 5007 3440 5068 peccator,

1862 5095 2322 5164 archiepiscopus,
2354 5109 2416 5148 ea
2447 5093 2771 5148 auctoritate
2809 5106 2972 5162 quam
3002 5091 3136 5146 mihi
3173 5078 3318 5148 dedit
3345 5107 3442 5164 per

1859 5184 2386 5254 archiepiscOpatum
2423 5181 2565 5238 Deus
2595 5182 2788 5249 Pater,
2819 5192 2874 5236 et
2901 5181 3087 5249 Filius,
3125 5193 3180 5240 et
3207 5183 3441 5257 Spiritus

1860 5285 2104 5340 sanctus,
2157 5275 2422 5330 confirmo
2481 5274 2726 5329 eamdem
2799 5277 3437 5338 excommunicationem,

1859 5381 2018 5434 quam
2053 5365 2179 5420 fecit
2205 5365 2345 5420 idem
2369 5364 2805 5435 archidiaconus,
2827 5383 2998 5440 usque
3025 5371 3090 5425 ad
3117 5368 3438 5425 satisfactio-

1859 5474 1980 5514 nem
2010 5459 2126 5531 ejus
2155 5457 2359 5529 judicio
2388 5458 2810 5529 suscipiendam.

1459 5598 1686 5656 νΛΙὶΙιΕ
1716 5597 2120 5656 LECTIONES.

253 5699 322 5731 ⁸⁸⁸
348 5698 479 5754 Cum
505 5702 681 5757 eodem
714 5721 790 5758 ms
819 5707 1009 5760 collato

191 5767 418 5840 icunque
440 5787 515 5827 ms
541 5774 929 5845 qualiscunque

1119 5709 1190 5786 δίξξ
1216 5710 1372 5786 Aliud
1403 5711 1684 5781 displicere
1708 5732 1784 5768 ms
1807 5715 2008 5786 aliquid
2035 5713 2316 5784 displicere
2390 5713 2460 5747 ⁸³⁸
2489 5714 2740 5786 Satagitis
2766 5731 2840 5769 ms
2873 5715 3130 5785 satagatis
3196 5713 3267 5746 ⁸⁰⁶
3297 5715 3434 5784 Qua.

1039 5780 1107 5810 ⁸⁰⁷
1141 5781 1292 5847 Quod
1323 5783 1458 5838 Deus
1481 5780 1555 5838 ms
1580 5802 1739 5853 quant
1773 5780 1912 5842 Deus
2120 5780 2136 5784 “
2621 5780 2644 5786 ⁷
2994 5780 3017 5785 ⁷
3324 5780 3337 5805 τ
