4064 6302
541 298 636 356 lbi

999 403 1332 462 EPISTOLA
1369 403 1522 459 CXIII
1555 405 1643 457 “3.

957 510 1178 550 ANSELMI
1213 509 1280 548 AD
1307 507 1672 550 ςυλιικειιιιςιι.

533 590 666 646 Eunt
698 593 880 644 tundat
921 589 982 644 ob
1022 597 1259 642 sanctum
1288 589 1492 657 paterni
1534 591 1730 644 reditus
1771 591 2108 656 desiderium,

636 661 892 730 simulque
915 665 1083 712 mone!
1111 675 1220 713 esse
1251 660 1451 712 ordinis
1477 660 2007 715 observantissimum.

597 749 878 805 Ausunus
901 748 1355 818 archiepiscopus.
1373 747 1711 816 Gusnunmo,
1739 750 1892 806 fratri
1920 761 1973 807 et
2001 752 2110 806 lilio

533 841 880 907 thurissimo,
949 839 1176 894 salutem
1245 847 1300 894 et
1368 841 1796 898 benedictionem
1869 843 1995 909 Dei,
2055 854 2110 899 et

527 945 676 984 suam
1409 945 1414 950 '

567 999 572 1006 .

565 1011 700 1076 'Pro
742 1021 1031 1079 dilectione
1053 1038 1212 1092 quam
1243 1027 1295 1080 in
1341 1021 1540 1078 litteris
1565 1025 1668 1080 tuis
1689 1041 1814 1096 erga
1843 1041 1929 1080 me
1957 1027 2110 1082 intel-

525 1113 651 1176 lexi.
683 1121 737 1168 et
783 1127 881 1181 pro
910 1115 1176 1169 desiderio
1214 1115 1421 1170 reditus
1465 1115 1567 1171 mei
1599 1117 1801 1184 gratias
1845 1131 1947 1190 ago
1989 1117 2106 1183 tibi,

526 1206 666 1260 sicut
693 1203 844 1260 fratri
892 1213 948 1260 et
995 1205 1105 1260 filio
1149 1205 1365 1262 diledo.
1419 1207 1673 1263 Reditum
1724 1209 1964 1278 quidem,
1999 1209 2108 1264 Deo

525 1307 820 1372 annuente,
865 1315 970 1354 non
1029 1300 1295 1368 differam,
1345 1303 1562 1372 quando
1619 1303 1736 1372 ipso
1790 1303 2109 1372 disponcn‘c

528 1387 820 1460 intelligam
847 1405 932 1444 me
981 1389 1132 1444 illum
1163 1407 1321 1462 posse
1365 1392 1762 1447 rationabiliter
1802 1394 1998 1450 facere.
2033 1395 2108 1450 Te

526 1489 726 1546 autem,
757 1475 816 1536 et
844 1481 990 1536 illum
1023 1483 1178 1553 cujus
1201 1485 1392 1538 animae
1419 1501 1602 1540 curam
1631 1485 1772 1540 Deus
1801 1487 1931 1541 mihi
1960 1503 2108 1542 com-

525 1572 818 1638 mendavit,
878 1575 1120 1629 studiose
1163 1591 1373 1636 nionco,
1439 1585 1642 1632 utnon
1695 1579 1771 1632 sis
1825 1579 2104 1650 negligens

527 1663 769 1717 ordinem
806 1679 966 1734 quem
999 1663 1252 1734 accepisti
1279 1665 1349 1696 ³⁰⁹
1388 1664 1597 1722 discere
1623 1677 1675 1722 et
1704 1669 2108 1735 custodire,sed

525 1753 601 1808 sis
623 1753 864 1810 intentus
898 1753 1024 1810 todo
1047 1757 1210 1812 corde
1251 1758 1317 1812 ad
1343 1771 1402 1811 ea
1429 1773 1548 1828 qua:
1574 1759 1845 1829 pertinent
1871 1761 1936 1816 ad
1981 1777 2104 1832 per-

523 1845 807 1900 fectionem
853 1847 1100 1903 monachi
1135 1848 1417 1919 prolicere.
1448 1847 1648 1906 Verum
1685 1851 1829 1907 enim
1871 1861 1953 1907 est
1981 1853 2108 1923 quia

521 1937 566 1992 si
607 1939 897 1996 monachus
923 1941 1152 1994 novitius
1178 1941 1229 1994 in
1257 1955 1355 1995 suo
1374 1941 1648 2012 proposito
1689 1943 1852 1999 fuerit
1876 1945 2108 2014 tepidus,

520 2031 736 2096 autvix,
757 2039 849 2084 aut
873 2048 1146 2101 mmquam
1171 2033 1222 2085 in
1247 2031 1505 2102 religione
1528 2035 1844 2089 monachica
1870 2035 1974 2090 erit
2002 2035 2112 2091 fer-

520 2121 694 2177 vidus.
734 2119 958 2188 Qualem
979 2122 1145 2194 igitur
1174 2131 1224 2176 te
1254 2123 1530 2177 desideras
1561 2123 1794 2178 inveniri
1839 2125 1892 2179 in
1923 2125 2112 2181 diebus

519 2213 698 2268 obitus
713 2213 805 2278 tui,
826 2213 984 2269 talem
1007 2213 1318 2284 tejquotidie
1332 2215 1490 2269 stude
1511 2215 1797 2284 exhibere;
1823 2225 1878 2271 et
1897 2231 2112 2288 semper

519 2305 674 2372 quasi
701 2320 824 2361 eras
859 2307 1174 2372 moriturus,
1205 2305 1364 2362 hodie
1405 2313 1455 2362 te
1485 2322 1726 2378 praepara
1756 2308 1823 2363 ad
1875 2307 2108 2362 redden-

520 2399 643 2452 dam
670 2397 937 2453 rationem
960 2397 1085 2452 vitae
1118 2407 1236 2463 tuae,
1265 2407 1318 2453 et
1345 2399 1422 2454 sic
1449 2399 1514 2454 de
1542 2399 1740 2454 virtute
1769 2401 1820 2455 in
1851 2399 2108 2455 virtutem

525 2487 793 2556 proﬁcies.
828 2488 1088 2544 Dominus
1117 2495 1170 2544 te
1203 2489 1399 2559 dirigat
1431 2498 1486 2544 et
1521 2491 1808 2546 custodiat.

875 2599 1042 2673 m9
1087 2598 1424 2656 EPISTOLA
1469 2601 1628 2657 cxnv
1661 2603 1750 2656 διο.

731 2708 957 2752 ΔΝΒΕιΙΙΙ
983 2708 1052 2747 ΔΙ)
1080 2707 1354 2754 Βειιιιιευιι
1389 2707 1564 2748 REGE!
1587 2710 1894 2752 ΑΝσιοιιυιι.

517 2787 600 2841 Ad
627 2803 796 2856 regem
811 2787 968 2842 mittit
986 2785 1336 2858 Gisleltertum
1361 2785 1691 2858 percensent,
1707 2787 1791 2842 cui
1808 2797 1919 2842 tuto
1943 2789 2106 2858 possit

591 2853 798 2911 credere
824 2859 922 2912 sibi
948 2855 1324 2926 renuntianda.
1355 2853 1666 2910 Pascltalem
1690 2853 1996 2926 pronuntiat
2021 2876 2108 2912 ca-

588 2928 1036 2992 nonice'electum,
1060 2935 1109 2982 et
1145 2927 1372 2980 alterum
1398 2943 1508 2981 esse
1538 2927 1674 2982 sedis
1707 2929 2006 2998 apostolicw
2028 2931 2110 2982 in-

585 3015 818 3052 sutorem
829 3037 841 3051 .

591 3089 866 3154 Hesmco,
904 3089 1230 3144 charissimo
1273 3086 1492 3142 domino
1521 3089 1588 3120 ⁸²¹
1627 3105 1746 3152 suo,
1788 3091 1957 3162 gratia
2011 3090 2104 3145 Dei

521 3185 633 3254 regi
662 3183 988 3252 Anglorum,
1015 3181 1300 3240 Ausstuus
1337 3183 1777 3252 archiepisc0pus
1812 3181 2102 3250 Canturim,

519 3273 676 3329 lidele
702 3273 1130 3330 servitium'cum
1170 3271 1524 3328 orationibus.

590 3364 858 3436 Praecepit
911 3365 1040 3420 mihi
1094 3363 1358 3420 celsitudo
1397 3375 1574 3419 vestra
1635 3364 1686 3420 in
1739 3365 1936 3421 litteris
1992 3367 2105 3428 suis

519 3465 784 3526 quatenus
809 3455 910 3512 sibi
945 3455 1180 3526 aliquem
1213 3455 1279 3510 de
1311 3453 1668 3510 familiaribus
1699 3457 1898 3511 n0stris
1929 3457 2104 3510 mitte-

521 3563 668 3612 rem,
711 3548 796 3602 cui
839 3547 1180 3602 familiariter
1224 3547 1446 3601 credere
1489 3557 1672 3616 posset
1706 3563 1768 3603 ea
1807 3564 1926 3620 qua:
1971 3548 2101 3603 mihi

521 3640 780 3694 mandare
823 3637 1002 3693 vellet.
1045 3637 1198 3692 Mitto
1235 3635 1396 3707 igitur
1431 3635 1653 3692 fratrem
1689 3639 1904 3693 nomine
1933 3637 2106 3693 Gisle-

519 3734 757 3800 bertmn,
794 3731 1119 3786 monachum
1157 3727 1504 3796 Beccensem,
1539 3729 1854 3784 familiarem
1901 3747 2102 3796 ineunt,

519 3823 604 3878 cui
648 3825 790 3880 sicut
819 3823 890 3857 ⁸³⁸
917 3823 1048 3879 mihi
1097 3823 1319 3878 credere
1349 3824 1576 3892 potestis
1601 3823 1744 3893 quod
1785 3825 1912 3878 mihi
1953 3840 2106 3878 man-

517 3915 647 3971 dure
677 3915 960 3986 placuerit.
991 3915 1092 3984 Qui
1121 3917 1288 3970 etiam
1325 3913 1626 3970 notiftcabit
1655 3915 1806 3972 vobis
1833 3917 2106 3988 quomodo

519 4007 770 4064 dominus
800 4007 1128 4064 Balduvinus
1148 4009 1217 4041 ³³³
1239 4021 1292 4063 et
1319 4009 1619 4066 Willelmus
1639 4009 1751 4078 jam
1791 4009 1892 4062 iter
1921 4009 2106 4064 Bonae

517 4099 743 4170 ingressi
771 4101 1002 4166 fuerant,
1033 4104 1247 4172 quando
1275 4091 1514 4160 vestram
1543 4099 1756 4172 suscepi
1779 4100 2059 4170 epistolam
2085 4116 2100 4165 ;

517 4191 738 4265 etquod
771 4195 1077 4252 audivimus
1108 4195 1173 4250 de
1207 4195 1506 4266 apostolico
1530 4193 1802 4260 Paschali,
1835 4203 1889 4248 et
1917 4193 1984 4248 de
2013 4193 2102 4248 illo

515 4284 608 4356 qui
641 4283 822 4339 sedem
865 4283 980 4354 ejus
1017 4299 1114 4354 per
1140 4285 1383 4356 rapinam
1429 4284 1630 4339 dicitur
1669 4283 1948 4338 invasisse.
1993 4283 2104 4337 IIoc

519 4383 726 4428 tantum
769 4373 889 4429 dico
930 4375 1053 4444 quia
1106 4376 1435 4446 apostolicus
1475 4375 1752 4454 Paschalis
1804 4375 2101 4431 secundum

1071 293 1129 350 S.
1169 294 1468 350 ANSELMI
1509 295 1859 354 CANTUAR.
1893 297 2212 354 ARCIIIEP.
2251 295 2402 356 OPP.
2445 297 2728 356 PABSJll
2757 331 2828 342 —
2852 299 3232 358 EPISTOLIE.

3699 305 3824 364 15!.

2143 415 2187 472 Α
2220 411 2422 480 patitur
2445 409 2682 468 Ecclesia
2722 415 2948 480 Christi,
2979 418 3128 486 quod
3157 416 3298 472 idem
3333 417 3450 485 ipse
3483 433 3674 488 passus
3699 431 3802 489 est,

2214 515 2269 562 et
2284 506 2531 562 eamdem
2557 507 2854 564 Ecclesiam
2877 525 3160 579 passuram
3187 512 3462 580 praulixit:
3489 512 3551 566 In
3583 513 3804 582 mundo,

2214 599 2484 669 inquiens,
2509 617 2810 672 prcssuram
2847 603 3100 658 habebitis
3141 603 3324 674 (Joan.
3349 619 3459 668 xw,
3492 605 3614 676 '55);
3641 621 3806 674 quam

2213 687 2483 744 confortat
2523 691 2900 762 subjungens:
2943 692 3049 747 Sed
3090 694 3359 762 conﬁdite,
3395 710 3488 763 ego
3523 693 3619 747 vici
3653 711 3806 748 utun-

2212 779 2337 832 dmn
2361 781 2432 811 ³¹⁵
2461 780 2676 850 (Ibid).
2704 781 3059 853 Omnipotens
3098 783 3240 840 Deus
3283 785 3362 840 sic
3407 801 3505 846 vos
3547 785 3712 840 iaciat
3749 785 3804 840 in

2213 870 2314 924 hac
2343 871 2457 926 vita
2488 887 2716 942 regnare
2753 890 2917 945 super
2943 876 3150 948 Anglos
3181 885 3238 932 ut
3267 876 3318 930 in
3355 875 3533 932 futura
3568 879 3808 949 regnetis

2215 961 2356 1016 inter
2379 963 2622 1035 angelos.

2627 1039 2636 1048 ‘
2688 1054 3023 1112 EPISTOLA
3063 1057 3204 1114 cxv
3231 1060 3326 1116 ιιι.

2631 1163 2854 1203 ANSELII
2885 1165 2952 1204 AD
2981 1166 3084 1206 (ὅ...
3117 1166 3380 1208 ΔΒΒΛΤΕΕ.

2213 1234 2392 1309 Electa
2441 1238 2493 1291 in
2541 1240 2837 1309 episcopum
2882 1243 3106 1298 consulit
3166 1255 3222 1297 ut
3266 1255 3474 1300 servata
3510 1245 3808 1302 obedientia

2280 1308 2487 1394 a'nitnns
2524 1307 2638 1378 ejus
2665 1307 2868 1394 tantum
2899 1329 3030 1394 onus
3056 1313 3245 1394 fugiat.
3286 1313 3366 1394 _Iis
3396 1332 3511 1394 uero
3542 1318 3631 1386 qui
3662 1318 3798 1370 Italic

2278 1376 2564 1458 elegerunt,
2590 1381 2825 1458 consulit
2841 1391 2894 1434 ut
2924 1376 3094 1451 ipsum
3117 1376 3240 1454 quia
3265 1385 3474 1455 dignior
3493 1376 3590 1451 esi,
3617 1397 3804 1458 cogant

2281 1449 2350 1502 ad
2375 1465 2506 1504 onus
2525 1449 2952 1519 suscipiendum.
3087 1471 3092 1476 '

2283 1539 2512 1596 Domino
2558 1551 2614 1596 et
2665 1541 2810 1598 Patri
2863 1544 3222 1611 charissimo,
3273 1547 3572 1603 reverenda
3621 1546 3804 1602 abbati

2211 1629 2276 1684 ϐ.
2312 1628 2482 1686 frater
2515 1629 2830 1699 Assstuus,
2873 1647 3090 1704 semper
3125 1649 3248 1700 qua
3291 1636 3402 1692 Deo
3443 1635 3640 1706 placita
3679 1645 3810 1692 sunt

2139 1759 2184 1818 Β
2212 1721 2348 1778 velle
2369 1730 2424 1778 et
2445 1722 2644 1780 facere.

2285 1815 2550 1886 Dignatur
2595 1825 2778 1874 vestra
2819 1818 3109 1889 prudentia
3149 1835 3288 1876 mea:
3330 1819 3616 1892 parvitatis
3663 1821 3810 1876 scire

2215 1904 2498 1960 consilium
2529 1906 2596 1962 de
2623 1921 2682 1964 re
2709 1908 2778 1963 de
2805 1923 2914 1979 qua
2943 1911 3154 1982 agitur;
3187 1912 3330 1967 unde
3364 1912 3538 1982 primo
3565 1926 3666 1968 oro
3691 1927 3814 1967 om—

2215 1995 2510 2066 nipotentis
2547 1996 2642 2054 Dei
2679 1999 2971 2072 benignam
3019 2001 3362 2058 clementiam
3399 2011 3457 2057 ut
3491 2003 3604 2074 ipse
3635 2011 3806 2057 totam

2214 2103 2326 2142 rem
2375 2087 2430 2142 in
2477 2089 2816 2159 beneplacito
2862 2107 2962 2148 suo
3001 2093 3274 2164 disponat:
3314 2093 3570 2150 Nostrum
3623 2105 3810 2150 autem

2213 2181 2520 2248 consilium,
2547 2183 2694 2252 quod
2722 2185 2930 2240 utinam
2968 2186 3033 2242 de
3068 2185 3220 2241 vultu
3269 2185 3363 2241 Dei
3405 2185 3658 2255 prodeat,
3703 2185 3812 2242 hoc

2212 2281 2295 2330 est
2319 2273 2462 2344 quod
2489 2275 2684 2332 melius
2707 2291 2927 2348 possum
2957 2279 3280 2352 intelligere.
3321 2279 3400 2335 Illi
3423 2280 3646 2352 quidem
3678 2295 3813 2338 con-

2212 2365 2330 2422 sulo
2353 2376 2433 2434 ut,
2461 2377 2724 2437 quantum
2751 2380 2949 2441 potest,
2979 2381 3194 2427 servata
3219 2381 3396 2428 tamen
3420 2372 3732 2428 obedientia
3753 2379 3812 2428 ct

2213 2459 2300 2524 pia
2324 2461 2764 2528 mansuetudine,
2803 2463 3017 2518 animus
3054 2462 3171 2532 ejus
3203 2473 3410 2520 tantum
3443 2479 3584 2520 onus
3613 2463 3808 2533 fugiat.

2217 2551 2379 2608 Vobis
2406 2562 2588 2610 autem
2617 2561 2674 2608 et
2705 2553 2848 2618 aliis,
2889 2555 2958 2610 ad
2985 2570 3120 2625 quos
3157 2555 3260 2610 hoc
3299 2555 3558 2626 pertinet,
3583 2553 3812 2608 consqu

2213 2644 2338 2714 quia
2389 2661 2495 2700 non
2525 2645 2686 2700 video
2715 2643 2784 2701 de
2823 2660 2930 2716 quo
2973 2647 3168 2704 melius
3197 2650 3368 2718 possit
3396 2663 3534 2712 esse,
3567 2655 3628 2701 ut
3657 2645 3808 2700 illum

2213 2735 2472 2806 rogando,
2505 2735 2870 2806 praecipiendo
2899 2737 3128 2809 cogatis,
3155 2747 3420 2808 quatenus
3451 2745 3506 2792 et
3535 2735 3654 2805 ejus
3677 2751 3812 2792 con-

2212 2817 2438 2884 scientia
2473 2827 2717 2884 securior
2744 2827 2814 2883 sit
2843 2829 2894 2883 in
2928 2839 3226 2899 conspectu
3263 2831 3376 2896 Dei,
3401 2845 3522 2886 cum
3555 2845 3662 2884 non
3703 2827 3810 2883 nisi

2211 2915 2328 2970 solo
2359 2916 2552 2971 timore
2586 2916 2678 2971 Dei
2723 2926 2782 2972 et
2815 2917 3122 2974 ohedientia
3162 2929 3351 2976 sancta
3389 2935 3450 2976 se
3485 2929 3808 2991 provectum

2209 3007 2528 3076 conspiciet,
2555 3015 2610 3063 et
2642 3008 2784 3062 Deus
2808 3011 2960 3078 quasi
2993 3027 3058 3066 (ex
3091 3011 3276 3068 debito
3305 3011 3370 3066 ad
3404 3013 3600 3066 bonum
3635 3009 3800 3064 ﬁnem

2215 3099 2476 3168 perducat
2497 3102 2640 3169 quod
2663 3113 2887 3174 propter
2911 3119 2969 3160 se
2991 3104 3164 3158 solum
3191 3106 3484 3174 inemptum
3512 3103 3806 3173 intelliget;

2213 3201 2266 3245 et
2295 3193 2448 3247 vobis
2486 3205 2516 3244 a
2545 3191 2614 3223 ⁵¹⁷
2655 3208 3014 3264 supernorum
3047 3195 3238 3252 Iudice
3273 3197 3602 3252 retribuatur
3625 3237 3639 3260 ,
3678 3197 3808 3265 quia

2208 3287 2292 3356 pia
2317 3288 2680 3346 sollicitudine
2709 3289 3010 3346 Ecclesium
3035 3287 3130 3344 Dei
3167 3305 3264 3361 per
3299 3289 3540 3346 membra
3563 3289 3682 3358 ejus
3718 3303 3812 3343 su-

2210 3388 2448 3436 stentare
2471 3383 2734 3453 satagitis.
2767 3382 2918 3438 Vale.

2653 3495 2990 3553 EPISTOLA
3054 3495 3214 3552 CXVI
3269 3498 3358 3552 m.

2708 3605 2934 3646 ANSELIII
2965 3605 3033 3646 AD
3068 3605 3302 3646 ODONEM.

2207 3696 2392 3766 Ipsum
2423 3701 2492 3753 ad
2515 3701 2744 3773 purioris
2775 3701 2894 3756 vita:
2907 3719 3078 3773 genus
3107 3704 3434 3766 sectandum,
3463 3704 3580 3773 jam
3615 3719 3810 3759 accen-

2277 3785 2391 3822 sum
2419 3769 2585 3838 magis
2605 3773 2860 3826 accendit.
2905 3769 3034 3826 Vota
3073 3775 3232 3828 eundi
3267 3769 3486 3828 Romam
3505 3774 3582 3830 uel
3611 3773 3809 3830 Hiero-

2277 3839 2532 3908 solymam
2557 3841 2886 3910 complentur
2911 3843 2964 3896 in
2996 3843 3319 3913 professione
3341 3845 3650 3900 monastica.

2277 3931 2505 3987 Domino
2550 3942 2605 3988 et
2641 3933 2798 3988 fratri
2825 3935 2878 3989 in
2906 3935 3123 3992 Christo
3149 3935 3370 4003 dilecto,
3403 3935 3597 4004 000m,
3633 3937 3808 3994 frater

2205 4021 2490 4080 Assuuus
2521 4023 2771 4080 salutem.

2281 4115 2338 4170 Si
2376 4125 2556 4170 vestra
2597 4115 2844 4182 dilectio,
2875 4119 3052 4174 adhuc
3097 4135 3284 4176 amore
3326 4120 3510 4174 mundi
3555 4129 3799 4190 gravata,

2207 4207 2440 4278 spinosis
2487 4209 2942 4266 sollicitudinibus
2987 4211 3295 4268 divitiarum
3321 4211 3440 4282 ejus
3499 4211 3802 4280 laboraret,

2207 4311 2486 4370 oporteret
2521 4301 2587 4356 ad
2623 4313 2862 4359 mentem
2899 4304 2947 4358 ei
2980 4305 3241 4362 reducere
3272 4305 3437 4360 verba
3473 4301 3688 4360 Domini
3719 4305 3808 4360 di-

2209 4393 2383 4448 centis
2414 4413 2427 4447 ε
2474 4393 2652 4448 Venite
2677 4397 2746 4448 ad
2772 4412 2851 4450 me
2869 4438 2885 4463 ,
2916 4413 3093 4452 omnes
3119 4399 3210 4469 qui
3239 4398 3492 4453 laboratis
3519 4405 3568 4451 et
3597 4398 3806 4451 onerati

519 4467 687 4569 Deum
721 4465 1092 4577 ec‘clesiastice
1124 4477 1208 4524 est
1240 4468 1465 4535 eIeCluS.
1499 4477 1552 4524 ει
1582 4483 1681 4540 Per
1709 4475 1874 4577 Ellam
1915 4467 2103 4577 Ec‘i‘f‘
2133 4515 2183 4577 υ
2205 4485 2350 4548 estis,
2375 4497 2421 4539 et
2449 4503 2541 4556 ego
2564 4503 2649 4542 uos
2677 4488 2993 4560 requiescere
3015 4465 3230 4560 faciam.
3253 4491 3520 4559 Quoniam
3539 4505 3670 4546 vero
3685 4489 3804 4560 jam

517 4557 652 4611 siam
685 4555 1006 4613 catholicam
1033 4555 1145 4627 jam
1177 4565 1462 4630 susceptus
1499 4563 1554 4614 et
1609 4555 1981 4612 confirmatus.
2014 4557 2104 4613 Ille

521 4663 651 4704 vero
690 4647 930 4716 invasor,
969 4647 1036 4704 de
1079 4663 1188 4719 quo
1231 4649 1374 4704 fama
1415 4657 1520 4715 est,
1556 4647 1758 4704 nullam
1797 4649 1960 4705 habet
1997 4647 2108 4704 ele-

520 4741 754 4798 ctionem
804 4750 897 4796 aut
931 4743 1358 4811 susceptionem,
1406 4741 1510 4796 nisi
1548 4756 1578 4795 a
1616 4741 1740 4796 ﬁliis
1769 4741 1970 4797 diaboli
2005 4741 2107 4797 ini-

521 4833 678 4890 micis
697 4833 954 4891 Ecclesiaa
977 4833 1090 4891 Dei.
1106 4835 1449 4905 Quapmpter
1467 4845 1842 4905 exspectamus
1861 4844 1920 4890 ut
1943 4851 2106 4908 super

517 4941 640 4980 cum
675 4926 858 4992 cadat,
893 4927 938 4982 si
982 4926 1220 4982 nondum
1244 4925 1437 4982 cecidit
1461 4919 1552 4992 δίδ,
1579 4917 1725 4996 quod
1751 4926 1887 4982 dixit
1923 4927 2105 4984 Domi-

513 5033 666 5075 nus:
727 5018 911 5074 Omnis
951 5017 1231 5089 plantatio,
1283 5035 1442 5089 quant
1491 5033 1594 5074 non
1632 5019 1884 5090 plantavit
1939 5019 2102 5076 Pater

521 5130 663 5170 meus
693 5114 936 5181 caelestis,
966 5115 1323 5170 eradicabitur
1355 5113 1568 5186 (illatus.
1601 5132 1692 5182 xv,
1718 5115 1953 5188 l3).Nec
1981 5133 2100 5174 mo-

517 5207 632 5262 veri
693 5207 856 5264 debet
902 5208 1100 5280 aliquis
1150 5207 1524 5274 Christianus,
1575 5207 1622 5264 si
1669 5208 2098 5280 persecutionem

2211 4577 2548 4649 prospiciens
2573 4579 2700 4649 quia
2735 4569 2968 4636 mundus
2994 4582 3247 4638 transibit
3275 4595 3331 4639 et
3359 4579 3806 4652 concupiscentia

2209 4671 2347 4741 ejus,
2369 4671 2481 4742 jam
2501 4687 2605 4728 non
2631 4672 2806 4744 diligit
2825 4676 3084 4730 mundum
3106 4691 3282 4746 neque
3307 4691 3370 4732 ea
3389 4677 3575 4746 quain
3598 4672 3808 4730 mundo

2210 4771 2358 4828 sunt,
2396 4761 2488 4817 sed
2519 4779 2640 4833 quae
2672 4779 2888 4822 sursum
2919 4773 3043 4820 sunt
3074 4765 3302 4836 quaerit,
3341 4781 3448 4821 non
3485 4781 3604 4836 qua:
3638 4777 3808 4834 super

2211 4863 2452 4922 terram,
2509 4855 2644 4910 nihil
2699 4857 3110 4914 convenientius
3169 4858 3246 4914 illi
3299 4859 3588 4914 dicendum
3641 4855 3805 4908 video

2208 4963 2368 5016 quam
2396 4948 2539 5017 quod
2570 4947 2833 5017 scriptum
2873 4957 2956 5004 est
2985 4962 3001 5003 :
3035 4947 3170 5016 Fili,
3211 4966 3274 5004 ne
3311 4951 3528 5022 differas
3568 4944 3804 5002 conserti

2205 5037 2269 5090 de
2302 5037 2386 5092 die
2409 5038 2460 5092 in
2487 5038 2654 5106 diem;
2685 5048 2778 5095 et:
2811 5037 3171 5110 Quodcunque
3207 5049 3372 5110 potest
3408 5039 3582 5110 facere
3608 5049 3804 5090 manus

2205 5138 2319 5196 tua,
2353 5131 2606 5186 instanter
2637 5147 2874 5201 operare.
2895 5131 2975 5188 Ad
3005 5147 3168 5203 quam
3215 5147 3327 5188 rem
3363 5131 3666 5186 fraternum
3701 5145 3804 5185 no-

2205 5227 2377 5272 strum
2421 5235 2542 5276 esse
2589 5229 2838 5292 paratum
2889 5221 3232 5292 obsequium,
3274 5233 3482 5278 certum
3529 5221 3600 5276 sit
3647 5221 3806 5276 vobis

1819 5345 2048 5404 VARLE
2087 5350 2490 5409 LECTIONES.

591 5505 659 5536 ⁵⁸⁸
685 5503 816 5559 Cum
845 5505 1026 5561 eodem
1049 5525 1126 5562 ms
1157 5506 1350 5561 collata
1459 5508 1528 5540 ’θ’

519 5641 590 5676 ³³⁵
627 5643 744 5698 Non
807 5641 1002 5703 cecidit
1051 5665 1128 5702 ms
1181 5647 1418 5704 nondum
1478 5641 1673 5704 cecidit

521 5715 586 5746 ἰτ
619 5717 663 5772 Δ
698 5717 846 5773 vobis
865 5736 940 5772 ms
967 5719 1117 5776 vobis
1143 5735 1173 5774 a
1285 5717 1353 5750 ¹¹¹⁸
1385 5715 1514 5774 Cum
1541 5723 1716 5774 eodem
1749 5739 1825 5777 ms
1855 5727 2046 5782 collata

1559 5508 1691 5590 Qum
1722 5507 2013 5590 afccpistis
2051 5529 2153 5590 m_s__
2178 5517 2422 5590 o_rd_inem
2475 5530 2634 5590 quem
2667 5520 2922 5590 accepisti

519 5573 584 5648 {ff
612 5575 839 5648 Domino
863 5575 992 5648 Regi
1025 5594 1102 5632 ms
1136 5577 1362 5648 Domino
1389 5593 1505 5644 suo,
1529 5573 1714 5634 Gratia
1742 5579 1836 5634 Dei
1858 5573 2000 5646 Regi
2085 5583 2154 5616 ⁵¹²
2184 5585 2280 5640 Cui
2310 5587 2387 5641 sic
2418 5573 2606 5640 ms'cui
2643 5573 2782 5642 sicut

1804 5651 1873 5682 ⁵¹⁵
1937 5653 2292 5726 Vicinandum
2325 5673 2402 5712 ms
2453 5657 2558 5714 vici
2617 5659 2872 5714 mundum

3034 5519 3114 5600 'f°_
3130 5517 3263 5600 cum
3291 5518 3584 5600 eodem-‘93s.
3600 5517 3800 5600 collata

2891 5589 2960 5622 ⁸¹¹¹
2989 5588 3311 5644 Baldeninus
3357 5605 3433 5642 ms
3459 5587 3790 5643 Balduvinus

3011 5661 3078 5693 ⁵³⁸⁵
3110 5657 3242 5716 Cum
3293 5660 3472 5714 eadem
3499 5674 3576 5714 ms
3599 5658 3798 5713 collata
