4064 6302
541 334 644 393 155

545 467 700 509 cesse
723 457 893 516 esset,
923 456 1093 504 totum
1119 447 1172 502 iu
1202 448 1305 503 hoc
1323 447 1552 517 expendi
1575 445 1832 517 quidquid
1860 446 1926 502 de
1951 447 2132 502 archi-
2163 456 2206 513 Α

540 546 866 601 diaconatus
902 540 1202 598 redditihus
1239 554 1326 595 me
1353 539 1638 610 contingit,
1661 549 1726 594 .et
1757 539 1925 594 multo
1963 540 2125 595 etiam

542 637 770 707 majora,
812 649 974 704 quam
1003 641 1062 686 ut
1093 632 1195 687 iste
1239 631 1330 701 qui
1377 631 1445 686 ad
1477 646 1576 686 nos
1625 631 1780 701 quasi
1829 632 1896 686 ad
1938 646 2126 688 servos

542 727 634 781 Dei
678 736 734 781 et
774 738 932 780 veros
969 722 1310 778 Christianos
1339 723 1406 778 de
1438 722 1686 778 manibus
1729 721 1926 777 diaboli
1969 721 2124 794 fugit,

543 818 740 871 misere
779 814 923 868 vivat
963 813 1103 868 inter
1127 829 1245 869 nos.
1286 812 1484 868 Iterum
1516 828 1710 883 precor
1736 822 1790 868 et
1818 811 2044 869 obsecro
2068 822 2130 868 ut

540 904 840 962 ostendatis
885 905 938 960 itt
977 920 1072 961 eos
1109 921 1205 960 vos
1241 903 1442 960 habere
1469 903 1836 960 Christianam
1871 904 2128 976 pietatem

538 1013 594 1057 et
611 1001 1038 1058 Christianitatis
1062 1013 1325 1065 amorem,
1343 997 1498 1054 valde
1511 998 1654 1054 enim
1678 999 1822 1054 ltedit
1837 1013 1932 1054 cor
1949 1013 2128 1054 meum

538 1093 841 1165 indigentia
873 1093 1036 1160 illius,
1063 1093 1179 1150 sive
1203 1091 1257 1146 in
1282 1090 1448 1156 victu,
1486 1089 1652 1164 510
1676 1091 1792 1148 sive
1820 1091 1873 1146 itt
1905 1091 2125 1147 vestitu.

540 1185 728 1242 Facite
757 1188 920 1258 igitur
947 1197 1007 1243 ut
1041 1201 1138 1242 cor
1164 1199 1343 1240 meum
1375 1182 1444 1238 ab
1482 1183 1586 1240 hac
1613 1183 1834 1240 laesione
1861 1183 2126 1255 quiescat,

539 1279 587 1333 si
622 1279 766 1334 illam
794 1279 866 1312 '“
903 1295 1010 1336 non
1035 1278 1252 1333 amatis.
1285 1275 1485 1332 Valete.

992 1415 1326 1472 EPISTULA
1354 1412 1560 1471 CXVIII
1585 1412 1676 1466 ⁸³⁸.

542 1542 766 1584 Λιιδειιιι
813 1543 881 1600 ΑΙ)
929 1543 1172 1584 ALFEBL’I
1222 1542 1454 1584 Ριιιοιιειι
1507 1543 1577 1581 ΕΤ
1619 1541 1894 1584 ιιοΝιιοιιοδ
1941 1539 2128 1584 ΒΔΝΕΤΙ

1188 1613 1482 1654 ΕΑῧΜυΝοι.

541 1711 802 1767 Invictum
824 1713 875 1768 in
903 1714 1133 1766 adversis
1158 1713 1390 1766 animum
1425 1711 1631 1766 laudat.
1658 1711 1726 1766 Et
1757 1725 1810 1768 ttt
1839 1733 2002 1783 ιιι-ιοη
2031 1734 2128 1772 sua

1107 329 1164 386 S.
1187 327 1484 385 ANSELMI
1517 326 1845 385 CANTUAR
1882 326 2200 384 AIICIIIEP.
2224 326 2376 385 ΟΡΡ.
2420 326 2618 383 PARS.
2643 315 2704 381 IIII
2739 356 2812 366 --
2842 321 3224 382 EPISTOLzE.

3715 323 3815 380 156

2697 445 3031 502 EPISTOLA
3066 443 3232 500 CXIX
3259 441 3328 474 "°

2372 554 2666 596 HATIIILDIS
2701 553 2910 594 III-IGNE
2948 553 3234 594 ANGLOIIUII
3265 552 3333 590 AD
3369 548 3666 591 ANSBLIIDII.

2232 629 2432 698 Quanti
2477 630 2928 700 faciatWAnselmi
2980 630 3204 700 litteras.
3261 625 3816 700 QuodquegEdulph‘o

2300 696 2564 756 abbatiam
2624 699 3005 754 Malmesberia:
3057 699 3191 768 (28)
3259 696 3602 762 concesserit,
3656 697 3815 753 salt-is

2300 771 2540 826 omnibus
2567 770 2942 840 archiepiscopi
2957 769 3189 840 juribus.

2302 860 2531 917 Domino
2558 875 2658 916 suo
2687 869 2741 916 et
2766 860 2911 916 Patri
2939 861 3236 916 reverendo
3255 860 3463 930 pariter
3486 867 3540 914 et
3567 857 3815 922 colendo,

2229 952 2523 1020 ANSELIIO,
2579 951 2958 1010 Cantuariensi
3011 951 3460 1022 archiepiscOpo,
3515 948 3819 1004 MATltlLDlS

2233 1044 2441 1114 regina,
2478 1043 2670 1100 devota
2698 1042 3000 1100 sanctitatis
3028 1043 3145 1115 ejus
3176 1041 3373 1098 ancilla
3393 1081 3409 1108 ,
3445 1056 3567 1097 cum
3598 1039 3820 1096 Christo

2229 1151 2328 1193 suo
2357 1136 2611 1193 salutem.

2303 1230 2528 1299 Quoties
2551 1228 2825 1301 cpistolari
2847 1228 3116 1286 beneﬁcio
3141 1235 3334 1284 vestrae
3360 1226 3491 1283 mihi
3515 1227 3819 1283 sanctitatis

2231 1322 2584 1394 municipium
2624 1321 2936 1393 impertitis,
2967 1321 3128 1378 toties
3157 1321 3422 1378 innovatae
3459 1318 3661 1375 Iretitia:
3699 1319 3820 1375 luce

2231 1413 2550 1470 nebulosam
2602 1400 2798 1468 anima:
2847 1427 2983 1468 mea:
3036 1412 3320 1484 caliginem
3375 1411 3668 1468 serenatis.
3724 1411 3822 1466 Est

2233 1507 2434 1563 etenim
2461 1506 2628 1561 vestri
2671 1505 2917 1576 qumdam
2946 1513 3004 1560 et
3029 1505 3269 1561 absentis
3304 1503 3698 1575 qualiscunque
3735 1520 3821 1560 re-

2231 1597 2391 1664 visio,
2444 1603 2501 1651 et
2542 1594 2804 1651 chartula:
2856 1603 3247 1660 contrectatus,
3298 1605 3354 1650 et
3404 1594 3596 1649 littera:
3642 1593 3823 1664 periu-

2234 1687 2407 1743 cunda
2463 1687 2771 1758 saepiusque
2821 1686 3047 1741 recitata
3102 1684 3346 1740 rclectio.
3397 1683 3538 1752 Quid
3589 1699 3822 1754 namque

608 1793 824 1853 peccata
856 1784 1235 1868 conﬁteantur,
1265 1794 1310 1836 et
1341 1783 1483 1836 omni
1523 1785 1762 1838 custodia
1803 1775 2001 1840 servent
2041 1805 2132 1841 cor

2234 1779 2451 1844 vestris,
2479 1778 2722 1844 domine,
2748 1777 2967 1847 scriptis
2988 1784 3084 1831 aut
3105 1775 3246 1850 stylo
3269 1776 3516 1831 ornatius
3535 1783 3626 1828 aut
3657 1788 3820 1829 sensu

611 1870 785 1918 suum,
815 1853 1146 1907 adhortatur.

617 1985 902 2060 ANSELIL‘S
928 1985 1387 2058 archiepiscopus,
1419 1987 1632 2044 dilectis
1655 1989 1780 2045 ﬁliis
1797 1999 1850 2046 et
1873 1988 2132 2047 fratribus

550 2078 747 2132 domno
771 2076 990 2134 ALFEBO
1017 2079 1206 2150 priori,
1241 2090 1295 2134 et
1323 2079 1446 2136 aliis
1474 2081 1647 2136 servis
1674 2080 1770 2137 Dei
1799 2081 1853 2136 itt
1881 2083 2130 2138 coenobio

538 2165 724 2222 Sancti
747 2167 1044 2222 Eadmnndi
1073 2167 1174 2224 sub
1195 2169 1286 2224 illo
1303 2171 1769 2238 conversantibus,
1809 2172 2039 2228 salutem
2077 2182 2131 2228 et

539 2257 978 2326 benedictionem
1013 2261 1129 2329 Dei,
1159 2269 1215 2316 et
1239 2276 1394 2316 suam
1424 2262 1497 2294 '"
1524 2271 1786 2333 quantum
1823 2263 1986 2319 valet.

614 2348 834 2406 Gratias
861 2367 961 2424 ago
989 2351 1098 2409 Deo
1128 2361 1183 2409 et
1213 2353 1365 2410 vobis
1391 2370 1490 2426 pro
1517 2357 1819 2412 constantia
1844 2367 1898 2413 et
1924 2359 2132 2428 patien-

545 2440 619 2494 tia
651 2450 853 2510 vestra,
893 2459 1053 2514 quam
1086 2446 1302 2502 habetis
1329 2448 1382 2502 itt
1419 2448 1858 2505 tribulationibus
1880 2451 1974 2516 ⁸⁸⁷,
2007 2451 2127 2506 hor-

545 2540 668 2586 tans
694 2541 747 2587 et
767 2533 1061 2591 obsecrans
1109 2544 1168 2592 ut
1193 2537 1332 2594 ﬁlios
1355 2539 1727 2606 charisslmos,
1755 2557 1822 2596 ne
1845 2540 2128 2608 deﬁciatis,

547 2623 644 2678 sed
702 2623 1101 2696 longanimiter,
1149 2637 1211 2684 ut
1255 2630 1523 2699 coepistis,
1573 2629 1670 2688 Dei
1708 2633 2129 2691 consolationem

543 2718 893 2785 exspectetis.
938 2718 1093 2774 Nulla
1129 2735 1226 2776 vos
1261 2723 1566 2778 adversitas
1594 2739 1623 2778 a
1666 2726 1891 2781 servitio
1921 2726 2015 2782 Dei
2042 2742 2130 2784 re-

545 2808 746 2875 tardet,
775 2809 910 2863 nihil
937 2811 1006 2865 ab
1026 2814 1373 2883 exsequenda
1398 2815 1674 2872 voluntate
1695 2816 1811 2886 ejus
1837 2831 2129 2877 removeat.

544 2898 870 2955 Mementote
914 2902 1057 2972 quod
1106 2917 1297 2960 omnes
1338 2905 1428 2975 qtti
1470 2906 1658 2962 volunt
1700 2908 1788 2978 pie
1845 2909 2028 2966 vivere
2076 2912 2129 2966 in

543 2989 805 3057 Christo,
867 3007 1092 3051 necesse.
1142 3004 1227 3050 est
1277 3007 1335 3052 ttt
1397 2998 1773 3056 tribulationes
1836 3004 2127 3072 patiantur.

541 3079 754 3148 Quanto
789 3083 952 3154 igitur
993 3085 1167 3157 magis
1202 3088 1579 3146 tribulationes
1614 3091 1939 3165 insurgunt,
1976 3105 2126 3153 tanto

2233 1869 2487 1927 refertius
2511 1869 2534 1923 ?
2567 1867 2685 1923 Non
2709 1867 2794 1923 his
2823 1865 3020 1923 desunt
3041 1865 3369 1922 Frontonica
3398 1865 3640 1936 gravitas
3669 1864 3795 1920 Cice

2230 1961 2591 2032 rot.is,.Fabii,
2615 1969 2710 2015 aut
2735 1958 3057 2027 Quintiliani
3087 1957 3152 1991 ⁸³¹
3188 1957 3464 2013 acumina.
3492 1956 3549 2012 In
3580 1955 3666 2012 his
3690 1969 3825 2012 sane

2230 2057 2479 2112 doctrina
2521 2054 2737 2125 quidem
2781 2053 3046 2107 redundat
3085 2050 3262 2118 Pauli,
3307 2050 3585 2122 diligentia
3631 2049 3828 2104 Hiero-

2231 2149 2400 2222 nymi,
2429 2145 2769 2204 elucubratio
2791 2143 2862 2180 ⁵⁸³
2883 2143 3150 2214 Gregorii,
3181 2142 3488 2214 explanatio
3513 2141 3822 2213 Augustini,

2231 2255 2285 2298 et
2312 2241 2455 2312 quod
2484 2241 2569 2295 his
2604 2237 2781 2308 majus
2815 2245 2921 2298 est,
2953 2237 3079 2292 hinc
3109 2235 3300 2291 dulcor
3320 2233 3621 2306 evangelici
3654 2233 3827 2288 stillat

2231 2334 2451 2405 eloquii.
2481 2333 2592 2389 Hac
2622 2331 2786 2403 igitur
2811 2329 2944 2384 mihi
2973 2328 3144 2400 gratia
3171 2327 3361 2383 diﬂttsa
3393 2341 3422 2382 a
3446 2326 3603 2382 labiis
3627 2327 3827 2382 vestris

2232 2441 2330 2483 cor
2376 2440 2553 2480 meum
2593 2431 2648 2478 et
2675 2437 2804 2478 caro
2851 2434 2970 2476 mea
3011 2420 3420 2474 cxsultaverunt
3467 2419 3521 2474 in
3571 2416 3823 2474 affectum

2233 2523 2427 2571 vestrm
2475 2512 2800 2579 dilectionis,
2835 2511 2917 2580 in]
2946 2509 3303 2581 eﬁ'ectuntque
3349 2518 3588 2581 paternae
3625 2517 3826 2564 vestra:

2235 2610 2568 2666 monitionis.
2599 2606 3065 2680 Frequentissimo
3109 2607 3307 2678 quippe
3348 2622 3572 2663 recursu
3617 2607 3826 2663 exhor-

2236 2703 2454 2759 tationis
2489 2711 2687 2758 vestrae
2731 2697 3243 2768 bettignissimaeqtte
3270 2696 3664 2754 obsecrationis
3700 2712 3822 2752 me-

2235 2793 2425 2857 tnoria,
2443 2793 2624 2849 cordis
2641 2792 2744 2847 mei
2758 2792 2982 2864 januam
3001 2789 3330 2855 reverberat,
3343 2787 3825 2858 obsecutionisqtte

2233 2885 2555 2941 Obedientia:
2599 2885 2875 2956 adjudicat
2917 2886 3008 2940 ⁸³³.
3055 2883 3264 2940 Vestra:
3308 2883 3472 2954 igitur
3514 2881 3823 2937 sanctitatis

2235 2973 2419 3029 favore
2445 2972 2585 3029 freta
2609 2966 2808 3038 domno
2829 2973 3020 3030 Edulfo
3037 2972 3108 3007 ⁸³⁵
3135 2972 3506 3028 Wintoniensi
3526 2969 3823 3034 monacho,

2233 3065 2474 3136 olimque
2505 3065 2770 3133 sacristaz,
2795 3066 2972 3131 vobis,
3001 3065 3186 3130 credo,
3216 3072 3364 3128 noto,
3387 3061 3659 3117 abbatiam
3691 3060 3828 3115 Mala

545 3172 718 3240 magis
756 3151 1127 3246 unusquisqu'c
1167 3186 1407 3233 vestrum
1445 3194 1505 3234 se
1537 3195 1635 3252 per
1667 3151 1870 3240 θηηξιω
1900 3151 2129 3242 c'onvcr;
2158 3162 2203 3224 C
2237 3157 2516 3213 mesberize
2537 3156 2590 3212 in
2618 3157 2702 3212 his
2724 3172 2842 3227 qua:
2867 3157 2970 3212 mei
2993 3155 3130 3226 juris
3154 3162 3310 3210 erant
3330 3151 3599 3216 commisi,
3624 3164 3846 3226 ves:ra:_

547 3265 777 3318 sationis
820 3282 954 3336 opus
998 3279 1268 3335 exerceat,
1314 3280 1371 3326 et
1409 3271 1462 3326 in
1505 3273 1589 3328 sui
1637 3275 1844 3331 ordinis
1884 3279 2131 3336 custodia

539 3357 747 3412 arctius
783 3360 1035 3429 stringat.
1077 3361 1205 3429 Qua:
1241 3363 1285 3418 si
1313 3361 1585 3432 feceritis,
1625 3367 1812 3422 sciatis
1854 3371 1996 3440 quod
2036 3373 2129 3428 Dci

541 3449 992 3518 consolationem,
1025 3452 1176 3523 prius
1211 3453 1437 3510 forsitan
1473 3472 1635 3527 quam
1664 3460 1896 3528 pu'ctis,
1920 3460 2132 3517 obtine-

540 3540 690 3597 bitis.
723 3543 912 3598 Nullus
953 3555 1190 3601 vestrum
1235 3557 1381 3604 amet
1407 3559 1502 3605 aut
1530 3550 1658 3606 velit
1693 3552 1873 3609 celare
1910 3565 2128 3624 peccata

543 3648 670 3698 sua,
695 3636 788 3689 sed
821 3651 884 3691 ea
911 3652 1048 3708 puro
1073 3646 1128 3692 et
1153 3639 1383 3710 simplici
1411 3641 1576 3699 corde
1603 3643 1798 3699 domno
1821 3646 2011 3715 priori,
2038 3655 2132 3701 aut

548 3727 633 3780 cui
668 3726 780 3796 ipse
808 3731 1157 3795 concesserit,
1203 3733 1546 3802 conﬁteatur,
1576 3746 1631 3793 et
1672 3740 1966 3794 secundum
1995 3740 2134 3809 judi-

544 3818 690 3872 cium
727 3819 844 3890 ejus
872 3825 1150 3892 emendet,
1183 3835 1237 3882 οι
1279 3828 1345 3883 de
1371 3838 1568 3886 cmtero
1604 3839 1662 3885 ttt
1707 3847 1826 3886 sese
1861 3833 2131 3889 custodiat

545 3911 721 3968 modis
767 3917 1020 3973 omnibus
1071 3918 1328 3974 enitatur.
1391 3922 1495 3977 Eos
1549 3933 1728 3978 autem
1767 3925 1837 3958 ⁸⁸⁸
1874 3927 1963 3993 qui
2028 3927 2128 3982 hoc

545 4001 706 4056 modo
745 4013 798 4058 et
840 4004 941 4061 hac
987 4006 1263 4064 voluntate
1307 4024 1402 4066 sua
1451 4023 1676 4082 peccata
1721 4013 1954 4069 confessi
2003 4025 2129 4070 sunt

545 4091 629 4147 vel
677 4095 1099 4166 conﬁtebuntur,
1134 4111 1396 4169 quantum
1426 4118 1676 4173 possum,
1704 4119 1767 4159 ea
1804 4108 2128 4165 auctoritate

546 4197 710 4249 quam
753 4202 786 4238 ιι
809 4185 883 4241 ihi
915 4186 1058 4245 Deus
1086 4193 1373 4267 concessit,
1407 4194 1522 4249 vice
1551 4195 1694 4250 beati
1727 4194 1871 4252 Petri
1909 4209 2128 4268 aposto-

548 4271 724 4362 lorum
766 4278 1027 4349 principis
1067 4281 1310 4350 absolvo,
1360 4294 1417 4342 et
1461 4295 1521 4341 ut
1568 4289 1648 4344 eis
1683 4290 2027 4362 omnipotens
2053 4291 2124 4324 ⁸²⁹

545 4360 690 4418 Deus
737 4365 1011 4443 indulgeat
1065 4375 1384 4446 suppliciter
1442 4391 1560 4432 oro.
1623 4377 1811 4434 Valete
1837 4355 1918 4434 ἐι
1973 4389 2127 4436 orate
2161 4355 2205 4410 D

541 4469 639 4522 ιιΓο
664 4472 770 4515 nte.

2233 3252 2452 3322 quidem
2495 3252 2771 3308 donationi
2813 3261 2869 3307 et
2915 3249 3256 3321 dispositioni
3297 3262 3631 3318 quascunque
3679 3246 3828 3302 illius

2233 3353 2359 3399 sunt
2403 3359 2467 3400 ex
2510 3343 2723 3415 integro
2769 3343 3092 3409 reservatis,
3131 3351 3194 3398 ut
3239 3341 3450 3398 scilicet
3496 3349 3605 3394 tam
3653 3338 3835 3410 virgae

2233 3451 2394 3507 quam
2424 3451 2568 3492 curae
2595 3435 2886 3508 pastoralis
2913 3434 3224 3492 commissio
3255 3442 3448 3490 vestrm
3477 3431 3831 3488 discretionis

2233 3528 2586 3584 contradatur
2627 3528 2877 3584 arbitrio.
2908 3527 2970 3583 Ei
3004 3536 3185 3583 autem
3222 3533 3418 3582 vestrae
3445 3523 3598 3580 bona:
3627 3523 3826 3578 volun-

2234 3623 2361 3677 tatis
2406 3622 2612 3694 gratim,
2660 3637 2783 3692 qua:
2822 3636 2950 3694 erga
3002 3635 3090 3676 me
3133 3635 3239 3676 non
3295 3617 3544 3689 tepescit,
3597 3618 3828 3688 dignum

2232 3730 2430 3770 munus
2489 3722 2868 3784 recompenset
2917 3726 3117 3768 numen
3176 3711 3367 3783 gratim
3423 3707 3684 3766 caelestis.
3744 3707 3831 3762 De

2232 3814 2434 3863 czetero
2450 3814 2688 3862 vestram
2711 3804 2963 3862 Christus
2985 3804 3300 3876 dignitatem
3321 3803 3599 3866 salviﬁcet,
3617 3799 3830 3872 quique

2232 3915 2330 3956 vos
2362 3900 2415 3955 in
2445 3909 2591 3955 terra
2617 3898 2914 3965 beatiﬁcat,
2943 3899 3009 3954 de
3030 3907 3212 3955 vestro
3239 3914 3325 3955 me
3347 3897 3522 3954 reditu
3547 3897 3657 3951 cilo
3685 3893 3829 3950 laeti-

2233 3991 2377 4046 ﬁcet.
2411 3996 2604 4046 Amen.

2710 4099 3044 4159 EPISTOLA
3077 4101 3220 4160 CXX
3248 4102 3341 4154 ⁸³⁸.

2653 4209 2879 4250 Αηεειιιι
2934 4209 3002 4248 AD
3060 4209 3368 4248 IATBILDEI
3378 4231 3391 4245 α

2233 4306 2537 4377 Edalpham
2559 4307 2876 4377 confirmare
2893 4307 2950 4362 in
2971 4306 3209 4377 abbatem
3230 4305 3554 4375 noluit,quia
3567 4303 3826 4375 scyphum

2447 4379 2516 4432 ad
2538 4376 2666 4433 eum
2683 4395 2806 4436 cum.
2820 4376 3009 4432 litteris
3031 4394 3126 4448 per
3146 4376 3344 4447 legatos
3369 4377 3601 4430 miserat.

2304 4468 2562 4536 Dominae,
2611 4467 2734 4524 ﬁlia:
2759 4467 3114 4534 charissima,
3152 4467 3400 4538 gloriosas
3441 4467 3661 4538 regium,
3710 4464 3832 4522 Illa-

1787 4605 2018 4662 VAIIUE
2049 4603 2449 4661 LECTIONES.

607 4711 679 4744 ⁸”
701 4712 849 4770 Illum
907 4733 1012 4771 non
1065 4736 1143 4773 ms
1192 4719 1336 4776 illaut
1388 4736 1493 4775 non

543 4789 656 4836 tttm
686 4785 824 4841 Valet

541 4853 612 4933 ᾖξ’
631 4854 793 4933 _Et__t_t_t
817 4859 1160 4933 0t_nnipo_l_ens
1193 4877 1271 4933 ms
1297 4870 1364 4933 et
1383 4871 1450 4933 ut
1466 4863 1547 4933 eis
1571 4853 1916 4933 omnipotens

543 4923 901 4990 Qttintilliani.
928 4923 1005 4984 nis
1027 4930 1304 4985 Ciceronis
1325 4930 1478 4987 Fahii
1507 4942 1599 4986 aut
1625 4932 1722 4990 Οιιί

543 4995 683 5048 dicat
714 5013 789 5052 ms
819 4999 1138 5055 Obedientia:
1163 5000 1436 5071 atljudicat

1604 4721 1674 4754 ⁵’⁸
1720 4719 1851 4777 Cum
1893 4723 2073 4778 eodem
2119 4738 2198 4776 ms
2236 4719 2431 4776 collata

951 4788 1018 4820 ⁵⁸⁷
1045 4788 1501 4846 Tribulationibus
1533 4792 1755 4857 vestris;
1781 4793 2007 4848 hortans
2034 4809 2112 4846 ms
2137 4791 2520 4848 tributioniltus
2544 4808 2558 4846 :
2585 4789 2812 4846 hortans

951 4859 1160 4919 ipotens
1193 4877 1271 4914 ms
1297 4870 1352 4916 et
1383 4871 1440 4915 ut
1467 4863 1547 4916 eis
1571 4863 1916 4919 omnipotens
2023 4863 2094 4895 ”°
2123 4862 2256 4919 Cum
2285 4862 2466 4917 eodem
2492 4879 2570 4916 ms
2596 4860 2791 4916 collata

1625 4877 1916 4933 nntpOtens
2023 4877 2094 4895 ’π
2123 4877 2256 4919 cum
2285 4877 2466 4917 eodem
2492 4879 2570 4916 ms
2596 4877 2791 4916 cauata

1625 4932 1942 5000 Quintiliani
1967 4935 2214 4990 acumina
2326 4932 2393 4964 ⁸³³
2418 4932 2697 4988 Elubratio
2722 4948 2791 4985 ma

1543 5001 1614 5036 '“
1651 5005 1856 5058 Donttto
1887 5003 2166 5076 Ernulpho
2195 5021 2273 5060 ms
2303 5002 2513 5058 Domno
2540 5001 2786 5072 Edulpho

2539 4720 2609 4751 ⁸²⁶
2638 4720 2703 4774 Ει
2757 4735 2952 4782 suam,
3009 4728 3113 4775 etc.
3175 4735 3253 4774 ms
3298 4727 3353 4774 et
3399 4733 3552 4774 suam
3593 4761 3608 4784 ,
3640 4731 3826 4787 quan-

2940 4790 3018 4861 "?
3042 4791 3154 4861 Ego
3185 4799 3364 4861 autem
3395 4806 3472 4843 ms
3502 4788 3609 4861 Eos
3639 4797 3834 4861 autem

2899 4861 2968 4892 ⁸³³
2987 4858 3701 4937 βίοῐξνοιιίε,“ῐ)ειιιοει]ιειιξε
3728 4867 3831 4937 aut

2326 4932 2393 4964 ⁸³³
2418 4932 2697 4988 Elubratio
2722 4948 2800 4985 ms
2823 4929 3164 4986 elucubratio
3288 4930 3357 4963 ⁵³³
3384 4927 3705 4984 Obedientia
3735 4927 3830 4997 ju-

2326 5003 2513 5056 )omno
2540 5001 2786 5056 Eduloho
2896 5001 2965 5034 ⁵³⁸
2991 5000 3122 5056 Cum
3143 5001 3322 5056 eodeni
3348 5016 3424 5054 ms
3446 4999 3640 5054 collata
3757 5015 3760 5018 ’

1738 5137 2022 5196 JOANNIS
2050 5139 2200 5198 PICA
2211 5139 2324 5195 RDI
2351 5136 2590 5197 ΝΟΤᾸΞ.

613 5249 728 5331 (28)
746 5248 1020 5331 Αρρυςξιξηι
1033 5247 1446 5331 ‘Malmesbert'at:
1465 5248 1673 5331 Lingua
1697 5249 2110 5331 westsaxonica

541 5317 741 5376 dicitur
778 5317 1296 5390 Maildulfesburch,
1356 5319 1513 5390 vulgo
1559 5317 1964 5385 Malmesbert‘a,
2029 5322 2115 5378 vel

542 5388 944 5460 Matntesburia,
969 5391 1086 5460 sita
1118 5389 1172 5444 itt
1211 5388 1625 5460 Witensi'pago,
1680 5391 1900 5446 ditecesi
1935 5393 2106 5447 Sare-

542 5458 807 5515 sheriensi
851 5459 902 5512 itt
937 5459 1182 5532 Anglia;
1213 5460 1388 5530 primo
1440 5458 1694 5515 inchoata
1729 5477 1759 5515 a
1790 5461 2102 5532 Meitlulpho

543 5532 710 5584 Scoto
736 5530 1022 5591 monacho,
1048 5531 1140 5585 sed
1168 5546 1312 5585 anno
1337 5531 1439 5586 657
1468 5532 1706 5586 maxime
1729 5540 1884 5586 aucta
1909 5530 2109 5585 ditata-

541 5613 713 5672 quea
745 5597 1034 5672 Leutherio
1062 5599 1499 5672 VWeslsaxonum
1531 5601 1808 5672 episcopo,
1850 5601 2115 5672 Agilberti

542 5661 866 5750 parisieusis
891 5671 1146 5750 antistitis
1196 5680 1412 5744 nepote.
1459 5661 1580 5727 Sed'
1619 5661 2114 5750 ntul'to’ditivorjuit

548 5740 681 5795 viris
709 5740 957 5807 eruditis,
991 5740 1295 5810 interﬁuo's
1326 5759 1434 5799 non
1462 5750 1606 5798 tenet
1641 5751 1944 5808 postremas
1967 5741 2112 5798 Guil-

2221 5252 2454 5318 helmus,
2487 5266 2518 5306 a
2549 5250 2633 5306 sui
2671 5250 2906 5322 ctenobii
2953 5251 3172 5322 nomine
3207 5250 3623 5322 cognominatus
3667 5249 3817 5307 Μαι-

2219 5323 2604 5384 mesbert'ensis,
2619 5321 2838 5391 proprie
2862 5331 3047 5376 tamen
3073 5319 3371 5387 Htmterset,
3395 5322 3558 5377 homo
3579 5322 3832 5389 impense

2224 5393 2422 5447 doctus
2477 5391 3172 5463 diligensque‘historicus
3201 5407 3228 5463 ;7
3262 5407 3439 5463 quem
3493 5406 3598 5446 non
3649 5392 3828 5446 semel

2234 5463 2487 5550 ρτριὲυξίν
2509 5533 2521 5546 .
2547 5461 2751 5550 ιιῖιῑςιξεθ
2774 5461 3145 5550 amiterna
3168 5461 3337 5550 WE”:
3357 5461 3830 5550 _!’.9!59__.°*_9,'1°

2218 5531 2521 5588 Calviniani
2554 5531 2714 5604 Angli
2755 5533 3049 5604 diruerunt
3083 5532 3184 5588 hoc
3217 5531 3636 5604 monasterium,
3674 5533 3825 5585 suis-

2225 5618 2332 5672 que
2362 5602 2672 5660 tninistellis
2725 5602 3089 5660 tradiderunt.
3149 5611 3209 5658 ut
3256 5603 3309 5658 in
3367 5617 3433 5658 eo
3472 5602 3824 5672 iuventutem

2222 5673 2496 5742 docerent,
2556 5675 2734 5728 nullus
2776 5673 2888 5727 illic
2935 5672 3113 5742 potuit
3145 5673 3428 5740 habitare;
3466 5682 3561 5728 aut
3591 5672 3636 5727 si
3667 5672 3826 5742 quis,

2221 5739 2303 5799 vel
2338 5747 2579 5804 insanus.
2616 5746 2696 5799 vel
2725 5739 3170 5801 imoius'ittvasit.
3416 5739 3421 5740 ν
3684 5739 3703 5742 “
3837 5762 3840 5763 ν
