4064 6302
252 386 357 443 15⁸1

1492 375 1617 430 LIB.
1648 374 1733 439 Ill,
1758 374 1974 431 EPIST.
1999 374 2085 431 CX
2099 373 2200 430 ΧΠ.

3424 370 3527 428 158

249 509 459 560 rursm,
506 492 810 558 Asssutus,
851 489 1291 561 archiepiscopus
1326 470 1651 553 Cantuariac,
1690 486 1848 544 ﬁdele
1876 475 1922 532 Α
2021 488 2389 545 Sustinttinttts
2418 503 2626 559 pacem,
2651 496 2706 544 et
2726 486 2841 558 ipsa
2863 484 3077 557 longius
3106 483 3360 549 recessit;
3388 498 3532 553 qum.

250 586 536 643 servitium
563 600 687 640 cum
716 582 1075 639 orationibus.

323 674 552 730 Noverit
597 672 919 729 excellentia
959 681 1165 735 vestra,
1205 669 1551 727 dilectissima
1601 669 1839 736 domina,

250 767 380 838 quia
414 766 484 821 de
512 764 730 821 abbatia
761 764 832 796 ⁸³⁸
855 762 1315 818 Malmesberiensi
1334 802 1349 827 ,
1378 770 1433 817 et
1463 762 1529 817 de
1561 762 1729 816 fratre
1752 761 1843 817 illo

249 858 316 913 de
339 871 451 928 quo
473 857 607 912 mibi
638 855 957 922 mandastis,
983 855 1218 911 libenter
1242 854 1625 911 conﬁrmarem
1655 854 1843 910 volun-

247 959 415 1004 tatem
449 958 710 1014 vestram,
742 949 788 1003 si
832 962 1069 1019 possem.
1118 945 1228 1004 Vos
1264 948 1430 1012 enim,
1470 958 1730 1017 quantum
1775 945 1841 1001 ad

246 1056 348 1096 vos
375 1048 610 1110 spectat,
641 1040 781 1096 bene
815 1048 869 1095 et
904 1039 1204 1095 secundum
1249 1038 1416 1094 Deum
1457 1037 1665 1093 fecistis
1699 1036 1843 1107 quod

248 1132 377 1186 inde
430 1131 658 1195 fecistis,
696 1131 790 1185 sed
840 1128 970 1184 fecit
1007 1129 1121 1199 ipse
1160 1128 1215 1184 in
1254 1128 1357 1185 hoc
1392 1126 1646 1198 quiddam
1687 1124 1844 1180 valde

247 1222 574 1292 insipienter
594 1221 738 1291 quod
757 1219 940 1276 facere
967 1234 1075 1275 non
1107 1219 1311 1275 debuit.
1337 1218 1474 1273 Nam
1501 1233 1597 1288 per
1623 1216 1840 1273 eosdem

248 1313 458 1382 legatos
505 1312 598 1381 qni
638 1311 770 1366 mihi
806 1310 1019 1367 litteras
1048 1318 1260 1367 vestras
1288 1320 1341 1365 et
1374 1309 1601 1365 aliorum
1652 1309 1720 1364 de
1745 1323 1844 1364 suo

247 1409 468 1480 negotio
494 1406 816 1473 attulerunt,
842 1406 990 1461 misit
1011 1404 1144 1459 mihi
1172 1404 1434 1475 scyphum
1464 1418 1650 1457 unum.
1671 1401 1842 1469 Quem

247 1500 469 1568 quidem
499 1499 763 1568 Scyphum
793 1496 1103 1552 nullatenus
1132 1495 1366 1550 retinere
1395 1493 1559 1559 volui,
1584 1494 1677 1548 sed
1720 1493 1845 1547 inde

248 1590 418 1654 dolui,
451 1591 580 1660 quia
611 1606 717 1644 non
741 1590 899 1645 video
923 1588 1195 1658 quomodo
1218 1588 1270 1641 in
1303 1588 1403 1641 hoc
1428 1586 1600 1657 possit
1628 1600 1656 1639 a
1684 1584 1841 1654 culpa

246 1682 524 1737 excusari.
578 1678 938 1751 Omnipotens
991 1678 1135 1734 Deus
1190 1676 1393 1746 dirigat
1443 1690 1637 1731 omnes
1690 1684 1845 1729 actus

247 1787 464 1832 vestros
504 1778 555 1831 in
587 1773 927 1843 bencplacito
952 1786 1073 1839 suo,
1106 1779 1162 1825 et
1197 1768 1451 1824 defendat
1476 1782 1573 1823 vos
1598 1767 1666 1823 ab
1693 1765 1841 1822 onmi

248 1868 413 1923 malo.
441 1867 639 1922 Amen.

715 1956 1049 2013 EPlS'l'OLA
1086 1954 1250 2010 CXXI
1273 1954 1366 2006 ⁵³⁷.

245 2067 479 2108 ΕΕΒΔΒΒΙ
512 2065 866 2105 EBORACENSIS
885 2062 1300 2110 ABCBIEPISCOPI,
1317 2059 1546 2099 ιιοιςειιτι
1576 2058 1842 2105 δεδι-κεκ-

316 2140 416 2186 SIS,
438 2138 741 2176 HEREBER'I’I
772 2135 1155 2183 NORWICENSIS,
1180 2132 1405 2171 RADUIJ-‘l
1442 2130 1836 2178 CICES'I‘RENSIS,

316 2208 571 2248 SAISONIS
614 2206 995 2247 WIGORNIENSIS
1023 2206 1093 2245 ΕΤ
1134 2202 1402 2244 κνιιρειωιι
1450 2200 1837 2240 WINTONIENSIS

315 2280 510 2318 ELECTI
548 2278 617 2320 Δί)
646 2276 950 2316 ΑΝεειιίωί.

244 2354 549 2409 Anselmum
576 2354 629 2406 in
659 2351 897 2421 Angliam
920 2350 1165 2416 invitant,
1181 2348 1481 2419 pollicentes
1506 2363 1651 2417 opem
1668 2361 1839 2400 suam.

318 2446 469 2501 Patri
521 2444 873 2501 dilectissimo
913 2444 1187 2507 Assumo,
1232 2440 1609 2497 Cantuariensi
1660 2438 1843 2494 archi-

244 2538 508 2608 episcopo
548 2537 681 2606 (‘29),
720 2534 1038 2601 Genaunos,
1070 2534 1429 2589 Eboracensis
1478 2532 1845 2602 archiepisco-

247 2645 376 2700 pus,
404 2638 460 2683 et
490 2628 783 2684 Bonsnws
803 2627 1129 2691 Cestrensis,
1160 2636 1214 2681 et
1242 2624 1601 2680 Heasnsnws
1632 2623 1845 2677 Νοτπί-

241 2723 449 2788 censis,
480 2731 535 2776 et
558 2722 846 2776 Raaunrus
882 2719 1265 2784 Cicestrensis,
1292 2726 1346 2773 et
1381 2718 1593 2772 quson
1625 2716 1842 2786 Wigor—

243 2814 479 2879 niensis,
496 2822 551 2869 et
572 2812 905 2867 VVILLELIIUS
927 2810 1321 2865 \Vintoniensis
1336 2808 1561 2872 electus,
1590 2806 1836 2861 salutem.

1944 582 2168 639 sivimus
2194 581 2360 647 bona,
2389 589 2446 635 et
2484 579 2713 634 invaluit
2739 579 2995 634 turbatio.
3023 576 3137 632 Vite.
3160 575 3290 631 Sion
3322 574 3529 645 lugent,

1944 678 2069 748 quia
2100 692 2194 732 cas
2230 675 2554 731 conculcant
2580 674 2972 730 incircumcisi.
3002 672 3283 743 Templum
3313 680 3531 737 maeret,

1942 768 2068 841 quia
2098 768 2236 823 intra
2263 774 2451 823 sancta
2473 774 2788 821 sanctorum
2812 776 2867 821 et
2897 765 2963 819 ad
2999 766 3169 836 ipsam
3203 780 3355 818 aram
3384 764 3535 818 irru--

1943 869 2140 930 perunt
2165 859 2311 914 laici.
2347 859 2608 927 Exsurge,
2644 867 2703 912 nt
2732 856 2862 911 olim
2894 871 3057 911 senex
3098 856 3188 911 ille
3216 855 3530 918 Mathatias,

1946 953 2085 1007 habe
2136 952 2189 1006 in
2214 950 2285 983 ⁸⁸⁸
2323 950 2449 1005 ﬁliis
2495 950 2603 1004 tuis
2646 948 2937 1013 virtutem;
2983 947 3105 1002 vide
3152 948 3532 1003 strenuitatem

1943 1043 2210 1110 Jonathze,
2261 1044 2608 1114 prudentiam
2658 1041 2920 1098 Simonis.
2971 1039 3036 1094 Hi
3096 1048 3272 1094 tecum
3323 1041 3535 1109 praelia-

1944 1135 2145 1190 buntur
2189 1134 2431 1205 praelium
2472 1133 2717 1199 Domini;
2762 1142 2819 1188 et
2862 1133 2907 1187 si
2945 1142 3072 1187 ante
3114 1147 3214 1186 nos
3257 1134 3533 1203 appositus

1947 1227 2114 1281 fueris
2163 1228 2229 1280 ad
2282 1236 2464 1297 patres
2522 1233 2672 1293 tuos,
2718 1226 2784 1279 de
2823 1240 2984 1279 manu
3032 1232 3123 1278 tua
3174 1223 3534 1294 suscipiemus

1945 1316 2317 1372 hmreditatem
2346 1315 2550 1370 laboris
2586 1316 2680 1370 tui.
2719 1316 2826 1371 Sed
2845 1316 2956 1386 jam
2991 1330 3097 1369 non
3127 1323 3211 1369 est
3243 1313 3337 1369 tibi
3370 1313 3539 1383 pigri-

1946 1406 2199 1472 tandnm;
2235 1416 2292 1459 nt
2316 1406 2445 1475 quid
2475 1406 2621 1475 enim
2648 1406 3032 1477 peregrinaris,
3059 1414 3114 1461 et
3141 1420 3270 1460 oves
3295 1414 3398 1459 tuac
3418 1406 3536 1459 sine

1943 1507 2162 1566 pastore
2194 1497 2611 1568 pereuntHam
2652 1500 2791 1567 apud
2835 1498 3003 1554 Deum
3042 1497 3186 1554 nulla
3227 1499 3319 1553 tibi
3361 1513 3537 1553 rema-

1944 1598 2037 1643 net
2063 1590 2360 1644 excusatio.
2397 1590 2473 1645 Te
2503 1591 2647 1645 enim
2680 1607 2784 1645 non
2829 1590 3001 1646 solum
3042 1591 3317 1660 subsequi,
3349 1591 3443 1646 sed
3481 1598 3537 1644 et

1944 1682 2123 1752 perire
2143 1722 2158 1746 ,
2189 1681 2504 1751 sijusseris,
2537 1684 2711 1753 parati
2742 1699 2949 1739 sumus.
2990 1685 3123 1740 Veni
3160 1698 3291 1755 ergo
3315 1685 3381 1738 ad
3413 1698 3534 1749 nes,

1945 1773 2066 1828 veni
2121 1775 2249 1841 cito,
2300 1773 2386 1829 vel
2408 1775 2478 1806 ⁸³⁹
2506 1791 2641 1843 nos,
2676 1786 2773 1830 ant
2817 1791 2883 1831 ex
2936 1777 3093 1832 nobis
3134 1776 3344 1847 aliquos
3373 1776 3439 1830 ad
3485 1785 3537 1831 te

1874 1841 1917 1900 Β
1947 1868 2132 1923 venire
2162 1865 2331 1934 .jnbe;
2365 1883 2431 1923 ne
2479 1883 2602 1925 cum
2635 1870 2865 1940 sejuncti
2905 1885 2935 1925 a
2982 1878 3033 1924 te
3074 1883 3280 1933 sumus,
3320 1869 3375 1924 in
3404 1867 3537 1923 sini-

1947 1969 2119 2015 stram
2157 1968 2210 2015 te
2252 1970 2460 2023 partem
2512 1960 2771 2016 inclinent
2807 1976 2993 2016 eorum
3032 1960 3262 2016 consilia
3301 1960 3392 2030 qui
3437 1975 3535 2014 sua

1948 2060 2219 2122 qna'runl.
2249 2049 2358 2107 Nos
2379 2053 2522 2107 enim
2548 2053 2660 2122 jam
2691 2054 2743 2107 in
2768 2054 2870 2108 hac
2892 2068 3055 2108 causa
3085 2068 3188 2107 non
3211 2067 3329 2124 quae
3348 2059 3536 2108 nostra

1946 2151 2095 2209 sunt,
2124 2144 2217 2200 sed
2244 2144 2315 2178 m
2353 2159 2475 2214 qua:
2507 2143 2599 2199 Dei
2624 2153 2768 2205 sunt,
2795 2143 3110 2211 quaerimus.

2357 2254 2461 2328 41
2474 2257 2517 2325 1
2554 2252 2885 2309 EPISTOLA
2915 2250 3123 2307 CXXII.

2334 2362 2561 2402 LVSELIII
2599 2361 2668 2401 ΑΒ
2696 2360 2971 2401 EPISCOPOS
3010 2358 3156 2399 SUOS.

1946 2461 2025 2518 De
2052 2461 2300 2518 Ecclesia:
2327 2463 2637 2533 Anglicum
2668 2472 2714 2533 et
2751 2461 3112 2533 episcoporum
3144 2456 3355 2533 miseria
3396 2455 3536 2512 dolet
3620 2480 3623 2483 ‘

2089 2528 2492 2603 la’taturque'de
2522 2549 2615 2603 ope
2651 2530 2715 2586 ab
2739 2528 2933 2585 eisdem
2977 2530 3075 2582 sibi
3113 2528 3392 2597 promissa.

2020 2624 2305 2682 ANSELIUS
2330 2667 2345 2693 ,
2387 2625 2832 2696 archiepiscopus
2865 2620 3295 2683 Cantuaricnsis,
3336 2619 3531 2674 amicis

1949 2717 2063 2773 suis
2089 2726 2143 2771 et
2177 2718 2513 2789 coepiscopis
2542 2760 2556 2785 ,
2612 2731 2845 2787 quorum
2899 2715 3111 2770 litteras
3165 2728 3262 2783 per
3308 2712 3537 2768 latorem

1949 2811 2299 2881 praesentium
2328 2808 2586 2879 suscepit,
2616 2805 2865 2862 salutem.

1496 2918 1727 2974 VARIJE
1767 2920 2170 2982 LECTIONES.

316 3065 391 3098 "‘
418 3066 489 3119 Dc
516 3062 745 3118 Abbatia
764 3068 852 3114 ‘ms

247 3155 327 3191 ut:
365 3140 434 3189 ad
463 3150 585 3200 nos,
617 3134 735 3188 veni
760 3131 888 3196 cito,
924 3129 1005 3184 vel

884 3058 1009 3127 quia
1038 3058 1102 3112 tle
1132 3055 1359 3111 Abbatla
1432 3056 1501 3088 ⁸³⁷
1529 3054 1660 3109 Cum
1687 3056 1865 3110 eodem
1894 3075 1970 3111 ms
1998 3060 2188 3115 collata
2246 3080 2261 3117 :
2285 3064 2356 3097 ⁸³⁸
2384 3062 2531 3118 llabc
2559 3064 2610 3117 in
2640 3081 2714 3116 ms
2742 3061 2909 3116 habes
2937 3062 2989 3116 in

1118 3127 1188 3159 δι’)
1216 3127 1431 3193 Nostra,
1458 3127 1549 3181 sed
1575 3144 1652 3179 ms
1684 3138 1867 3181 nostra
1894 3141 2040 3197 sunt,
2074 3134 2165 3186 sed

3090 3059 3159 3092 ⁸³⁹
3188 3059 3268 3114 Ad
3304 3072 3421 3124 nos,
3453 3054 3539 3112 vel

1497 3237 1781 3294 JOANNIS
1806 3239 2077 3299 PICARDI
2101 3245 2332 3303 NOTIE.

322 3361 442 3432 (29)
466 3359 736 3414 σεται-ἀπε
766 3353 1589 3432 EboracgnsiLarchiepiscopus,
1621 3365 1734 3432 etc_.
1761 3352 1842 3407 Ad
1873 3340 1915 3397 C

248 3425 562 3488 Cerardum
613 3438 741 3483 sunt
794 3426 1039 3497 epistola:
1086 3426 1154 3479 55
1182 3434 1256 3497 _et
1300 3425 1388 3488 60,
1434 3438 1594 3497 supra
1637 3425 1728 3493 qui
1776 3438 1843 3479 ex

254 3499 646 3557 Hcrefordensi
701 3493 961 3568 episcopo
1011 3506 1135 3568 post
1174 3494 1448 3568 Thomam
1490 3493 1845 3568 Bajocensem

252 3569 679 3642 archiepiscoliii
738 3565 1125 3642 Eboracensis
1172 3565 1369 3642 infulas
1404 3566 1688 3642 “adeptus
1742 3573 1846 3619 est.

256 3634 568 3696 Eboracum
611 3634 773 3701 ‘vero,
824 3637 1050 3708 Anglice
1097 3635 1269 3708 loris,
1321 3634 1525 3708 Gallice
1569 3635 1723 3708 Yorlt,
1762 3642 1847 3689 est

254 3713 393 3766 urbs
442 3710 823 3770 celeberrima,
869 3704 1058 3761 in'sulre
1103 3704 1510 3776 Anglicanaead
1542 3706 1846 3773 aquilonem

257 3784 407 3836 inter
448 3780 646 3835 Uscam
679 3788 732 3834 et
758 3776 962 3832 Folfam
996 3775 1240 3837 ﬁumina.
1270 3790 1391 3845 qua:
1422 3775 1593 3842 ipsam
1624 3785 1848 3845 praeter-

258 3853 525 3905 labuntur
556 3852 857 3913 civitatem,
889 3864 952 3904 ac
980 3847 1105 3901 inde
1134 3846 1298 3901 simul
1319 3844 1511 3912 juncta
1547 3844 1847 3900 llumbrum

257 3921 513 3975 inﬂuunt.
547 3919 698 3975 Licet
722 3930 904 3973 autem
956 3926 1077 3987 post
1124 3932 1324 3970 annum
1372 3914 1564 3970 salutis
1612 3915 1841 3987 redditae

260 3992 365 4046 182
390 3992 551 4044 fuerit
572 3992 728 4045 sedes
753 3986 1248 4057 archiepiJcopalis,
1272 3997 1448 4057 tamen
1472 4001 1499 4038 a
1515 3986 1837 4057 quibusdam

262 4062 538 4115 translata
565 4061 666 4114 fuit
693 4061 758 4115 ad
785 4055 1233 4128 llangitstaltlttm.
1289 4055 1529 4124 ejusdem
1582 4056 1846 4128 archiepi-

261 4142 527 4199 scopatus
586 4132 771 4183 villam
806 4169 821 4192 ,
878 4124 936 4181 ιιῖ
981 4127 1302 4199 scrupulose
1353 4126 1667 4199 observavit
1714 4124 1849 4179 Mal-

261 4198 655 4256 mesbericnsis
707 4200 760 4253 in
793 4198 1222 4268 archiepiscopis
1247 4198 1704 4268 Eboracensibns.

339 4271 569 4350 [loliario
616 4270 876 4324 σεεμ-ιηηὶ
916 4266 1406 4350 fuitcognomentd
1456 4269 1520 4350 dc
1539 4266 1848 4350 ρὶτξ-ιεηρεῑρ,

262 4344 519 4409 seditque
563 4356 737 4394 annos
787 4354 949 4407 supra
1004 4335 1246 4408 triginta,
1293 4346 1351 4390 ιιι
1393 4337 1496 4409 legi
1539 4338 1593 4409 in
1629 4335 1853 4409 Tabulis

266 4430 407 4466 tnss.
435 4407 810 4464 Cestrensium
835 4407 1212 4477 episcoporum
1250 4407 1469 4462 nostrai
1488 4407 1848 4464 bibliothecae.

340 4430 407 4465 is.
440 4425 810 4464 bestrcnstlllll
835 4426 863 4460 c
906 4425 1212 4477 tscoporum
1250 4425 1449 4462 nosua:
1488 4425 1848 4464 umnornecze.

340 4482 389 4534 11
400 4483 664 4534 erebertus
692 4483 834 4535 inter
859 4425 1215 4535 8rientalium
1244 4479 1539 4547 Anglorum
1568 4477 1853 4547 episcopos

262 4553 501 4624 primus,
532 4552 708 4624 dictus
738 4562 821 4604 est
843 4549 1212 4624 )orwiceasis
1244 4565 1274 4624 ξι
1302 4541 1693 4624 vichoruiic:
1709 4541 1853 4624 etim—

266 4615 478 4676 inen-io
510 4620 799 4690 populique
838 4618 1140 4688 frequentia
1184 4619 1562 4690 celeberrimo,
1608 4633 1717 4686 quo
1750 4615 1851 4690 Hc-

266 4687 522 4747 rehertus
566 4687 879 4744 cathedram
935 4687 1256 4743 transvexit.
1296 4688 1512 4744 Priorcs
1541 4690 1685 4742 enim
1711 4687 1853 4740 anti-

264 4764 425 4817 stites
465 4762 828 4814 Domncenses
869 4768 926 4814 ct
969 4760 1378 4823 Helmoncnscs,
1412 4759 1739 4827 tandemque
1779 4772 1847 4811 cx

266 4833 483 4887 duobus
513 4830 834 4885 sacerdotiis
867 4845 1031 4882 unum
1065 4829 1314 4883 effectum
1347 4840 1429 4884 est
1460 4830 1599 4898 apud
1634 4828 1850 4882 llelma-

268 4904 427 4957 t-ham
482 4902 693 4964 villam;
738 4916 801 4953 cx
852 4915 958 4967 qua
1004 4899 1342 4969 Agelmarus.
1382 4914 1476 4953 scn
1508 4898 1854 4952 Ethelmerus

269 4972 643 5025 Tbcdfordum
671 4970 916 5033 recessit,
935 4978 993 5024 ut
1017 4969 1451 5024 Helmancnsium
1474 4970 1851 5038 episcoporum

271 5042 471 5097 tabula:
515 5056 648 5095 mss.
682 5041 734 5094 in
768 5050 953 5095 nostra
997 5040 1324 5095 bibliotheca
1375 5037 1670 5109 testantur,
1707 5037 1851 5109 quod

271 5122 453 5165 tamen
485 5129 513 5164 a
547 5111 888 5165 Malmcsber.
939 5111 1033 5164 lib.
1078 5126 1113 5164 ll
1162 5110 1237 5163 De
1287 5108 1476 5179 pontif.
1519 5113 1657 5180 Aug.
1699 5108 1852 5163 video

272 5182 438 5235 tribui
492 5180 780 5244 llcrfasto,
839 5180 929 5249 qui
986 5181 1038 5235 in
1095 5190 1282 5234 nostro
1333 5196 1467 5235 mss.
1520 5180 1853 5249 praeponitur

268 5252 585 5322 Agehnaro.
641 5270 660 5302 ι
694 5251 1022 5322 llcrebertus
1058 5252 1312 5321 denique,
1358 5252 1443 5322 vir
1472 5252 1851 5322 magnanimus

269 5321 338 5375 eti
375 5322 666 5376 admodum
719 5321 1021 5391 litteratus,
1072 5322 1192 5389 pius
1242 5321 1536 5375 monachus
1595 5331 1646 5374 et
1702 5321 1851 5389 prior

272 5392 678 5456 Fiscannensis,
693 5390 884 5446 deinde
904 5392 1071 5446 abbas
1092 5392 1475 5453 Ramesiensis,
1501 5400 1555 5445 ct
1575 5406 1638 5446 ex
1663 5391 1856 5444 abbate

273 5462 544 5531 llantesire
574 5470 758 5531 empto
798 5460 1083 5530 pusulam
1135 5461 1556 5531 Tltcdfordensis
1603 5461 1856 5516 Ecclesiae

274 5530 451 5601 factus
492 5542 578 5586 est
618 5530 934 5601 episcopus;
983 5532 1252 5599 paenitens
1302 5547 1428 5584 ιρι-ο
1470 5530 1693 5584 Romam
1732 5546 1856 5599 pro-

277 5600 449 5657 fectus
475 5611 583 5665 cst,
613 5601 1053 5670 indulgentiaque
1100 5611 1318 5667 accepta
1368 5617 1634 5666 reversus,
1673 5602 1853 5655 sedem

276 5672 669 5741 transportavit
709 5669 783 5725 ad
814 5669 1048 5736 Norwic,
1098 5672 1279 5741 ibique
1309 5673 1696 5726 nnmaclaorum
1724 5687 1852 5725 con-

314 5743 645 5810 regatiouem
707 5742 924 5795 condita
986 5742 1213 5797 ecclesia
1282 5752 1472 5797 sancte
1531 5743 1780 5800 instituit.
1825 5762 1894 5794 »-

329 5827 566 5882 ucusqne
594 5812 657 5868 de
687 5811 981 5868 llcrebcrto
1009 5820 1190 5868 noster
1220 5828 1319 5867 ms.
1351 5812 1541 5867 codex.

2020 3362 2284 3435 quulfns
2339 3365 2701 3429 Cicestrensia.
2754 3365 2831 3419 Ita
2884 3365 3225 3435 restitutmds
3278 3376 3350 3435 ex
3402 3375 3536 3435 mss.

1949 3433 2149 3505 talmlis
2172 3430 2595 3491 Cicestrensium
2621 3436 2935 3505 przesnlnm.
2966 3433 3247 3503 impressis
3276 3430 3541 3505 Florentii

1948 3504 2158 3577 Wigor.
2192 3510 2516 3577 cat-terisque
2540 3500 2783 3561 historiis
2808 3500 3105 3577 Britannia:
3134 3504 3368 3559 excusis.
3406 3500 3540 3555 Nam

1947 3576 2228 3647 exemplar
2288 3576 2505 3633 harum.
2543 3577 2898 3647 epistolarnm
2963 3576 3187 3647 calamo,
3254 3581 3540 3647 exaratum

1950 3642 2160 3717 legebat
2181 3647 2452 3712 Roberlus,
2478 3642 2659 3702 forsan
2683 3664 2747 3703 ex
2777 3646 2986 3701 librarii
3011 3645 3386 3714 incogitantia,
3407 3642 3542 3697 alte-

1951 3717 2065 3771 rius
2094 3717 2315 3772 lloberti
2350 3734 2545 3773 nomen
2573 3718 2921 3774 ruminantis.

2023 3807 2247 3863 Samson
2278 3807 2700 3878 Guigorniensis,
2725 3825 2830 3863 non
2857 3809 3057 3873 Satiso,
3084 3805 3539 3878 quemadmodum

1950 3878 2148 3949 legitur
2171 3879 2317 3935 lvon.
2344 3875 2566 3935 C‘arnot.
2593 3881 2754 3950 epist.
2786 3880 2873 3934 76.
2901 3879 3066 3950 Cujus
3095 3875 3271 3932 tamen
3297 3875 3538 3950 scholion

1950 3947 2137 4004 mbnct
2179 3951 2232 4003 in
2278 3950 2400 4005 aliis
2443 3947 2727 4006 codicibus
2757 3951 2946 4004 haberi
2987 3948 3219 4010 Samon,
3248 3956 3304 4001 et
3334 3962 3435 4000 nos
3466 3947 3541 3999 ita

1951 4019 2178 4091 lt-gittttts
2200 4036 2265 4077 ex
2292 4021 2537 4089 plurimis
2565 4020 2922 4091 scriptoribus
2949 4019 3109 4091 Angl.
3134 4025 3191 4073 et
3213 4032 3313 4091 ms.
3345 4015 3542 4091 tabulis

1950 4084 2175 4161 Guigor.
2201 4084 2441 4161 cpiscop.
2474 4092 2526 4145 in
2558 4084 2704 4145 hunc
2745 4091 2961 4161 modum
2990 4107 3002 4141 :
3030 4084 3187 4161 Άηηρ
3231 4084 3541 4161 1096_Sun_-

1950 4157 2400 4230 son'Bajocemia'
2430 4172 2763 4230 consecratus
2804 4168 2877 4212 est
2905 4160 2970 4213 ab
3003 4159 3244 4211 Anselmo
3278 4157 3542 4230 archiepi—

1950 4247 2095 4298 scop.
2120 4225 2180 4284 iii
2191 4231 2409 4285 ecclesia
2435 4231 2496 4286 S.
2522 4229 2681 4284 Pauli
2701 4229 3104 4293 Londoniemia,
3129 4243 3278 4283 xxvu
3308 4225 3540 4280 Kalend.

1949 4297 2105 4370 Julii.
2137 4299 2236 4354 llic
2267 4301 2366 4370 fuit
2393 4301 2558 4369 [ναίει-
2589 4300 2801 4355 Thema:
2837 4297 3067 4355 Eborac.
3099 4314 3254 4370 quem
3274 4298 3537 4368 promovit

1954 4368 2069 4425 Οάο
2095 4368 2373 4441 Bujocena.
2394 4368 2560 4442 epist.

2022 4461 2290 4517 Cuillelmi
2330 4461 2688 4517 Wintonemis
2741 4470 2987 4517 memtn.t
3034 4460 3327 4515 Anselmus
3376 4458 3538 4528 epist.

1952 4533 2042 4600 70,
2072 4533 2141 4588 95
2163 4542 2218 4587 et
2248 4533 2367 4588 105.
2410 4532 2517 4587 Has
2546 4544 2723 4588 autem
2753 4532 2996 4588 Britanni
3028 4532 3303 4586 antistites
3334 4530 3537 4583 idcirco

1883 4602 1925 4658 D
1956 4604 2166 4659 litteras
2197 4606 2419 4658 mittunt
2446 4604 2720 4669 Anselmo,
2756 4606 2907 4673 quia,
2937 4603 3037 4657 etsi
3066 4602 3135 4655 ab
3162 4601 3394 4656 Henrico
3413 4614 3543 4673 rege

1958 4675 2211 4729 universa
2241 4676 2322 4728 sui
2354 4670 2999 4744 archicpiscopii'prtedia
3023 4681 3077 4727 et
3095 4673 3215 4744 jura
3243 4670 3543 4744 recepisset

1962 4743 2016 4798 in
2064 4754 2332 4799 conventu
2386 4738 3050 4813 Aquilensi,'ut'apparet
3096 4738 3165 4798 ex
3216 4738 3381 4813 epist.
3419 4738 3540 4813 110,

1962 4815 2020 4868 ll
2040 4816 2087 4880 ἰ,
2122 4830 2283 4885 supra
2314 4811 2518 4869 distulit
2549 4826 2725 4870 tamen
2754 4811 2985 4869 redi—tum
3006 4814 3070 4885 in
3103 4811 3377 4885 Angliam,
3412 4811 3542 4885 quia

1962 4881 2340 4940 nolebat'cum
2367 4886 2715 4956 pontiﬁcibus
2757 4900 2786 4939 a
2836 4899 2961 4953 rege
3002 4882 3271 4956 in_ves_tit_is
3315 4881 3542 4956 versari.

1962 4956 2093 5010 Eam
2145 4957 2215 5011 ob
2257 4949 2380 5010 rcm'
2419 4957 2597 5011 denuo
2628 4949 3008 5024 postremoque
3035 4950 3355 5024 Gnillelmus
3387 4949 3542 5005 War-

1961 5026 2136 5081 lcvast
2169 5029 2330 5097 regis,
2360 5037 2414 5082 et
2460 5020 2775 5097 Balduinus
2808 5020 3049 5097 Anselmi
3076 5022 3263 5097 _legati
3314 5020 3543 5075 Romam

1962 5093 2318 5163 contendere;
2344 5098 2486 5152 unde
2510 5098 2723 5151 tandem
2746 5095 2856 5148 litis
2877 5093 3179 5148 diutissime
3201 5101 3543 5154 contestatur,

1963 5179 2186 5238 tamque
2245 5168 2469 5238 inique,
2536 5170 2640 5222 hoc
2702 5163 2935 5220 retulere
2990 5163 3257 5238 judicium
3305 5164 3390 5238 ab
3441 5178 3543 5238 ore

1966 5233 2285 5303 Paschalis,
2342 5233 2563 5292 scilicet
2616 5239 2820 5291 electos
2868 5233 3125 5304 praesules
3172 5234 3241 5289 ab
3290 5233 3544 5290 Ansclmo

1964 5316 2278 5376 recepturos
2326 5308 2585 5361 annulum
2651 5316 2706 5361 et
2752 5304 3379 5376 virgannpontiﬁciam,
3434 5305 3544 5373 regi

1966 5373 2102 5432 wro-
2147 5378 2388 5433 facturos
2451 5377 2783 5431 ﬁdelitatem.
2841 5373 3057 5430 interea
3123 5377 3250 5431 dum
3319 5373 3545 5428 Romam

1964 5449 2175 5513 iretur,
2230 5450 2437 5504 crebra:
2491 5462 2558 5501 ex
2595 5447 2788 5519 Anglia
2845 5446 3201 5519 querimoniae
3246 5445 3546 5519 et_‘l_it_teraa

1965 5519 2380 5589 perferebantur
2411 5513 2973 5589 utquam'citissime
3014 5517 3236 5589 rediret.
3276 5513 3544 5570 Videbunt

1962 5585 2106 5645 cnim
2134 5590 2369 5645 universi
2403 5585 2639 5658 cpiscom
2674 5589 2853 5643 omnia
2888 5588 2940 5641 in
2964 5585 3120 5658 pejus
3143 5598 3303 5658 ruere
3325 5594 3379 5638 et
3402 5593 3545 5658 retro

1966 5662 2217 5729 sublapsa
2248 5654 2460 5721 referri,
2488 5654 2845 5728 volebantquc
2875 5654 3101 5724 mederi,
3140 5656 3237 5713 sed
3261 5670 3367 5710 non
3396 5654 3542 5708 vale-

1965 5734 2091 5785 battt
2122 5734 2219 5786 nisi
2253 5730 2505 5785 Anscltno
2540 5741 2825 5799 praesente.
