3946 6306
572 281 674 336 159

1164 289 1222 346 S.
1259 291 1556 354 ANSELMI
1585 299 1933 362 CANTUAR.
1977 309 2296 368 ARCIIIEP.
2327 313 2477 370 OPP.
2503 317 2682 376 PARS
2709 322 2792 378 III.
2831 357 2898 367 -—
2929 327 3312 393 EPISTOLE.
3765 346 3853 400 {Gil

589 441 592 444 .
633 394 906 456 Condoleo
933 409 992 456 et
1013 411 1192 460 mente
1227 412 1524 478 cnmpatior
1554 414 1994 475 tribulationibus
2011 437 2146 491 quas
2175 423 2222 481 Δ
2247 425 2530 484 solidatam
2555 431 2606 485 in
2631 433 2881 501 veritate,
2909 439 3098 496 vellem
3123 443 3448 500 sententiam
3466 438 3856 514 ’veslramessc
3903 493 3905 532 ξ

589 501 662 532 tm:
687 497 743 532 nl
770 489 1020 532 litt-nimim
1076 495 1274 532 Διιηιίιιι
1324 503 1627 532 ang-anan...
1666 511 1758 532 -..Α
1799 511 1862 532 -1
1911 527 2073 532 __M,,_
2103 529 2139 532 νς
2469 531 2472 532 ,
2691 527 2700 532 .
2726 526 2739 532 -

565 499 662 546 Vos
687 497 744 543 et
767 489 1020 548 Ecclesiae
1069 495 1274 566 Angliae
1324 503 1627 570 sustinetis;
1665 511 1760 562 sed
1797 511 1864 564 ad
1909 489 2146 581 praesens

563 579 860 640 secundum
889 595 1062 638 meam
1107 593 1164 640 et
1190 596 1428 644 vestram
1476 593 1802 654 voluntatem
1857 579 2145 660 subvenire

561 681 790 738 nequeo,
819 673 942 744 qttia
985 676 1222 732 nondum
1251 681 1381 750 quid
1403 692 1460 738 et
1483 696 1744 756 quantum
1777 707 1994 761 possum
2021 711 2138 752 sum

558 770 758 830 certus,
787 767 956 821 donec
1001 783 1098 838 per
1134 769 1344 841 legatos
1367 787 1604 844 nostros,
1636 797 1773 852 quos
1803 785 1856 839 in
1887 789 2140 856 proximo

559 847 724 906 Roma
747 854 1020 910 redituros
1038 869 1314 927 exspecto,
1329 864 1457 933 quid
1482 869 1622 938 apud
1645 847 1920 930 dominum
1945 892 2140 948 papam

554 940 860 1010 ell'eceriut,
887 961 1230 1016 cognoscam.
1257 952 1460 1010 Bonum
1485 967 1661 1018 tamen
1683 974 1740 1018 et
1761 940 1974 1033 gratum
2005 940 2136 1028 mihi

549 1031 676 1100 quia
712 1035 927 1090 tandem
961 1041 1293 1109 cognoscitis
1316 1045 1382 1098 ad
1413 1049 1540 1114 quid
1596 1067 1694 1108 vos
1749 1059 2024 1125 perduxit,
2078 1071 2144 1118 ut

553 1122 738 1178 mitius
768 1125 966 1190 dicam,
994 1137 1172 1194 vestra
1209 1132 1498 1202 patientia;
1557 1147 1613 1194 et
1665 1122 1788 1212 quia
1821 1122 2138 1214 promittitis

551 1213 684 1268 mibi
708 1216 966 1272 auxilium
995 1228 1232 1276 vestrum
1264 1239 1368 1278 non
1395 1226 1448 1280 in
1472 1243 1612 1295 mea,
1643 1234 1736 1290 sed
1761 1235 1812 1290 iu
1837 1237 1928 1294 Dei
1945 1255 2132 1309 causa,

551 1314 606 1358 et
639 1305 880 1364 invitatis
911 1325 996 1364 me
1031 1327 1102 1367 ne
1141 1314 1369 1385 pigriter
1403 1321 1646 1378 venirem
1685 1327 1752 1380 ad
1787 1344 1904 1384 vos.
1933 1331 2134 1399 Quam-

549 1395 633 1451 vis
657 1396 802 1454 enim
849 1398 950 1454 hoc.
981 1403 1348 1462 madefacere
1375 1425 1478 1465 non
1501 1415 1722 1483 possim,
1750 1420 1874 1487 quia
1903 1437 1998 1478 rex
2027 1439 2132 1480 non

547 1488 661 1542 volt
693 1505 778 1544 me
825 1506 947 1548 esse
995 1495 1048 1550 iu
1092 1496 1284 1567 Anglia
1339 1502 1548 1572 adhuc,
1581 1507 1684 1561 nisi
1735 1511 2039 1570 discordem
2098 1531 2130 1571 a

545 1577 783 1646 iussione
809 1599 960 1654 papae
988 1595 1044 1641 et
1070 1587 1183 1656 ejus
1233 1593 1558 1650 concordem
1598 1598 1886 1668 voluntati;
1927 1612 1990 1659 et.
2031 1621 2134 1678 ego

543 1673 782 1728 nondum
825 1685 1008 1732 certus
1035 1693 1154 1734 sum
1189 1681 1317 1752 quid
1343 1687 1740 1756 possimgsicut
1781 1692 1916 1760 dixi,
1949 1673 2128 1754 tatuen

2247 531 2568 587 praesentem
2603 565 2617 589 ,
2651 526 2957 598 ubicunque
3007 541 3272 588 tractatur
3313 537 3382 592 de
3431 538 3716 599 Ecclesia
3771 547 3850 604 Dei

2246 610 2490 666 libertate
2517 623 2574 670 et
2611 631 2736 672 vera
2773 621 3028 678 utilitate.
3057 623 3200 679 Tota
3225 625 3518 684 diliicultas
3557 646 3756 691 causa:
3781 639 3850 692 in-

2245 713 2326 758 ter
2355 721 2532 776 regem
2567 715 2624 763 et
2661 725 2747 766 me
2768 711 2878 782 jam
2906 715 2958 770 in
2994 717 3096 772 hoc
3125 720 3362 775 maxime
3390 722 3626 778 videtur
3677 733 3848 784 consi-

2241 801 2406 860 stere,
2444 798 2568 866 quia
2597 815 2714 868 rex,
2739 806 2984 872 quamvis
3009 807 3076 862 de
3111 807 3451 868 investituris
3481 817 3846 876 ecclesiarum

2239 885 2546 954 apostolicis
2565 889 2798 948 decretis
2821 909 2880 949 se
2900 894 3040 952 vinci
3071 906 3130 952 ut
3149 913 3312 970 spero
3337 905 3660 973 permittat,
3689 910 3848 966 Immi-

2239 975 2326 1029 nia
2347 985 2524 1034 tamen
2541 981 2885 1050 praelatorum
2909 989 3144 1044 nondum
3159 990 3274 1046 vult
3290 991 3382 1058 ³⁸³,
3405 995 3508 1062 ait,
3533 997 3840 1058 dimittere.

2239 1061 2352 1130 Qua
2381 1066 2448 1120 de
2475 1083 2534 1122 re
2556 1084 2653 1126 sua
2689 1071 2954 1144 legatione
2979 1079 3162 1136 sedem
3189 1083 3420 1154 requirit
3449 1061 3842 1155 apostolicam,

2237 1165 2502 1224 quatenus
2519 1161 2570 1216 in
2605 1163 2708 1221 boe
2733 1181 2843 1224 suae
2869 1170 3160 1230 voluntatis
3178 1178 3437 1248 impetret
3464 1181 3538 1237 ab
3577 1197 3650 1238 ea
3685 1183 3840 1240 licen-

2237 1247 2385 1304 tiam.
2417 1251 2586 1318 Quam
2619 1257 2664 1312 si
2691 1259 2916 1331 adeptus
2946 1263 3126 1331 fuerit,
3159 1247 3510 1342 dubitoquid
3545 1290 3644 1330 me
3671 1276 3840 1332 facere

2233 1349 2502 1410 oporteat,
2534 1347 2578 1401 si
2605 1349 2810 1421 aliquis
2827 1354 3114 1426 religiosus
3133 1359 3336 1418 electus
3363 1364 3534 1420 homo
3575 1367 3738 1438 regis
3753 1385 3838 1438 pro

2233 1431 2546 1506 episcopatu
2587 1439 2672 1495 vel
2710 1442 2927 1500 abbatia
2981 1447 3098 1503 ﬁeri
3127 1463 3365 1520 respuat.
3423 1431 3681 1512 Dumm'
3707 1431 3836 1514 enim

2233 1521 2368 1578 mihi
2397 1527 2612 1584 videtur
2641 1541 2702 1588 ut
2727 1533 2830 1592 hoc
2861 1536 2936 1592 illi
2966 1541 3274 1612 praecipiam
3304 1559 3404 1615 per
3429 1547 3834 1613 obedientiam;

2232 1626 2288 1670 et
2313 1617 2360 1672 si
2383 1633 2490 1674 non
2517 1620 2721 1692 fecero,
2749 1628 2974 1685 videbor
3003 1633 3322 1704 irreligiosis
3343 1637 3450 1694 hoc
3489 1639 3704 1697 facere
3753 1661 3832 1700 vo-

2233 1703 2490 1776 lentibus,
2519 1709 2709 1770 laxare
2732 1717 3026 1776 accedendi
3049 1703 3269 1792 indigne
3293 1726 3360 1780 ad
3387 1727 3710 1798 dignitates
3731 1748 3820 1786 au-

2286 1763 2293 1767 .
2455 1763 2490 1776 ν,
2520 1763 2706 1770 "nn"-
2732 1763 3026 1776 -ννν-ν-υη
3049 1763 3160 1776 nun
3201 1763 3269 1780 ην
3293 1763 3360 1780 au
3387 1763 3438 1782 ul
3483 1763 3710 1788 ιιιιειισδ
3731 1763 3820 1786 au.

541 1763 750 1830 gaudeo
781 1781 880 1836 pro
911 1779 1089 1840 vestra
1122 1771 1260 1828 bona
1292 1785 1348 1832 et
1395 1779 1694 1854 episcopali
1748 1785 2022 1846 voluntate
2074 1799 2128 1848 et
2159 1787 2204 1848 Β
2231 1795 2462 1855 daciam.
2495 1801 2572 1858 De
2595 1803 2700 1860 illis
2723 1821 2940 1877 quoque
2961 1811 3054 1879 qui
3097 1763 3209 1881 iam
3241 1763 3614 1876 investiruras
3663 1824 3834 1892 probi-

541 1858 840 1892 nnnclnnlin
875 1875 1036 1892 tum.“
1091 1865 1403 1892 n-.....:..:.:-
1472 1881 1519 1892 -.
1552 1876 1628 1892 _,,.
1665 1891 1673 1892 ,
1722 1885 1733 1892 .
1782 1879 1814 1892 ..
2231 1888 2281 1892 _-

539 1858 841 1913 constantia
875 1875 1036 1930 quam
1091 1865 1428 1936 promittitis,
1465 1881 1524 1928 et
1543 1876 1924 1937 exhortatione
1962 1897 2126 1953 quam

539 1945 671 2002 mihi
705 1949 904 2006 facitis.
940 1951 1010 2008 Ut
1035 1963 1220 2010 autem
1267 1958 1478 2022 aliquos
1509 1979 1577 2020 ex
1611 1967 1764 2024 vobis
1793 1972 1860 2024 ad
1908 1989 1998 2028 me
2031 1990 2124 2030 ve-

537 2038 654 2096 nire
681 2038 898 2110 faciam,
925 2045 1064 2100 sicut
1119 2049 1364 2118 poscitis,
1412 2068 1498 2120 ne,
1531 2055 1656 2112 dum
1677 2059 1908 2130 scjuncti
1939 2079 2126 2122 sumus

535 2129 602 2183 ab
643 2130 912 2197 invicem,
959 2148 1274 2206 pervertant
1319 2145 1606 2202 consilium
1635 2164 1818 2206 meum
1873 2155 1980 2226 qui.
2022 2174 2132 2214 sua-

534 2234 787 2290 qumrunt
830 2225 897 2280 ad
954 2241 1192 2298 praesens
1243 2247 1354 2288 non
1375 2237 1568 2308 Opinor
1608 2225 1902 2312 oportere.
1947 2249 2120 2320 Spero

531 2313 678 2366 cnim
718 2314 770 2368 in
801 2316 911 2372 Deo
953 2320 1078 2388 quia
1115 2321 1292 2374 nullus
1319 2339 1416 2380 cor
1453 2345 1631 2384 meum
1683 2349 1713 2386 a
1755 2338 1984 2394 veritate
2009 2382 2024 2406 ,
2063 2345 2115 2399 in

533 2414 795 2474 quantum
838 2425 1105 2483 cognosco
1138 2460 1152 2484 ,
1208 2423 1406 2490 poterit
1454 2437 1739 2496 avertere;
1790 2441 1846 2486 et
1886 2433 2011 2502 quia
2065 2435 2116 2490 in

529 2500 776 2566 proximo
818 2503 958 2560 Deus
997 2509 1128 2564 mihi
1161 2514 1290 2582 quid
1339 2515 1522 2573 facere
1545 2532 1740 2590 queam
1765 2563 1779 2588 ,
1825 2527 2113 2593 ostendet,

527 2599 582 2644 et
627 2607 728 2663 ego
779 2611 941 2666 quam
978 2601 1142 2660 citius
1178 2615 1365 2676 potero
1401 2612 1553 2668 vobis
1615 2617 1919 2674 notilicabo.
1976 2621 2112 2689 Quid

527 2691 708 2738 autem
742 2687 957 2745 interim
1025 2695 1177 2751 vobis
1209 2692 1524 2760 faciendum.
1542 2703 1646 2772 sit,
1687 2710 1970 2776 prudentia
2021 2729 2114 2770 ve-

531 2781 644 2827 stra
689 2777 824 2833 satis
873 2781 1150 2857 intelligit;
1185 2790 1279 2844 sed
1339 2803 1516 2850 tamen
1555 2796 1676 2852 dico
1705 2801 1830 2868 quia
1879 2817 2004 2872 ego,
2059 2805 2110 2860 in

522 2875 782 2932 quantum
811 2878 1080 2941 sperando
1125 2879 1181 2934 in
1213 2881 1323 2938 Deo
1352 2887 1746 2944 conscientiam
1779 2907 1954 2948 meam
1989 2911 2114 2950 sen-

524 2955 619 3020 tio,
671 2975 770 3029 pro
801 2965 1112 3024 redimenda
1144 2973 1250 3028 vita
1279 2991 1396 3030 mea
1429 2995 1534 3034 non
1567 2981 1864 3049 praeberem
1917 3003 2112 3044 assen-

521 3061 665 3112 sum,
705 3066 877 3120 neque
909 3059 1218 3116 ministrum
1267 3075 1360 3120 aut
1405 3083 1781 3131 exsecutorem
1843 3079 1968 3134 mali
2023 3098 2109 3137 me

2229 1888 2372 1944 bitas
2401 1906 2745 1965 acceperunt,
2784 1907 2840 1954 et
2881 1899 2952 1955 de
3001 1899 3088 1958 bis
3143 1905 3236 1973 qui
3279 1919 3376 1962 eos
3421 1888 3830 1976 sacrave'ruut,

2225 1991 2356 2051 puto
2384 1984 2510 2055 quia
2553 2001 2648 2042 rex
2676 1990 2974 2060 postulabit
2993 2001 3054 2048 ut
3083 1993 3140 2049 in
3165 1996 3266 2054 hoc
3295 2013 3672 2068 permaneant
3701 2007 3830 2074 quod

2225 2073 2408 2130 illicite
2457 2091 2936 2150 praesumpserunt.
2987 2083 3330 2158 Quapropter
3379 2090 3450 2146 de
3495 2093 3590 2149 bis
3620 2135 3636 2158 ,
3683 2073 3742 2152 et
3776 2098 3828 2154 de

2223 2163 2418 2236 quibus
2456 2182 2556 2236 per
2577 2179 2793 2226 nostros
2819 2171 3024 2244 legatos
3043 2187 3282 2233 vestram
3333 2182 3564 2254 requiro
3615 2187 3828 2256 sapien-

2222 2257 2396 2324 tiam,
2454 2269 2692 2318 vestram
2741 2265 2872 2320 mihi
2927 2283 3090 2337 posco
3139 2271 3400 2328 insinuari
3453 2281 3824 2346 sententiam.
3903 2303 3905 2306 ‘

2219 2347 2580 2422 Omnipotens
2609 2354 2750 2411 Deus
2773 2356 2866 2412 diu
2893 2370 3132 2418 vestram
3147 2367 3496 2424 sanctitatem
3519 2385 3656 2428 cum
3683 2365 3828 2430 omni
3903 2435 3905 2438 ,

2225 2442 2582 2510 prosperitate
2613 2455 2792 2500 servet
2821 2439 3168 2507 incolumem.
3201 2453 3396 2512 Amen.
3903 2463 3905 2512 ἰ

2663 2536 2993 2596 EPISTOLA
3026 2541 3237 2600 CXXIV
3264 2547 3351 2604 ³⁵⁸⁸.

2283 2640 2510 2683 αυσοκιε
2531 2643 2890 2687 LCGDUNENSIS
2916 2647 3312 2694 ARCIHEPISCOPI
3338 2656 3406 2694 AD
3431 2657 3754 2702 ANSELHUI.

2605 2717 2894 2790 Respondet
2921 2724 2992 2777 ad
3020 2729 3417 2795 prwcedentem.
3501 2773 3506 2777 -

2281 2805 2516 2876 Oplabili
2557 2817 2612 2863 et
2649 2810 2777 2867 totis
2803 2813 3099 2871 visceribus
3130 2819 3350 2875 amabili
3397 2821 3549 2879 Patri
3611 2843 3720 2885 suo
3769 2841 3816 2884 et

2213 2897 2430 2954 domino
2470 2900 2762 2968 Ansnuto,
2814 2906 3108 2962 venerabili
3151 2909 3446 2980 Anglorum
3503 2917 3814 2991 episcopo,
3895 2913 3902 2991 ζ

2211 2987 2788 3059 Πυςο,,1ιυκόιιηθηείε
2817 2995 3075 3054 Ecclesia:
3109 3013 3320 3066 servus,
3357 3003 3555 3062 divina:
3621 2987 3808 3080 prote-

2211 3079 2406 3136 ctionis
2433 3084 2743 3139 continuam
2771 3086 3216 3144 consolationem.

524 3135 756 3192 facerem
795 3146 978 3211 Nl"0d
1011 3150 1413 3213 andiosnoviter
1467 3175 1631 3232 super
1685 3165 1956 3226 Ecclesias
1997 3171 2106 3230 An-
2134 3155 2175 3212 α
2282 3170 2526 3228 Meminit
2565 3178 2828 3234 sanctitas
2867 3189 3066 3248 vestra,
3115 3187 3415 3244 reverende
3445 3187 3621 3245 Pater
3653 3234 3670 3258 ,
3719 3212 3814 3250 nos

524 3226 640 3258 nl}...
671 3233 994 3258 n-...-....l..__2
1053 3241 1089 3258 ιτ
1129 3241 1142 3258 ι
1183 3251 1196 3258 -

521 3226 640 3295 glize
671 3233 1016 3305 promulgari.
1053 3241 1250 3300 Valete.

968 3327 1302 3392 EPISTOLA
1330 3339 1536 3398 CXXIII
1575 3345 1666 3402 ⁸η.

661 3429 730 3497 μ)
757 3431 1003 3474 Ηυαοκεδι
1053 3439 1506 3488 ARCHIEPISCOPUII
1557 3453 1956 3497 LUGDUNENSEM.

519 3495 694 3574 Rogat
719 3507 928 3576 firmari
949 3529 1002 3566 se
1023 3517 1366 3586 prudentibus
1407 3527 1782 3601 arcltiepiscOpi
1821 3551 2099 3604 responsis.

588 3595 700 3650 Suo
724 3597 944 3660 domino
984 3615 1039 3660 et
1094 3605 1240 3665 Patri
1305 3611 1538 3683 "UGONI,
1576 3625 1874 3680 reverende
1915 3630 2094 3684 archi-

513 3688 772 3759 episcopo
813 3692 1182 3766 Lugdunensi,
1217 3706 1373 3760 matri
1405 3706 1665 3766 Ecclesia:
1717 3713 1928 3772 sincere
1978 3721 2100 3776 dili-

511 3779 708 3846 gendo,
747 3783 1052 3856 Anssnuus,
1103 3807 1294 3850 servus
1337 3797 1599 3858 Ecclesia:
1649 3803 2096 3880 Cantuariensis,

508 3873 654 3937 quod
700 3873 860 3932 altius
885 3887 942 3934 et
972 3884 1116 3952 quod
1155 3886 1351 3943 melius
1384 3890 1531 3946 valet
1561 3894 1879 3968 intelligere.

581 3959 718 4026 Quid
751 3963 972 4023 fecerim
997 3983 1283 4044 postquam
1315 3993 1343 4032 a
1367 3983 1711 4052 paternitatis
1733 3959 1928 4046 vestrae
1949 4007 2097 4049 ama-

509 4049 602 4154 bili
643 4061 925 4122 praesentia
959 4063 1205 4132 discessi,
1236 4049 1434 4140 quidve
1487 4077 1559 4132 sit
1587 4077 1728 4136 inter
1779 4097 1957 4154 regem
1989 4087 2094 4141 An-

507 4139 642 4239 glite
657 4153 726 4239 fl
752 4163 860 4214 me,
903 4168 1010 4209 non
1043 4167 1126 4212 est
1155 4174 1291 4230 opus
1318 4163 1474 4236 longa
1511 4171 1752 4239 epistolae
1781 4177 2094 4236 narratione

507 4229 835 4302 signiﬁcare,
876 4243 1001 4310 quia
1052 4229 1251 4306 latores
1297 4259 1640 4324 prmsentium
1661 4263 1732 4294 ⁵⁵⁸
1773 4267 1987 4334 plenius
2037 4277 2093 4326 et

507 4321 703 4378 melius
731 4341 959 4396 possunt
999 4335 1118 4390 viva
1167 4355 1295 4396 voce
1347 4347 1568 4403 referre.
1604 4351 1870 4418 Quoniam
1909 4369 2090 4414 autem

505 4414 562 4468 in
594 4417 845 4477 omnibus
873 4425 1176 4487 actionibus
1219 4435 1355 4492 meis
1385 4449 1563 4496 vestro
1597 4445 1828 4516 vellem,
1864 4451 1908 4504 si
1969 4451 2088 4508 fieri

504 4518 712 4580 posset,
737 4527 900 4586 super
921 4533 1110 4577 omnes
1138 4525 1380 4586 homines
1401 4545 1537 4602 quos
1566 4537 1710 4604 novi,
1735 4540 1810 4593 uti
1836 4544 2082 4609 consilio,

502 4605 741 4660 maxime
769 4606 820 4662 in
853 4609 956 4668 hoc
981 4617 1197 4688 negotio
1223 4635 1320 4690 pro
1351 4639 1459 4694 quo
1486 4629 1703 4686 eosdem
1745 4631 1949 4704 legatos
1978 4637 2084 4694 Ro-

500 4711 644 4754 mam
680 4701 858 4769 mitto,
893 4706 1118 4778 supplex
1144 4712 1324 4784 utipsi
1358 4715 1700 4776 instruantur
1744 4701 2082 4786 et_muuian-

501 4797 588 4846 tur
627 4805 808 4850 vestra
836 4798 1307 4874 prudentia-rogo.
1340 4806 1529 4865 Auden
1565 4812 1730 4868 etiam
1777 4833 1974 4886 rogare
2023 4832 2084 4878 ut

497 4881 542 4938 si
575 4887 845 4944 sanctitati
871 4901 1066 4950 vestrae
1091 4896 1304 4952 videtur
1336 4903 1630 4961 convenire
1653 4945 1669 4972 ,
1727 4909 1930 4981 aliquid
1983 4915 2080 4973 do-

496 4973 646 5030 mino
669 4993 822 5049 papa:
865 4995 1139 5057 suggerat,
1193 4999 1353 5060 prout
1401 4992 1502 5064 ipsi
1555 4999 1775 5068 negotio
1816 4973 2082 5078 intelliget

494 5067 770 5136 expedire.
803 5069 966 5131 Scitis
990 5080 1132 5134 enim
1165 5083 1291 5153 quia
1315 5085 1404 5142 ubi
1435 5086 1512 5142 rei
1544 5067 1771 5162 alicujus
1795 5067 2078 5170 dispositio

493 5156 559 5211 de
581 5158 920 5218 diversorum
945 5170 1138 5236 pendet
1161 5177 1408 5248 consilio,
1425 5179 1564 5234 sicut
1587 5197 1692 5237 non
1719 5201 1906 5244 omnes
1927 5205 2076 5246 eum-

491 5245 620 5302 dem
641 5251 846 5310 babeut
869 5269 1108 5328 sensum,
1139 5265 1210 5319 ita
1254 5283 1358 5324 non
1393 5245 1660 5328 eumdem
1713 5277 1953 5348 praebent
1982 5297 2073 5336 as-

488 5355 727 5400 sensum.
759 5346 1024 5416 Quoniam
1050 5365 1180 5425 ergo
1203 5369 1438 5418 mentem
1469 5346 1728 5422 vestram
1747 5378 1925 5424 certus
1949 5387 2070 5428 smn

2207 3277 2423 3334 semper
2454 3265 2812 3336 desiderasse,
2841 3277 2896 3326 et
2921 3272 2964 3328 si
2999 3275 3296 3330 secundum
3321 3277 3488 3334 Deum
3521 3280 3650 3337 ﬁeri
3683 3301 3808 3355 pos-

2207 3363 2311 3421 set,
2343 3358 2499 3414 vobis
2543 3361 2881 3422 consuluisse
2907 3373 2965 3420 ut
2994 3367 3342 3424 commissam
3371 3371 3528 3426 vobis
3560 3374 3810 3446 Anglica:

2205 3447 2462 3505 Ecclesia!
2495 3467 2684 3510 curam
2726 3453 3062 3527 reciperetis,
3117 3469 3174 3514 et
3229 3467 3342 3516 tam
3387 3465 3573 3533 gravis
3623 3472 3812 3524 oneris

2198 3538 2328 3611 jugo
2355 3581 2371 3608 ,
2423 3557 2522 3614 pro
2557 3549 2828 3602 communi
2875 3551 3152 3605 commissi
3183 3551 3338 3608 vobis
3367 3557 3550 3626 gregis
3603 3561 3807 3627 salute,

2201 3633 2521 3692 obedientim
2568 3637 2764 3693 collum
2818 3639 3048 3697 subdere
3092 3659 3199 3698 non
3243 3649 3592 3704 recusaretis.
3653 3651 3810 3708 Nunc

2202 3724 2367 3796 igitur
2393 3741 2461 3782 ex
2505 3728 2708 3784 domini
2748 3729 3026 3786 Balduviui
3082 3733 3150 3766 “5
3197 3734 3462 3791 relatione
3513 3745 3808 3812 eonqrerio

2200 3818 2341 3888 quod
2378 3818 2508 3874 illud
2545 3830 2767 3891 propter
2787 3823 2931 3893 quod
2965 3827 3360 3896 assequendum
3389 3837 3688 3900 tantopere
3711 3836 3809 3888 lia-

2198 3918 2390 3966 ctenus
2429 3911 2736 3983 laborastis,
2763 3917 2836 3970 'et
2862 3933 2968 3972 non
2993 3918 3168 3974 solum
3206 3931 3412 3986 vestra,
3457 3923 3554 3977 sed
3601 3935 3664 3979 et
3707 3943 3806 3981 vos

2198 3999 2372 4070 ipsum
2405 4004 2759 4076 exposuistis,
2791 4023 2894 4077 per
2925 4008 3020 4064 Dei
3056 4011 3284 4080 gratiam
3308 4010 3424 4080 jam
3465 4014 3696 4072 tandem
3736 4034 3806 4074 ex

2195 4109 2386 4165 magna
2418 4105 2572 4166 parte
2597 4101 2828 4156 assecuti
2860 4101 3010 4156 estis.
3038 4101 3108 4157 Ut
3136 4102 3200 4156 ad
3237 4103 3376 4158 illud
3423 4106 3566 4175 quod
3623 4119 3806 4164 restat

2195 4187 2517 4254 sperandum
2555 4191 2784 4245 animari
2838 4193 3078 4260 possitis,
3113 4194 3441 4251 consulendo
3471 4211 3802 4266 precamur,

2193 4285 2250 4330 et
2273 4280 2543 4348 precando
2567 4283 2850 4336 sanctitati
2871 4293 3068 4340 vestrae
3095 4286 3430 4342 consulimus
3459 4297 3518 4342 ut
3567 4300 3804 4359 aposto-

2193 4363 2298 4420 ltco
2327 4377 2595 4440 praecepto
2619 4372 2842 4428 obedire
2868 4389 2975 4428 non
2999 4375 3401 4441 .dissimuletis,
3436 4393 3504 4433 ue
3559 4391 3803 4436 senten-

2120 4499 2166 4554 Β
2196 4455 2324 4510 tiam
2357 4467 2592 4514 vestram
2613 4461 2781 4532 pluris
2812 4462 3060 4519 faciendo
3092 4481 3251 4536 quam
3282 4467 3642 4536 apostolicam
3695 4485 3800 4523 au-

2194 4549 2654 4618 ctoritatem,'non
2684 4553 2858 4611 solum
2889 4557 3084 4612 Saecqu
3106 4568 3164 4612 et
3183 4575 3368 4631 regno,
3393 4575 3580 4614 vermu
3615 4563 3798 4615 etiam

2195 4640 2448 4696 Ecclesiae
2499 4652 2555 4699 et
2597 4647 2902 4702 sacerdotio
2937 4649 3195 4705 resistere
3228 4650 3572 4718 judicemini.
3629 4652 3798 4710 Licet

2189 4735 2333 4790 enim
2377 4735 2428 4790 in
2480 4737 2717 4805 Anglicm
2752 4737 3008 4794 Ecclesiae
3043 4755 3176 4810 agro
3221 4741 3364 4795 aliud
3395 4758 3578 4797 semen
3611 4759 3792 4815 supra

2186 4835 2420 4895 petram,
2445 4827 2590 4882 aliud
2625 4843 2782 4883 secus
2817 4830 2958 4884 viam
2984 4870 2999 4895 ,
3049 4831 3194 4886 aliud
3253 4845 3386 4886 vero
3428 4831 3588 4886 cadat
3637 4835 3794 4890 inter

2186 4915 2390 4985 spinas,
2419 4918 2514 4973 sed
2544 4927 2600 4974 et
2639 4919 2776 4976 bona
2805 4927 2948 4975 terra
2985 4921 3258 4976 invenitur
3294 4922 3348 4976 iu
3383 4937 3450 4978 eo
3495 4938 3620 4992 quae
3683 4941 3792 4980 su-

2187 5017 2371 5078 scepto
2419 5010 2820 5078 praedicationis
2854 5022 3047 5068 vestrae
3068 5013 3275 5068 semine
3303 5013 3540 5070 fructum
3578 5014 3792 5072 aﬂ‘eret

2183 5097 2238 5152 in
2267 5098 2547 5168 patientia.
2575 5099 2704 5166 Sed,
2731 5116 2817 5156 me
2873 5101 3164 5158 miserum!
3206 5105 3461 5175 quoniam
3505 5105 3624 5176 ipse
3675 5123 3788 5164 au-

2180 5197 2302 5243 ctor
2323 5197 2380 5243 et
2411 5188 2664 5246 incensor
2699 5191 2770 5247 lio
2797 5192 3148 5250 desolationis
3195 5211 3332 5251 meae
3359 5237 3392 5262 ,..
3411 5198 3504 5268 qui
3533 5199 3782 5256 unicum

2177 5279 2420 5334 solamen
2449 5291 2506 5336 et
2551 5281 2806 5352 gaudium
2859 5299 3038 5339 meum
3069 5326 3084 5352 ,
3117 5295 3172 5341 et
3221 5288 3418 5342 animae
3463 5305 3600 5345 mem
3647 5303 3788 5362 post

2174 5371 2343 5428 Deum
2371 5373 2536 5429 vitam
2577 5389 2854 5433 removere
2876 5379 3142 5435 contendo
3190 5395 3220 5435 a
3248 5393 3544 5452 conspectu
3569 5385 3780 5466 oculo-

1800 5523 2035 5580 νΑῐὶΙΛΕ
2061 5527 2470 5589 LECTIONES.

554 5666 620 5698 ’δι
648 5665 780 5724 Cum
809 5670 988 5724 eodem
1029 5689 1109 5726 ms
1153 5671 1346 5728 collata
1451 5677 1520 5710 ⁸³³
1543 5678 1676 5747 Quia
1720 5685 2068 5751 prmsentium
2095 5703 2172 5742 ms
2206 5689 2331 5756 quia
2359 5689 2558 5750 latores
2583 5694 2934 5766 praesentium

556 5737 594 5794 lt
703 5739 780 5806 ⁵³⁸,
800 5740 930 5796 Cum
957 5745 1136 5799 eodem
1169 5760 1245 5800 ms
1273 5745 1466 5803 collata
1573 5751 1660 5815 _"*'
1689 5750 1950 5812 Buldivini
1973 5773 2048 5810 ms
2081 5757 2360 5815 Balduvini

1622 5763 1660 5783 "
1689 5763 1950 5812 ualdivtni
1973 5773 2048 5810 ms
2081 5763 2338 5814 Balduvin

481 5737 594 5794 vult
703 5739 780 5806 ⁵³⁸,
800 5740 930 5796 Cum
957 5745 1136 5799 eodem
1169 5760 1245 5800 ms
1273 5745 1466 5803 collata

3047 5697 3114 5731 ευ
3141 5695 3254 5757 Non
3285 5673 3396 5757 vult
3415 5719 3496 5759 ms
3521 5711 3784 5767 nondum
