3946 6306
147 335 239 392 161

1399 327 1533 385 LIB.
1576 328 1664 395 lli,
1703 325 1924 384 EPIST.
1949 326 2180 385 CXXVI.

3333 333 3433 390 162

147 463 266 503 rum
315 446 568 511 istorum,
623 443 882 514 quosjam
907 442 1138 498 inaniter
1163 441 1232 473 “°
1278 449 1492 513 gestare
1534 441 1739 508 videor,
1771 443 1819 502 Α
1847 450 2027 494 autem
2058 440 2256 506 vivitis,
2297 442 2343 496 si
2370 442 2614 498 ordinem
2648 443 3056 515 etpropositum
3079 455 3322 502 vestrum
3353 451 3433 503 dt-

144 539 271 594 dum
332 537 385 592 id
449 550 556 606 quo
623 535 827 606 gratius
871 533 974 588 frui
1003 533 1288 600 solebant,
1329 533 1578 589 videlicet
1624 534 1740 588 dul-

144 629 352 684 cissimi
388 627 569 683 Patris
592 628 694 682 mei
722 627 1085 697 prmsentiam,
1111 642 1218 682 non
1248 627 1422 681 solum
1455 626 1532 681 eis
1558 628 1739 682 videre

143 721 236 785 '",
278 721 372 776 sed
401 721 565 776 etiam
603 719 826 774 ulterius
879 734 938 774 se
984 719 1197 774 visuros
1236 734 1458 790 sperare
1507 734 1611 772 non
1650 733 1735 774 re-

144 813 430 884 linquitur.
473 813 578 869 Sed
618 811 760 867 absit
787 821 843 866 ut
865 826 964 880 pro
994 811 1274 882 temporali
1303 812 1588 867 commodo
1617 827 1738 867 meo

146 903 388 973 generali
419 911 496 958 tot
553 911 938 971 tantorumque
961 898 1036 934 ⁸⁵⁸
1074 900 1236 956 saluti
1285 901 1579 964 invideam,
1629 902 1737 955 imo

146 1007 253 1044 non
284 1006 404 1066 qua:
433 1006 549 1048 mea
590 1000 738 1057 sunt,
769 980 861 1046 sed
895 1007 1016 1059 qua:
1068 990 1194 1046 Jesu
1246 990 1447 1046 Christi
1497 1007 1734 1062 quaeram

148 1083 240 1135 σι’.
275 1083 421 1138 [labe
487 1099 574 1139 me
625 1084 808 1155 igitur,
841 1073 1179 1154 [beatissime
1230 1083 1414 1151 Pater,
1487 1085 1538 1138 in
1616 1085 1734 1138 sinu

144 1173 419 1228 memoria:
444 1181 568 1237 tuae,
604 1174 1038 1244 quandoquidem
1095 1173 1227 1229 mihi
1270 1190 1376 1230 non
1420 1176 1736 1231 conceditur

143 1261 412 1332 inspicere
451 1263 658 1318 vultum
707 1253 1007 1334 praesentia:
1049 1274 1185 1319 tuae.-
1217 1265 1480 1335 Optamus
1520 1282 1737 1336 semper

140 1353 279 1409 bene
311 1353 510 1421 valere,
539 1363 594 1408 et
616 1354 807 1410 salutis
850 1367 1049 1411 nostra:
1072 1371 1259 1411 curam
1291 1371 1506 1426 gerere.

494 1465 657 1538 412
697 1465 1026 1522 EPISTULA
1061 1466 1255 1522 cxxv
1288 1466 1382 1521 ηο,

412 1574 637 1613 ANSELMI
672 1574 740 1613 AD
772 1574 1042 1615 ΕυιΑωΑιι
1079 1574 1427 1615 ΑιιιιΑτιεεΑιι.

143 1646 495 1724 Gratissimas
525 1651 676 1724 hab_et
701 1653 908 1724 antislre
945 1651 1280 1724 [tliarumque
1316 1668 1513 1722 preces.
1570 1652 1637 1705 Et
1680 1663 1732 1705 nt

217 1719 509 1774 obedienles
535 1732 579 1775 et
615 1720 668 1774 in
701 1722 928 1776 minimis
946 1719 1130 1791 ﬁdeles
1157 1719 1284 1789 sint,
1317 1719 1661 1776 adhortatur.

213 1830 500 1885 Asseenus
551 1831 1023 1902 archiepiscopus,
1067 1832 1378 1899 reverendae
1421 1831 1731 1900 abbatissae,

146 1919 404 1974 EULALIE
440 1930 496 1975 et
519 1921 731 1977 ﬁliabus
759 1921 898 1992 ejus,
929 1925 1184 1978 salutem.

218 2009 434 2066 Gratias
462 2026 564 2083 ago
604 2012 870 2082 religiosa:
916 2013 1192 2070 dilectioni
1239 2021 1435 2069 vestrae
1463 2016 1588 2084 quia
1639 2031 1736 2086 pro

147 2116 232 2154 me
256 2101 453 2157 orastis
479 2103 716 2172 quandiu
736 2113 888 2160 extra
923 2103 1170 2174 Angliam
1202 2103 1278 2159 l‘ui
1309 2105 1362 2160 in
1397 2105 1610 2172 exsilio,
1643 2110 1759 2162 dev‘

151 2192 460 2249 siderantes
513 2195 746 2249 reditum
801 2209 1015 2261 meum;
1048 2211 1190 2251 nunc
1211 2207 1392 2252 autem
1423 2197 1734 2252 desideran-

147 2284 251 2339 tius
279 2301 409 2356 rogo
446 2295 502 2340 ut
529 2286 697 2342 oretis
747 2300 1016 2357 quatenus
1045 2287 1351 2344 fructuosus
1401 2289 1476 2344 sit
1528 2290 1735 2347 reditus

143 2392 316 2432 IICIIS.
357 2378 468 2434 Hoc
498 2379 618 2436 volo
654 2389 708 2435 ut
741 2381 949 2448 sciatis,
1003 2381 1130 2452 quia
1166 2381 1387 2436 dilectio
1437 2397 1554 2438 mea
1605 2399 1731 2456 erga

144 2481 260 2535 vos,
297 2483 361 2522 ex
383 2484 492 2538 quo
522 2485 616 2526 vos
651 2471 875 2540 cognovi
906 2480 962 2526 et
985 2471 1138 2538 vivit,
1171 2479 1227 2526 et
1266 2482 1578 2542 perseverat
1603 2513 1618 2540 ,
1677 2484 1734 2530 et

144 2561 380 2628 quandiu
406 2562 602 2625 vivam,
629 2562 740 2618 Deo
761 2563 944 2627 dante,
970 2565 1353 2634 perseverabit.
1387 2565 1735 2637 Quapropter

148 2649 263 2718 ipsa
293 2651 480 2705 eadem
509 2651 799 2707 dilectione
828 2657 1384 2725 manente,_quamvis
1410 2672 1514 2710 non
1569 2672 1732 2727 egea-

151 2741 243 2804 tis,
279 2739 478 2810 aliquid
515 2751 695 2798 tamen
726 2742 878 2798 vobis
906 2743 1140 2798 scribam
1202 2745 1345 2799 unde
1381 2761 1465 2799 me
1491 2761 1587 2799 vos
1618 2747 1738 2801 dili-

148 2846 276 2902 gere
306 2842 360 2886 et
399 2847 584 2886 curam
619 2834 784 2888 vestri
823 2835 1023 2890 habere
1053 2837 1416 2906 cognoscatis.
1471 2838 1597 2902 Vos,
1649 2853 1734 2893 so-

145 2941 300 2979 rores
326 2925 556 2990 dilectae,
594 2936 648 2981 et
677 2927 802 2982 lilia:
855 2943 1006 2994 meae,
1037 2930 1224 2985 hortor
1259 2941 1312 2985 et
1334 2948 1526 2986 moneo
1551 2943 1736 3002 quate-

145 3030 249 3070 tzus
273 3015 432 3070 matri
461 3027 654 3071 vestra:
681 3018 939 3087 subiectas
970 3028 1026 3074 et
1069 3021 1382 3077 obedientes
1425 3024 1542 3078 sitis
1566 3063 1582 3091 ,
1627 3040 1732 3079 non

146 3097 355 3160 tantum
382 3107 448 3161 ad
479 3109 769 3164 humanum
797 3111 1037 3177 oculum,
1068 3112 1162 3166 sed
1186 3113 1350 3167 etiam
1397 3113 1465 3169 ad
1513 3115 1726 3170 oculum
1758 3130 1799 3187 ρ,

146 3198 266 3264 Dei,
315 3199 403 3254 cui
432 3199 564 3254 nihil
597 3209 678 3254 est
723 3210 1015 3256 secretum.
1069 3201 1217 3258 Tunc
1268 3212 1448 3259 autem
1496 3215 1579 3261 est
1603 3221 1728 3260 vera

142 3291 477 3358 obedientia,
500 3294 715 3363 quando
744 3293 994 3349 voluntas
1047 3295 1278 3364 subjecti
1326 3297 1508 3352 obedit
1546 3299 1733 3352 volun-

144 3383 472 3452 tatipraelati
515 3392 572 3438 ut
617 3383 928 3455 ubicunque
973 3385 1044 3438 sit
1067 3385 1379 3453 subjectus.
1437 3388 1540 3443 hoc
1603 3389 1733 3442 velit

142 3476 292 3542 quod
317 3475 567 3546 intelligit
598 3475 735 3532 velle
769 3476 1075 3546 praelatum,
1103 3481 1244 3546 quod
1287 3495 1390 3534 non
1425 3482 1496 3534 sit
1539 3491 1730 3536 contra

137 3567 476 3621 voluntatem
526 3567 639 3622 Dei.
687 3567 1045 3639 Congregatio
1099 3579 1276 3624 vestra
1327 3571 1583 3640 templum
1633 3573 1726 3627 Dei

137 3659 303 3714 debet
339 3673 502 3726 esse;
548 3670 603 3715 et
624 3660 883 3731 templum
936 3662 1028 3715 Dei
1077 3673 1450 3718 sanetmuest.
1510 3663 1566 3718 Si
1598 3678 1730 3734 ergo

135 3758 332 3806 sancte
354 3750 557 3815 vivitis,
591 3759 651 3811 ut
685 3765 868 3822 spero,
897 3751 1155 3820 templum
1195 3751 1285 3807 Dei
1322 3753 1472 3808 estis.
1530 3753 1728 3809 Sancte

1842 529 2074 600 ligenter
2128 533 2454 599 custoditis;
2506 533 2792 605 diligenter
2820 550 2953 590 vero
2991 535 3094 592 hoc
3143 535 3342 597 facitis.
3385 542 3429 595 si

1841 624 2060 678 minima
2093 640 2196 678 non
2231 626 2597 680 contemnitis.
2626 625 2876 682 Vestrum
2919 628 3064 683 en'm
3096 628 3430 700 propesitum

1840 729 2055 783 semper
2081 713 2238 768 debet
2271 715 2366 768 niti
2401 716 2466 768 ad
2500 715 2819 784 perlectum,
2853 726 2908 772 et
2941 728 3053 774 toto
3103 722 3268 774 corde
3308 722 3434 775 hor-

1840 822 1960 862 rere
2014 805 2307 862 defectum.
2370 806 2642 874 Scriptum
2683 818 2766 864 est
2818 810 3001 866 enim:
3053 812 3158 878 Qui
3220 815 3426 866 modira

1839 899 2074 969 despicit,
2105 899 2362 968 paulatim
2391 899 2593 952 deridet
2621 898 2811 966 (Eccli.
2848 917 2960 967 χιχ,
3011 903 3088 973 1.)
3115 903 3214 970 Qui
3249 915 3430 958 autem

1839 991 2055 1053 decidit,
2092 1007 2196 1044 non
2230 990 2462 1059 prolicit.
2495 989 2731 1044 Proinde
2761 990 2832 1021 ⁵³⁸
2857 993 2900 1045 si
2926 992 3091 1044 vultis
3120 994 3385 1062 prolicere
3413 1033 3430 1056 ,

1837 1093 1893 1138 et
1919 1083 2153 1137 horretis
2205 1083 2439 1137 deiicere
2462 1123 2477 1146 ,
2510 1082 2674 1137 ualite
2707 1083 2918 1138 modica
2949 1083 3234 1152 despicere
3264 1104 3276 1139 :
3321 1087 3432 1140 uti-

1838 1190 1941 1243 que
1966 1176 2106 1228 sicut
2143 1189 2326 1227 verum
2355 1182 2461 1238 est,
2495 1173 2585 1244 qui
2613 1173 2821 1227 modica
2875 1173 3111 1240 despicit,
3168 1175 3427 1242 paulatim

1837 1269 2060 1332 decidet,
2092 1267 2162 1320 ita
2191 1265 2267 1297 ’⁵⁵³
2301 1282 2486 1320 verum
2516 1265 2749 1335 estquia
2781 1265 2872 1336 qui
2921 1266 3130 1320 modica
3186 1281 3292 1321 ιιοιι
3341 1267 3435 1321 de-

1836 1359 2016 1428 s;iicil,
2048 1359 2302 1428 paulatim
2321 1357 2551 1426 proﬁcit.
2585 1357 2975 1428 Noliteputare
3001 1356 3216 1428 aliquod
3243 1371 3435 1428 pecca-

1835 1462 1948 1503 tum
1975 1465 2094 1504 esse
2124 1464 2368 1519 parvum;
2396 1449 2643 1518 quamvis
2670 1449 2811 1503 aliud
2834 1449 2943 1504 alio
2963 1449 3037 1504 sit
3060 1448 3255 1518 majus.
3275 1449 3422 1506 Nihil

1835 1543 1978 1596 enim
2024 1542 2167 1611 quod
2221 1542 2281 1595 ﬁt
2313 1555 2412 1610 per
2445 1540 2861 1596 iuobedientiam
2889 1581 2904 1606 ,
2947 1557 3066 1612 quae
3119 1543 3230 1597 sola
3270 1541 3435 1611 ejecit

1836 1636 2110 1688 hominem
2171 1635 2235 1688 de
2285 1633 2573 1704 paradiso,
2631 1649 2856 1704 parvum
2891 1635 2997 1690 diei
3052 1636 3229 1690 debet.
3277 1636 3430 1702 Quod

1837 1726 1984 1779 enim
2015 1735 2297 1794 peccatum
2345 1740 2572 1793 parvum
2600 1726 2722 1788 erit,
2783 1726 2828 1780 si
2871 1735 3104 1781 testante
3161 1728 3429 1794 Vcritate,

1839 1817 1927 1885 qui
1962 1817 2216 1870 irascitur
2245 1816 2402 1869 fratri
2433 1830 2532 1869 suo
2555 1831 2679 1870 reus
2707 1816 2811 1870 erit
2830 1816 3055 1884 judicio,
3079 1829 3132 1873 et
3155 1821 3247 1889 qui
3277 1820 3429 1874 dive-

1840 1908 1928 1970 rlt,
1962 1922 2106 1971 raca,
2135 1921 2258 1960 reus
2286 1907 2390 1970 erit
2416 1906 2647 1960 concilio
2675 1923 2688 1970 ;
2734 1916 2790 1961 et
2819 1908 2908 1976 qui
2949 1907 3149 1963 dixerit
3175 1951 3191 1974 ,
3248 1909 3418 1972 fatue,

1839 2017 1965 2054 reus
1991 2002 2094 2054 erit
2125 2001 2387 2070 gehennae
2419 2000 2579 2070 ignis.
2635 2001 2783 2070 Rogo
2829 2001 3016 2071 igitur,
3053 2001 3174 2055 lilia:
3217 2003 3428 2056 charis-

1837 2094 2012 2158 simze,
2053 2104 2111 2166 ut
2149 2092 2282 2147 nihil
2315 2091 2617 2162 negligatis,
2651 2094 2744 2146 sed
2770 2107 2932 2162 opera
2966 2103 3144 2147 vestra
3178 2102 3233 2148 et
3260 2094 3425 2148 corda

1837 2197 2016 2242 vestra
2048 2187 2190 2242 sicut
2227 2186 2278 2239 in
2305 2183 2376 2214 ⁵⁸³
2412 2193 2707 2254 conspectu
2746 2185 2838 2239 Dei
2884 2186 3160 2240 custodire
3214 2201 3433 2256 semper

1838 2280 2124 2334 studeatis.
2158 2277 2353 2333 Pacem
2389 2277 2533 2331 inter
2560 2293 2656 2331 vos
2686 2278 2902 2342 habete,
2935 2277 3062 2347 quia
3097 2278 3148 2331 in
3181 2293 3316 2348 pace
3340 2278 3423 2331 l'a-

1837 2383 1956 2426 ctns
1987 2379 2063 2426 est
2093 2371 2254 2426 locus
2275 2369 2365 2425 Dei
2396 2409 2411 2434 ,
2450 2377 2504 2422 et
2531 2384 2634 2438 pax
2667 2369 2831 2423 multa
2873 2370 3218 2440 diligentibus
3251 2369 3426 2440 legem

1837 2467 1954 2532 Dei,
1983 2475 2037 2521 et
2061 2481 2164 2519 non
2190 2475 2272 2520 est
2295 2465 2400 2522 illis
2443 2463 2759 2519 scandalum
2784 2461 2874 2514 ⁸³⁸.
2905 2461 3081 2516 Corde
3109 2471 3163 2518 et
3185 2475 3281 2516 ore
3323 2477 3420 2517 vo-

1836 2560 1920 2614 bis
1974 2559 2412 2614 bcnedictionem
2465 2544 2518 2614 et
2573 2555 2967 2611 absolutionem
3024 2551 3118 2610 Dei
3181 2569 3318 2621 oro;
3365 2564 3420 2609 et

1837 2667 2036 2714 meam,
2069 2651 2113 2705 si
2147 2651 2275 2720 quid
2298 2650 2465 2716 valet,
2487 2659 2746 2719 quantum
2768 2664 3010 2720 possunt,
3035 2647 3104 2704 do
3131 2659 3186 2705 et
3209 2647 3425 2703 mando.

1842 2741 2048 2797 Valete.

2269 2833 2601 2889 EPISTOLA
2638 2832 2851 2888 CXXVI
2891 2833 2984 2885 ⁸⁵⁵.

2035 2941 2258 2982 Ακειεωιι
2297 2942 2365 2981 AD
2403 2941 2673 2981 HENR‘CUI
2711 2940 2995 2981 KNGLORUII
3033 2941 3224 2981 REGI-Il.

1840 3019 1995 3088 Quod
2023 3021 2302 3073 translatio
2337 3021 2564 3088 episcopi
2616 3037 2722 3076 non
2755 3019 2936 3072 debeat
2966 3017 3084 3087 ﬁeri
3140 3021 3253 3074 sine
3307 3029 3432 3074 con-

1905 3106 2059 3150 sensu
2085 3090 2462 3160 archiepiscopi
2515 3101 2564 3144 et
2621 3092 2982 3160 episcoporum
3029 3090 3332 3159 prorinciw,
3379 3102 3430 3145 et

1905 3182 2021 3288 funt
2059 3177 2248 3231 magna
2301 3162 2720 3216 consideratione
2767 3171 2814 3214 et
2861 3161 3175 3214 auctoritate
3221 3172 3432 3230 aposto-

1930 3253 2033 3288 ica.

1930 3253 2033 3288 ica.

1907 3327 2017 3384 Suo
2047 3326 2367 3382 charissinto
2405 3326 2625 3381 domino
2664 3325 2924 3390 lictvmco,
2954 3324 3050 3380 Dei
3096 3324 3270 3394 gratia
3317 3325 3428 3380 An-

1836 3420 2043 3490 glorum
2077 3417 2189 3489 regi
2251 3428 2308 3472 et
2345 3417 2466 3472 duci
2524 3415 3005 3482 Netthmanorum,
3027 3414 3312 3472 ANSELML‘S
3341 3431 3428 3470 ar-

1836 3511 2231 3577 chiepiscopus,
2278 3507 2435 3562 lidcle
2462 3507 2743 3563 servitium
2769 3523 2892 3562 cum
2931 3508 3288 3563 orationibus.

1903 3597 2176 3652 Maudavit
2224 3597 2354 3652 mihi
2404 3597 2642 3668 dignatio
2667 3607 2848 3654 vestra
2881 3614 2978 3668 per
3025 3599 3258 3656 electum
3310 3599 3430 3670 epi-

1829 3698 2050 3754 scopum
2079 3682 2513 3737 Wiutonieusem
2541 3692 2598 3735 ut
2619 3683 2721 3737 sibi
2752 3683 3045 3738 scriberem
3100 3695 3278 3738 utrmn
3326 3686 3419 3739 do-

1829 3776 2010 3830 minus
2059 3774 2171 3846 (50)
2224 3773 2481 3829 llervzeus
2523 3774 2806 3845 episcopus
2859 3773 3220 3832 Bancorcnsis
3255 3777 3422 3832 possit

1393 3862 1623 3919 νΑιιιΑῑ
1651 3864 2055 3922 LECTIONES.

228 3934 302 3966 ⁸⁵⁸
381 3934 526 4001 Quos
579 3936 886 3990 humaniter
940 3949 1018 3987 ms
1065 3949 1199 4004 quos
1242 3934 1356 4005 jam
1404 3936 1639 3990 inaniter

135 4019 246 4074 que
378 4005 449 4037 ⁵⁵³
478 4007 681 4060 Christi
713 4015 859 4071 sunt,
897 4021 1134 4075 quaeram
1160 4022 1238 4060 ms
1265 4005 1492 4070 ChriSti,
1520 4021 1758 4074 qmrram

135 4073 216 4127 ms
250 4075 470 4136 decidit,
531 4092 636 4129 non
689 4073 929 4136 prolicit;
981 4073 1212 4129 Proinde
1319 4075 1388 4107 ⁸⁵¹
1427 4073 1617 4130 Deﬁcit
1673 4096 1686 4130 :

137 4145 195 4198 in
273 4145 346 4177 ‘“
372 4145 447 4198 Illi
481 4145 792 4199 scandalum
824 4162 900 4198 ms
929 4146 1036 4200 illis
1067 4145 1380 4199 scandalum

1778 3937 1848 3976 “7
1911 3939 2049 3993 lltile
2099 3954 2178 3992 ms
2222 3938 2406 3990 videre

1746 4077 1818 4131 ita
1849 4095 1928 4133 ms
1968 4079 2166 4132 decidit
2219 4095 2232 4131 :
2289 4077 2362 4132 ita

1487 4145 1558 4179 ⁵⁵⁵
1586 4144 1718 4199 Cum
1744 4150 1922 4200 eodem
1947 4164 2025 4201 ms
2054 4146 2245 4201 collata

2533 3935 2605 3967 ⁸⁸⁸
2655 3933 2950 3988 Tantorum
2999 3952 3076 3989 ms
3125 3944 3424 3990 tantorum-

1896 4008 1966 4044 δι”)
2000 4009 2130 4063 Cum
2157 4008 2334 4062 eodeni
2373 4023 2452 4059 ms
2479 4005 2674 4058 collata
2805 4005 2876 4036 ⁵⁵⁸
2910 4006 3133 4059 Decidit.
3191 4006 3425 4061 Proinde

2473 4075 2543 4105 ⁵⁵³
2595 4073 2782 4128 Vestra
2836 4075 2888 4128 iu
2934 4092 3010 4128 ms
3050 4073 3235 4130 Vestra
3285 4077 3427 4132 sicut

1419 4235 1704 4292 JOANNIS
1744 4237 1945 4294 PICAR
1958 4239 2017 4294 Dl
2045 4236 2281 4294 NOTAE.

229 4329 349 4412 (ὄρ)
409 4328 699 4412 Heracleas.‘
736 4328 1028 4412 Polydnrm
1055 4329 1172 4412 lib._
1199 4328 1511 4412 Xluliistor.
1553 4329 1728 4412 “Augl.

149 4399 441 4455 Henricus.
469 4400 574 4455 Sed
599 4399 960 4462 Malmesben,
987 4401 1219 4464 lloned.,
1250 4399 1532 4454 Mattlneus
1553 4399 1732 4465 Paris,

1845 4347 1972 4402 rege
2001 4347 2122 4386 cum
2162 4329 2278 4386 solo
2305 4337 2576 4400 aequatum
2622 4328 2813 4385 fuisset
2856 4328 3008 4386 locus
3029 4328 3420 4402 episcopatus,

1843 4400 2036 4457 ut'nec
2061 4410 2207 4457 esset
2239 4403 2289 4454 in
2319 4416 2427 4472 quo
2455 4402 2743 4471 episcopus
2775 4401 2962 4472 pedem
3015 4400 3248 4471 ﬁgeret,
3269 4405 3423 4472 petiit

136 4486 275 4543 mss.
328 4472 544 4543 scheibe
592 4471 970 4543 episcoporum
1031 4471 1377 4543 Helyensinnt
1438 4472 1729 4543 certiorem
1765 4479 1812 4540 υ
1841 4488 1870 4526 a
1903 4487 2030 4542 rege
2074 4473 2176 4527 sibi
2220 4470 2346 4543 dari
2387 4470 2786 4526 Lexoviensem
2813 4470 3130 4543 ecclesiam;
3166 4474 3244 4527 sic
3269 4470 3419 4543 enim

138 4539 349 4596 faciunt
379 4541 559 4604 iidem,
589 4539 709 4609 qua:
749 4539 872 4598 eum
919 4539 1198 4597 llervrutim
1231 4551 1440 4597 vocant.
1487 4540 1730 4596 Primum

138 4611 241 4665 fuit
269 4611 654 4666 Baueoricnsis
685 4613 933 4676 antistes,
962 4628 1254 4668 successor
1301 4612 1545 4674 Davidis,
1582 4613 1728 4666 illius

138 4683 353 4736 scilicet
381 4682 580 4752 egregii
611 4684 997 4753 hyperaspistze
1027 4682 1247 4737 Henrici
1280 4682 1460 4750 Quinti
1490 4684 1732 4753 impera-

138 4753 293 4814 toris.
322 4753 395 4807 ob
418 4752 654 4820 iniquam
699 4753 1126 4823 probrosamque
1175 4752 1455 4809 Paschalis
1498 4752 1726 4808 secundi

136 4837 291 4943 papa:
354 4823 744 4890 captivitatem.
801 4822 932 4877 Erat
977 4834 1157 4880 autem
1217 4826 1427 4877 Bancor
1480 4825 1643 4895 (unde
1673 4831 1729 4877 et

183 4893 540 4943 aneoriensis.
556 4892 934 4943 Bancoriensis
956 4904 1010 4943 et
1029 4894 1382 4943 Italicorensis
1404 4891 1726 4943 formanturl

183 4893 540 4957 aneoriensis,
556 4892 934 4962 Bangoriensis
956 4904 1010 4949 et
1028 4894 1382 4950 Baueoreusis
1404 4891 1726 4962 formantur)

143 4969 389 5031 tempore
439 4963 673 5017 Britonis
737 4965 970 5030 civitas,
1024 4976 1077 5019 et
1126 4965 1329 5018 Arturo
1387 4978 1516 5033 rege
1569 4963 1728 5018 sedes

139 5035 425 5105 pontilicia
446 5034 497 5086 in
528 5033 744 5105 Wallia,
799 5036 957 5089 tertia
999 5045 1152 5105 parte
1183 5035 1367 5090 insulae
1400 5033 1726 5088 Britannicae

142 5101 210 5176 ad
260 5103 576 5176 umbilicum
613 5103 798 5176 Gallia:
825 5105 938 5175 (qui
964 5101 1180 5176 quidem
1211 5105 1362 5160 locus
1395 5106 1447 5160 in
1482 5105 1721 5176 Arnonia

142 5166 540 5248 .Venedolarnm
566 5180 751 5248 terra),
772 5166 912 5248 haud
942 5166 1172 5248 procula
1198 5175 1422 5248 trajectu
1442 5176 1492 5248 in
1511 5175 1723 5248 Monam

141 5242 374 5296 insulam
399 5242 711 5316 Britannico
740 5242 997 5316 vocabulo
1021 5245 1119 5298 fuit
1137 5242 1436 5316 appellatus
1457 5245 1721 5316 Banchor,

142 5323 286 5385 nune
330 5327 466 5385 vero
505 5315 882 5385 Bangoraiseu
917 5314 1182 5368 Bancora.
1214 5315 1323 5370 Illic
1362 5325 1539 5369 autem
1572 5314 1722 5385 testi-

144 5384 330 5456 monio
363 5383 518 5436 Beda:
548 5383 641 5456 lib.
668 5400 706 5439 ιι
732 5384 936 5439 llistor.
964 5386 1156 5456 eccles.
1207 5386 1446 5456 Auglic.,
1494 5401 1614 5456 cup.
1664 5384 1720 5446 2.

143 5445 327 5508 ﬂoruit
384 5455 688 5508 emnobium
743 5457 972 5510 duorum
1029 5454 1252 5507 millium
1293 5445 1720 5516 inonachorum,

145 5519 234 5596 {illi
260 5524 556 5596 eptarchia
612 5525 957 5596 regebantur.
990 5525 1154 5596 Divus
1181 5525 1485 5596 Bernardus
1518 5524 1569 5596 in
1602 5523 1721 5576 Vita

147 5583 532 5665 S.__Malaehiaa
577 5583 934 5664 copiosiorem
984 5595 1151 5650 fuisse
1189 5609 1409 5665 gregem
1461 5593 1716 5660 insinuat,

148 5659 352 5736 addens
371 5666 444 5736 ob
471 5659 734 5736 majorum
759 5667 1168 5736 primorumque
1193 5659 1493 5721 incolarum
1521 5666 1720 5720 sancti-

151 5734 311 5797 tatem
362 5734 526 5791 fuisse
557 5734 680 5790 'illic
731 5734 1008 5792 conditum
1056 5734 1356 5792 oratorium
1411 5736 1482 5791 ab
1528 5736 1717 5797 eodem

149 5791 445 5871 Malachia,
495 5815 548 5861 et
593 5808 974 5862 inhabitatum.
1032 5791 1262 5864 llenrico
1308 5816 1484 5863 autem
1543 5791 1720 5878 primo

1837 4541 2040 4610 scribo,
2073 4559 2177 4596 uou
2212 4541 2616 4604 Lnxoviensem,
2646 4552 2704 4596 ut
2729 4542 2943 4612 epistol.
2974 4543 3103 4609 174,
3138 4543 3264 4603 178,
3294 4542 3418 4605 179.

1837 4613 1958 4676 181,
1997 4612 2149 4677 lvon,
2185 4613 2512 4666 Carnolens.
2563 4613 2820 4682 Alioquin
2850 4613 2981 4667 nihil
3015 4615 3196 4666 videas
3222 4613 3420 4666 discri-

1833 4684 1996 4738 minis
2069 4686 2214 4738 inter
2279 4682 2564 4736 ecclesiam
2631 4681 3022 4737 Lexoviensem
3079 4681 3416 4746 nontiliciam

1835 4753 2212 4822 Lugdunensis
2267 4755 2517 4806 sec-undae
2565 4753 2618 4805 in
2670 4752 2922 4808 Neustria
2973 4763 3025 4806 et
3073 4749 3418 4822 Luxoviense

1834 4819 2168 4886 cmhobium,
2222 4823 2580 4892 WColumbano
2618 4823 3158 4892 prolocmnobiarcha
3203 4819 3446 4876 illustre.

1829 4893 2107 4963 conditum
2137 4895 2189 4947 in
2219 4891 2550 4963 Burgundia,
2582 4891 2687 4946 neu
2722 4892 2774 4945 in
2813 4891 3123 4963 Germania,
3160 4900 3218 4963 ut
3247 4893 3416 4946 sensit

1830 4962 2103 5019 llohertus
2139 4961 2370 5017 Czetialis
2413 4963 2767 5017 Abrineatum
2806 4962 3108 5031 opim-Opus.
3145 4961 3235 5014 lib.
3271 4977 3305 5016 ιι
3344 4965 3419 5018 Ite

1827 5049 1886 5088 re
1919 5034 2148 5098 Gallica,
2171 5035 2427 5103 perioche
2454 5049 2613 5086 noua.
2640 5031 3004 5103 Burgundiam
3029 5033 3172 5103 enim
3197 5048 3418 5102 semper

1826 5103 2017 5158 Gallici
2050 5101 2374 5172 fuissbjuris
2402 5101 2904 5172 Guillelxl‘aradius
2929 5102 3164 5156 ostendit
3193 5101 3326 5172 cap.
3349 5105 3418 5156 10

1826 5177 1908 5227 sui
1941 5174 2063 5227 libri
2093 5173 2166 5228 De
2193 5170 2417 5242 antiquo
2451 5183 2592 5226 statu
2624 5170 2944 5241 Burgundim
2976 5187 2990 5225 :
3026 5191 3044 5223 ι
3077 5173 3211 5227 Cum
3246 5170 3416 5242 igitur

1825 5244 1895 5296 ob
1941 5258 2136 5296 causas
2199 5244 2269 5297 ab
2317 5245 2574 5298 Anselmo
2631 5242 2869 5296 redditas
2929 5243 3042 5312 (sic
3085 5245 3228 5297 enim
3296 5243 3419 5310 lego

1827 5313 2136 5367 factitatum
2187 5313 2254 5366 ab
2306 5314 2466 5368 lvone
2531 5313 2853 5367 Carnntcnsi
2916 5313 2970 5368 in
3031 5313 3413 5368 transferendo

1824 5382 2070 5436 Gnalone
2113 5383 2180 5435 ab
2219 5383 2458 5437 Eerlesiu
2493 5383 2798 5447 Bellovaca,
2825 5386 2910 5438 cui
2939 5395 3186 5436 sacratus
3212 5382 3416 5450 fuerat,

1824 5454 1890 5506 ad
1942 5453 2325 5518 Parisiensem,
2375 5455 2535 5522 epist.
2590 5455 2714 5518 169,
2760 5454 2914 5523 juxta
2969 5454 3128 5508 ﬁnem
3165 5464 3222 5508 et
3265 5453 3412 5521 171),

1826 5524 2082 5594 llervzeus
2136 5523 2526 5579 Lexoviensem
2583 5525 2832 5594 nequiret
2881 5525 3131 5580 obtinere
3187 5525 3406 5590 sedem,

1826 5593 2332 5666 Lincolniensisque
2395 5596 2648 5650 dimcesis
2707 5594 2918 5666 longius
2971 5595 3408 5666 protenderetur,

1825 5666 1890 5719 ad
1936 5664 2282 5719 minuendam
2318 5666 2550 5735 cpise0pi
2577 5681 2761 5721 curam
2793 5664 2849 5720 et
2877 5665 3410 5735 laboremtconeilio

1825 5737 2033 5808 habito,
2089 5751 2260 5790 novus
2307 5733 2594 5808 episcopus
2649 5737 2857 5808 positus
2912 5747 2996 5808 est
3049 5737 3102 5790 in
3149 5733 3407 5804 Helyensi

1821 5806 2092 5874 cwnobio,
2143 5821 2284 5861 anno
2321 5806 2520 5862 Christi
2581 5808 2743 5872 1109,
2785 5806 3024 5860 Anselmi
3081 5813 3391 5873 postremo,
