4064 6302
540 321 645 376 N35

1059 314 1120 369 S.
1159 265 1456 366 ANSELMI
1495 301 1847 360 CANTUAR.
1888 297 2202 355 ARCIIIEI’.
2246 295 2394 351 OPP.
2439 290 2618 348 PARS
2655 291 2742 346 Ill.
2775 322 2837 332 -—
2875 289 3251 348 EPISTOLB.

3701 288 3799 343 166

542 425 797 500 constitui
840 444 1130 500 episcopus
1155 427 1210 482 in
1250 423 1486 478 Ecclesia
1515 417 1838 475 Lnxovicnsi
1881 416 1974 470 ⁵⁸⁸.
2007 415 2117 468 lloc
2150 421 2192 477 Α
2221 410 2420 474 strculi,
2457 409 2699 463 inimicus
2747 407 2844 461 Dei
2885 407 3220 462 constituitur
3258 405 3399 474 (Jac.
3435 420 3507 472 ιν,
3550 405 3626 475 4).
3685 403 3801 464 Not.

541 525 730 594 utique
754 521 914 578 facile
955 519 1068 574 fieri
1110 533 1216 571 non
1247 513 1501 583 intelligo.
1563 511 1713 565 Sicut
1760 508 1904 565 enim
1945 506 2122 560 nullus

542 616 828 686 episcopus
857 609 1059 666 sacrari
1089 606 1250 662 debet
1285 603 1447 660 alieni
1473 601 1727 656 Ecclesia:
1755 599 1869 654 sine
1896 611 2120 652 assensu

541 715 596 761 et
627 702 852 759 consilio
879 695 1270 768 archiepiscopi
1301 703 1357 750 et
1385 693 1610 748 aliorum
1642 690 2016 760 episcoporum
2045 699 2124 742 to-

544 794 652 847 tius
677 789 987 862 provinciae,
1013 787 1088 842 ita
1143 786 1238 856 qui
1267 793 1513 840 sacratus
1567 790 1651 837 cst
1699 781 1982 851 episcepus
2017 791 2122 832 non

541 890 719 952 potest
747 878 1006 934 constitui
1033 878 1086 932 in
1118 877 1220 931 alia
1251 873 1526 947 provincia
1556 872 1842 944 episcopus
1865 869 2125 925 canonice

541 976 658 1031 sine
681 973 908 1030 consilio
937 980 994 1027 et
1046 985 1273 1026 assensu
1319 964 1711 1037 archiepiscOpi
1747 971 1803 1018 et
1846 961 2128 1033 episcOpo-

543 1083 668 1122 rum
705 1065 950 1136 ejusdem
974 1063 1265 1136 provincia:
1289 1075 1412 1116 cum
1449 1058 1774 1114 auctoritate
1807 1053 2124 1126 apostolica,

542 1174 646 1215 nec
684 1158 801 1215 sine
829 1155 1168 1213 absolutione
1204 1150 1598 1222 archiepiscopi
1654 1156 1707 1204 et
1747 1146 2126 1218 episcoporum
2169 1209 2174 1214 .

543 1251 840 1323 provincize
869 1251 922 1305 in
955 1263 1062 1317 qua
1092 1254 1340 1301 sacratus
1369 1252 1471 1298 est.
1523 1241 1651 1310 Qum
1697 1237 1962 1295 absolutio
2011 1236 2128 1290 fieri

545 1346 734 1415 nequit
780 1345 898 1400 sine
952 1355 1144 1412 magna
1195 1348 1248 1394 et
1282 1335 1554 1392 communi
1591 1331 2022 1409 consideratione
2076 1336 2131 1381 et

547 1437 774 1494 consilio
802 1449 989 1490 eorum
1015 1433 1132 1488 sine
1160 1429 1358 1500 quibus
1405 1423 1738 1490 consecrari,
1767 1432 1826 1477 ut
1863 1421 1995 1483 dixi,
2025 1435 2130 1474 non

546 1529 761 1600 potuit;
811 1535 866 1582 et
911 1523 1161 1594 quamvis
1212 1521 1552 1590 episcopatus
1599 1512 1717 1582 ejus
1765 1512 1840 1567 ita
1886 1510 2134 1565 videatur

549 1623 879 1680 destructus,
910 1624 971 1670 ut
1008 1615 1060 1668 in
1091 1628 1156 1668 eo
1179 1625 1398 1666 manere
1431 1622 1537 1663 non
1561 1607 1753 1672 possit.
1783 1602 2136 1672 Omnipotens

552 1717 697 1770 Deus
727 1712 927 1783 dirigat
952 1724 1048 1764 vos
1079 1709 1131 1761 in
1154 1705 1254 1761 hac
1278 1714 1331 1760 et
1351 1703 1405 1758 in
1433 1701 1555 1757 aliis
1580 1699 1886 1766 actionibus
1911 1693 2132 1751 vestris.

548 1807 742 1861 Amen.

969 1897 1305 1956 EPISTOLA
1342 1894 1577 1953 CXXVII
1625 1894 1719 1947 ⁸⁸⁷.

788 2009 1012 2049 ANSELMI
1039 2007 1106 2047 AD
1137 2003 1395 2044 IABILIAI
1425 1998 1902 2042 εΑΝετιιιοΝιΑιεΙ.

553 2085 620 2140 Ut
656 2085 758 2138 Deo
799 2091 1008 2137 sacrata
1052 2077 1388 2134 swcularium
1437 2075 1695 2130 abstineat
1725 2073 2137 2130 conversatione.

622 2183 912 2236 ANSELIUS
961 2173 1424 2243 archiepiscOpus,
1453 2170 1576 2225 lilia:
1611 2183 1722 2224 sum
1765 2165 2099 2223 charissima:
2121 2204 2138 2230 ,

554 2251 1266 2330 sanctimonialibiturum,
1317 2262 1546 2318 salutem
1604 2267 1660 2315 et
1713 2256 2140 2314 benedictionem

556 2363 674 2426 Dei,
707 2370 762 2416 et
791 2374 967 2414 suam.

635 2452 810 2522 Diligo
838 2459 912 2515 te,
940 2455 996 2502 et
1023 2460 1088 2502 eo
1112 2446 1271 2502 modo
1310 2460 1416 2516 quo
1445 2442 1606 2514 diligo
1635 2441 1870 2496 animam
1925 2452 2097 2493 meam
2124 2478 2139 2505 ,

561 2543 727 2612 diligo
746 2541 911 2596 etiam
938 2547 1103 2593 tuam.
1125 2536 1298 2591 Meam
1323 2544 1502 2590 autem
1535 2533 1718 2603 diligo,
1736 2540 1796 2585 ut
1824 2531 1875 2585 in
1907 2529 2010 2584 hac
2031 2529 2141 2584 vita

565 2641 839 2690 mercatur
865 2631 971 2686 frui
1003 2629 1112 2685 Deo
1133 2637 1188 2684 et
1242 2629 1296 2682 in
1347 2625 1525 2681 futura
1574 2624 1684 2678 vita
1740 2622 1988 2686 fruatur;
2042 2620 2145 2675 hoc

568 2740 714 2790 amo,
741 2734 796 2779 et
825 2722 1070 2778 desidero
1097 2721 1162 2776 de
1191 2728 1261 2774 te.
1301 2717 1637 2787 Quapropter
1667 2714 1928 2790 hortorAet
1951 2723 2143 2767 moneo

560 2826 635 2882 te,
668 2815 808 2870 sicut
827 2812 994 2868 filiam
1032 2809 1428 2871 charissimam,
1457 2815 1512 2861 ut
1534 2819 1641 2861 non
1671 2785 1952 2859 delecteris
1974 2815 2144 2856 saccu—

564 2907 788 2970 laribns,
821 2905 944 2975 quia
975 2917 1132 2958 nemo
1164 2910 1340 2972 potest
1369 2899 1595 2969 diligere
1621 2895 1782 2952 simul
1812 2905 1868 2952 et
1918 2895 1989 2927 ⁸⁸⁸
2041 2909 2144 2950 sa:-

563 2998 767 3055 cularia
793 3009 850 3052 et
893 3006 1096 3052 teter-na
1125 2995 1285 3050 bona.
1313 2990 1447 3046 Nolo
1485 3000 1535 3046 te
1584 3003 1770 3045 amare
1803 2986 2142 3044 saecularium

561 3090 1054 3152 conversationem,
1092 3085 1187 3142 sed
1225 3083 1593 3140 claustralem.
1639 3081 1780 3136 Nihil
1814 3080 1906 3136 tibi
1932 3089 1985 3136 et
2018 3079 2144 3134 huic

561 3180 785 3235 mundo.
830 3178 888 3234 Si
915 3178 995 3233 vis
1023 3191 1142 3233 esse
1172 3174 1434 3230 monacha
1463 3183 1518 3230 et
1548 3187 1742 3242 sponsa
1770 3171 1884 3239 Dei,
1915 3171 2145 3242 diecum

567 3271 730 3324 beato
763 3268 932 3324 Paulo
954 3267 1240 3338 apostolo:
1273 3264 1405 3319 Mihi
1442 3263 1668 3320 mundus
1723 3262 2008 3332 cruciﬁxus
2045 3271 2142 3328 est,

566 3374 616 3419 et
653 3380 745 3434 ego
773 3362 968 3416 mundo
1021 3359 1163 3431 (Gal.
1213 3374 1289 3425 γι,
1336 3357 1470 3430 ll);
1511 3365 1701 3429 reputa
1755 3355 1933 3411 omnia
1989 3353 2148 3424 hujus

571 3454 755 3508 mundi
805 3451 1115 3508 transitoria
1156 3459 1406 3520 tanquam
1452 3459 1695 3504 stercora
1729 3487 1745 3515 ,
1787 3461 1909 3502 cum
1958 3446 2146 3502 eodem

580 3543 857 3616 Apostolo.
883 3531 1016 3598 Filia
1045 3556 1183 3606 mea,
1206 3541 1259 3595 in
1289 3555 1395 3610 quo
1426 3541 1632 3612 indiges
1680 3540 1904 3596 visitare
1939 3538 2148 3611 aliquos

566 3636 900 3706 propinquos
941 3642 1059 3688 tuos
1085 3633 1108 3686 ?
1135 3632 1266 3687 Cum
1307 3631 1406 3702 ipsi
1439 3632 1583 3685 nullo
1610 3631 1766 3686 modo
1796 3639 1989 3701 egeant
2014 3645 2147 3686 con-

569 3729 690 3784 silio
733 3737 786 3782 et
806 3726 1006 3783 auxilio
1038 3735 1147 3790 tuo,
1203 3741 1301 3780 nec
1355 3735 1407 3779 tu
1453 3723 1671 3795 aliquod
1708 3723 1994 3780 consilium
2054 3731 2149 3777 aut

567 3820 824 3876 auxilium
857 3819 1090 3891 accipies
1121 3817 1186 3873 ab
1215 3817 1320 3872 illis
1350 3817 1418 3872 ad
1445 3817 1777 3888 propositum
1835 3826 1891 3872 et
1943 3815 2151 3888 profes-

567 3913 776 3968 sionem
808 3920 976 3977 tnam,
1005 3911 1147 3980 quod
1181 3925 1286 3965 non
1315 3910 1558 3965 invenias
1606 3909 1661 3964 in
1699 3909 1957 3964 claustro.
2008 3907 2153 3964 Divi-

569 4020 690 4059 sum
727 4013 810 4060 est
851 4003 1186 4076 propositum
1219 4001 1342 4059 vita:
1372 4011 1474 4056 tua:
1497 4017 1528 4057 a
1567 4002 1983 4058 conversatione
2032 4001 2152 4057 illo-

568 4113 712 4152 rum.
743 4095 853 4152 Nec
881 4096 954 4151 illi
990 4096 1119 4152 fient
1150 4105 1368 4168 propter
1397 4105 1448 4152 te
1473 4093 1745 4162 monachi,
1778 4107 1880 4150 nec
1931 4102 1997 4170 tu.
2032 4093 2150 4148 red-

580 4189 684 4244 ibis
707 4196 926 4258 propter
951 4201 1047 4244 eos
1083 4188 1150 4242 ad
1183 4187 1494 4242 saicularem
1525 4186 1712 4241 vitam.
1742 4183 1879 4252 Quid
1905 4199 2054 4257 ergo,
2073 4183 2155 4238 (li-

573 4279 711 4333 lecta
741 4293 878 4342 mea,
916 4279 968 4332 in
993 4277 1122 4341 Deo,
1147 4279 1240 4334 tibi
1279 4287 1332 4333 et
1358 4277 1503 4344 illis;
1543 4278 1586 4333 si
1611 4293 1712 4333 nec
1743 4287 1796 4332 tu
1826 4278 2018 4348 prodes
2051 4275 2154 4331 illis

571 4372 638 4426 ad
665 4372 832 4426 vitam
865 4387 1026 4442 quam
1055 4383 1353 4442 sequuntur
1376 4413 1391 4438 ,
1425 4389 1523 4428 nec
1547 4372 1622 4427 illi
1655 4373 1748 4428 tibi
1778 4373 1846 4429 ad
1877 4373 1979 4429 hoc
2010 4373 2151 4442 quod

2223 514 2409 555 amare
2433 497 2858 552 familiaritatem
2891 495 3255 562 saecularium,
3287 495 3412 565 quia
3459 504 3663 564 quanto
3691 511 3806 548 ma-

2223 593 2305 664 gis
2328 591 2432 644 illis
2454 588 2564 644 eris
2585 588 2800 659 propria
2821 587 3095 642 voluntate
3120 586 3425 654 familiaris,
3453 595 3608 641 tanto
3631 588 3810 644 minus

2223 682 2333 737 eris
2388 680 2500 734 Deo
2524 687 2580 734 et
2607 678 2967 756 familiaribus
2993 676 3110 747 ejus
3136 677 3340 749 angelis
3365 677 3668 734 familiaris.
3696 678 3808 734 Non

2225 775 2300 829 sis
2327 772 2560 828 sollicita
2599 771 2866 828 notitieari
2899 771 2954 826 in
2976 771 3194 838 stmulo,
3219 772 3342 842 quia
3359 772 3431 803 ⁸⁵⁹
3458 780 3608 828 tanto
3641 773 3814 842 magis

2225 864 2369 920 dicet
2397 863 2495 918 tibi
2541 861 2684 917 Deus
2709 881 2723 917 :
2749 859 2865 917 Non
2896 861 3020 916 novi
3053 871 3123 917 te.
3156 860 3267 917 Soli
3306 861 3417 918 Dco
3432 862 3676 918 desidera
3701 861 3814 930 pl..-

2226 968 2390 1009 cere:
2430 953 2601 1008 solum
2641 952 2834 1019 Deum,
2866 963 2919 1008 et
2943 967 3007 1007 ea
3039 966 3160 1020 qua:
3201 951 3277 982 ⁸⁶⁰
3303 959 3355 1007 te
3376 951 3444 1007 ad
3484 952 3811 1022 bocjuvent,

2227 1045 2552 1116 concupisce
2580 1058 2928 1114 cognoscere.
2980 1043 3059 1098 Illi
3095 1053 3146 1098 te
3193 1043 3434 1114 quotidie
3471 1043 3812 1099 commenda.

2228 1135 2306 1192 Illi
2335 1144 2408 1201 te,
2440 1143 2698 1205 quantum
2730 1136 2782 1189 in
2812 1148 2896 1188 me
2921 1144 3025 1201 est,
3069 1135 3411 1190 commendo.
3435 1135 3554 1204 Ipse
3588 1143 3740 1206 regat
3763 1144 3816 1190 et

2229 1227 2265 1282 d
2289 1227 2424 1298 rigat
2453 1236 2506 1281 et
2535 1227 2802 1282 custodiat
2832 1236 2882 1282 te
2913 1241 3144 1298 semper.
3175 1228 3368 1281 Amen.

2540 1317 2699 1390 413
2743 1317 3070 1382 EPISTOLA
3113 1317 3368 1373 cxxvm
3413 1317 3503 1371 σει,

2374 1422 2596 1463 ΛΝδεωιι
2637 1422 2705 1461 ΔΙ)
2744 1422 3058 1462 IATIIILIMI
3099 1423 3330 1462 REGINAII
3371 1423 3670 1462 ANGLORI'M.

2233 1497 2311 1552 De
2337 1498 2544 1552 homine
2576 1498 2672 1551 sibi
2702 1499 2876 1567 ignoto
2905 1497 3257 1551 testimonium
3291 1497 3558 1567 perhibere
3590 1509 3814 1562 recusat,

2689 1567 2804 1620 licet
2838 1585 2869 1620 α
2915 1568 3096 1637 regina
3124 1577 3356 1637 rogatus.

2310 1659 2549 1715 Domina:
2575 1668 2629 1714 et
2660 1658 2782 1713 filia:
2801 1659 3134 1714 charissima:
3163 1657 3492 1726 MATHILDAZ,
3515 1659 3691 1728 gratia
3723 1658 3817 1713 Dei

2165 1783 2212 1844 Β
2241 1749 2486 1822 gloriosa:
2513 1749 2711 1820 reginae
2734 1748 3046 1818 Anglorum,
3073 1747 3353 1802 Anssuws
3379 1746 3820 1818 archiepiscOpus

2241 1857 2367 1898 cum
2407 1840 2552 1896 fideli
2582 1839 2829 1906 servitio,
2872 1839 3057 1895 ﬁdeles
3083 1839 3391 1905 orationes;
3437 1850 3492 1896 et
3521 1840 3696 1912 gratia
3728 1839 3820 1894 Dei

2241 1933 2295 1988 in
2329 1933 2430 1988 bac
2454 1931 2566 1985 vita
2599 1939 2654 1986 et
2681 1931 2736 1985 in
2764 1929 2946 1985 futura
2983 1941 3198 2001 semper
3237 1931 3491 2001 gaudere.

2313 2025 2477 2080 Lator
2513 2024 2860 2096 praesentium
2891 2022 3081 2080 detulit
3129 2023 3260 2078 mihi
3315 2022 3550 2093 sigillum
3582 2033 3823 2080 vestrum

2242 2133 2364 2174 eum
2397 2117 2593 2174 litteris
2617 2133 2682 2172 ex
2713 2126 2889 2173 vestra
2935 2125 3110 2188 parte,
3141 2131 3260 2186 quae
3287 2116 3417 2171 mihi
3445 2115 3826 2186 signiﬁcabant

2243 2225 2343 2266 vos
2371 2209 2506 2266 velle
2549 2218 2609 2266 ut
2642 2209 2760 2279 ejus
2807 2208 3028 2264 infamia
3059 2224 3301 2265 mearum
3332 2208 3636 2264 litterarum
3676 2208 3827 2262 testi-

2245 2302 2429 2358 monio
2449 2302 2859 2374 propelleretnr,
2887 2311 3106 2374 propter
3135 2303 3422 2373 quamdam
3450 2303 3826 2372 purgationem

2243 2409 2406 2465 quam
2459 2395 2681 2464 fecerat,
2735 2403 2791 2450 et
2827 2403 2885 2449 ut
2932 2408 3051 2451 mea
3101 2393 3490 2451 intercessione
3531 2409 3561 2447 a
3605 2393 3828 2448 domino

2245 2499 2368 2540 meo
2390 2499 2511 2555 rege
2541 2493 2886 2556 recuperaret
2909 2485 3050 2556 quod
3084 2487 3198 2557 ejus
3220 2484 3463 2555 jussione
3492 2485 3822 2555 perdiderat.

2249 2574 2587 2631 Voluntatem
2633 2577 2848 2647 quidem
2902 2587 3136 2632 vestram
3191 2592 3291 2632 nec
3336 2577 3506 2631 debeo
3557 2591 3658 2631 nec
3709 2576 3828 2630 volo

2246 2676 2624 2733 contemnere;
2664 2669 2757 2724 sed
2787 2679 2967 2724 certus
3001 2685 3119 2723 sum
3152 2669 3217 2724 de
3247 2667 3580 2737 benlgnitate
3609 2668 3832 2724 celsitu-

2247 2759 2389 2815 dinis
2414 2769 2634 2824 vestrm,
2657 2760 2781 2829 quia
2808 2776 2902 2815 vos
2929 2775 3034 2814 non
3061 2759 3223 2814 vultis
3248 2775 3332 2814 me
3354 2759 3511 2814 aliter
3532 2759 3830 2828 quidquam

2246 2871 2410 2926 quam
2440 2863 2720 2926 oporteret
2749 2854 2946 2910 facere.
2980 2853 3093 2911 Scit
3124 2856 3309 2926 utique
3335 2855 3615 2926 prudentia
3648 2863 3830 2909 vestra

2248 2948 2375 3017 quia
2410 2963 2517 3003 non
2563 2946 2797 3018 pertinet
2836 2948 2904 3001 ad
2935 2963 3020 3002 me
3053 2947 3420 3002 testimonium
3451 2947 3739 3017 perhibere
3768 2948 3833 3002 de

2249 3042 2335 3097 bis
2362 3057 2481 3112 qua:
2517 3056 2616 3096 nec
2655 3041 2763 3096 vidi
2811 3055 2909 3096 nec
2952 3040 3160 3108 audivi;
3211 3040 3304 3097 sed
3337 3039 3402 3094 ad
3431 3056 3523 3096 eos
3552 3040 3644 3111 qui
3687 3041 3834 3096 vide-

2173 3127 2219 3191 C
2251 3142 2378 3188 runt
2411 3146 2438 3217 τ’
2461 3146 2560 3186 nec
2598 3146 2776 3186 meum
2809 3140 2892 3187 est
2946 3147 3043 3202 pro
3071 3147 3137 3188 eo
3165 3133 3318 3201 cujus
3346 3137 3515 3190 vitam
3546 3142 3601 3187 et
3653 3147 3834 3187 mores

2251 3225 2463 3296 ignoro,
2512 3221 2870 3288 intercedere,
2920 3233 2979 3277 ut
3015 3238 3077 3278 ea
3119 3240 3236 3293 qua:
3259 3223 3505 3294 jussione
3531 3223 3680 3295 regia
3713 3238 3837 3292 per-

2250 3319 2484 3385 diderat,
2521 3325 2827 3386 recuperet.
2864 3315 3063 3372 Precor
3089 3316 3270 3388 itaque
3297 3328 3356 3374 ut
3401 3319 3648 3388 benignae
3675 3315 3838 3371 celsi-

2223 3408 2420 3464 ‘tudini
2450 3415 2647 3462 vestrae
2671 3420 2776 3459 non
2805 3404 3090 3476 displiceat
3115 3407 3238 3476 quia
3263 3407 3450 3463 dubito
3481 3407 3662 3461 facere
3690 3402 3838 3474 quod

2251 3498 2487 3570 intelligo
2518 3497 2584 3553 ad
2617 3510 2704 3552 me
2735 3511 2840 3550 non
2883 3496 3155 3566 pertinere
3181 3496 3275 3552 ⁸⁸⁸.
3315 3497 3671 3569 Omnipotens
3694 3496 3841 3549 Deus

2251 3606 2345 3645 sua
2389 3604 2488 3646 vos
2533 3585 2909 3644 benedictione
2958 3587 3176 3644 assidue
3216 3597 3462 3660 protegat
3509 3597 3564 3644 et
3609 3585 3838 3656 dirigat.

2250 3682 2439 3738 Amen.

2747 3748 3078 3807 EPISTOLA
3114 3749 3352 3807 CXXIX.

2388 3863 2617 3905 ANSELIII
2658 3866 2725 3906 AD
2759 3864 3044 3908 ιιειςοτυυ
3082 3860 3326 3900 ΑΒΒΛΤΕΙ
3365 3859 3410 3898 ε.
3450 3855 3702 3897 AUDOENI.

2255 3939 2372 4006 Quo
2393 3951 2544 4011 pacto
2568 3958 2646 3995 res
2673 3943 2770 3996 sibi
2799 3943 2853 3996 in
2879 3941 3119 4013 Angliam
3149 3953 3364 4013 reverso
3379 3936 3601 3990 habeant
3627 3931 3843 4000 exponit

2605 4014 2775 4067 amico
2808 4014 2863 4066 id
2891 4009 3088 4068 scillttdi
3117 4009 3472 4080 cupidissimo.

2323 4104 2630 4171 Ansecuus,
2677 4119 2866 4160 servus
2915 4103 3171 4160 Ecclesia:
3215 4084 3846 4163 Cantuariensisfvere

2256 4194 2454 4250 dilecto
2507 4195 2756 4251 dilectori
2813 4210 2946 4260 suo,
3009 4193 3317 4249 venerando
3370 4190 3550 4246 abbati
3602 4187 3846 4244 ρωποι)ἰί

2257 4286 2443 4343 Sancti
2483 4287 2751 4354 Audoeni,
2787 4285 3066 4352 llchoro,
3116 4283 3374 4355 quidquid
3428 4282 3622 4338 melius
3665 4282 3849 4336 amico

2258 4378 2554 4434 desiderari
2581 4387 2778 4448 potest.

573 4461 810 4517 maxime
835 4461 998 4518 debes
1035 4462 1300 4534 diligere?
1335 4461 1392 4519 Si
1424 4463 1525 4536 ipsi
1557 4464 1740 4519 volunt
1771 4472 1822 4520 te
1849 4463 2032 4520 videre
2063 4471 2156 4516 aut
2189 4477 2233 4534 ι)
2329 4469 2504 4524 Verus
2531 4470 2736 4524 amicus
2757 4483 2969 4539 semper
2995 4468 3261 4525 sollicitus
3288 4475 3373 4524 est
3404 4468 3470 4523 de
3493 4479 3620 4522 vero
3642 4467 3849 4528 amico.

572 4563 731 4626 egent
759 4554 937 4625 aliquo
973 4556 1130 4612 modo
1154 4557 1380 4613 consilio
1412 4567 1503 4615 tuo
1531 4567 1624 4614 aut
1653 4559 1851 4614 auxilio
1875 4598 1890 4624 ,
1937 4556 2158 4613 veniant

572 4647 639 4702 ad
667 4655 739 4710 te,
766 4647 891 4718 quia
921 4646 1162 4706 illislicct
1188 4649 1371 4721 vagari
1401 4659 1454 4704 et
1474 4651 1779 4706 discurrere
1805 4664 1898 4719 per
1918 4648 2154 4716 diversa,

574 4746 630 4793 tu
655 4737 879 4808 nolijire
906 4739 972 4795 ad
998 4755 1112 4809 eos,
1137 4741 1262 4810 quia
1292 4741 1386 4796 tibi
1419 4756 1523 4795 non
1553 4739 1679 4794 licet
1707 4737 1858 4795 exire
1880 4738 1948 4793 de
2004 4739 2154 4794 clau-

574 4836 713 4897 stro,
747 4830 849 4886 nisi
877 4845 942 4886 ea
966 4832 1288 4887 necessitate
1338 4847 1499 4900 quam
1529 4830 1670 4885 Deus
1703 4811 1948 4885 testetur.
1989 4829 2106 4885 Noli
2134 4869 2150 4896 ,

575 4917 685 4986 lilia
716 4936 854 4988 mea,
891 4921 999 4976 noli
1025 4938 1209 4977 amare
1250 4921 1526 4987 szeculum,
1580 4921 1704 4992 quia
1753 4921 1952 4976 amicus
1995 4921 2153 4992 hujus

2263 4559 2404 4615 sicut
2435 4560 2501 4615 de
2547 4575 2606 4616 se
2644 4560 2835 4627 altero,
2883 4569 2940 4616 ut
2984 4561 3123 4616 sciat
3149 4575 3269 4630 qua:
3309 4574 3435 4629 erga
3496 4557 3645 4625 illum
3695 4568 3850 4624 sunt,

2263 4663 2534 4723 quatenus
2579 4663 2672 4708 aut
2704 4653 3060 4724 congaudent,
3099 4661 3192 4705 aut
3234 4650 3614 4720 compatiatnr,
3645 4663 3850 4703 secun-

2262 4746 2388 4802 dum
2419 4747 2562 4818 quod
2589 4755 2736 4802 sunt.
2779 4747 2845 4801 Et
2873 4762 2995 4801 cum
3035 4743 3214 4800 nullus
3237 4751 3382 4799 amet
3413 4741 3676 4807 dolorem,
3711 4741 3853 4794 miro

2262 4847 2443 4894 tamen
2485 4839 2643 4894 modo
2691 4838 2735 4892 si
2781 4847 2864 4893 est
2919 4838 3064 4893 unde
3097 4833 3491 4892 condolendum
3532 4833 3622 4898 sit,
3677 4832 3854 4900 magis

2264 4940 2448 4986 tamen
2493 4930 2768 4986 desiderat
2827 4931 2928 4986 hoc
2983 4929 3155 4997 scire,
3212 4935 3274 4984 ιιι
3328 4925 3626 4990 condoleat,
3684 4939 3851 4994 quam

1859 5079 2092 5136 VARI/£2
2121 5082 2526 5142 LECTIONES.

647 5192 718 5224 ⁸⁵⁸
743 5193 1061 5250 chOviunsi
1088 5213 1162 5249 ms
1188 5194 1513 5249 Luxoviensi

577 5261 750 5336 ficari,
783 5265 907 5334 quia
938 5283 1016 5319 ms
1047 5265 1309 5318 notitieari
1343 5265 1394 5318 in
1423 5263 1782 5336 s:eeu10,quia

579 5335 848 5390 pertinere
887 5353 966 5390 ms
1010 5336 1078 5389 ad
1125 5349 1208 5389 me
1238 5349 1339 5389 non
1374 5335 1644 5406 pertinere

1625 5194 1693 5226 ⁸⁸⁷
1724 5193 1928 5251 Collum
1955 5211 2071 5248 runt
2109 5197 2286 5252 eodem
2313 5215 2390 5252 ms

1895 5265 1966 5300 “°
1991 5266 2050 5320 Ei
2084 5281 2204 5335 quae
2228 5287 2304 5323 ms
2336 5283 2398 5324 ea
2430 5281 2552 5336 quae

2502 5195 2574 5228 ⁸⁸⁸
2606 5196 2841 5268 Diligere
2862 5206 2915 5252 ct
2937 5215 3014 5254 ms
3041 5191 3263 5268 diligere
3299 5194 3459 5252 simul
3489 5192 3675 5268 etmm‘
3701 5189 3856 5268 1_\'Mi-

2663 5261 2741 5300 “I'
2760 5265 2966 5323 Collata
2989 5284 3105 5324 cum
3135 5261 3314 5324 Eodem
3342 5283 3418 5320 ms
3527 5263 3597 5295 "'
3647 5261 3732 5316 Ad
3762 5272 3857 5312 me

1751 5442 2031 5500 JOANNIS
2072 5444 2345 5502 PICARDI
2378 5447 2615 5506 ΝΟΤᾸΖ.

580 5583 793 5640 chrici
834 5583 977 5657 regis
1015 5583 1104 5640 IX.
1144 5584 1238 5657 Est
1265 5582 1588 5657 vero‘l-Ielys
1619 5582 1782 5652 (unde
1813 5593 1868 5640 et
1898 5583 2148 5657 Ilclyensi

581 5655 908 5727 monasterio
974 5654 1202 5727 nomen)
1273 5654 1447 5727 insula
1497 5654 1565 5710 ad
1610 5665 1882 5727 austrum
1913 5654 2142 5727 Anglia},

582 5723 826 5781 dulcibus
871 5727 1023 5796 aquis
1068 5724 1395 5782 circumfusa
1439 5725 1576 5780 intra
1609 5725 1804 5783 limites
1846 5723 2136 5783 Cantabri-

2259 5587 2464 5661 giensis
2491 5589 2809 5654 comitatus,
2837 5603 2997 5660 quem
3029 5587 3286 5645 Ilervteus
3317 5587 3626 5661 impetravit
3653 5594 3714 5641 ut
3741 5584 3850 5640 sibi

2251 5659 2599 5783 sestetriisque
2629 5670 2774 5717 esset
2808 5659 3018 5716 abunde
3059 5677 3165 5730 quo
3189 5659 3431 5717 viverent
3469 5660 3698 5715 honeste
3747 5669 3853 5712 oro

2290 5744 2394 5783 nam
2425 5743 2452 5782 «ι
2483 5743 2530 5783 e.
2561 5746 2579 5779 ι

2290 5743 2530 5797 ignitate.
2561 5746 2579 5779 ι
