4064 6302
254 340 356 398 165

251 550 381 604 mihi
409 558 589 604 vestra
620 547 838 602 dilectio
864 546 1007 601 seire
1036 554 1237 600 statum
1269 559 1471 608 meum,
1495 552 1548 598 et
1569 543 1830 614 quidquid

251 640 383 695 mihi
412 642 501 705 sit,
532 647 590 692 ut
624 636 1079 708 quemadmodum
1125 650 1222 689 cor
1269 648 1447 689 meum
1492 648 1616 689 sese
1658 633 1711 686 iu
1747 648 1832 686 me

248 732 435 796 habet,
468 733 541 786 ita
570 739 626 785 et
665 743 760 784 cor
795 737 1037 783 vestrum
1068 741 1166 796 pro
1198 740 1281 781 me
1307 740 1427 780 sese
1458 726 1669 781 habeat.
1698 723 1833 779 Gra—

249 824 321 877 tia
358 824 449 877 Dei
476 823 813 891 disponente,
845 830 902 877 et
953 820 1150 875 vestris
1193 827 1249 872 et
1287 817 1518 873 aliorum
1552 831 1831 872 servorum

246 916 344 969 Dei
390 915 687 968 amicorum
737 920 1049 968 nostrorum
1105 914 1443 969 orationibus
1498 910 1835 981 suffraganti-

245 1005 371 1068 bus,
413 1004 465 1058 in
495 1004 742 1074 Angliam
770 1019 942 1074 nuper
970 1020 1224 1060 reversus
1265 1020 1382 1059 sum
1416 1023 1429 1059 :
1460 1019 1583 1058 cum
1637 1018 1830 1072 magno

244 1098 445 1168 gaudio
487 1108 542 1151 et
590 1098 821 1161 honore,
856 1108 1117 1167 quantum
1153 1098 1205 1153 in
1238 1097 1548 1153 hominibus
1585 1096 1702 1162 fuit,
1742 1112 1831 1150 su-

243 1198 466 1259 sceptus
504 1204 622 1243 sum
657 1203 688 1242 a
737 1186 1034 1257 majoribus
1066 1196 1121 1243 et
1165 1188 1481 1252 minoribus,
1514 1204 1543 1242 a
1598 1187 1834 1257 prudentis
1873 1230 1881 1237 .

242 1287 296 1333 et
347 1279 596 1333 subditis.
641 1278 793 1345 Quo-l
836 1278 1062 1334 audistfs
1094 1279 1219 1349 quia
1262 1279 1513 1333 dominus
1558 1292 1709 1331 meus
1736 1292 1832 1331 rex

244 1372 379 1425 mihi
423 1370 826 1426 commendavit
857 1384 1082 1441 regnum
1114 1386 1292 1435 suum,
1328 1380 1381 1425 et
1421 1370 1601 1423 omnia
1633 1384 1750 1434 sua,
1778 1377 1836 1422 ut

239 1461 497 1515 voluntas
525 1475 641 1514 mea
677 1461 730 1513 in
774 1460 1028 1517 omnibus
1068 1477 1189 1531 qua:
1217 1477 1313 1516 sua
1352 1470 1496 1525 sunt,
1541 1460 1712 1526 fleret,
1744 1473 1836 1513 ve-

243 1568 363 1605 rum
413 1561 516 1605 est.
572 1550 626 1604 In
684 1565 790 1621 quo
844 1552 1241 1622 benignitatem
1286 1552 1577 1608 voluntatis
1626 1567 1736 1607 sua:
1782 1560 1836 1605 et

242 1660 495 1714 magnam
523 1643 865 1699 dilectionem
890 1660 1041 1698 suam
1069 1658 1196 1714 erga
1230 1660 1316 1700 me
1346 1645 1690 1699 monstravit.
1727 1644 1834 1699 Sed

242 1738 499 1805 quoniam
537 1738 798 1808 scriptum
827 1745 913 1793 est
942 1756 956 1791 :
990 1737 1181 1792 Omnia
1210 1737 1337 1791 mihi
1384 1738 1569 1803 licent,
1607 1739 1698 1792 sed
1729 1754 1829 1791 non

241 1828 420 1880 omnia
470 1829 751 1897 expediunt
787 1828 835 1898 (Ι
880 1826 1005 1883 Cor.
1044 1845 1120 1894 vt,
1158 1830 1280 1901 l2);
1332 1838 1387 1884 et
1438 1829 1608 1884 alibi:
1640 1829 1830 1883 Omnia

240 1921 369 1971 mihi
394 1918 572 1987 licent,
598 1920 688 1974 sed
724 1936 827 1973 non
856 1921 1031 1975 omnia
1069 1922 1334 1990 aediﬁcant
1366 1920 1453 1991 (δι
1478 1920 1599 1976 Cor.
1634 1937 1687 1985 Χ,
1712 1921 1828 1989 25),

242 2028 350 2067 non
397 2024 530 2084 puto
566 2028 688 2070 esse
724 2015 854 2070 mihi
901 2016 1185 2071 consilium
1216 2025 1278 2071 ut
1324 2016 1527 2087 aliquid
1578 2032 1831 2088 magnum

241 2104 419 2158 adhuc
454 2118 554 2173 per
591 2120 680 2159 me
708 2112 918 2160 tentare
948 2105 1223 2176 incipiam,
1273 2106 1369 2161 sed
1396 2122 1517 2161 cum
1565 2104 1705 2161 Deus
1737 2123 1831 2160 sua

240 2199 421 2268 gratia
462 2212 646 2270 regem
683 2200 839 2255 nobis
884 2216 1007 2255 cum
1052 2215 1115 2256 ea
1161 2200 1303 2256 bona
1347 2200 1626 2256 voluntate
1672 2215 1832 2269 quam

243 2288 507 2359 intelligo,
542 2290 842 2356 reduxerit,
885 2306 1045 2362 spero
1084 2292 1208 2362 quia
1242 2292 1382 2347 Deus
1408 2307 1503 2347 sua
1531 2291 1705 2363 gratia
1737 2307 1834 2361 per

242 2379 393 2432 illum
430 2379 485 2432 in
513 2377 670 2433 nobis
699 2380 1015 2450 operabitur
1042 2380 1210 2435 multa
1240 2381 1306 2435 ad
1350 2380 1611 2435 honorem
1652 2396 1830 2444 suum,

242 2471 387 2524 unde
417 2471 774 2541 gaudeamus.
815 2471 1120 2529 Secundum
1162 2474 1304 2543 quod
1351 2474 1644 2529 varietates
1675 2471 1833 2540 hujus

243 2561 424 2616 szecnli
444 2563 986 2631 permittunt,omnia
1014 2564 1145 2620 mihi
1167 2574 1221 2620 et
1246 2566 1299 2620 in
1317 2579 1546 2635 corpore
1560 2575 1612 2624 et
1636 2565 1687 2619 in
1712 2566 1834 2619 aliis

243 2652 421 2715 rebus,
459 2652 571 2708 Deo
598 2654 784 2720 dante,
847 2670 1114 2726 prospera
1156 2666 1302 2723 sunt,
1351 2668 1548 2728 praeter
1592 2658 1835 2727 corporis

243 2744 670 2800 imbecillitatem
700 2762 862 2817 quam
892 2749 1131 2817 quotidie
1167 2750 1300 2804 mihi
1348 2765 1597 2806 crescere
1633 2752 1830 2806 sentio.

240 2833 444 2890 Omnes
473 2835 579 2890 illa:
617 2837 1049 2905 benedictiones,
1083 2853 1221 2908 quas
1263 2839 1393 2893 mihi
1427 2840 1599 2895 oratis
1647 2840 1699 2894 in
1750 2840 1835 2894 lit-

242 2926 369 2979 teris
411 2928 630 2992 vestris,
680 2928 904 2981 veniant
956 2930 1119 2984 etiam
1162 2944 1329 3001 super
1368 2943 1527 3002 caput
1570 2942 1831 2988 vestrum.

242 3014 433 3069 Saluto
460 3015 663 3070 fratres
708 3026 950 3081 nostros,
992 3016 1378 3074 dilectissimos
1416 3019 1556 3076 ﬁlios
1585 3029 1830 3086 vestros,

241 3113 293 3158 et
328 3117 385 3157 ut
432 3120 703 3160 memores
732 3106 836 3160 mei
870 3107 1001 3172 sint,
1039 3121 1153 3162 oro.
1222 3138 1225 3141 ν

694 3236 1026 3295 EPISTOLA
1065 3239 1261 3295 CXXX
1299 3241 1391 3296 ⁸⁸³.

347 3345 576 3383 ANSELBII
617 3345 685 3383 AD
722 3347 844 3398 Ρη..
886 3347 1173 3388 ΙΟΝΔΟΒυΜ
1212 3350 1258 3389 8.
1301 3350 1525 3391 ἎΙΔΒΤΙΝΙ
1567 3351 1725 3393 εΑθιι.

247 3440 493 3517 Monac/ti
525 3441 1053 3517 Ilicrosolymamire
1082 3449 1358 3517 cogitantis
1388 3450 1705 3505 desiderium
1734 3453 1832 3506 im-

310 3514 520 3592 probat,
548 3513 709 3592 juxta
765 3513 1039 3585 apostolici
1090 3513 1425 3587 sententiam,
1458 3538 1616 3592 quam
1672 3524 1737 3576 ab
1774 3540 1831 3578 eo

312 3586 422 3649 ipse
458 3586 722 3636 audierat.

313 3670 619 3738 Aaseeuus,
652 3688 840 3729 servus
879 3675 1135 3733 Ecclesia:
1174 3679 1609 3748 Cantuariensis,
1637 3684 1833 3740 dilecto

248 3762 400 3818 fratri
454 3763 539 3831 P.,
587 3767 854 3824 monacho
886 3770 1119 3825 emnobii
1161 3772 1346 3828 Sancti
1389 3774 1605 3831 Martini
1662 3777 1832 3851 Sagii,

247 3856 508 3926 salutem,
553 3868 610 3915 et
666 3861 843 3931 gratia
884 3862 978 3918 Dei
1029 3879 1246 3936 semper
1304 3867 1462 3941 dirigi
1527 3880 1579 3926 et
1641 3888 1835 3929 conso-

248 3945 363 4004 lari.

312 4040 510 4107 Audio,
555 4042 732 4098 amice
779 4044 850 4076 '“
882 4046 953 4100 mi
990 4046 1331 4116 charissime,
1382 4052 1508 4121 quia
1558 4052 1834 4111 desideras

248 4129 323 4184 ire
364 4130 816 4204 Hierosolymam.
879 4121 1030 4191 Unde
1076 4138 1130 4192 in
1170 4140 1359 4209 primis
1410 4142 1530 4196 dico
1581 4144 1678 4199 tibi
1708 4148 1833 4215 quia

249 4238 345 4278 non
376 4236 462 4281 est
502 4226 607 4281 hoc
633 4228 962 4283 desiderium
1000 4239 1149 4285 tuum
1181 4248 1248 4287 ex
1282 4233 1419 4289 bona
1446 4245 1620 4305 parte,
1660 4252 1831 4307 neque

247 4315 309 4367 ad
334 4314 569 4371 salutem
598 4318 793 4372 anima:
824 4329 946 4375 tute.
997 4321 1092 4376 Est
1126 4325 1270 4378 enim
1314 4336 1502 4382 contra
1544 4329 1832 4399 professio-

248 4422 362 4459 nem
416 4413 590 4478 tuam,
631 4425 736 4479 qua
780 4413 1073 4481 promisisti
1111 4417 1459 4475 stabilitatem
1496 4436 1678 4477 coram
1720 4423 1831 4480 Deo

248 4494 296 4549 in
343 4500 701 4567 monasterio,
748 4502 800 4557 in
832 4519 939 4572 quo
976 4503 1219 4561 habitum
1255 4510 1502 4564 monachi
1542 4514 1830 4583 accepisti;
1862 4507 1909 4567 D

246 4599 407 4646 etest
458 4603 650 4648 contra
699 4597 975 4666 apostolici
1008 4599 1396 4667 obedientiam,
1446 4604 1536 4674 qui
1579 4606 1835 4676 praecepit

246 4697 437 4752 magna
465 4688 791 4743 auctoritate
818 4704 917 4745 sua
953 4706 1021 4747 ne
1064 4694 1313 4749 monachi
1349 4697 1487 4752 hanc
1516 4698 1655 4753 viam
1694 4700 1834 4755 arri-

248 4788 370 4842 pere
423 4790 843 4848 pnesumereut,
905 4783 1007 4839 nisi
1057 4784 1237 4856 aliqua
1288 4802 1515 4855 persona
1562 4790 1829 4862 religiosa,

248 4880 361 4932 quae
390 4867 539 4922 utilis
565 4878 707 4924 esset
755 4872 821 4926 ad
872 4875 1159 4944 regendam
1202 4876 1496 4933 Eeclesiam
1531 4879 1623 4936 Dei
1657 4891 1712 4937 et
1739 4883 1833 4937 do-

248 4957 474 5010 cendum
506 4959 782 5029 populum,
815 4971 869 5016 et
909 4964 1011 5019 hoc
1053 4981 1158 5021 non
1195 4966 1300 5023 nisi
1339 4969 1569 5026 consilio
1610 4980 1667 5026 et
1705 4972 1832 5028 obe-

250 5044 449 5101 dientia
507 5050 731 5115 praelati.
786 5052 896 5123 Ego
941 5070 1176 5124 prteseus
1219 5058 1363 5114 adfui
1412 5064 1628 5131 quando
1671 5064 1831 5120 istam

255 5137 569 5191 sententiam
600 5141 928 5208 apostolicus
955 5146 1327 5215 promulgavit.
1374 5149 1469 5205 Est
1511 5153 1675 5207 etiam
1706 5170 1835 5209 con-

259 5231 334 5278 tra
363 5228 726 5285 obedientiam
755 5234 965 5288 abbatis
992 5236 1089 5300 tui,
1121 5239 1273 5307 cujus
1294 5241 1540 5299 voluntas
1576 5245 1678 5301 hoc
1720 5247 1836 5303 odit

259 5327 310 5373 et
335 5333 670 5391 exsecratur,
705 5327 843 5381 sicut
874 5330 1171 5398 periculum
1203 5334 1396 5390 anitnue
1429 5344 1553 5392 tusc.

1447 334 1574 392 LIB.
1621 335 1705 402 Ill,
1733 334 1946 389 El‘lél'f‘.
1983 334 2229 390 CXXXII,

250 458 526 527 ignorare,
552 462 609 509 ut
640 452 771 508 nihil
802 452 1002 508 doleat.
1035 450 1315 506 Desiderat
1350 448 1543 505 dilecta
1576 458 1629 503 et
1657 449 1828 505 dulcis
1862 440 1901 488 Α

3420 341 3522 395 11ἶ6

2432 448 2759 507 EPISTULA
2799 449 3037 505 CXXXI.

1937 554 2217 595 PASCIIALIS
2270 555 2307 594 11
2360 556 2505 596 ΡΑΡΒ
2562 558 2628 597 ΔΙ)
2665 558 2951 599 οεῐιλιιιιυκ
3000 557 3372 598 EBOBACENSEH
3413 560 3524 599 ειιι-

2573 633 2792 674 δεονιιιι.
3138 652 3141 653 ν

2007 699 2074 755 Ut
2105 701 2409 769 ﬁdelitatem
2440 718 2534 772 pro
2561 704 2777 819 antriqna
2804 704 3178 757 consuetudine
3207 703 3452 758 Anselmo

2663 784 2820 819 actm.

2663 784 2820 826 αειαι.

2007 863 2301 920 Ρλςοηλιιε
2332 865 2638 936 episcopus,
2672 880 2859 919 servus
2900 880 3180 921 servorum
3218 866 3331 932 Dei,
3366 883 3525 923 vene-

1936 958 2090 1013 rabili
2121 958 2276 1013 fratri
2308 957 2587 1024 Genanao,
2617 958 2944 1013 Eboracensi
2976 960 3249 1029 episeopo,
3290 960 3519 1015 salutem

1934 1062 1990 1106 et
2018 1051 2369 1122 apostolicam
2398 1051 2847 1108 benedictionem.

2007 1141 2324 1207 Quanquam
2357 1156 2519 1211 prave
2550 1142 2831 1196 adversum
2859 1156 2973 1201 nos,
3014 1152 3120 1197 etc.
3164 1141 3289 1197 Vide
3323 1145 3375 1198 in
3411 1142 3523 1198 P.1-

1932 1231 2097 1287 scltalt
2127 1233 2213 1299 ll,
2250 1238 2318 1287 ad
2343 1251 2433 1288 an.
2467 1233 2625 1289 1118.

2250 1327 2419 1403 au
2456 1327 2788 1385 EPISTOLA
2830 1326 3068 1383 cxxxn
3106 1329 3195 1383 ιτα,

2087 1442 2308 1482 ANSEIJII
2352 1443 2418 1481 ΑΙ)
2460 1442 2812 1481 ALEXANDBUH
2853 1440 3131 1481 εεοτοηωί
3173 1439 3366 1479 REGE“.

1974 1560 1977 1569 .
2042 1519 2359 1573 Cratulatnr
2401 1519 2508 1589 regi
2554 1520 2607 1571 in
2663 1530 2942 1585 paternum
2989 1519 3178 1572 so'ium
3225 1529 3415 1571 evecta.

1933 1613 1949 1630 '
2007 1613 2355 1676 Aeevmnno,
2400 1612 2572 1681 gratia
2606 1609 2698 1664 Dei
2733 1610 3019 1664 Scotorum
3054 1610 3189 1680 regi,
3219 1610 3524 1671 Anseuws,

1936 1716 2133 1757 servus
2166 1700 2416 1755 Ecclesia!
2451 1699 2881 1764 Cantuariensis,
2926 1697 3181 1764 salutem,
3235 1707 3290 1753 et
3342 1698 3525 1752 fideles

1864 1787 1906 1849 Β
1933 1793 2228 1857 orationes,
2261 1800 2316 1848 et
2343 1791 2771 1846 benedictionem
2806 1789 2925 1855 Dei,
2969 1798 3023 1845 et
3052 1805 3227 1855 suam,
3259 1798 3521 1861 quantum

1934 1884 2095 1939 valet.

2004 1976 2219 2034 Gratias
2256 1976 2467 2047 agimus
2509 1974 2617 2029 Deo
2647 1972 2738 2038 ⁸⁸⁸⁸,
2773 1980 2827 2027 et
2854 1973 3149 2044 gaudemus
3188 1986 3287 2044 ego
3325 1981 3379 2027 et
3410 1981 3520 2027 tota

1934 2066 2284 2138 congregatio
2334 2065 2590 2120 Ecclesia”:
2640 2062 2841 2118 Christi
2896 2061 3345 2127 Cantuariensis,
3399 2060 3523 2131 quia

1936 2160 2076 2213 Deus
2104 2174 2199 2213 vos
2226 2157 2279 2213 in
2308 2173 2532 2228 regnum
2569 2166 2851 2224 paternum
2882 2154 3227 2209 hmreditario
3248 2152 3371 2223 jure
3401 2163 3526 2223 post

1936 2249 2157 2304 fratrem
2191 2256 2430 2304 vestrum
2459 2246 2789 2309 sublimarit,
2820 2255 2873 2301 et
2896 2247 3023 2317 quia
3046 2260 3145 2300 vos
3175 2246 3418 2302 moribus
3445 2245 3527 2299 di-

1933 2342 2052 2414 gnis
2081 2358 2245 2412 regno
2275 2340 2568 2397 decoravit.
2616 2337 2722 2394 Pro
2760 2339 2931 2393 fratre
2968 2346 3169 2405 vestro,
3216 2337 3307 2407 qui
3338 2347 3528 2393 sancte

1933 2432 2162 2485 vivendo
2190 2429 2389 2485 meruit
2420 2438 2478 2483 ut
2507 2429 2574 2483 de
2619 2428 2721 2483 hac
2754 2428 2865 2482 vita
2896 2427 3037 2482 bono
3077 2427 3185 2482 line
3215 2426 3528 2482 misericor-

1932 2522 2019 2578 dia
2047 2522 2140 2577 Dei
2172 2522 2447 2587 transiret,
2489 2520 2631 2577 sicut
2663 2534 2761 2590 pro
2789 2518 2985 2575 dilecto
3018 2516 3285 2574 dilectore
3316 2528 3528 2581 nostro,

1933 2613 2229 2669 secundum
2258 2611 2572 2681 petitionem
2597 2618 2861 2676 vestram,
2892 2626 3113 2666 oramus
3160 2620 3214 2665 et
3249 2609 3528 2665 orabimus

1932 2713 1993 2757 ut
2010 2703 2157 2757 Deus
2180 2703 2373 2756 anima:
2395 2700 2541 2757 illius
2566 2700 2750 2773 gloria:
2768 2717 2879 2757 sua:
2906 2717 3028 2756 cum
3052 2699 3241 2755 electis
3262 2700 3376 2756 suis
3403 2716 3528 2772 gau-

1934 2794 2083 2849 ditnu
2128 2800 2389 2849 aeternum
2444 2794 2665 2857 tribuat,
2722 2803 2773 2847 et
2824 2804 3082 2847 aeternam
3140 2793 3527 2847 beatitudinem

1934 2885 2212 2939 concedat.
2244 2872 2374 2938 Scio
2412 2883 2536 2952 quia
2572 2882 2838 2938 celsitudo
2863 2893 3044 2938 vestra
3092 2898 3271 2938 meum
3301 2895 3447 2937 amat
3474 2896 3528 2937 et

1934 2975 2210 3031 desiderat
2238 2974 2545 3031 consilium.
2601 2974 2659 3030 ln
2700 2974 2894 3046 primis
2942 2976 3107 3046 igitur
3139 2990 3236 3030 oro
3266 2976 3433 3029 Deum
3470 2985 3523 3029 ut

1936 3065 2051 3136 ipse
2091 3081 2189 3122 vos
2216 3064 2391 3121 sancti
2442 3065 2523 3119 sui
2557 3064 2794 3136 Spiritus
2822 3066 2994 3136 gratia
3024 3065 3102 3120 sic
3129 3064 3349 3136 dirigat,
3379 3073 3435 3118 et
3476 3065 3527 3117 in

1859 3148 1905 3211 C
1936 3159 2187 3213 omnibus
2216 3158 2429 3214 actibus
2467 3157 2663 3214 vestris
2694 3157 2977 3213 consilium
3012 3157 3292 3224 attribuat,
3347 3165 3406 3210 ut
3460 3156 3525 3209 ad

1938 3263 2164 3319 regnum
2210 3248 2432 3304 caeleste
2468 3257 2589 3318 post
2638 3248 2777 3303 hanc
2806 3247 2970 3302 vitam
3002 3262 3096 3302 vos
3129 3247 3391 3318 perducat
3437 3247 3527 3300 ⁸⁸⁷.

1936 3336 2189 3393 Nostrum
2217 3348 2396 3394 autem
2426 3337 2709 3393 consilium
2736 3348 2820 3393 est
2851 3346 2910 3392 ut
2940 3337 3188 3393 timorem
3223 3338 3314 3392 Dei
3346 3346 3401 3391 et
3431 3337 3527 3392 bo-

1937 3446 2035 3485 nos
2072 3446 2135 3485 ac
2166 3430 2448 3498 religiosos
2485 3446 2683 3495 mores,
2717 3445 2854 3500 quos
2888 3429 2941 3485 in
2971 3429 3336 3486 adolescentia
3365 3438 3420 3485 et
3456 3431 3524 3483 ab

1937 3520 2164 3576 infantia
2196 3520 2439 3591 coepistis
2485 3521 2687 3575 habere
2712 3519 2813 3587 "',
2836 3520 2953 3590 ipso
3000 3520 3308 3590 adjuvante,
3355 3536 3384 3574 a
3417 3536 3527 3590 quo

1936 3610 2245 3682 accepistis,
2287 3610 2552 3666 studeatis
2589 3619 2798 3667 tenere.
2834 3610 2985 3666 Tunc
3014 3613 3160 3666 enim
3200 3612 3338 3667 bene
3370 3626 3527 3682 rcges

1936 3712 2163 3774 regnant
2209 3718 2333 3758 cum
2379 3703 2678 3759 secundum
2728 3703 3059 3760 voluntatem
3102 3705 3195 3759 Dei
3239 3704 3443 3770 vivunt,
3475 3714 3524 3759 et

1935 3793 2178 3848 serviunt
2204 3793 2254 3847 ei
2287 3793 2338 3847 in
2367 3792 2595 3860 timore;
2625 3801 2681 3848 et
2706 3808 2827 3848 cum
2855 3809 3017 3863 super
3041 3794 3247 3863 seipsos
3277 3802 3526 3865 regnant,

1938 3901 2037 3940 nec
2066 3900 2125 3941 se
2153 3885 2301 3940 vitiis
2330 3884 2649 3957 subjiciunt,
2695 3886 2786 3941 sed
2820 3886 3033 3940 illorum
3063 3886 3524 3956 importunitatem

1936 3976 2203 4030 constanti
2231 3975 2547 4033 fortitudine
2578 3986 2859 4048 superant.
2895 3976 3010 4030 Non
3048 3977 3190 4029 enim
3226 3988 3525 4046 repugnant

1936 4066 1988 4119 in
2019 4082 2145 4137 rege
2177 4067 2438 4121 virtutum
2473 4068 2773 4122 constantia
2824 4077 2877 4121 et
2912 4066 3171 4122 fortitudo
3197 4070 3361 4137 regia.
3391 4068 3523 4135 Qui-

1934 4158 2058 4212 dam
2087 4159 2231 4213 enim
2266 4174 2443 4229 reges,
2477 4159 2617 4213 sicut
2653 4159 2840 4223 David,
2874 4170 2926 4214 et
2958 4169 3144 4213 sancte
3170 4161 3444 4223 vixerunt,
3472 4171 3526 4214 et

1935 4248 2191 4317 popuhnn
2219 4248 2318 4301 sibi
2347 4249 2697 4303 commissum
2729 4263 2852 4302 eum
2885 4249 3063 4321 rigore
3083 4248 3306 4318 Ῑιιδιίιίίε
3335 4260 3387 4304 et
3413 4250 3526 4321 pie-

1936 4341 2062 4395 tatis
2086 4342 2516 4407 mansuetudine,
2571 4340 2865 4396 secundum
2915 4343 3056 4412 quod
3103 4360 3188 4399 res
3223 4343 3410 4413 exigit,
3437 4359 3525 4396 re.

1935 4444 2151 4487 xerunt.
2185 4432 2277 4488 Sic
2315 4449 2410 4489 vos
2431 4432 2685 4490 exhibete
2714 4439 2773 4485 ut
2801 4432 2923 4487 mali
2952 4448 3045 4487 vos
3074 4433 3291 4488 timeant
3320 4442 3376 4488 et
3398 4434 3522 4488 boni

1937 4540 2032 4579 vos
2058 4525 2301 4595 diligant,
2335 4534 2388 4580 et
2432 4533 2491 4579 ιιι
2528 4525 2640 4578 vita
2682 4531 2858 4576 vestra
2899 4539 3114 4595 semper
3142 4524 3251 4579 Deo
3291 4525 3523 4595 placeat,

1938 4630 2154 4686 semper
2178 4630 2330 4671 mens
2354 4628 2531 4671 vestra
2557 4618 2849 4675 vindictam
2877 4618 3143 4675 malorum
3166 4629 3223 4673 et
3242 4617 3522 4687 puerilium

1938 4705 2203 4760 bonorum
2241 4717 2363 4777 post
2393 4708 2532 4763 hanc
2561 4710 2727 4765 vitam
2759 4710 3020 4766 memoria
3051 4708 3300 4765 retineat.
3336 4706 3525 4762 Omni-

1939 4805 2133 4866 potens
2176 4796 2317 4851 Deus
2344 4811 2439 4851 vos
2463 4805 2518 4852 et
2547 4813 2737 4855 omnes
2767 4800 3009 4855 actiones
3033 4807 3241 4852 vestras
3271 4794 3398 4849 nulli
3430 4793 3520 4849 alii

1941 4902 2102 4956 quam
2134 4900 2245 4941 suae
2276 4885 2377 4957 pi:e
2406 4886 2739 4957 dispositioni
2771 4889 3099 4945 committat.
3147 4886 3222 4940 De
3263 4884 3523 4939 fratribus

1937 4978 2137 5033 nostris
2177 4992 2313 5047 quos
2343 4978 2396 5032 in
2440 4978 2679 5034 Scotiam
2705 4981 3001 5036 secundum
3032 4978 3361 5032 voluntatem
3412 4975 3522 5030 fra-

1935 5070 2035 5125 tris
2060 5069 2243 5136 vestri,
2268 5074 2360 5140 qui
2391 5070 2458 5124 de
2487 5068 2673 5126 labore
2698 5070 2855 5140 hujus
2886 5070 3029 5135 vitm,
3058 5070 3196 5124 sicut
3227 5068 3519 5130 credimus,

1938 5161 2006 5215 ad
2065 5162 2306 5232 requiem
2345 5163 2617 5230 transivit,
2665 5162 2933 5228 misimus,
2985 5159 3376 5232 benignitatem
3427 5175 3520 5213 ve-

1938 5262 2110 5307 stram
2162 5268 2353 5325 rogare
2398 5269 2618 5310 necesse
2658 5270 2763 5309 non
2806 5253 3136 5326 putavimus,
3169 5253 3296 5325 quia
3324 5251 3520 5308 bonam

1938 5345 2267 5401 voluntatem
2300 5358 2536 5404 vestram
2575 5362 2681 5402 non
2719 5346 3053 5419 ignoramus.

1509 5515 1735 5572 VARl/E
1768 5516 2171 5577 LEtZTlONES.

324 5685 390 5717 ⁸³³
424 5686 631 5764 Collata
653 5708 769 5748 cum
795 5694 974 5747 eodem
1010 5712 1087 5749 ms
1144 5696 1215 5728 '“
1248 5696 1459 5761 Audivi,
1495 5697 1667 5752 amice
1699 5714 1777 5751 ms
1815 5698 1999 5764 audio,
2034 5700 2206 5755 amice
2290 5700 2359 5731 '“
2388 5698 2594 5754 Collum
2622 5718 2737 5755 tum
2767 5702 2943 5755 eodem
2978 5718 3054 5756 ms

807 5765 872 5795 ⁸⁸⁷
911 5764 1083 5821 Vitam
1117 5769 1373 5836 perducat
1406 5785 1481 5822 ms
1509 5768 1675 5823 vitam
1710 5784 1804 5824 vos
1830 5771 2090 5839 perducat

268 5769 335 5809 ms
356 5760 560 5827 agimus
590 5762 695 5816 Deo

3165 5702 3234 5733 ⁸⁸⁸
3265 5702 3377 5770 Ago
3411 5705 3513 5757 Deo

2202 5770 2272 5803 “’
2302 5770 2525 5841 Coepisti
2559 5770 2755 5827 habere
2785 5788 2861 5826 nis
2887 5771 3129 5842 cmpistis
3159 5772 3359 5828 habere
