3946 6306
965 450 1288 506 ISI‘ISTOLA
1330 446 1416 502 (ΣΧ
1429 444 1588 500 XXIII
1631 444 1720 496 ⁵⁸⁸.

585 562 812 604 Ακδεωιι
851 561 918 600 AD
953 556 1233 598 ROBERTUI
1272 558 1341 596 ΕΤ
1369 551 1604 595 εοιιοιιεε
1633 553 1702 591 ετ
1743 549 1912 589 FILIAS
1951 547 2095 586 SU.\S.

554 638 780 692 Petitaut
811 637 963 689 mittit
1000 631 1435 694 exhortationem,
1463 646 1578 697 qua:
1605 643 1693 690 eos
1721 626 1788 677 ad
1819 625 1942 697 bene
1967 624 2136 676 tr'veu-

620 712 744 760 dum
796 704 1064 758 accendat.
1114 700 1182 754 Ut
1222 704 1410 754 bonum
1457 695 1508 752 in
1541 697 1777 750 omnibus
1812 695 2134 769 voluntati-nt

618 779 840 830 habeant
871 789 888 826 :
936 784 990 827 ut
1023 776 1348 842 impartttmts
1385 770 1723 838 cogitationes
1742 775 1803 842 _et
1851 775 2132 842 motuin.-

619 846 939 901 roluntarios
981 832 1356 897 contenmendo
1387 832 1587 894 vincere
1633 836 1894 899 studeant,
1944 850 2006 887 ne
2031 832 2134 885 illis

616 927 724 985 rert
734 935 761 968 tt
771 916 948 968 rbeutu
959 930 1002 966 r.

618 1009 924 1069 ANSELMUS,
965 1003 1426 1073 archiepiscopus,
1475 999 1648 1053 amico
1692 1007 1746 1053 et
1791 996 1901 1050 ﬁlio
1928 993 2132 1048 charis-

548 1100 688 1155 simo
720 1097 1001 1161 Roeenro,
1037 1104 1092 1149 et
1116 1093 1395 1148 sororibus
1429 1101 1482 1146 et
1516 1090 1728 1146 ﬁliabus
1755 1089 1866 1144 suis
1891 1085 2135 1141 dilectis-

547 1191 702 1244 simis
757 1188 911 1254 SEIT,
960 1187 1095 1242 Eot'r
1129 1197 1184 1241 et
1228 1187 1422 1251 Ilvnt'r,
1479 1184 1721 1240 Luvsatu
1777 1181 1869 1246 ⁸⁷⁸,
1915 1179 2132 1242 νιιιωτ,

548 1280 751 1347 Gootr,
783 1280 1032 1344 salutem,
1081 1287 1136 1332 et
1172 1277 1605 1334 benedictionem
1651 1272 1749 1328 Dei
1776 1281 1834 1326 et
1859 1285 2037 1332 suam,
2089 1267 2135 1322 si

547 1373 682 1443 quid
716 1372 876 1426 valet.

627 1464 846 1518 Gaudeo
875 1471 927 1516 et
957 1462 1160 1530 gratias
1196 1477 1295 1532 ago
1321 1460 1430 1515 Deo
1460 1461 1524 1513 de
1560 1464 1750 1511 sancto
1775 1452 2054 1526 proposito
2082 1459 2135 1505 et

551 1563 734 1608 sancta
763 1553 1173 1608 conversatione
1206 1569 1366 1624 quam
1406 1551 1635 1606 invicem
1669 1547 1881 1602 habetis
1921 1545 1974 1600 in
2004 1543 2137 1598 dde-

552 1661 581 1699 c
609 1645 732 1699 ioue
783 1645 873 1699 Dei
929 1653 982 1700 et
1017 1645 1140 1700 vita:
1179 1644 1487 1706 sanctitate,
1529 1640 1670 1696 sicut
1699 1638 1859 1696 didici
1905 1653 2002 1708 per
2032 1635 2137 1690 fra-

555 1746 692 1789 trem
723 1743 775 1789 et
828 1734 994 1788 ﬁlium
1041 1745 1284 1789 nostrum
1333 1732 1699 1788 Guillclmum.
1743 1727 1928 1783 Poscit
1957 1737 2134 1782 vestra

550 1827 715 1880 chara
755 1825 881 1879 mihi
908 1825 1145 1893 dilectio,
1175 1824 1297 1880 ﬁlia:
1322 1823 1674 1886 cltarissimcc,
1703 1828 1763 1875 ut
1784 1819 2017 1890 aliquam
2047 1832 2140 1872 vo-

553 1913 636 1968 bis
665 1915 896 1968 scribam
921 1915 1348 1968 admonitionem
1380 1928 1500 1986 quae
1528 1927 1622 1966 vos
1653 1912 1843 1965 doceat
1871 1919 1922 1964 et
1955 1923 2140 1964 accen-

551 2004 644 2060 dat
682 2006 747 2058 ad
779 2007 916 2060 bene
940 2006 1266 2071 vivendum;
1309 2005 1557 2074 quamvis
1585 2004 1858 2058 vobiscum
1893 2001 2140 2056 habeatis

546 2097 799 2152 dilectum
839 2097 1006 2152 ﬁlittttt
1037 2109 1283 2153 nostrum
1320 2097 1638 2158 Robcrtum,
1681 2095 1767 2150 cui
1807 2095 1948 2149 Deus
1975 2092 2140 2162 inspi-

547 2191 688 2245 ravit
740 2199 800 2244 ut
836 2191 998 2245 vestri
1034 2206 1221 2246 curam
1253 2188 1549 2244 secundum
1605 2187 1774 2242 Deum
1825 2185 2042 2249 habeat,
2085 2193 2140 2239 et

548 2295 645 2334 vos
693 2280 965 2350 quotidie,
1019 2278 1254 2349 qualiter
1306 2278 1489 2332 vivere
1536 2275 1816 2339 debeatis,
1876 2274 2038 2328 verbo
2086 2281 2139 2327 et

548 2370 801 2440 exemplo
837 2353 1080 2426 edoceat.
1123 2369 1388 2437 Quoniam
1441 2375 1621 2423 tamen
1666 2376 1866 2421 sanctae
1896 2365 2138 2436 petitioni

553 2473 769 2527 vestrae,
805 2463 850 2517 si
899 2463 1028 2532 quid
1075 2477 1314 2533 possum,
1343 2461 1523 2517 favere
1549 2460 1738 2523 debeo,
1787 2473 1956 2526 pauca
1991 2457 2139 2511 vobis

550 2565 734 2610 vestro
763 2557 1122 2628 competentia
1154 2555 1422 2610 desiderio
1454 2551 1693 2609 scribere
1724 2551 1958 2606 tentabo.
1991 2549 2138 2603 Filia:

550 2646 907 2714 charissimte,
946 2646 1124 2702 oumis
1165 2645 1308 2700 actio
1348 2643 1655 2709 laudabilis,
1686 2642 1799 2696 sive
1841 2642 2137 2710 reprehen-

549 2737 741 2802 sibilis,
789 2753 856 2793 ex
886 2736 1164 2792 voluntate
1207 2738 1366 2792 habet
1398 2735 1611 2790 laudem
1645 2732 1725 2787 vel
1763 2731 2138 2832 repgebcusio-

546 2843 692 2882 netu.
731 2827 807 2882 Ex
835 2827 1110 2882 voluntate
1141 2841 1375 2898 namque
1413 2833 1497 2880 est
1525 2823 1678 2878 radix
1721 2831 1776 2878 et
1805 2821 2134 2892 principium

539 2919 821 2988 actionum
875 2934 997 2989 quae
1037 2929 1165 2974 sunt
1196 2920 1250 2974 iu
1295 2928 1477 2974 nostra
1511 2925 1814 2986 potestate;
1859 2922 1912 2968 et
1958 2913 2136 2966 sinon

537 3024 836 3082 possumus
883 3011 1026 3081 quod
1085 3011 1333 3064 volumus
1365 3048 1382 3074 ,
1425 3009 1702 3079 iudicatur
1739 3014 1914 3060 tamen
1954 3019 2136 3058 coram

549 3099 660 3154 Deo
686 3099 1058 3170 unusquisque
1088 3100 1152 3153 de
1183 3099 1401 3170 propria
1436 3097 1728 3152 voluntate.
1773 3093 1948 3151 Nolite
1978 3093 2140 3164 igitur

547 3191 896 3248 considerare
932 3201 1141 3245 tantum
1195 3193 1323 3261 quid
1365 3190 1576 3254 facitis,
1627 3189 1720 3243 sed
1757 3185 1886 3257 quid
1935 3185 2140 3253 velitis;

561 3295 670 3334 non
706 3288 917 3334 tantum
941 3296 1061 3350 quae
1089 3289 1216 3334 sunt
1239 3295 1404 3349 opera
1435 3288 1610 3334 vestra
1638 3286 1899 3347 quantum
1928 3289 2050 3344 qum
2074 3275 2146 3330 sit

556 3371 810 3427 voluntas
843 3381 1040 3428 vestra.
1073 3371 1262 3428 Omnis
1289 3371 1435 3426 enim
1473 3371 1614 3426 actio
1640 3385 1760 3443 qua:
1792 3369 1853 3424 ﬁt
1883 3378 2048 3430 recta,
2091 3367 2145 3422 id

548 3470 634 3517 est
667 3460 814 3530 jttsta
859 3462 1153 3529 voluntate,
1189 3471 1334 3518 recta
1373 3473 1486 3524 est;
1541 3469 1594 3516 et
1641 3476 1760 3531 quae
1803 3457 1873 3489 '7‘
1935 3455 1997 3511 ﬁt
2037 3471 2142 3510 non

548 3563 700 3609 recta
749 3553 1046 3622 voluntate,
1077 3569 1181 3609 non
1224 3562 1371 3608 recta
1406 3562 1518 3619 est;
1559 3552 1707 3623 justa
1754 3543 2032 3604 voluntate
2063 3547 2144 3602 di-

552 3650 696 3703 citur
736 3648 900 3702 homo
919 3647 1124 3719 justus,
1167 3657 1222 3701 et
1251 3647 1449 3716 injusta
1481 3645 1756 3699 voluntate
1780 3641 1978 3698 dicitur
1999 3641 2142 3710 inju-

549 3751 685 3794 stus.
718 3741 775 3794 Si
811 3756 942 3810 ergo
969 3741 1104 3794 bene
1133 3738 1296 3793 vultis
1317 3739 1518 3803 vivere,
1548 3736 1878 3791 voluntatem
1905 3741 2140 3787 vestram

556 3831 925 3886 indesinenter
956 3830 1226 3885 custodite
1263 3829 1334 3861 ⁸⁷¹
1378 3829 1432 3883 in
1463 3827 1672 3900 magnis
1705 3835 1761 3881 ct
1800 3826 1854 3880 in
1884 3823 2138 3877 minimis.

549 3921 608 3977 In
639 3923 722 3979 his
748 3939 868 3993 quae
905 3922 1163 3994 potestati
1199 3930 1394 3976 vestra:
1427 3920 1727 3990 subjacent,
1753 3917 1884 3973 etin
1912 3915 1996 3970 his
2023 3930 2142 3984 quae
2173 3983 2176 3985 Α

549 4030 655 4084 non
696 4015 945 4086 potestis,
993 4030 1062 4070 ne
1091 4014 1429 4085 aliquatenus
1460 4029 1490 4069 a
1521 4010 1848 4069 rectitudine
1888 4007 2138 4063 declinet.

549 4105 609 4158 Si
646 4113 826 4158 autem
854 4105 1014 4160 vultis
1057 4119 1388 4175 cognoscere
1430 4118 1551 4174 qure
1585 4112 1765 4156 vestra
1794 4097 2044 4154 voluntas
2073 4095 2144 4150 sit

550 4204 728 4258 recta,
759 4193 846 4246 illa
878 4210 974 4262 pro
997 4204 1150 4250 certo
1175 4203 1256 4249 est
1291 4204 1440 4248 recta
1461 4209 1581 4264 qua:
1611 4192 1855 4262 subjacet
1879 4185 2139 4242 voluntati

509 4271 516 4276 ’
551 4283 674 4339 Dei.
701 4285 837 4339 Cum
867 4300 994 4355 ergo
1035 4285 1235 4355 aliquid
1261 4301 1511 4356 magnum
1536 4283 1716 4339 facere
1745 4280 1825 4336 vel
1855 4277 2141 4350 disponitis

551 4375 641 4430 vel
689 4376 959 4444 cogitatis,
1008 4375 1082 4429 ita
1131 4376 1297 4430 dicite
1344 4379 1396 4430 in
1444 4374 1696 4430 cordibus
1735 4378 1978 4431 vestris:
2015 4369 2142 4425 Vult

555 4466 698 4521 Deus
731 4465 833 4520 hoc
866 4465 1045 4530 velim,
1077 4481 1146 4519 an
1192 4465 1337 4519 non?
1381 4465 1438 4519 Si
1495 4466 1644 4519 vobis
1693 4467 1980 4534 respondet
2008 4479 2138 4520 con-

552 4556 784 4612 scientia
831 4564 1036 4620 vestra,
1077 4555 1217 4611 Vere
1264 4555 1376 4610 vult
1419 4554 1561 4610 Deus
1588 4556 1667 4611 'ut
1717 4555 1816 4610 hoc
1855 4557 2033 4624 velim,
2084 4567 2139 4612 et

551 4646 731 4716 placet
768 4643 846 4701 illi
900 4642 1022 4701 talis
1050 4645 1303 4701 voluntas
1339 4647 1430 4713 ⁸⁷³,
1466 4657 1591 4702 tunc
1623 4647 1737 4702 sive
1777 4647 1996 4718 possitis
2026 4648 2140 4702 sive

553 4755 661 4795 non
703 4738 928 4808 possitis
964 4740 1106 4809 quod
1144 4739 1326 4806 vultis,
1359 4739 1689 4795 voluntatem
1719 4749 1897 4795 tamen
1935 4750 2137 4798 amate.

552 4831 612 4885 Si
659 4833 856 4886 autem
887 4831 1223 4886 conscientia
1276 4841 1456 4887 vestra
1510 4832 1664 4888 vobis
1720 4841 1947 4886 testatur
1995 4835 2139 4904 quod

553 4919 825 4979 Dettsnon
867 4923 983 4977 vult
1033 4939 1131 4979 vos
1172 4923 1318 4978 illam
1369 4923 1565 4977 habere
1617 4923 1964 4988 voluntatem,
2012 4932 2140 4980 tune

553 5019 668 5064 toto
709 5021 904 5066 conatu
939 5012 1014 5044 ⁸⁷⁸
1047 5015 1281 5070 avertite
1335 5013 1403 5068 ab
1456 5011 1545 5067 illa
1577 5028 1670 5067 cor
1710 5021 1982 5078 vestrum;
2015 5023 2068 5068 et
2095 5015 2140 5069 si

557 5101 696 5153 bene
725 5101 868 5154 illam
898 5117 929 5156 a
959 5093 1130 5161 vobis.
1156 5105 1318 5160 vultis
1348 5102 1639 5174 expellere,
1672 5103 1724 5156 in
1756 5113 2014 5172 quantum
2045 5118 2140 5173 po-

557 5189 733 5255 testis,
781 5190 896 5258 ejus
929 5195 1309 5264 cogitationem
1337 5207 1392 5252 et
1429 5195 1745 5250 memoriam
1788 5211 1816 5248 a
1859 5195 2021 5250 corde
2047 5211 2142 5250 ex-

554 5279 777 5334 cludite.
828 5279 1106 5348 Quomodo
1163 5297 1342 5342 autem
1397 5303 1620 5360 pravam
1667 5285 1996 5342 voluntatem
2047 5295 2142 5340 aut

553 5373 940 5442 cogitationem
969 5390 998 5428 a
1030 5376 1182 5432 vobis
1211 5379 1530 5446 excludatis,
1570 5379 1672 5434 hoc
1711 5391 1937 5448 parvum
1967 5373 2141 5430 consi-

1854 5488 2090 5544 VARIIE
2119 5487 2160 5542 I.

1086 337 1126 392 S
1190 329 1486 390 ANSEIJII
1527 321 1877 383 CANTU.sII.
1920 316 2239 377 ARCIIIU‘.
2274 312 2424 372 OI‘P.
2467 312 2644 368 PARS
2673 308 2757 366 III.
2783 341 2852 351 -—
2891 308 3296 378 EPISTOLE.)

3773 307 3878 368 163

2159 443 2202 498 Α
2235 433 2362 486 lium
2390 430 2531 500 quod
2558 428 2710 483 vobis
2747 428 2817 482 do
2863 425 3147 496 intelligile
3176 437 3232 480 et
3261 434 3460 481 tenete.
3515 424 3730 481 Nolite
3763 427 3870 482 liti-

2239 539 2371 593 gare
2398 537 2522 576 cum
2566 519 2839 591 perversis
2889 517 3308 590 cogitationibus
3337 518 3419 572 vel
3451 534 3749 587 perversa
3787 536 3874 576 ιο-

2240 613 2463 674 luntate,
2514 612 2606 667 sed
2642 627 2763 666 cum
2797 610 2950 666 vobis
2997 609 3208 665 infesta:
3259 620 3405 674 sunt,
3471 611 3679 682 aliqua
3755 617 3870 669 t:t’li

2238 704 2564 772 cogitatione
2613 712 2668 756 et
2723 701 2997 756 voluntate
3046 711 3284 756 mentem
3331 711 3621 768 vestram,
3689 704 3868 760 domo

2237 803 2594 859 evanescant,
2638 793 2856 848 fortiter
2889 801 3174 863 occupate.
3225 791 3517 861 Nunquam
3571 795 3746 848 enim
3782 812 3865 848 ex-

2238 886 2453 957 pellitur
2476 887 2540 942 de
2568 887 2732 941 corde
2761 886 3020 954 cogitatio
3049 884 3132 939 vel
3159 884 3434 950 voluntas,
3463 886 3580 940 nisi
3617 888 3747 942 alia
3776 903 3862 942 cn-

2235 979 2497 1048 gitatione
2521 986 2575 1033 et
2606 978 2707 1032 alia
2751 977 3028 1032 voluntate
3053 992 3174 1046 qua:
3224 976 3330 1032 illis
3367 992 3475 1031 non
3509 983 3842 1034 concordat

2239 1071 2329 1126 Sic
2368 1071 2530 1142 igitur
2559 1085 2655 1125 vos
2681 1069 2874 1123 habete
2905 1069 2971 1122 ad
3003 1069 3223 1124 inutiles
3254 1069 3636 1140 cogitationes
3672 1082 3739 1126 et
3772 1089 3857 1126 vo-

2238 1159 2493 1224 luntates,
2540 1169 2604 1214 ut
2643 1169 2754 1213 toto
2795 1164 2914 1213 nisu
2963 1159 3290 1215 intendendo
3349 1159 3415 1213 ad
3458 1160 3670 1224 utiles.
3713 1179 3854 1216 metu

2239 1259 2417 1306 vestra
2449 1251 2769 1322 dediguetur
2805 1266 2898 1305 eas
2925 1251 3116 1306 saltem
3148 1251 3424 1307 recordari
3456 1252 3544 1306 vel
3573 1253 3746 1323 aspic
3784 1269 3811 1308 r
3839 1294 3849 1304 .

2237 1346 2371 1400 Cum
2402 1354 2582 1400 autem
2626 1344 2786 1399 vultis
2811 1359 2993 1409 orare,
3027 1351 3120 1397 aut
3160 1343 3397 1413 aliquam
3435 1344 3656 1400 bonam
3695 1346 3850 1400 medi-

2237 1437 2497 1491 tationem
2540 1435 2842 1500 intendere,
2885 1435 2930 1489 si
2972 1435 3128 1490 vobis
3171 1443 3298 1489 tunc
3349 1435 3706 1504 importunae
3739 1448 3848 1490 smt

2235 1525 2593 1596 cogitationes
2628 1539 2764 1592 quas
2812 1540 2916 1578 non
2959 1523 3169 1578 debetis
3216 1524 3519 1592 suscipere,
3566 1542 3844 1594 ntrn'ptam

2238 1627 2462 1687 propter
2492 1615 2704 1670 illarum
2749 1615 3215 1684 importunitatem
3249 1615 3451 1668 bonum
3488 1619 3654 1684 quod
3692 1619 3844 1670 inca:
3899 1647 3901 1650 ‹

2242 1709 2416 1777 pistis,
2450 1707 2621 1762 velitis
2652 1707 2944 1772 dimittere,
2989 1721 3057 1761 ne
3089 1707 3371 1777 instigator
3400 1707 3639 1761 illarum
3669 1711 3842 1763 diabo-

2174 1796 2216 1851 Β
2243 1800 2325 1855 lus
2367 1801 2599 1871 gaudeat
2627 1801 2750 1869 quia
2782 1815 2877 1854 vos
2907 1816 2935 1853 a
2966 1799 3105 1854 bono
3135 1799 3374 1870 increpto
3402 1799 3545 1854 facit
3583 1801 3841 1869 deﬁcere;

2241 1895 2336 1948 sed
2366 1909 2430 1948 eo
2457 1891 2756 1980 quemdixi
2788 1891 2947 1946 modo
2975 1891 3093 1946 illas
3124 1892 3532 1946 contemnendo
3570 1905 3840 1963 superate.

2249 1984 2435 2055 Neque
2467 1984 2717 2049 doleatis,
2752 1999 2926 2052 neque
2951 1984 3361 2057 contrislemini
3395 1983 3467 2039 de
3510 1985 3753 2039 illarum
3784 1988 3845 2039 in-

2243 2076 2562 2140 festatione,
2600 2077 2836 2146 quandiu
2882 2077 3016 2137 illas,
3069 2075 3208 2130 sient
3249 2077 3356 2129 dixi
3405 2081 3842 2134 contemnendo.

2243 2169 2442 2224 nullum
2474 2169 2552 2224 eis
2575 2183 2856 2224 assensum
2887 2168 3161 2238 praebetis,
3192 2182 3260 2223 ne
3288 2169 3598 2222 occasione
3628 2173 3844 2224 tristitia:
3899 2207 3901 2252 ἰ

2242 2261 2439 2315 iterum
2471 2260 2697 2315 redeant
2729 2259 2796 2315 ad
2829 2259 3166 2324 memoriam,
3197 2269 3252 2313 et
3275 2274 3427 2312 suam
3459 2261 3845 2328 importunita-
3899 2261 3901 2358 ἦ

2242 2357 2349 2404 tem
2397 2351 2744 2405 resuscitent.
2803 2348 2954 2405 Ilane
2996 2349 3140 2404 enim
3187 2363 3340 2404 meus
3388 2349 3654 2406 hominis
3705 2353 3842 2405 Laio

2241 2441 2710 2508 consuetudinem,
2739 2450 2799 2496 ut
2845 2441 2947 2496 hoc
2985 2442 3124 2496 unde
3177 2441 3483 2496 delectatur
3516 2454 3628 2497 aut
3658 2445 3840 2498 contri-
3899 2437 3901 2442 “

2242 2542 2440 2598 statur,
2469 2535 2668 2604 stt-pius
2697 2533 2763 2588 ad
2799 2533 3113 2588 memoriam
3140 2535 3344 2597 redeat,
3373 2549 3546 2602 quam
3578 2535 3698 2590 hoc
3724 2537 3840 2604 quod
3899 2513 3901 2610 1

2241 2627 2617 2698 negligendum
2657 2627 2822 2681 sentit
2861 2634 2954 2680 aut
3004 2626 3230 2695 cogitat.
3266 2624 3542 2680 Similiter
3585 2643 3656 2682 se.
3703 2629 3841 2682 debet
3899 2625 3901 2686 ἒ

2241 2720 2442 2773 habere
2466 2732 2696 2788 persona
2725 2717 2776 2771 itt
2806 2725 2995 2772 sancto
3021 2718 3300 2787 proposito
3322 2717 3611 2781 studiosa,
3649 2720 3706 2772 iu
3739 2733 3840 2788 quo

2243 2810 2372 2880 libet
2403 2819 2556 2865 motu
2591 2809 2895 2874 indecente,
2941 2808 2994 2862 itt
3026 2822 3272 2878 corpore,
3299 2807 3381 2863 vel
3420 2809 3652 2875 anima,
3701 2811 3837 2864 sicuti

2240 2912 2321 2956 est
2352 2902 2602 2958 stimulus
2628 2901 2830 2968 carnis,
2861 2910 2956 2956 aut
2993 2901 3108 2964 irae,
3147 2909 3242 2954 aut
3266 2901 3509 2966 invidiae,
3545 2912 3658 2956 aut
3682 2901 3836 2956 inanis

2241 2992 2442 3061 glorim.
2470 2990 2621 3045 Tunc
2647 2991 2790 3045 enim
2837 2989 3091 3046 facillime
3135 2991 3603 3059 exstinguuntur,
3653 3008 3776 3048 cum
3798 3005 3836 3046 et

2243 3084 2363 3139 illos
2391 3083 2527 3138 velle
2557 3083 2782 3146 sentire,
2827 3089 2922 3146 aut
2953 3083 3020 3139 de
3060 3081 3163 3138 illis
3193 3083 3459 3153 cogitare,
3512 3093 3622 3138 aut
3655 3085 3834 3155 aliquid

2248 3176 2455 3231 illorum
2492 3174 2742 3229 suasione
2779 3173 2957 3230 facere
2997 3174 3371 3244 dedignamur.
3404 3172 3610 3246 Neque
3644 3177 3833 3231 timetis

2245 3269 2386 3340 quod
2430 3267 2736 3337 huiusmodi
2796 3275 2976 3322 motus
3027 3267 3110 3321 vel
3171 3267 3531 3338 cogitationes
3579 3269 3746 3324 vobis
3780 3269 3831 3320 ad

2243 3370 2524 3432 peccatum
2555 3359 2905 3430 imptttentttr,
2951 3358 2995 3414 si
3039 3358 3349 3414 nullatenus
3379 3359 3647 3415 voluntas
3673 3370 3831 3416 vestr:

2245 3454 2349 3509 illis
2394 3468 2453 3509 se
2495 3453 2749 3515 associat,
2782 3452 3035 3522 quoniam
3085 3452 3223 3507 nihil
3259 3453 3647 3508 damnationis
3676 3464 3759 3508 est
3790 3458 3829 3506 in

2245 3549 2329 3605 his
2353 3549 2442 3619 qui
2473 3555 2600 3604 sunt
2628 3547 2682 3602 iu
2713 3545 2930 3603 Christo
2958 3545 3107 3615 Jesu,
3133 3548 3226 3619 qui
3252 3564 3356 3603 non
3388 3551 3704 3605 secundum
3732 3565 3830 3604 car-

2245 3655 2366 3696 nem
2416 3639 2788 3696 ambulabunt.
2842 3639 3153 3696 Secundum
3205 3640 3368 3714 ‘15
3417 3657 3655 3698 carnem
3703 3645 3829 3698 enim

2243 3730 2544 3797 ambulare,
2591 3741 2675 3787 est
2703 3733 2855 3788 carni
2885 3731 3162 3788 voluntate
3189 3733 3545 3788 concordare.
3607 3735 3827 3791 Carnem

2242 3832 2422 3876 autem
2456 3831 2614 3878 vocat
2657 3822 2947 3894 Apostolus
2983 3839 3202 3878 omnem
3247 3824 3504 3879 vitiosum
3539 3837 3758 3881 motum
3789 3829 3828 3880 in

2242 3913 2450 3980 anima,
2504 3915 2586 3970 vel
2635 3931 2901 3986 corpore,
2957 3932 3081 3972 cum
3129 3917 3294 3972 dicit:
3330 3916 3468 3972 Caro
3517 3921 3831 3989 concupiscit

2242 4009 2490 4064 adversus
2519 4009 2784 4078 spiritum,
2831 4010 3047 4080 spiritus
3084 4019 3263 4064 autem
3308 4009 3558 4064 adversus
3605 4029 3827 4067 carnem.

2242 4099 2422 4155 Facile
2466 4099 2682 4170 quidem
2731 4099 3038 4171 hujusmodi
3089 4102 3469 4172 suggestiones
3523 4102 3828 4172 exstingui-

2242 4204 2382 4255 mus,
2433 4189 2480 4243 si
2527 4187 2855 4259 principium
2908 4204 3114 4252 earum,
3166 4190 3462 4245 secundum
3515 4193 3828 4262 praeditum:

2241 4279 2557 4347 consilium,
2585 4280 2952 4346 conterimus;
2988 4279 3203 4336 dillicile
3244 4295 3394 4346 vero,
3427 4291 3730 4352 postquam
3755 4298 3832 4337 ca-

2242 4381 2338 4440 put
2372 4386 2560 4424 earum
2613 4371 2754 4426 intra
2809 4382 3044 4427 mentem
3090 4372 3452 4427 admittimus.
3485 4371 3644 4438 Tibi,
3671 4375 3830 4428 amics

2241 4469 2296 4513 et
2321 4459 2390 4514 ﬁli
2418 4461 2736 4516 charissime
2761 4461 3019 4531 ltoberte,
3043 4461 3274 4532 gratias,
3299 4473 3565 4532 quantum
3591 4478 3830 4532 possunt,

2244 4567 2368 4622 ago,
2398 4568 2652 4623 procura
2696 4561 2749 4608 et
2797 4555 3086 4612 dilectione
3111 4571 3248 4626 quas
3281 4571 3409 4628 erga
3452 4557 3686 4612 easdem
3739 4574 3832 4612 au-

2248 4643 2402 4699 cillas
2433 4645 2551 4711 Dei,
2582 4657 2805 4716 propter
2830 4645 3018 4712 Deum,
3044 4647 3246 4714 habes;
3279 4656 3334 4702 et
3355 4662 3552 4717 precor
3574 4657 3701 4707 toto
3724 4649 3834 4704 atie-

2245 4745 2332 4792 cttt
2355 4746 2413 4793 nt
2430 4739 2482 4794 in
2504 4739 2603 4794 hac
2623 4749 2810 4796 sancta
2824 4749 2877 4796 et
2891 4740 2976 4812 pia
2997 4740 3275 4798 voluntate
3290 4757 3637 4812 perseveres.
3649 4744 3833 4800 Certus

2246 4831 2389 4885 enim
2434 4842 2587 4904 potes
2611 4848 2732 4889 esse
2761 4834 2885 4904 quia
2915 4850 3108 4906 magna
3138 4845 3187 4890 te
3233 4851 3332 4906 pro
3362 4835 3465 4890 hoc
3500 4847 3704 4892 sancto
3728 4849 3835 4892 stu-

2247 4923 2335 4978 dio
2381 4925 2520 4994 apttd
2565 4926 2735 4980 Deum
2783 4926 3069 4983 retributio
3125 4935 3426 4998 exspectat.
3475 4927 3832 5000 Omnipotens

2243 5014 2387 5070 Deus
2433 5018 2504 5071 sit
2553 5031 2765 5088 semper
2812 5029 2996 5075 custos
3028 5021 3192 5076 totius
3240 5020 3364 5075 vita:
3393 5029 3611 5075 vestrm.
3646 5023 3831 5076 Amen.

2243 5104 2650 5160 Absolutionem
2699 5116 2752 5161 et
2788 5108 3158 5165 remissionem
3198 5110 3437 5164 omnium
3486 5123 3830 5179 peccatorum

2244 5203 2544 5248 vestrorum
2591 5196 2793 5252 tribuat
2837 5197 2991 5253 vobis
3031 5200 3371 5268 omnipotens
3421 5209 3475 5254 et
3526 5202 3833 5256 IIIISQTI'iI‘OIS

2245 5282 2536 5350 Dominus.
2585 5295 2641 5341 et
2700 5301 2915 5357 semper
2967 5289 3036 5344 ad
3084 5291 3308 5345 meliora
3347 5305 3471 5344 cum
3530 5291 3836 5345 humilitate

2243 5372 2407 5428 faciat
2434 5373 2532 5430 vos
2563 5376 2847 5446 proﬁcere,
2873 5386 2929 5433 et
2959 5394 3232 5450 nunquam
3265 5382 3516 5438 deﬁcere.
3541 5382 3721 5439 Amen
3747 5384 3829 5435 "'.

2165 5486 2520 5544 ECTIONES.

629 5604 702 5637 m
730 5603 937 5659 Collata
957 5622 1075 5660 cum
1105 5606 1282 5659 eodem
1315 5622 1390 5658 ms
1452 5604 1522 5636 ⁸⁷⁰
1555 5603 1809 5658 Lunerim
1840 5618 1918 5674 tus
1945 5600 2214 5674 Luverirn
2251 5600 2320 5674 f"
2354 5599 2544 5674 Recta,
2574 5609 2628 5654 et
2655 5616 2776 5672 qua:
2800 5619 2878 5658 ms
2901 5612 3046 5658 recta
3072 5615 3174 5674 est,
3193 5613 3249 5660 et
3269 5620 3389 5674 quae
3455 5604 3528 5638 '"
3551 5607 3831 5666 Custodit:

555 5690 635 5730 ms
663 5676 928 5732 custodite
1037 5676 1106 5710 ⁸⁷³
1131 5676 1246 5731 Tali
1272 5677 1522 5731 voluntas
1544 5691 1619 5728 ms
1647 5674 1770 5728 talis
1799 5672 2048 5729 voluntas

555 5762 633 5801 rus
660 5749 805 5800 omit.

2153 5669 2224 5703 ⁸⁷⁸
2251 5669 2309 5726 ιιι
2343 5679 2456 5728 ιοιο
2482 5673 2600 5728 nisu
2635 5669 2714 5728 nis
2743 5683 2802 5730 ut
2827 5682 2938 5730 toto
2972 5675 3092 5733 nisu

3157 5749 3176 5756 ,ἡ
3196 5676 3271 5752 ’⁸⁷⁵
3311 5677 3509 5734 Amen.
3543 5716 3563 5736 .
3592 5719 3611 5736 .
3636 5685 3828 5738 Amen.

2316 5851 2344 5896 τε
