3946 6306
147 480 255 537 Ιῗδ

1417 456 1543 512 LIB.
1573 454 1653 517 ιιι,
1698 448 1913 507 EPIST.
1948 445 2167 503 CXthl.
2483 395 2517 469 ἰ
2856 464 2877 507 τ
3319 432 3417 479 in.

142 608 314 664 quam
360 589 506 646 enim
550 585 781 658 ‘egimus
823 579 967 651 quod
1016 576 1373 648 mammhucs
1415 580 1727 626 sanctum.“
1761 550 1806 605 Λ
1838 569 2104 631 quatenus
2135 554 2439 610 consideret
2463 553 2506 607 si
2536 567 2639 623 qua
2666 560 2790 608 sunt
2814 550 2867 604 in
2901 563 3064 619 regno
3092 552 3267 600 vestro
3293 558 3451 644 corn

1503 661 1515 664 _
1593 661 1603 664 _
1874 653 1882 661 -
2014 650 2025 664 ι
2115 663 2122 664 ,
2152 662 2172 664 ﬂ
2195 656 2333 664 ...ιημ
2356 645 2424 664 -.ξι
2464 661 2470 664 .
2500 653 2558 664 ..ι
2580 659 2705 664 -..μη
2741 640 3016 664 ...υ---.ξηηι
3084 646 3131 664 ΑΙ
3163 644 3216 664 ιιι
3251 647 3420 664 ,ηαδ-ο

145 661 259 740 illis
282 684 503 737 fuerunt
537 679 605 731 ad
651 673 1040 730 detrimentum
1064 708 1077 732 ,
1110 666 1207 722 sed
1247 678 1463 732 semper
1503 661 1735 730 legimus

145 792 247 830 eos
298 774 367 827 ad
415 771 637 826 meliora
688 782 787 837 per
834 761 1216 819 tribulationcs
1262 753 1731 825 '°°,processissc.

152 867 291 922 Nam
316 866 419 921 etsi
449 865 585 919 bona
624 875 789 932 opera
816 854 1108 925 aliquando
1136 850 1502 921 impediantur
1533 847 1584 901 in
1620 845 1736 899 lan-

152 959 453 1029 guoribus,
479 955 649 1025 gratia
679 960 859 1007 tamen
887 948 998 1003 Deo
1029 958 1133 1000 non
1164 942 1425 996 minuitur
1456 938 1550 993 sed
1576 951 1738 1007 auge-

154 1062 274 1116 tur,
304 1050 512 1107 si’bona
545 1047 795 1100 voluntas
819 1043 873 1097 in
907 1037 1257 1095 tribulatione
1283 1050 1388 1089 non
1432 1031 1747 1094 decrescit;

153 1157 259 1199 nec
284 1140 455 1213 exigit
485 1143 627 1196 Deus
651 1154 680 1192 a
711 1136 885 1192 servis
909 1132 1023 1188 suis
1062 1130 1182 1200 plus
1207 1143 1370 1199 quam
1406 1126 1590 1180 facere
1617 1139 1743 1194 pos-

151 1236 287 1292 sint.
323 1232 647 1290 Deconsilio
690 1244 821 1283 vero
869 1224 1010 1297 quod
1061 1221 1243 1292 petitis
1284 1220 1351 1275 de
1391 1217 1743 1286 dispositione

152 1330 415 1387 Ecclesia:
444 1335 671 1389 vestrae,
723 1322 892 1378 Deum
921 1333 1144 1375 oramus
1180 1324 1239 1369 ut
1285 1314 1400 1383 ipse
1437 1311 1590 1366 vobis
1620 1325 1745 1365 eou-

154 1424 340 1486 sulat;
383 1429 440 1477 et
465 1434 563 1475 vos
589 1426 645 1473 et
684 1411 985 1470 Ecclesium
1026 1418 1266 1463 vestram
1301 1420 1423 1459 cum
1465 1402 1593 1457 filiis
1618 1416 1746 1470 pro-

158 1522 305 1584 tegat
356 1520 517 1581 atque
565 1515 735 1578 regat.
780 1502 937 1571 Quod
988 1510 1167 1556 tamen
1215 1495 1344 1551 mihi
1374 1492 1617 1556 videtur,
1679 1489 1732 1544 in

157 1582 420 1677 quantum
474 1614 696 1671 possum
756 1594 1100 1663 intelligere,
1152 1600 1334 1643 tacere
1387 1600 1492 1639 non
1548 1582 1742 1638 debeo.

159 1674 361 1752 Curam
396 1691 651 1749 Ecclesia:
689 1702 852 1759 quam
893 1699 991 1755 per
1014 1678 1381 1737 obedientiam
1406 1685 1462 1730 et
1503 1674 1744 1730 charita-

164 1797 271 1843 tem
326 1800 515 1840 eorum
572 1781 638 1837 ad
689 1795 827 1850 quos
852 1778 957 1832 hoc
1013 1773 1309 1845 pertinuit,
1374 1767 1491 1835 sine
1529 1765 1744 1837 propria

161 1875 440 1930 voluntate
489 1869 841 1940 suscepistis,
898 1865 1009 1921 sola
1059 1871 1242 1917 vestra
1294 1860 1575 1915 voluntate
1639 1871 1743 1910 non

164 1967 374 2023 debetis
402 1962 659 2033 rejicere,
688 1961 784 2016 sed
810 1956 1173 2014 obedientiam
1210 1967 1382 2022 usque
1412 1951 1477 2004 ad
1517 1958 1747 2003 mortem

165 2072 408 2113 servare.
459 2054 566 2111 Sed
609 2054 655 2109 si
696 2066 920 2107 assensu
958 2057 1013 2103 et
1036 2046 1268 2125 consilto
1320 2041 1745 2112 archiepiscopi,

164 2150 291 2220 quia
314 2149 625 2219 episcopum
657 2161 764 2201 non
809 2142 1049 2207 habetis.
1073 2150 1128 2194 et
1154 2138 1418 2194 fratrum.
1463 2144 1519 2190 et
1559 2148 1746 2189 eorum

159 2242 255 2311 qui
296 2242 371 2296 rei
399 2246 735 2311 cognoscunt
764 2234 1177 2295 necessitatem,
1215 2229 1339 2284 talis
1363 2228 1536 2283 electa
1582 2225 1750 2280 fuerit

157 2348 395 2403 persona
450 2347 573 2403 cpta:
626 2345 765 2386 onus
813 2337 1085 2388 vestrunt,
1134 2323 1278 2393 quod
1310 2323 1580 2376 hactenus
1608 2335 1738 2389 por-

158 2425 350 2492 tastis,
378 2425 539 2495 digne
565 2422 739 2493 possit
766 2419 1078 2487 suscipere,
1105 2424 1231 2469 tunc
1262 2414 1449 2482 utique
1478 2414 1580 2466 hoc
1606 2408 1749 2480 quod

159 2531 264 2584 per
287 2514 651 2571 obedientiam
679 2508 995 2579 suscepistis
1015 2546 1030 2571 ,
1064 2506 1213 2561 licite
1235 2506 1279 2560 si
1304 2506 1370 2558 ad
1401 2503 1630 2558 salutem
1655 2517 1759 2557 vos

162 2606 345 2661 redire
374 2605 673 2676 desperatis
695 2645 710 2670 ,
738 2600 968 2672 potestis
1006 2598 1307 2653 dimittere.
1338 2596 1505 2651 Filios
1541 2605 1752 2650 vestros
1830 2644 1837 2650 .

163 2697 357 2751 hortor
408 2706 463 2750 et
511 2694 734 2749 consqu
779 2700 1047 2762 quatenus
1095 2696 1299 2758 quanto
1342 2687 1514 2755 magis
1545 2684 1646 2755 ipsi
1683 2685 1753 2759 ad

165 2802 412 2857 praesens
460 2794 647 2842 vestro
707 2792 983 2853 nequeunt
1032 2779 1110 2834 uti
1161 2777 1364 2833 auxilio
1398 2786 1455 2859 et
1493 2776 1753 2843 consilio,

168 2888 323 2933 tanto
348 2878 519 2948 magis
542 2876 757 2933 solliciti
785 2874 895 2944 ipsi
912 2874 1021 2929 sint
1046 2886 1115 2925 ne
1135 2869 1340 2941 religio,
1365 2884 1483 2940 qua:
1507 2869 1561 2923 in
1577 2878 1759 2924 vestra

163 2970 404 3025 sanitate
455 2970 510 3025 in
559 2970 665 3024 illis
699 2968 960 3038 vigebat,
1001 2962 1258 3027 deﬁciat;
1298 2962 1394 3016 sed
1436 2962 1665 3015 invicem
1695 2976 1757 3016 se

164 3060 504 3116 charitative
533 3060 823 3117 hortantes
841 3098 856 3124 ,
882 3056 1398 3128 pr0positumzsuum
1436 3054 1759 3111 inviolabili-

165 3162 257 3207 ter
276 3154 604 3209 custodiant.

618 3243 951 3302 EPISTOLA
985 3243 1167 3300 CXLII
1202 3242 1292 3298 ⁵⁸⁸.

304 3352 526 3393 Ακεεωιι
564 3354 631 3391 AD
670 3351 1091 3393 ιυκιλιωλωιυκ
1131 3350 1305 3390 REGE!
1343 3349 1631 3390 ΠΙΒΕΒΝΙΞ.

161 3427 330 3499 Hunc
372 3444 540 3499 regem
576 3428 895 3495 depra’dicat
936 3426 999 3481 ob
1040 3427 1211 3495 pacati
1254 3427 1400 3499 regni
1430 3426 1731 3499 felicitatem

236 3497 309 3553 El
338 3494 455 3552 eum
489 3494 731 3552 admouet
775 3510 829 3552 ut
866 3494 1327 3569 qqut‘oi'rigeudri
1358 3507 1477 3550 sunt
1504 3494 1756 3569 corrigat,

238 3570 469 3623 maxime
507 3580 847 3638 cognatorum
879 3565 1135 3639 'conjugia
1163 3565 1215 3621 et
1246 3566 1617 3638 irregularium
1650 3565 1760 3636 epi-

235 3654 519 3706 scoporum
548 3640 927 3693 ordinationes.
1346 3672 1349 3675 ν

236 3728 659 3794 Μυκιλιωλωιο,
686 3728 940 3799 glorioso,
971 3727 1141 3799 gratia
1171 3726 1287 3793 Dei,
1318 3725 1432 3799 regi
1464 3725 1755 3795 Hiberniae,

157 3824 478 3886 Asscsuus,
528 3837 716 3877 servus
763 3820 1015 3876 Ecclesia:
1054 3820 1485 3885 Cantuariensis,
1528 3822 1757 3877 salutent

159 3928 293 3969 cum
344 3912 709 3979 orationibus,
741 3920 796 3966 et
826 3910 922 3966 Dei
966 3910 1339 3966 misericordia
1390 3924 1605 3983 semper
1646 3910 1756 3981 regi

158 4016 216 4061 et
253 4006 331 4037 '”
369 4005 599 4075 protegi.

236 4098 464 4153 Gratias
512 4114 613 4169 ago
658 4098 769 4153 Deo
799 4098 865 4152 de
905 4095 1065 4151 bonis
1113 4096 1294 4149 multis
1330 4110 1449 4164 qua:
1485 4096 1551 4149 de
1583 4104 1757 4147 vestra

160 4194 497 4251 celsitudine
531 4193 712 4247 audio.
762 4193 905 4245 inter
949 4207 1069 4259 qua:
1115 4199 1198 4244 est
1249 4189 1353 4243 hoc
1382 4188 1503 4258 quia
1545 4197 1758 4257 gentem

160 4284 323 4356 regni
375 4282 539 4337 vestri
573 4282 624 4335 in
655 4289 801 4333 tanta
837 4295 970 4351 pace
1014 4279 1193 4333 facitis
1229 4280 1443 4341 vivere,
1492 4288 1546 4332 ut
1575 4292 1762 4332 omnes

157 4376 293 4431 boni
317 4375 412 4446 qui
444 4375 546 4429 hoc
576 4374 820 4437 audiunt,
853 4372 963 4427 Deo
989 4371 1191 4443 gratias
1216 4380 1412 4440 agant,
1439 4380 1493 4426 et
1518 4371 1641 4424 vita:
1667 4385 1759 4423 ve-

154 4480 288 4524 stra:
347 4467 755 4521 diuturnitatem
801 4465 1127 4521 desiderent.
1177 4462 1275 4519 Ubi
1308 4462 1449 4516 enim
1492 4477 1593 4532 pax
1652 4456 1758 4529 est,

154 4563 289 4619 licet
348 4560 599 4615 omnibus
648 4561 843 4615 bonam
886 4558 1216 4613 voluntatem
1259 4556 1581 4612 habentibus
1619 4557 1760 4624 quod

159 4662 359 4728 optant
389 4651 508 4707 sine
534 4652 941 4723 perturbatione
974 4650 1234 4704 malorum
1276 4648 1553 4703 hominum
1586 4647 1761 4703 enice-

164 4764 246 4804 re.
276 4740 438 4804 Unde
470 4755 645 4798 vestra
669 4742 951 4807 celsitudo,
975 4757 1072 4813 per
1098 4756 1260 4811 quam
1304 4741 1444 4795 Deus
1477 4741 1577 4795 ista
1611 4741 1762 4807 facit,

166 4828 235 4893 ab
260 4854 327 4894 eo
348 4835 658 4893 certissime
682 4834 927 4905 magnam
958 4832 1367 4887 retributionem
1392 4831 1549 4887 debet
1569 4847 1761 4902 exspe-

166 4935 341 4981 ctare.
382 4926 560 4995 Super
587 4925 685 4981 hoc
724 4926 910 4996 utique
957 4922 1103 4994 pacis
1148 4921 1555 4979 fundamentum
1607 4920 1763 4978 facile

168 5029 254 5075 est
296 5020 404 5074 alia
455 5032 573 5086 qua:
606 5017 976 5072 ecclesiastica
1016 5016 1204 5085 religio
1240 5015 1429 5085 exigit,
1472 5014 1759 5071 aedificare.

169 5108 371 5167 Precor
418 5109 604 5179 itaque
648 5107 803 5163 bonae
837 5107 1130 5163 voluntatis
1158 5118 1351 5163 vestrae
1396 5108 1757 5163 constantiam

1841 650 2084 721 rigenda,
2114 656 2334 716 propter
2356 645 2475 697 vit-.e
2497 653 2710 697 aeterna:
2740 640 3017 713 prmminm
3037 680 3051 703 ,
3082 646 3137 692 et
3160 644 3221 709 ut
3251 634 3449 707 iungit

1839 757 1904 793 ac
1956 737 2128 807 magis
2167 737 2221 789 in
2265 734 2419 789 vobis
2460 733 2638 811 gratia
2693 732 2785 787 Dei
2828 738 3119 801 augeatur,
3171 725 3449 803 sollicite”

1841 832 1948 887 Deo
1975 830 2283 899 adjuvante,
2316 825 2579 880 stndeatis
2617 826 2927 879 emendare.
2976 822 3121 878 Nihil
3153 820 3297 897 enim
3342 811 3453 897 est:

1841 920 2297 978 contemnendum
2318 917 2460 987 quod
2491 915 2688 985 corrigi
2719 916 2906 985 p05sit,
2940 916 3061 985 quia
3092 915 3231 970 Deus
3259 911 3452 985 exigit.

1842 1014 1910 1067 ab
1936 1011 2187 1066 omnibus
2228 1025 2331 1064 non
2360 1007 2533 1062 solum
2576 1005 2719 1075 quod
2752 1005 2888 1058 male
2919 1014 3103 1074 agunt,
3142 1005 3236 1059 sed
3260 1004 3429 1081 etiam
3486 1028 3489 1033 -

1843 1101 1986 1171 quod
2012 1117 2115 1155 non
2145 1099 2423 1170 corrigunt
2453 1096 2592 1152 mala
2622 1114 2742 1167 qua:
2771 1096 3039 1165 corrigere
3078 1106 3327 1166 possunt.
3362 1095 3432 1150 Et

1846 1202 2053 1263 quanto
2084 1192 2418 1261 potentiores
2458 1198 2581 1243 sunt
2628 1196 2687 1241 ut
2739 1186 3036 1257 corrigunt,
3070 1196 3220 1240 tanto
3251 1186 3453 1251 distria

1844 1285 1985 1339 ctius
2016 1284 2194 1348 exigit
2240 1282 2307 1336 ab
2336 1281 2439 1335 illis
2468 1281 2636 1342 Deus,
2680 1287 2738 1333 tit
2778 1279 3072 1333 secundum
3108 1285 3433 1351 potestatem

1845 1376 2271 1431 misericorditer
2322 1373 2615 1443 impensam
2676 1369 2813 1425 bene
2868 1370 3033 1423 velint
3099 1378 3154 1423 et
3208 1366 3430 1421 faciant.

1844 1466 1997 1535 Quod
2023 1466 2253 1520 maxime
2290 1464 2501 1518 videtur
2537 1462 2603 1516 ad
2654 1476 2804 1532 reges
2838 1444 3143 1532 pertinere,
3175 1459 3429 1530 quoniam

1845 1558 1945 1629 ipsi
1980 1564 2383 1626 cognoscuntur
2407 1552 2661 1622 majorem
2688 1562 3006 1623 potestatem
3025 1560 3114 1615 ,ει
3141 1551 3225 1606 cui
3254 1552 3434 1605 tnintts

1844 1650 2259 1713 contradicitur,
2293 1649 2429 1701 inter
2459 1645 2704 1700 homines
2738 1646 3003 1699 obtinere.
3031 1644 3087 1698 Si
3112 1653 3291 1697 autem
3327 1658 3472 1711 non_

1844 1744 2026 1798 omnia
2056 1741 2214 1797 simul
2243 1739 2490 1810 potestis,
2525 1753 2629 1790 non
2652 1737 2860 1790 debetis
2888 1746 3106 1806 propter
3133 1736 3234 1791 hoc
3253 1735 3434 1805 quina

1848 1832 2161 1901 melioribus
2187 1832 2253 1884 ad
2286 1828 2507 1883 meliora
2534 1826 2798 1882 studentis
2829 1828 3110 1897 prolicere,
3145 1826 3271 1896 quia
3292 1828 3432 1882 bona

1786 1911 1827 1968 Β
1857 1923 2128 1993 preposila
2151 1930 2205 1976 et
2237 1921 2407 1975 bonos
2434 1928 2663 1973 conatus
2686 1918 2826 1972 Dens
2866 1917 3003 1972 solet
3050 1917 3277 1987 benigne
3314 1932 3439 1987 per-

1852 2012 2015 2065 licere
2045 2022 2099 2065 et
2130 2012 2283 2064 beata
2316 2008 2649 2079 plenitudine
2683 2006 3003 2061 retribuere.
3033 2006 3265 2060 Auditur
3293 2010 3433 2075 apud

1851 2120 1949 2159 nos
1978 2102 2103 2172 quia
2130 2102 2376 2172 conjugia
2403 2102 2456 2154 in
2488 2115 2654 2169 regno
2684 2110 2865 2153 vestro
2895 2099 3012 2154 sine
3046 2099 3190 2152 onmi
3227 2099 3455 2169 ratione.

1851 2195 2219 2265 dissolvuntur
2246 2205 2302 2250 et
2342 2201 2762 2255 commutantur,
2789 2191 2914 2262 quia
2947 2191 3161 2261 cognati
3195 2191 3311 2247 sive
3338 2194 3438 2247 sui.

1852 2288 2072 2343 nomine
2101 2286 2356 2355 conjugii,
2389 2286 2504 2341 sive
2544 2285 2653 2340 alio
2677 2286 2860 2349 modo,
2906 2268 3080 2355 palam
3116 2285 3233 2339 sine
3258 2300 3453 2355 repre—g

1851 2381 2113 2457 heusione
2143 2389 2331 2435 contra
2371 2379 2692 2435 canonicam
2741 2379 3160 2450 prohibitionem
3212 2379 3442 2443 commi-

1851 2474 1992 2528 sceri
2024 2489 2130 2527 non
2154 2483 2475 2528 vereantur.
2517 2472 2767 2543 Episcopi
2813 2488 3059 2543 quoque,
3108 2473 3198 2542 qui
3245 2472 3449 2528 debent

1851 2577 1972 2625 esse
2001 2562 2171 2618 forma
2195 2572 2251 2618 et
2298 2562 2603 2632 exemplum
2654 2562 2777 2617 aliis
2817 2562 3094 2619 canonica:
3142 2561 3457 2631 religionis,_,

1854 2654 2181 2718 inordinate,
2220 2654 2365 2709 sicut
2415 2654 2757 2719 audivimus,
2795 2664 2890 2708 aut
2930 2670 2961 2709 a
3003 2654 3137 2710 solis
3169 2655 3442 2725 episcOpis

1856 2754 1951 2799 aut
1980 2746 2032 2799 in
2071 2745 2206 2800 locis
2251 2745 2341 2799 ubi
2383 2746 2625 2799 ordinari
2652 2761 2758 2801 non
2786 2745 3004 2811 debent,
3030 2757 3451 2802 consecrantur-

1856 2834 1982 2890 Haec
2011 2845 2066 2890 et
2114 2834 2218 2890 alia
2262 2851 2382 2905 qua:
2414 2835 2802 2905 magnitudinis
2832 2845 3028 2890 vestra:
3072 2838 3354 2905 prudentia
3389 2837 3443 2891 in

1854 2923 2111 2979 liibernia
2151 2924 2471 2994 corrigenda
2508 2926 2855 2995 cognoverit,
2892 2908 3104 2994 precor,
3135 2927 3363 2982 obsecro
3391 2939 3457 2982 et

1854 3015 2099 3081 consulo,
2131 3016 2271 3072 sicut
2303 3016 2377 3071 illi
2417 3030 2575 3086 quem
2600 3016 2756 3072 valde
2790 3015 2975 3087 diligo,
3006 3025 3062 3072 et
3084 3015 3237 3085 cujus
3266 3018 3455 3088 profe-

1854 3115 2002 3163 ctum
2032 3122 2130 3177 per
2171 3107 2354 3162 omnia
2384 3107 2662 3175 desidero,
2696 3118 2966 3177 quatenus
3006 3107 3235 3163 consilio
3276 3110 3453 3164 bono-

1858 3212 1979 3251 rum
2009 3196 2248 3261 virorum
2293 3205 2351 3252 et
2393 3197 2722 3268 sapientium
2753 3196 2909 3269 regni
2952 3198 3119 3253 vestri
3168 3200 3456 3270 corrigere

1782 3262 1829 3326 θ
1859 3290 2149 3356 studeatis;
2177 3300 2232 3346 et
2260 3289 2426 3345 Deum
2450 3306 2567 3357 oro,
2594 3288 2661 3371 de
2685 3305 2851 3362 regno
2887 3300 3103 3347 terreno
3127 3289 3193 3347 ad
3221 3306 3453 3362 regnum

1855 3379 2074 3435 cwleste
2103 3381 2411 3436 transeatis.
2440 3380 2637 3437 Amen.

2305 3471 2637 3529 EPISTOLA
2673 3473 2877 3530 CXLIII
2914 3475 3005 3529 ⁸⁸³.

1872 3602 1873 3605 η
1929 3579 2151 3619 ANSELHI
2195 3580 2261 3618 AD
2296 3581 2666 3622 GISLEBERTUI
2706 3582 3034 3623 LUNICENSEN
3074 3582 3385 3625 EPISCOPUM.
3450 3603 3458 3616 ε

1861 3653 2097 3711 Gratiam
2133 3659 2285 3713 liabet
2321 3658 2535 3731 prtesuli
2568 3659 2819 3731 gaudenti
2862 3662 3002 3729 quod
3040 3662 3149 3715 suis
3195 3664 3449 3731 auspiciis

2267 3746 2347 3783 res
2374 3730 2623 3784 Ecclesia:
2651 3730 2775 3784 bene
2796 3741 3028 3785 verteret.

1930 3819 2238 3882 Assstnus,
2266 3835 2457 3874 servus
2487 3822 2742 3875 Ecclesiae
2782 3820 3223 3891 Cantuariensis,
3257 3824 3448 3880 GISLB-

1860 3925 2055 3974 nemo,
2085 3909 2372 3964 Lunieensi
2394 3910 2464 3942 ⁸³³
2493 3911 2767 3980 episcopo,
2798 3912 3048 3966 salutem.

1930 4003 2149 4059 Gratias
2169 4017 2271 4071 ago
2298 4004 2616 4057 reverentia:
2644 4011 2840 4057 vestra:
2854 4005 2978 4073 quia
3003 4004 3179 4058 laetam
3208 4005 3279 4041 ³⁸⁸
3300 4020 3360 4061 se
3381 3982 3451 4064 si;

1862 4088 2086 4166 gnificat
2109 4094 2162 4147 in
2194 4093 2388 4148 litteris
2409 4094 2543 4158 suis,
2570 4094 2713 4163 quod
2748 4096 2887 4150 Deus
2914 4096 2968 4149 in
2992 4095 3231 4153 Ecclesia
3252 4113 3350 4154 sua
3380 4102 3451 4158 ad

1863 4187 2165 4258 profectum
2192 4186 2467 4256 religionis
2491 4202 2587 4257 per
2606 4201 2692 4242 me
2717 4187 2969 4259 dignatur
2990 4190 3189 4260 aliquid
3211 4194 3450 4262 operari.

1865 4279 2130 4347 Quoniam
2158 4288 2337 4333 autem
2366 4278 2495 4332 olim
2520 4294 2617 4334 nos
2636 4280 2777 4349 apud
2806 4280 3198 4355 Rothomagum
3219 4285 3452 4343 invicem

1864 4370 2241 4443 cognovimus,
2274 4370 2560 4427 dilectione
2604 4372 2792 4427 sociati
2820 4390 3034 4442 sumus,
3066 4386 3122 4431 et
3160 4394 3304 4434 nunc
3351 4396 3453 4435 co-

1864 4481 2067 4536 gnosco
2088 4480 2184 4519 vos
2210 4465 2277 4519 ad
2307 4464 2652 4535 episcopatus
2674 4465 2992 4537 dignitatem
3013 4471 3186 4538 gratia
3211 4470 3302 4527 Dei
3326 4460 3455 4541 pro;

1867 4558 2076 4623 fecisse,
2119 4558 2455 4613 confidenter
2500 4558 2673 4615 audeo
2711 4572 2807 4615 vos
2835 4560 3143 4625 obsecrare,
3176 4573 3232 4617 et
3260 4578 3454 4620 secun-

1866 4655 1991 4709 dum
2025 4652 2170 4723 quod
2208 4652 2448 4723 intelligo
2485 4667 2621 4721 opus
2646 4666 2788 4719 esse,
2822 4653 2977 4708 vobis
3012 4654 3315 4710 consulere.
3344 4658 3451 4711 Sua

1867 4745 2113 4799 blimavit
2147 4746 2301 4807 Deus,
2337 4745 2391 4800 in
2437 4744 2698 4801 Hibernia
2728 4756 2964 4802 vestram
3003 4746 3345 4815 prudentiam
3385 4751 3454 4804 ad

1870 4844 2073 4889 tantam
2122 4836 2557 4905 dignitatem,et
2600 4838 2897 4907 posuitvos
2944 4844 3002 4888 ut
3055 4835 3348 4892 studeretis
3387 4844 3456 4893 ad

1867 4926 2143 4994 religionis
2181 4926 2417 4998 vigorem
2447 4936 2500 4980 et
2526 4928 2831 4981 animarum
2863 4924 3172 4980 utilitatem.
3208 4922 3456 4999 Satagite

1865 5033 1997 5086 ergo
2024 5017 2272 5081 sollicite,
2304 5018 2446 5073 sicut
2475 5018 2735 5087 scriptum
2763 5026 2848 5071 est
2873 5015 2940 5069 de
2965 5030 3032 5070 eo
3051 5016 3141 5087 qui
3167 5017 3239 5048 ⁵⁹⁸
3259 5008 3457 5087 pratest

1871 5109 1925 5164 in
1951 5109 2336 5175 sollicitudine,
2369 5110 2421 5164 in
2455 5109 2542 5163 illa
2566 5118 2744 5180 gente,
2770 5116 3033 5177 quantum
3077 5109 3131 5165 in
3166 5111 3316 5168 vobis
3347 5124 3452 5182 est,

726 5268 729 5271 .
1504 5216 1592 5273 VA
1602 5217 1741 5273 [lle
1774 5219 2182 5277 LECTIONES.
2669 5269 2673 5275 .

277 5312 494 5386 '_’°_7Per
534 5312 1048 5386 tribulationeml‘ms
1082 5324 1180 5386 per
1206 5310 1581 5386 tribulationes
1654 5310 1721 5386 {9‘
1754 5309 2321 5386 Collataeunteqdem
2358 5330 2437 5386 ms
2511 5314 2580 5386 ⁸9³
2617 5312 2747 5383 Regi
2775 5322 2830 5370 et
2855 5330 2954 5386 me"
2971 5329 3189 5386 semper
3235 5318 3349 5386 regi
3396 5328 3469 5373 et

177 5380 246 5414 '”
272 5381 482 5437 Collala
527 5401 646 5437 cum
689 5384 867 5438 eodem
914 5397 994 5435 ms

173 5466 253 5507 tm
282 5455 547 5524 scriptum
579 5463 661 5509 est
690 5454 756 5508 de
778 5468 842 5507 eo
863 5451 955 5522 qui
1008 5476 1011 5479 λ

1103 5378 1175 5410 ⁸⁸⁵
1206 5379 1499 5435 Ludinensi
1554 5394 1631 5433 ms
1662 5379 1993 5439 Lunnicensi

2102 5384 2171 5414 ⁵³⁸
2193 5383 2390 5438 ιωικιιὶ
2429 5399 2506 5437 ms
2540 5385 2714 5440 laetam
2826 5385 2898 5418 ”‘
2924 5383 3196 5457 Scriptum
3221 5383 3326 5455 est,
3354 5391 3449 5458 qui

1331 5537 1616 5595 JUANNIS
1654 5538 1935 5600 PICARDI
1968 5543 2197 5613 NOTAE.

181 5660 296 5723 sise,
327 5670 478 5718 tanta
518 5662 883 5717 membrorum
934 5659 1214 5714 debilitate
1263 5631 1594 5713 constrictus
1631 5672 1766 5727 qua-

182 5731 591 5793 driennium.'ut
614 5748 804 5788 eorum
834 5730 1112 5785 functione
1150 5728 1366 5799 penitus
1391 5736 1623 5791 careret,
1654 5737 1710 5783 et
1732 5743 1791 5783 a.

183 5801 314 5855 viris
345 5804 551 5872 curari
606 5803 896 5872 nequiret;
944 5799 1294 5872 eamqueob
1350 5814 1462 5854 rem
1524 5799 1760 5872 traditus

185 5871 386 5928 sanctis
416 5867 735 5941 virginibus,
761 5871 901 5942 apud
934 5867 1148 5941 quas'et
1175 5868 1461 5927 defunctus
1486 5880 1588 5926 est.
1618 5867 1753 5924 Vide

1869 5663 2119 5750 Qassian,
2157 5664 2480 5750 collatam,
2526 5682 2647 5750 cap.
2700 5667 2803 5749 26.,
2841 5667 2928 5722 ubi
2977 5668 3219 5750 reperies
3265 5668 3444 5750 oleum

1866 5733 2107 5793 deﬂuens
2129 5738 2405 5793 erunt-tis
2450 5733 2622 5793 sancti
2680 5738 2779 5792 viri
2833 5733 3092 5793 membris
3129 5749 3239 5794 tam
3276 5740 3447 5793 fuisse

1866 5808 2102 5873 salutare
2132 5818 2192 5891 u't
2220 5808 2450 5864 infirmis
2481 5809 2708 5865 salutem
2736 5808 3095 5865 restitueret-
