4064 6302
495 445 596 500 973

493 557 769 625 corrigere
813 562 863 609 et
897 551 1233 619 exstirpare,
1261 560 1318 603 et
1359 549 1530 604 bonos
1557 561 1739 600 mores
1768 543 2009 614 plantare
2038 549 2090 595 ct
2121 529 2164 573 Α

497 647 793 703 seminare.
825 643 908 698 Ab
935 643 1036 697 hoc
1059 641 1260 708 etiam,
1286 648 1547 709 quantum
1579 639 1632 692 in
1665 636 1819 691 vobis
1856 642 1938 689 est
1960 675 1975 700 ,
2008 650 2094 689 re-

493 755 614 814 gem
636 746 900 803 vestrum,
933 744 983 789 et
1017 734 1153 790 alios
1183 734 1495 805 episcopos,
1539 739 1594 787 et
1624 741 1975 800 quoscunque
2001 743 2096 796 po-

496 835 674 896 testls,
708 827 1007 887 suadendo.
1045 834 1098 882 et
1144 825 1340 896 gaudia
1371 839 1490 893 qua!
1519 831 1707 894 parata
1742 827 1871 875 sunt
1916 818 2090 874 bonis.

495 939 560 980 ac
579 922 716 978 mala
741 935 860 992 qua:
881 928 1198 988 exspectant
1227 917 1420 980 malos,
1442 913 1775 969 ostendendo
1799 909 2080 974 attrahite,

398 1062 406 1097 τ
493 1025 552 1071 ιιι
579 1015 647 1072 de
669 1014 868 1069 vestris
897 1013 967 1044 ⁸³⁷
994 1020 1052 1066 et
1093 1011 1159 1065 de
1201 1009 1429 1064 aliorum
1472 1007 1632 1063 bonis
1663 1006 1920 1077 operibus
1953 1017 2090 1074 prm-

399 1154 411 1164 .
495 1107 660 1161 mium
697 1102 1018 1160 mereamini
1063 1117 1091 1156 a
1138 1101 1247 1156 Deo
1277 1099 1540 1168 accipere.
1573 1097 1768 1153 Grates
1799 1096 1972 1150 refero
1997 1107 2094 1162 pro

417 1213 425 1268 ξ
496 1210 724 1251 numere
757 1203 941 1250 vestro
997 1192 1142 1263 quod
1189 1190 1318 1245 mihi
1380 1189 1610 1257 benigne
1643 1187 1881 1242 misistis.
1930 1183 2095 1239 Orate

497 1302 592 1356 pro
625 1303 675 1342 m
683 1302 736 1342 e.

946 1418 1280 1476 EPISTOLA
1321 1415 1525 1472 CXLIV
1567 1414 1656 1465 '9‘.

895 1549 962 1587 ΑΒ
1019 1547 1304 1587 NONACHUM
1367 1541 1701 1583 APOSTATAII.

505 1647 814 1720 Prwccptis,
845 1645 1077 1701 consiliis
1106 1654 1152 1697 et
1192 1643 1346 1698 minis
1396 1650 1632 1696 errantes
1681 1639 1816 1691 duas
1861 1652 1977 1690 ore:
2024 1635 2094 1688 ad

1067 1729 1268 1786 gregem
1297 1722 1519 1766 revocat.

577 1830 882 1891 Ansscnus,
911 1825 1007 1881 Dei
1059 1824 1232 1896 gratia
1280 1821 1724 1892 archiepiscopus
1765 1814 2092 1880 Cantuarizc,

503 1922 769 1984 Autumo,
805 1919 897 1990 qui
932 1918 1033 1972 luit
1078 1915 1377 1972 monachus
1409 1913 1610 1969 Christi
1663 1909 1919 1965 Ecclesiae
1957 1908 2101 1963 Can-

505 2011 834 2079 tuariensis,
863 2019 918 2065 et
971 2010 1237 2065 suadente
1285 2005 1502 2062 diabolo
1527 2046 1542 2070 ,
1586 2003 1807 2074 rel’qnit
1849 2002 2096 2057 habitum

507 2119 664 2158 suum
686 2145 702 2169 ,
743 2104 788 2158 si
816 2101 929 2156 vult
957 2101 1134 2157 redire
1167 2101 1232 2154 ad
1260 2098 1654 2152 monasterium
1681 2111 1835 2151 suum
1859 2102 1913 2150 et
1937 2093 2007 2126 ⁸⁹⁹
2032 2091 2099 2147 ad

505 2197 884 2253 monachicum
908 2194 1270 2266 propositum,
1291 2192 1518 2248 salutem
1551 2198 1607 2245 et
1633 2203 1818 2244 veram
1851 2185 2101 2242 dilectio-

507 2304 655 2345 nem.

579 2379 835 2434 Fratrem
884 2386 942 2432 et
985 2377 1152 2432 tilium
1196 2391 1303 2430 non
1346 2375 1514 2431 debeo
1557 2371 1888 2437 nominare,
1917 2370 2106 2426 donee

512 2472 681 2526 sciam
710 2482 763 2525 te
789 2469 1165 2540 paenitentiam
1208 2464 1414 2537 peccati
1453 2472 1510 2518 et
1539 2462 1742 2518 erroris
1794 2461 1875 2515 tui
1909 2473 2101 2531 agere;

512 2560 680 2633 518
725 2568 782 2615 et
835 2559 938 2613 hoc
983 2569 1305 2628 cognoscam
1367 2568 1464 2623 per
1522 2551 1890 2608 reversionem
1933 2557 2103 2604 tuam.

517 2652 668 2718 Quod
699 2652 769 2716 si,
799 2651 910 2705 Deo
954 2665 1052 2720 per
1097 2648 1327 2719 gratiam
1354 2646 1426 2679 ⁸⁰⁰
1468 2660 1621 2700 suam
1659 2642 1983 2713 inspirante,
2020 2655 2106 2695 se-

517 2742 752 2796 cundum
783 2738 1112 2794 desiderium
1140 2751 1318 2791 meum
1359 2734 1570 2798 videro,
1599 2740 1781 2788 certus
1819 2739 1938 2784 esto
1981 2728 2108 2798 quia

516 2833 574 2885 in
602 2845 691 2886 me
719 2839 1003 2901 paternam
1044 2826 1302 2898 pietatem
1343 2833 1400 2881 et
1445 2823 1740 2878 fraternam
1782 2819 2106 2875 char‘itatem

517 2925 635 2979 sine
663 2923 938 2994 figmento,
976 2921 1085 2976 Deo
1114 2927 1410 2984 annuente,
1440 2916 1704 2972 invenies.
1727 2912 1963 2969 Consnlo
2003 2910 2109 2982 igi-

517 3027 608 3070 tur
632 3026 687 3069 et
715 3013 1044 3069 consulendo
1067 3026 1261 3081 precor
1289 3017 1348 3064 ut
1375 3007 1648 3063 hominem
1669 3046 1683 3071 ,
1727 3004 1880 3072 cujus
1913 3001 2116 3057 animae

517 3106 746 3161 sahncm
774 3104 970 3160 affectu
997 3103 1178 3158 cordis
1205 3100 1488 3164 desidero;
1517 3107 1574 3152 et
1611 3096 1866 3167 praecipio
1905 3109 1969 3149 ea
2013 3109 2110 3148 au-

520 3197 773 3250 eloritat-e
800 3209 921 3268 qua:
963 3192 1094 3248 mihi
1119 3207 1148 3247 a
1180 3191 1287 3246 Deo
1324 3189 1474 3244 etab
1510 3187 1750 3244 Ecclesia
1784 3186 1880 3240 Dei
1914 3183 2114 3238 tradita

521 3299 628 3353 est,
658 3303 823 3358 super
850 3300 1040 3342 omnes
1067 3286 1313 3340 viventes
1343 3281 1622 3352 professos
1651 3277 2017 3335 obedientiam
2052 3284 2110 3331 et
2142 3253 2183 3310 δ

523 3379 873 3434 stabilitatem
926 3378 978 3430 in
1023 3375 1249 3446 praefato
1293 3374 1653 3438 monasterio;
1699 3380 1755 3427 et
1798 3368 1987 3439 adiuro
2015 3383 2112 3439 per

522 3469 770 3526 eamdem
815 3466 1206 3538 professionem
1247 3475 1302 3521 et
1339 3464 1726 3528 stabilitatem,
1773 3477 1935 3531 quam
1976 3471 2027 3515 te
2057 3461 2112 3515 in

522 3560 716 3615 eodem
746 3558 866 3613 loco
888 3565 1226 3613 servaturum
1254 3571 1438 3610 coram
1464 3557 1574 3610 Deo
1603 3553 1920 3623 promisisti,
1947 3558 2001 3605 et
2019 3564 2116 3621 per

525 3665 820 3724 utrumque
868 3651 1159 3706 adventum
1209 3649 1422 3704 Domini
1481 3648 1651 3704 nostri
1706 3645 1832 3702 Jesn
1885 3643 2113 3704 Christi,

527 3747 670 3803 sicut
697 3746 778 3800 vis
806 3753 863 3798 ut
888 3744 1097 3815 primus
1134 3741 1206 3797 sit
1254 3741 1348 3796 tibi
1385 3740 1452 3795 ad
1483 3740 1742 3804 salutem,
1774 3749 1826 3792 et
1850 3737 2120 3793 secundus

528 3852 636 3892 non
665 3837 735 3892 sit
766 3835 857 3890 tibi
885 3834 949 3888 ad
980 3834 1404 3900 damnationem,
1433 3841 1698 3901 quatenus
1731 3831 2042 3901 resipiscas,
2064 3838 2120 3884 et

530 3929 726 3983 redeas
755 3925 820 3980 ad
851 3923 1152 3980 Ecclesiam
1195 3923 1249 3979 in
1289 3939 1395 3993 qua
1443 3923 1741 3978 monaelms
1773 3920 1922 3975 fuisti
1947 3936 2120 3991 quan-

532 4029 644 4074 tum
673 4019 748 4073 ad
768 4019 1037 4081 habitum,
1069 4024 1121 4072 et
1151 4031 1271 4071 esse
1293 4015 1455 4070 debes
1481 4013 1776 4070 secundum
1809 4013 2118 4079 veritatem,

531 4123 588 4168 et
612 4114 678 4167 ad
707 4127 826 4176 me,
851 4123 907 4166 et
934 4109 1001 4164 ad
1031 4109 1251 4173 fratres,
1282 4108 1374 4178 qui
1417 4117 1469 4162 te
1517 4116 1742 4178 propter
1786 4107 1981 4161 anima:
2017 4115 2122 4161 tua!

533 4198 762 4253 salutem
812 4196 1220 4260 desideramus,
1263 4193 1308 4247 si
1339 4208 1444 4247 non
1475 4193 1558 4246 vis
1598 4192 1651 4246 in
1678 4193 2125 4248 excommunica-

535 4292 684 4345 tione
732 4298 787 4344 et
831 4287 1175 4342 anathemate
1221 4283 1379 4338 mori.
1424 4282 1611 4337 Nullus
1654 4284 1797 4338 enim
1852 4284 2015 4338 homo
2066 4283 2121 4337 in

537 4380 785 4452 prmsenti
812 4380 920 4434 vita
948 4377 1133 4432 vivens
1154 4384 1333 4446 potest
1365 4384 1416 4429 te
1457 4374 1739 4430 absolvere
1783 4375 1851 4429 ab
1894 4375 1978 4429 his
2009 4374 2126 4427 vin-

538 4475 674 4532 culis
712 4473 1292 4530 excommunicationis
1331 4481 1386 4526 et
1413 4472 1798 4535 anathematis,
1834 4471 1938 4526 nisi
1982 4469 2125 4539 quod

537 4580 668 4621 vera
691 4563 978 4621 dilectione
1003 4577 1199 4634 precor
1219 4571 1275 4615 et
1300 4561 1545 4625 consulo,
1572 4559 1783 4616 feceris.
1817 4560 1953 4615 Istas
1974 4575 2126 4614 meas

539 4658 754 4713 litteras
794 4656 1051 4727 praccipio
1087 4654 1216 4722 tibi,
1266 4654 1311 4709 si
1351 4669 1458 4724 qua
1489 4653 1665 4708 adhuc
1697 4667 1833 4706 vena
1867 4653 2125 4708 obedien-

541 4750 631 4804 tia:
652 4748 784 4803 vivit
805 4748 858 4802 in
885 4755 958 4813 te,
987 4755 1048 4801 ιιι
1063 4745 1340 4811 ostendas,
1367 4743 1412 4798 si
1439 4743 1898 4815 Opportunitatem
1936 4743 2123 4810 habes,

543 4841 792 4906 Airardo,
822 4839 912 4911 qni
947 4849 1125 4894 tecum
1159 4837 1227 4892 ab
1255 4835 1494 4892 Ecclesia
1525 4836 1721 4890 Christi
1757 4836 2035 4899 discessit;
2071 4843 2128 4890 et

542 4933 803 5005 quidquid
834 4933 931 4989 tibi
962 4933 1169 4997 scribo,
1199 4931 1273 4985 illi
1309 4930 1469 4986 simili
1501 4929 1764 4985 charitate
1800 4939 1855 4984 et
1893 4929 2132 4984 auctori-

545 5032 658 5079 tate
707 5024 928 5079 mando.
957 5022 1218 5090 Quamvis
1257 5035 1362 5075 non
1407 5019 1722 5075 mereamini
1759 5018 1933 5074 adhuc
1969 5028 2029 5074 nt
2057 5018 2130 5052 ⁶⁰¹

545 5130 645 5186 pro
687 5115 839 5172 vobis
870 5129 1045 5178 orem,
1087 5123 1268 5168 tamen
1294 5126 1391 5168 oro
1421 5110 1586 5165 Deum
1619 5109 2044 5179 omnipotentem
2074 5117 2134 5165 ut

547 5210 664 5279 ipse
708 5222 808 5262 vos
833 5212 1118 5261 convertat
1160 5206 1226 5259 ad
1254 5220 1335 5272 se,
1383 5215 1436 5262 et
1476 5205 1546 5260 ad
1574 5202 1800 5258 salutem
1828 5217 2132 5257 ammarmn

549 5310 874 5363 vestrarum,
895 5304 952 5350 et
975 5294 1210 5351 laetitieet
1232 5311 1317 5354 me
1336 5298 1403 5353 de
1422 5307 1604 5353 vestro
1621 5293 1924 5351 desiderato
1937 5294 2132 5350 reditu.
2163 5327 2166 5330 ~

549 5391 740 5445 Anton.

1064 436 1120 492 S.
1163 432 1464 490 ANSELMI
1506 427 1860 486 CANTUAR.
1909 421 2225 481 ARCHIEP.
2254 419 2404 474 ()Pl’.
2440 416 2635 471 PARS.
2672 413 2826 467 lfl—
2858 406 3244 465 EPiSTOl..~E.

3678 400 3784 454 176

2641 524 2974 582 ΕΡΙΞΤΟΙΛ
3014 521 3195 577 CXLV
3229 521 3318 571 °°*.
3699 465 3702 470 Ι

2621 659 2701 697 WA
2710 656 2867 697 LTEBI
2921 655 2986 694 AD
3033 649 3312 692 Ακεῑωιωι
3323 674 3334 686 .

2199 739 2441 795 Exsultat
2479 738 2544 789 de
2569 733 2706 803 felici
2735 729 2965 784 Anselmi
2996 731 3048 782 in
3069 726 3333 803 ‘An‘gliam
3361 721 3555 803 reditu.
3585 718 3786 801 simu!-

2311 826 2410 880 que
2439 807 2502 861 ab
2533 791 2593 860 eo
2621 804 2890 874 quidpiam
2913 799 3099 869 expetit
3123 791 3224 868 pile
3252 791 3645 848 consolationis.

2269 919 2497 974 Domino
2528 910 2900 974 desiderabili,
2945 917 3000 962 et
3048 905 3177 961 totis
3224 908 3493 960 viscerum
3538 895 3795 965 medullis

2196 1007 2551 1077 concipiendo
2581 1003 2738 1059 matri
2773 998 3030 1055 Ecclesiae
3065 995 3340 1052 catholicae
3366 993 3648 1056 AnssLno,
3678 988 3788 1040 fra-

2198 1109 2282 1154 ter
2309 1099 2650 1159 Wuxrsaus,
2678 1107 2818 1148 unus
2859 1105 3081 1145 suorum
3117 1095 3357 1142 extrema
3385 1097 3517 1152 pars
3563 1079 3796 1134 devoto»

2197 1211 2356 1260 rum,
2408 1193 2728 1249 desideratas
2805 1182 3184 1257 pinguedinis,
3251 1179 3460 1234 intimae
3500 1172 3799 1230 suavitatis

2199 1289 2450 1342 haustum
2477 1282 2856 1340 sufﬁcientem.

2216 1407 2218 1410 ν
2269 1379 2445 1434 Haeret
2491 1376 2695 1445 lingua,
2743 1385 2935 1427 sensus
2967 1369 3160 1428 lueret,
3201 1369 3358 1416 mttat
3391 1371 3626 1418 manus,
3661 1351 3789 1406 dum

2200 1469 2425 1526 revolvit
2451 1467 2792 1522 dulcedinem
2823 1473 3016 1517 vestra)
3051 1453 3425 1516 salutationis,
3462 1467 3567 1521 qua
3603 1462 3666 1502 se
3701 1462 3797 1500 vc.-

2197 1576 2308 1621 stra
2336 1562 2601 1619 celsitudo
2622 1560 2688 1614 ad
2716 1558 2983 1613 tantillum
3013 1550 3428 1608 homuncionem
3461 1546 3682 1615 dignata
3712 1551 3800 1596 esi

2198 1655 2478 1712 inclinare.
2531 1651 2641 1707 Ecc
2690 1652 2754 1704 ad
2800 1661 2989 1704 vocem
3029 1653 3268 1700 vestram
3317 1638 3624 1696 confortata
3667 1645 3801 1690 sunt

2197 1765 2318 1804 ossa
2345 1764 2484 1814 mea,
2515 1745 2816 1800 exhilarata
2840 1739 3135 1811 praecordia
3162 1750 3301 1800 mea,
3331 1733 3455 1805 quia
3486 1745 3619 1786 sane
3654 1744 3804 1782 nunc

2199 1841 2423 1913 cognovi
2458 1854 2543 1894 me
2571 1846 2804 1892 vestram
2853 1831 3080 1904 gloriam
3129 1845 3236 1884 non
3281 1825 3517 1882 inaniter
3555 1834 3805 1882 amasse,-

2201 1933 2419 2005 quando
2441 1948 2538 1987 vos
2569 1943 2745 1984 meam
2783 1924 3150 1982 humilitatem
3199 1936 3304 1974 non
3343 1913 3618 1984 dedignati
3664 1912 3806 1967 estis

2200 2025 2599 2098 recognovisse.
2616 2022 2879 2077 Etrevera
2904 2014 3174 2088 quantoin
3201 2028 3288 2067 me
3310 2010 3442 2066 nihil
3467 2013 3808 2078 promptum.

2205 2119 2339 2174 nihil
2367 2116 2650 2172 robustum
2675 2109 2983 2174 considero,
3008 2115 3162 2161 tanto
3186 2119 3314 2174 erga
3345 2115 3522 2156 meam
3551 2092 3806 2159 imbecil-s

2203 2211 2409 2266 litatem
2430 2216 2667 2263 vestram
2693 2201 3027 2274 diligentiam
3050 2195 3222 2267 pluris
3242 2194 3401 2249 duco.
3431 2187 3812 2258 Οιιίιιὶροιθιιιὶυ

2203 2305 2385 2373 itaque
2441 2301 2550 2354 Deo
2581 2296 2756 2353 laudis
2782 2293 3030 2363 hostiam
3063 2302 3274 2344 mecum
3327 2283 3572 2338 referunt
3609 2292 3809 2333 omnes

2205 2371 2371 2447 amici
2389 2388 2573 2452 vestri,
2603 2385 2696 2456 qui
2723 2381 2976 2440 saeculum
3009 2387 3252 2433 nostrum
3281 2371 3583 2444 presentia-
3608 2375 3814 2422 vestras

2206 2483 2409 2538 lumine
2453 2479 2769 2535 destitutum
2819 2472 3062 2528 feliciore
3106 2463 3464 2524 beatitudinis
3489 2468 3684 2516 vestra:
3716 2471 3809 2512 re-

2208 2574 2324 2630 ditu
2345 2568 2693 2627 exhilaravit.
2720 2563 2932 2635 Depulit
2957 2561 3126 2626 enim,
3159 2557 3393 2629 qualiter
3424 2553 3615 2615 voluit,
3646 2549 3808 2619 quid,

2206 2663 2335 2734 quid
2385 2658 2592 2731 requiei
2621 2654 2850 2727 placidae
2883 2649 3178 2707 voluntatis
3201 2655 3393 2702 vestrae
3419 2640 3810 2702 olmitebatur;

2212 2732 2431 2824 unoque
2459 2757 2768 2812 momento,
2805 2744 2947 2815 quod
2985 2742 3141 2798 nobis
3185 2737 3558 2808 longissimum
3585 2732 3813 2800 videbo:

2214 2855 2325 2911 tur,
2343 2822 2675 2899 _citissitnum
2705 2836 2860 2892 nobis
2883 2833 3075 2889 effectu
3104 2829 3344 2900 pleniore
3369 2823 3613 2896 perfecit.
3634 2822 3813 2876 ltlll'0°

2212 2939 2320 2993 itus
2339 2935 2484 2991 enim
2509 2940 2687 2987 vester
2707 2926 2964 3000 pacificus
2995 2925 3171 2985 factus
3201 2931 3282 2976 est
3307 2927 3360 2975 et
3382 2916 3536 2972 nobis
3555 2922 3612 2969 et
3631 2913 3817 2976 vobis,

2213 3031 2339 3102 quia
2369 3027 2495 3082 dum
2524 3031 2813 3096 protracta:
2834 3017 3067 3089 querelae
3095 3013 3382 3069 terminum
3404 3008 3680 3080 posuistis,
3707 3006 3815 3061 Eoo

2216 3121 2397 3177 clesiis
2441 3116 2702 3173 canonice
2740 3112 2976 3176 collatis,
3032 3123 3128 3163 vos
3175 3119 3390 3176 quoque
3437 3099 3813 3172 requievistis.

2218 3213 2401 3283 Itaque
2445 3207 2651 3279 requiei
2703 3213 2900 3260 vestrae
2947 3211 3001 3257 et
3039 3198 3314 3255 communi
3347 3197 3489 3252 bono
3519 3203 3817 3262 congratu-

2217 3306 2399 3362 lantur
2418 3316 2609 3359 omnes
2629 3298 2789 3354 amici
2825 3294 3018 3360 vestri,
3045 3301 3100 3346 et
3123 3306 3240 3354 vos,
3267 3289 3392 3358 quia
3424 3299 3653 3355 corpore
3682 3298 3823 3337 con-

2208 3397 2381 3470 juncti
2412 3410 2518 3450 non
2548 3398 2805 3464 possunt,
2835 3384 3226 3442 desideriorum
3267 3377 3541 3450 gressibus
3575 3375 3818 3430 invisere

2215 3506 2322 3546 non
2361 3487 2646 3543 desistunt.
2672 3483 2750 3537 lle
2777 3479 2978 3535 nostris
3001 3474 3338 3547 potissimum
3365 3468 3644 3524 monachis
3665 3467 3825 3530 dico,

2214 3595 2351 3651 quos
2372 3577 2524 3633 vobis
2547 3571 2766 3644 majoris
2793 3571 2919 3625 dote
2943 3564 3348 3626 familiaritatis,
3371 3571 3422 3614 et
3454 3558 3822 3615 subventione

2218 3645 2508 3746 transacta:
2554 3661 2898 3720 necessitatis
2951 3655 3242 3730 proclivius
3306 3650 3644 3706 devinxistis.
3704 3645 3820 3702 Sed

2219 3743 2474 3834 quoniam
2527 3758 2637 3812 mei
2681 3769 2848 3810 causa
2892 3750 3052 3820 coepi,
3085 3748 3151 3803 ad
3197 3761 3284 3800 me
3313 3744 3444 3799 mihi
3478 3740 3831 3797 redeundum

2219 3864 2321 3910 est.
2356 3849 2776 3924 Optatissimum
2821 3843 2958 3900 mihi
2982 3849 3151 3903 esset,
3203 3838 3248 3894 si
3297 3835 3411 3890 ﬁeri
3441 3842 3647 3906 posset,
3690 3841 3826 3910 ante

2222 3947 2388 4001 finem
2416 3957 2594 3998 meum
2624 3949 2806 3994 vestro
2839 3941 3129 4002 conspectu
3159 3927 3396 4000 perfrui,
3425 3936 3479 3980 et
3506 3938 3690 3978 coram
3725 3908 3826 4000 ι·οέ

2221 4039 2308 4096 bis
2335 4037 2402 4092 de
2430 4035 2564 4090 meis
2596 4028 2994 4088 calamitatibus
3020 4021 3302 4092 conqueri.
3330 4020 3420 4075 Pet
3438 4016 3650 4073 transiit
3670 4015 3824 4082 enim

2227 4138 2439 4196 tempus
2484 4137 2700 4186 meum,
2729 4129 2786 4174 et
2826 4117 3013 4172 nescio
3045 4115 3088 4168 si
3113 4128 3273 4182 quem
3313 4107 3668 4165 diuturnitate
3695 4105 3838 4158 vita:

2226 4218 2533 4289 collegerint
2576 4214 2833 4268 fructum.
2895 4209 3001 4264 Sed
3050 4205 3304 4277 quoniam
3360 4199 3619 4255 voluntati
3685 4211 3832 4252 metu

2226 4287 2477 4366 debilitas
2523 4304 2712 4359 senilis
2757 4299 3012 4364 obsistit,
3063 4312 3191 4352 ecce
3235 4295 3323 4348 hic
3366 4292 3454 4347 ubi
3496 4305 3614 4344 sum
3668 4287 3838 4342 vobis

2231 4398 2576 4471 Stlspll‘antlo,
2605 4392 2854 4448 miserias
2879 4400 2934 4445 et
2973 4388 3260 4458 languores
3291 4397 3484 4437 anima:
3512 4393 3650 4450 quos
3693 4391 3833 4432 cono

2232 4493 2372 4547 traxi
2400 4494 2751 4559 repratsento,
2777 4482 2832 4536 id
2869 4480 3233 4551 potissimum,
3268 4471 3545 4531 exorando
3571 4480 3661 4535 ut,
3683 4468 3836 4524 sicut

2233 4581 2484 4639 omnibus
2519 4577 2700 4634 omnia
2747 4574 2871 4630 facti
2901 4571 3067 4636 estis,
3111 4585 3178 4624 eo
3222 4581 3308 4621 me
3351 4563 3509 4620 modo
3556 4559 3839 4628 rescripto

2232 4665 2665 4728 mansuetudinis
2723 4671 2920 4717 vestra:
2975 4659 3270 4712 informare
3330 4650 3658 4723 dignemini,
3716 4662 3843 4717 quo-

2231 4770 2586 4837 przesentem,
2631 4757 2676 4812 si
2722 4757 2796 4809 ita
2835 4751 3180 4824 contigisset,
3227 4740 3666 4802 consolaremini.
3709 4737 3837 4793 Erit

2233 4856 2380 4914 enim
2421 4855 2523 4909 hoc
2554 4863 2807 4921 maguum
2834 4853 3188 4900 tutamentum
3231 4856 3364 4894 mea:
3397 4832 3747 4893 necessitatis
3778 4836 3837 4884 et

2235 4947 2628 5003 monimentum
2651 4949 2863 5011 gratum
2889 4943 3081 4990 vestrae
3109 4931 3413 4988 suavitatis.
3447 4928 3529 4983 Ad
3560 4927 3666 4982 hoc
3696 4935 3843 4977 sane

2237 5051 2358 5093 mea
2388 5036 2502 5090 bare
2543 5030 2711 5087 tendit
2762 5025 2959 5086 oratio,
3006 5032 3085 5090 ut,
3115 5021 3371 5093 quoniam
3397 5017 3548 5073 vobis
3592 5030 3660 5070 ex
3715 5020 3840 5066 toto

2231 5127 2383 5199 juxta
2416 5134 2600 5179 votum
2633 5119 2735 5174 frui
2764 5133 2869 5172 non
2899 5131 3148 5186 possunt,
3181 5111 3373 5167 saltem
3419 5107 3550 5164 mihi
3587 5104 3842 5174 aliquant

2236 5197 2402 5274 vestri
2450 5211 2852 5287 portiuncuL'tm
2900 5206 3231 5269 concedatis,
3263 5217 3370 5257 non
3407 5214 3513 5271 qua
3543 5197 3698 5252 fruar
3732 5206 3844 5265 pro

2237 5311 2413 5368 vobis.
2461 5286 2554 5364 Sed
2585 5306 2738 5374 cuius
2765 5309 3014 5375 respectu
3051 5297 3123 5330 “'
3153 5298 3203 5350 in
3244 5301 3421 5350 vestra
3460 5286 3844 5358 consolatione

2244 5404 2527 5474 respirem.
2555 5398 2669 5454 Non
2693 5397 2819 5469 quia
2843 5389 3153 5467 aegritudini
3173 5383 3632 5466 mcmsumeientia
3654 5381 3848 5456 desint

1873 5566 1952 5620 VA
1965 5562 2102 5620 ιιιΑῑ
2142 5559 2552 5620 LECTIONES.

559 5767 570 5780 ι
625 5732 692 5766 ⁸³⁷
719 5730 786 5784 Et
823 5729 890 5784 de
935 5730 1130 5783 vestris
1177 5745 1255 5782 ms
1297 5739 1350 5781 nt
1385 5728 1451 5782 de
1479 5725 1674 5781 vestris

556 5819 712 5867 stium
739 5812 796 5856 et
901 5801 972 5839 ⁶⁰⁰
1004 5801 1112 5854 Deo
1158 5802 1387 5867 gratiam
1445 5815 1520 5852 ms
1546 5798 1655 5849 ltro
1681 5809 1778 5867 per
1820 5794 2053 5867 gratiam

557 5865 630 5908 ⁸⁸
660 5872 951 5945 Respectui
983 5887 1061 5926 ms
1095 5865 1345 5942 respectu

1781 5723 1854 5757 ⁸³⁸
1877 5719 2011 5777 Cum
2044 5722 2224 5778 eodem
2270 5736 2349 5773 ms
2376 5716 2570 5772 collata

2165 5794 2231 5825 σοι
2263 5790 2334 5847 Ut
2366 5787 2539 5846 adhuc
2562 5802 2638 5842 ms
2671 5783 2844 5842 adhuc
2867 5789 2926 5839 ut

2651 5713 2748 5746 π’
2777 5708 3164 5768 Monasterinm
3207 5711 3265 5759 et
3312 5717 3392 5757 nu
3435 5694 3841 5755 lloaasteri-mn

3033 5780 3104 5812 ⁶⁰¹
3136 5774 3345 5832 Collata
3366 5787 3483 5827 cum
3525 5769 3702 5824 eodem
3761 5782 3846 5820 nu
