4064 6302
296 322 395 380 ΙΤῙ

1564 316 1696 371 LIB.
1738 314 1824 379 ll'l,
1848 312 2069 368 EPIST.
2095 300 2343 366 CXLVII.

294 442 551 496 alimenta
594 434 1017 506 Seripturarntn,
1063 433 1157 489 sed
1199 434 1322 504 quia
1373 446 1584 501 semper
1613 429 1781 485 satius
1807 435 1889 484 est
1923 411 1959 467 Α
1994 423 2113 494 plus
2142 422 2406 491 gaudere,
2448 432 2503 474 et
2534 417 2792 486 majorem
2838 424 3107 487 quantum
3154 424 3424 469 :estunare
3458 430 3583 469 cum

289 540 515 603 aegroto,
542 530 585 584 si
613 528 662 583 ei
701 527 843 598 quod
870 528 1143 583 desiderat
1175 527 1465 582 tribuatur.
1502 524 1568 577 Et
1617 537 1759 592 sat-pe
1802 531 1885 575 ta-

291 633 415 679 ctus
440 623 599 678 tutius
624 620 911 687 demulcet,
939 621 1026 675 cui
1057 619 1350 674 multorum
1391 616 1746 672 medicamina
1781 630 1884 668 non

292 718 581 771 inhaerent.
644 712 997 782 Omnipotens
1051 710 1193 766 Deus
1245 717 1482 765 mentem
1538 715 1778 762 vestram
1832 711 1887 758 et

284 808 561 880 linguam,
590 806 935 878 parvulorum
959 821 1180 861 suorum
1202 803 1564 861 consolationi
1594 801 1795 856 diutius
1817 800 1888 830 ⁸⁸⁵³

288 909 577 964 reservet,
627 906 682 953 et
725 897 951 968 placidae
988 906 1183 952 vestrae
1248 895 1511 950 voluntati
1552 893 1620 927 °°'
1659 901 1887 947 conatus

287 990 732 1046 adversariorum
764 989 1017 1060 potentiae
1054 1004 1166 1043 sua:
1194 987 1417 1043 dextera
1457 986 1770 1042 substeruat
1793 983 1882 1036 “'.

287 1082 490 1135 Amen.

730 1169 1067 1229 EPISTOLA
1111 1167 1320 1225 CXLVI
1355 1168 1444 1222 “'.

756 1283 979 1323 Αιιεειιιι
1000 1282 1067 1321 ΑΒ
1088 1278 1413 1322 ινλιτειιυιι.

508 1355 603 1411 Est
636 1359 941 1427 rescriptum
973 1360 1042 1412 ad
1072 1370 1192 1413 ante
1216 1360 1411 1428 positas
1434 1356 1657 1412 litteras.

363 1448 648 1504 Aasstuus
699 1449 1140 1519 archiepiscopus
1184 1450 1339 1504 fratri
1393 1457 1447 1506 et
1490 1448 1734 1503 dilectori
1786 1462 1887 1502 suo

287 1541 577 1598 Wancuo
618 1542 846 1598 salutem
894 1552 948 1598 et
992 1543 1423 1600 benedictionem
1471 1542 1587 1609 Dei,
1624 1551 1678 1597 et
1709 1556 1883 1607 suam,

287 1642 555 1701 quantum
584 1632 749 1691 valet,

357 1722 604 1789 Litteras
639 1724 904 1795 religiosae
944 1724 1247 1782 dulcedinis
1299 1735 1405 1781 tua:
1449 1726 1697 1797 suscepi,
1741 1725 1888 1782 velut

287 1815 471 1869 favum
502 1816 781 1887 pinguem,
806 1826 860 1871 et
882 1819 1270 1883 exundantem,
1294 1826 1349 1872 et
1373 1818 1661 1873 stillantem
1686 1818 1883 1874 densas

287 1914 345 1958 et
390 1920 587 1961 suaves
634 1915 817 1977 guttas
850 1906 1247 1977 inexplicabilis
1276 1923 1405 1976 erga
1440 1924 1526 1963 me
1555 1907 1880 1964 dilectionis.
1927 1912 1940 1927 '

289 1995 347 2069 lu
377 1995 578 2065 quibus
598 2004 789 2051 sancto
816 1996 1012 2053 referta
1045 1997 1258 2053 fervore
1287 1999 1467 2053 anima
1500 2009 1589 2054 tua
1617 1999 1885 2067 diligenda

288 2096 345 2141 et
390 2085 591 2141 dilecta
636 2101 832 2142 atumat
881 2103 1036 2153 meae,
1077 2096 1227 2144 tanto
1258 2103 1319 2144 se
1350 2089 1620 2160 signiﬁcat
1652 2089 1886 2159 ﬂagratc

290 2177 564 2234 desiderio
600 2177 771 2233 nostri
816 2177 1103 2248 colloquii;
1144 2187 1201 2234 et
1248 2179 1375 2248 quia
1430 2179 1532 2235 hoc
1579 2181 1696 2235 tieri
1726 2194 1887 2249 posse

288 2269 565 2338 desperat,
609 2268 800 2324 saltem
842 2286 940 2340 per
979 2271 1192 2327 litteras
1222 2281 1421 2327 nostra:
1466 2271 1806 2329 salutationis
1831 2280 1888 2329 et

289 2359 612 2414 aediﬁcantis
663 2359 1079 2427 admonitionis;
1132 2372 1191 2416 ut
1247 2362 1425 2417 anima
1490 2377 1609 2416 mea
1654 2363 1885 2417 miretur

295 2452 435 2506 unde
467 2462 557 2505 tua
584 2465 708 2521 erga
743 2467 829 2507 me
860 2455 1109 2523 concepit
1142 2462 1351 2508 tantttm
1382 2453 1884 2520 atfectumamoris,

292 2542 397 2595 tisi
423 2543 552 2612 quia
587 2542 823 2613 Spiritus
848 2544 938 2598 ubi
958 2545 1065 2599 vult
1090 2547 1277 2616 spirat,
1300 2558 1536 2602 etuoccm
1567 2548 1678 2618 ejus
1706 2548 1884 2613 audis;

290 2639 340 2693 ιι
383 2634 557 2687 nescis
607 2634 746 2688 unde
790 2635 959 2689 veniat
1010 2646 1100 2689 aut
1150 2654 1253 2706 quo
1279 2638 1434 2691 vadat
1477 2638 1658 2709 (Joan.
1689 2655 1770 2704 ιιι,
1804 2638 1882 2710 8).

292 2714 503 2792 Quippe
540 2740 657 2777 mea
691 2723 880 2779 merita
909 2725 1010 2780 hoc
1035 2726 1324 2794 impetrare
1347 2728 1486 2797 apud
1519 2729 1762 2784 homines
1793 2746 1884 2784 ne-

286 2824 517 2885 queunt,
547 2825 605 2871 ut
639 2816 717 2872 sic
748 2818 941 2889 diligar
971 2819 1037 2873 ab
1072 2818 1324 2887 homine;
1360 2822 1454 2877 sed
1487 2812 1724 2893 Spiritus
1761 2838 1886 2878 sane

284 2916 432 2973 ctus,
484 2922 583 2975 per
621 2924 784 2978 quem
818 2909 1057 2964 cltaritas
1090 2910 1141 2964 in
1170 2910 1425 2967 cordibus
1465 2927 1745 2967 servorum
1788 2913 1883 2969 Dei

232 3074 237 3075 γ
290 2998 632 3061 diﬂ'unditur,
657 3001 773 3068 ipse
795 3002 1032 3055 animam
1068 3011 1211 3057 tuam
1242 3003 1334 3057 tali
1366 3020 1429 3060 ac
1454 3013 1601 3060 tanto
1625 3005 1882 3061 fecunda-

287 3093 364 3145 vit
403 3092 624 3147 alfectu.
663 3093 831 3161 Cujus
861 3108 1052 3148 vocem
1094 3094 1147 3149 in
1191 3094 1390 3151 litteris
1431 3097 1538 3151 tuis
1578 3098 1757 3163 audio,
1787 3099 1881 3154 sed

291 3184 432 3238 unde
462 3184 568 3239 hoc
602 3185 830 3255 inspiret
864 3186 1064 3250 nescio,
1095 3187 1219 3256 quia
1243 3205 1339 3242 cur
1369 3189 1470 3244 hoc
1501 3189 1663 3245 faciat
1703 3192 1754 3245 in
1796 3207 1881 3247 ne

288 3290 392 3330 non
429 3277 669 3339 invenio.
700 3276 871 3344 Quem
901 3293 1029 3349 rogo
1059 3286 1117 3333 ut
1148 3295 1420 3349 nunquam
1450 3296 1479 3334 a
1510 3290 1560 3336 te
1582 3283 1762 3346 vadat,
1788 3285 1882 3337 sed

284 3381 507 3436 semper
537 3367 589 3420 in
626 3375 677 3423 te
710 3375 949 3433 maneat,
980 3377 1035 3423 et
1070 3377 1241 3423 totum
1270 3369 1518 3440 spiritum
1553 3372 1880 3428 tuum'inde-

285 3458 535 3513 sitienter
558 3473 744 3513 amore
776 3458 867 3513 Dei
897 3468 947 3513 et
966 3459 1201 3531 proximi
1227 3461 1440 3517 fervere
1463 3463 1643 3518 faciat.
1666 3463 1884 3520 Gratias

288 3566 390 3620 ago
422 3551 535 3605 Deo
560 3551 650 3621 qui
686 3551 821 3606 mihi
852 3560 909 3609 ut
940 3552 1016 3613 ita
1059 3567 1090 3606 τι
1137 3560 1188 3608 te
1228 3553 1419 3624 diligar
1446 3555 1617 3621 dedit,
1648 3557 1742 3612 sed
1789 3557 1881 3613 tibi

287 3640 460 3706 multo
484 3641 659 3710 majus
680 3642 883 3698 donum
917 3642 1107 3698 tribuit
1133 3660 1255 3699 cum
1280 3661 1374 3700 cor
1406 3655 1555 3700 tuum
1587 3648 1667 3702 sic
1694 3663 1883 3703 amore

240 3733 525 3805 .proximi
582 3734 846 3804 implevit.
894 3733 1066 3791 Valde
1117 3751 1351 3807 namque
1394 3746 1477 3792 est
1513 3740 1721 3809 gratius
1772 3740 1883 3796 Deo

284 3823 516 3894 diligere
544 3827 852 3897 proximum
884 3842 1044 3897 quam
1076 3829 1225 3899 diligi
1276 3845 1305 3883 a
1352 3830 1620 3901 proximo.
1656 3833 1884 3904 Semper

288 3931 417 3987 ergo
448 3916 571 3987 plus
600 3918 860 3973 debemus
908 3918 1127 3975 studere
1170 3936 1355 3977 amare
1389 3938 1549 3993 quam
1597 3926 1796 3991 amari;
1828 3936 1882 3981 et

1990 530 2261 579 amamus,
2296 529 2457 584 quam
2489 528 2610 566 eum
2648 526 2915 565 amamur.
2962 514 3141 579 Atque
3182 507 3353 579 magis
3394 506 3585 562 tluleu-

1989 610 2116 663 dum
2152 608 2308 662 nobis
2331 614 2441 672 est,
2482 616 2537 661 et
2572 602 2743 673 majus
2768 605 3023 659 damnum
3062 602 3426 665 credendum,
3458 615 3584 655 cum

1988 700 2264 769 perdimus
2319 711 2562 753 amorem
2623 712 2731 765 quo
2774 712 3021 751 amamus
3076 694 3177 760 ⁸⁸⁸,
3238 708 3403 763 quam
3459 707 3583 747 cum

1988 792 2289 846 amittimus
2330 790 2477 844 illum
2526 804 2555 843 a
2598 803 2707 859 quo
2734 802 3011 853 amamur;
3040 786 3243 841 amanti
3266 784 3410 840 enim
3445 797 3586 853 prae—

1988 883 2154 937 mium
2183 881 2440 945 debetur,
2475 896 2581 935 non
2610 887 2816 934 amato.
2858 879 3058 944 Deum,
3085 893 3185 948 pro
3214 875 3367 944 cujus
3399 888 3587 929 amore

1987 992 2075 1031 me
2104 975 2305 1047 diligis,
2340 990 2437 1031 oro
2465 983 2524 1029 ιιι
2552 974 2668 1045 ipse
2715 982 2766 1028 te
2802 972 3022 1043 diligat,
3072 971 3190 1040 ipse
3229 980 3280 1025 te
3328 968 3397 1024 ad
3446 968 3586 1023 bene

1986 1071 2301 1136 vivendum,
2334 1070 2478 1141 quod
2528 1084 2557 1123 a
2613 1083 2700 1123 me
2754 1067 2920 1137 petis,
2970 1066 3230 1129 instruat;
3270 1064 3385 1134 ipse
3422 1073 3476 1117 te
3516 1062 3585 1115 ab

1984 1163 2238 1219 omnibus
2254 1160 2496 1231 peccatis
2526 1157 2791 1225 absolvat,
2827 1165 2882 1213 et
2909 1156 3026 1227 ipse
3051 1163 3105 1209 te
3127 1154 3195 1209 ad
3225 1153 3391 1208 vitam
3417 1159 3584 1207 ωιοιο

1989 1270 2110 1309 nam
2138 1254 2422 1325 perducat.
2450 1252 2643 1307 Amen.

2326 1344 2501 1417 419.
2517 1341 2849 1399 EPISTOLA
2885 1340 3116 1396 CXLVII
3144 1341 3234 1393 ‘°’.

2125 1437 2392 1494 Διςεδιῑωιι
2418 1454 2482 1491 AD
2508 1451 2926 1494 ιιυιιιιιιωοιιωι
2951 1448 3218 1490 ΒΙΒΕΠΝ1.Ε
3242 1445 3437 1487 REGE“.

1993 1530 2166 1585 Etiam
2198 1544 2350 1599 atque
2370 1532 2527 1584 etiam
2553 1538 2698 1598 regat
2724 1528 3046 1591 ntedcri,aut
3063 1541 3250 1599 curare
3273 1521 3583 1599 medendum

2058 1592 2416 1671 pestilentibus
2441 1602 2523 1673 sui
2561 1592 2708 1663 trioni
2765 1599 3018 1673 moribus.
3077 1596 3159 1650 Ne
3215 1594 3441 1663 amplius
3486 1592 3584 1673 viri

2059 1670 2247 1731 uxores
2278 1690 2401 1725 suas
2430 1672 2655 1723 aliorum
2692 1670 2946 1722 uxoribus
2976 1675 3293 1722 commutent
3313 1706 3327 1723 .
3362 1673 3408 1718 et
3469 1670 3586 1729 epi—

2058 1760 2243 1811 scapus
2260 1760 2364 1796 non
2395 1743 2493 1795 nisi
2523 1741 2575 1795 in
2608 1756 2712 1793 uno
2742 1738 3024 1811 certoiloco
3050 1736 3405 1791 constituatur
3426 1773 3439 1797 ,
3485 1749 3577 1786 nec

2059 1809 2160 1867 nisi
2186 1830 2217 1865 a
2243 1812 2481 1882 piuribus
2502 1811 2758 1880 episcopis
2786 1809 3081 1862 ordinetur.

2059 1903 2477 1967 Munuuuacuo,
2512 1900 2746 1970 glorioso
2783 1898 2893 1969 regi
2940 1896 3234 1961 Hiberniae,
3296 1896 3585 1949 Axsscttus

1986 1994 2449 2064 archiepiscopus,
2474 2005 2666 2046 servus
2690 1988 2946 2045 Ecclesiae
2971 1985 3404 2050 Cautuariensis,
3428 1983 3585 2039 tidels

1985 2100 2108 2139 cum
2139 2082 2477 2137 orationibus
2516 2078 2871 2151 obsequium,
2918 2086 2973 2132 et
3017 2092 3117 2148 per
3151 2089 3377 2147 regnum
3409 2085 3582 2129 terre—

1987 2189 2114 2230 num
2142 2174 2338 2229 mereri
2372 2173 2619 2227 caeleste.
3284 2218 3287 2221 .

2057 2266 2327 2333 Quoniam
2364 2264 2531 2319 multa
2568 2264 2635 2319 de
2658 2270 2841 2318 vestra
2871 2258 3189 2315 excellentia
3222 2256 3589 2328 praedicantur

1988 2374 2107 2428 quae
2136 2358 2336 2430 regiam
2361 2358 2555 2411 decent
2584 2355 2929 2424 dignitatem,
2958 2350 3117 2406 valde
3146 2349 3475 2421 gaudemus;
3528 2360 3586 2401 et

1993 2452 2125 2517 Deo,
2164 2466 2191 2505 a
2226 2466 2331 2520 quo
2353 2458 2438 2505 est
2470 2463 2630 2503 omne
2660 2447 2883 2512 bonum,
2907 2444 3130 2500 devotas
3152 2441 3348 2496 exinde
3378 2438 3585 2510 gratias

1986 2543 2217 2613 agimus.
2254 2541 2592 2597 Confidimus
2640 2548 2822 2593 autem
2859 2538 2987 2607 quia
3020 2535 3111 2605 qui
3152 2533 3303 2587 vobis
3353 2530 3585 2586 contulit

1987 2636 2215 2708 gratiam
2245 2649 2394 2689 suam
2422 2634 2477 2687 in
2507 2632 2773 2688 faciendis
2801 2629 2957 2683 bonis
2976 2643 3096 2699 qum
3124 2625 3306 2681 facitis
3332 2624 3426 2689 ⁸³⁸,
3454 2639 3586 2677 con~

1988 2728 2127 2783 feret
2172 2742 2386 2798 quoque
2413 2725 2659 2781 allectum
2694 2722 3010 2795 perﬁciendi
3050 2735 3112 2775 ea
3141 2734 3264 2790 quae
3291 2732 3457 2788 super
3492 2716 3587 2771 illa

1988 2834 2108 2891 qua:
2137 2818 2314 2873 facitis
2343 2835 2465 2873 eum
2499 2816 2635 2872 velle
2661 2814 3011 2885 cognoscitis.
3051 2812 3429 2882 Quapropter,
3471 2808 3585 2880 glo-

1987 2912 2130 2967 riose
2156 2910 2227 2964 illi
2263 2918 2313 2965 et
2344 2910 2396 2964 in
2426 2909 2534 2963 Deo
2565 2906 2907 2969 charissime,
2937 2919 3133 2975 precor
3159 2912 3219 2958 ιιι
3266 2918 3331 2957 ea
3379 2916 3499 2972 qua:
3529 2900 3586 2955 in

1989 3015 2157 3072 regno
2220 3008 2401 3054 vestro
2460 2997 2759 3054 secundum
2825 2996 3193 3051 Christianam
3264 2992 3584 3063 religionem

1912 3131 1955 3191 ε
1989 3098 2324 3153 emendanda
2354 3095 2739 3167 cogitaveritis,
2769 3093 2914 3148 omni
2949 3092 3209 3147 instantia
3238 3098 3293 3145 et
3327 3088 3585 3144 sollicitu-

1990 3191 2115 3245 dine
2145 3190 2463 3246 etnendetis.
2502 3187 2583 3242 Ad
2614 3187 2717 3242 hoc
2748 3185 2890 3242 enim
2941 3184 3086 3239 Deus
3123 3183 3175 3237 in
3209 3182 3373 3253 regali
3418 3179 3585 3235 subli-

1991 3282 2178 3335 mitate
2217 3295 2314 3333 vos
2356 3277 2638 3335 constituit
2689 3286 2746 3330 ttt
2795 3276 2948 3344 virga
3002 3274 3277 3344 tequitatis
3337 3272 3587 3327 subditos

1992 3373 2215 3443 populos
2240 3371 2568 3441 gubernetis.
2596 3379 2648 3425 et
2676 3367 2937 3439 quidquid
2962 3368 3013 3421 in
3043 3364 3364 3434 eisjustitim
3391 3366 3583 3418 adver-

1993 3474 2170 3531 satur,
2204 3465 2390 3519 eadem
2424 3462 2573 3533 virga
2608 3460 2923 3532 percutiatis
2950 3468 3002 3515 et
3024 3458 3339 3513 atnoveatis.
3371 3458 3434 3512 Et
3463 3458 3585 3527 qui-

1993 3564 2112 3618 dem
2152 3563 2406 3633 quiddam
2439 3562 2636 3618 dicitur
2667 3559 2782 3615 fieri
2814 3560 2866 3613 in
2892 3557 3011 3628 ipso
3063 3555 3247 3628 tepulo
3282 3569 3443 3626 quem
3498 3566 3586 3608 re-

1986 3655 2219 3726 gendum
2248 3654 2587 3725 suscepistis,
2640 3652 2784 3723 quod
2817 3664 3147 3721 magquere
3199 3645 3581 3718 corrigendum

1985 3757 2089 3812 est,
2126 3748 2250 3816 quia
2274 3747 2595 3803 Cltristianze
2625 3744 2871 3815 religioni
2894 3742 3221 3799 omnimodis
3244 3739 3582 3795 contrarium

1984 3850 2088 3893 est.
2126 3839 2335 3893 Dicitur
2358 3840 2503 3894 enim
2529 3838 2672 3908 quod
2698 3836 2799 3892 viri
2828 3836 2899 3891 ita
2935 3834 3103 3890 libere
3130 3846 3183 3889 et
3216 3832 3430 3904 publice
3449 3844 3583 3885 uxo-

1988 3948 2074 3986 res
2116 3947 2245 3988 suas
2304 3931 2566 3987 uxoribus
2623 3928 2853 3984 aliorum
2902 3934 3242 3981 commutant
3276 3922 3409 3994 (δι),
3442 3921 3583 3977 sicut

1609 4059 1843 4117 VAlil/E
1877 4063 2279 4121 LECTIONES.

363 4193 430 4225 ⁸⁸³
463 4192 848 4249 Consolatione
897 4194 1100 4249 diutius
1150 4210 1228 4249 ms
1266 4194 1619 4249 consolationi
1669 4192 1869 4253 diutius

293 4264 725 4318 mSubsternet.
750 4281 828 4318 ms
872 4266 1201 4320 substet-nat.
1240 4265 1432 4319 Amen.
1545 4266 1613 4296 ⁶⁰⁷
1646 4266 1853 4322 Collala
1889 4286 2005 4323 cum
2033 4273 2209 4326 eodeni
2253 4288 2329 4325 ms

1262 4336 1332 4367 ⁶⁰⁰
1365 4333 1495 4389 Cum
1523 4339 1700 4390 eodem
1730 4353 1811 4391 ms.
1863 4340 2055 4395 collata

282 4333 469 4390 dimus
497 4349 739 4390 amorem
773 4349 882 4405 quo
909 4350 1153 4390 amamus

1979 4201 2048 4233 ⁶¹³³
2093 4201 2326 4257 Ριιιοίιιω
2375 4200 2637 4255 voluntati
2681 4218 2757 4256 ms
2807 4200 3028 4271 placida:
3079 4207 3271 4254 vestra'
3317 4196 3577 4252 voluntati

1979 4273 2209 4323 neodem
2253 4288 2329 4323 ms
2442 4271 2511 4301 ⁶⁰⁸
2556 4269 2837 4323 Perdimus
2860 4286 3019 4323 ouem
3051 4284 3298 4323 amamus
3325 4286 3402 4323 ms
3455 4284 3577 4323 uer-

2599 4284 2837 4325 Cl‘dlmUS
2860 4286 3019 4325 ﬂllClll
3051 4284 3298 4325 amamus
3325 4286 3402 4324 ms
3455 4284 3577 4325 [ιον-

2184 4288 2209 4324 u
2253 4288 2329 4325 ms
2442 4285 2511 4301 ον’
2556 4285 2837 4325 ιόιιιιιιιιιε
2860 4286 3019 4341 quem
3051 4285 3298 4325 amamus
3325 4286 3402 4324 ms
3455 4285 3486 4340 p

2184 4342 2255 4373 ⁵³⁸
2285 4342 2415 4408 Quae
2444 4340 2648 4396 fecistis
2673 4359 2749 4397 ms
2777 4357 2896 4413 qua:
2929 4341 3107 4397 facitis

1496 4423 1785 4480 IUANNIS
1822 4427 2099 4485 l’lCAllDl
2135 4430 2369 4485 NOTAE.

283 4566 285 4568 ·
354 4542 719 4625 (34)“Dicitur
742 4541 883 4625 quod
910 4538 1006 4596 viri
1038 4541 1110 4625 ita
1142 4542 1302 4625 licere
1334 4550 1387 4625 ﬁt
1412 4538 1635 4625 ⁸ριιιιίὶίςει
1683 4556 1872 4596 uxores
1910 4527 1954 4581 Β
1984 4544 2196 4625 sarculo
2219 4541 2576 4625 correctionis
2607 4543 2824 4625 penitus
2851 4542 3156 4625 exstirpare
3179 4540 3573 4625 nundill‘erasti

277 4609 408 4677 pnas
430 4609 659 4665 aliorum
686 4609 936 4665 uxoribus
964 4616 1304 4665 commutant.
1333 4610 1502 4679 Epist.
1534 4609 1656 4672 141,
1686 4626 1869 4679 supra,

287 4683 428 4753 idem
466 4691 886 4753 prmtnonuerat.
920 4682 1012 4736 sed
1031 4681 1192 4753 quia,
1237 4690 1294 4735 ιιι
1333 4681 1536 4753 liquet,
1570 4679 1871 4753 neglectum

274 4750 488 4816 fuerat,
517 4767 706 4806 rursus
733 4753 983 4806 inculcat.
1017 4751 1160 4805 Sane
1188 4761 1313 4805 ante
1332 4750 1642 4820 Anselinum
1669 4750 1875 4820 Grego-

286 4824 400 4877 rius
422 4837 562 4893 papa
599 4822 684 4876 Vll
713 4821 913 4890 aliquid
946 4821 1121 4876 simile
1153 4822 1424 4893 audierat,
1447 4821 1585 4874 unde
1608 4818 1873 4893 Lanfrau-

280 4908 405 4947 cum
423 4888 530 4959 per
556 4892 765 4947 litteras
786 4888 1036 4961 (quarum
1064 4888 1319 4957 majorem
1345 4899 1558 4959 partem
1588 4891 1873 4946 retulimus

283 4963 337 5017 in
365 4962 584 5032 epistol.
618 4962 707 5024 5|,
737 4960 826 5017 lib.
859 4960 1162 5032 ttjimonuit
1187 4961 1428 5029 serpenti
1462 4962 1651 5014 inorbo
1676 4976 1873 5016 occur-

282 5031 412 5087 rere
458 5032 546 5086 his
577 5033 800 5087 verbis:
838 5049 857 5082 ι
903 5031 1073 5085 Tuam
1115 5047 1245 5085 vero
1293 5032 1714 5089 fraternitatem.
1769 5032 1871 5086 etsi

274 5103 561 5159 monitore
590 5117 695 5156 non
722 5111 898 5172 egeat,
929 5101 1238 5170 impellente
1267 5110 1446 5155 tamen
1477 5115 1575 5155 nos
1612 5099 1874 5157 sollicitu-

282 5173 411 5227 dine
448 5173 832 5235 admouemus,
871 5180 1139 5239 quatenus
1181 5172 1432 5242 graviora
1482 5186 1872 5241 usquequaque

280 5243 416 5297 vitia
445 5257 697 5297 resecare
721 5242 955 5305 studeat,
987 5249 1043 5295 et
1070 5242 1211 5296 inter
1233 5242 1437 5307 omnia,
1470 5250 1527 5296 et
1559 5256 1668 5310 prae
1697 5243 1872 5296 omni-

278 5312 421 5383 bus,
442 5312 596 5366 nefas
622 5312 764 5380 quod
785 5312 854 5366 de
878 5312 1061 5383 Sectis
1092 5312 1423 5383 audivimus,
1452 5313 1596 5380 quod
1628 5312 1872 5383 plerique

280 5382 541 5438 videlicet
564 5396 765 5437 uxores
795 5398 901 5437 non
919 5381 1093 5435 solum
1117 5382 1396 5445 deserunt,
1426 5384 1519 5437 sed
1549 5382 1712 5435 etiam
1736 5381 1868 5437 ven-

282 5452 442 5518 dunt,
487 5453 666 5506 modis
690 5452 941 5507 omnibus
979 5451 1267 5520 prohibere
1303 5454 1616 5507 contendat.
1641 5452 1721 5505 Ad
1756 5452 1873 5506 haec

283 5524 429 5576 enim
464 5521 764 5592 apostolica
796 5533 845 5592 te
871 5524 1196 5578 auctoritate
1226 5522 1417 5576 fultum
1450 5538 1571 5592 esse
1601 5522 1870 5592 volumus,

286 5603 346 5649 In
369 5608 478 5646 non
499 5590 676 5648 solum
700 5593 752 5648 in
790 5591 987 5657 Scotis,
1008 5593 1104 5649 sed
1138 5594 1303 5648 etiam
1331 5592 1383 5646 in
1409 5592 1528 5646 aliis
1556 5590 1621 5660 (θί
1652 5607 1789 5659 quos
1817 5593 1870 5647 itt

285 5662 587 5734 Anglorum
628 5662 814 5734 insula
846 5663 983 5718 tales
1025 5678 1146 5720 esse
1186 5662 1714 5734 cegttoverisjdura
1748 5663 1873 5734 anif

287 5730 665 5790 Inadversione
694 5732 903 5803 punias,
930 5742 983 5790 et
1019 5730 1280 5790 radicemv
1299 5732 1429 5793 tanti
1472 5730 1594 5787 ntali
1620 5733 1868 5802 prudenti

1984 4615 2075 4667 Sic
2097 4614 2392 4684 Gregorius
2422 4613 2488 4667 ad
2528 4612 2912 4685 Lattfraneum,
2933 4612 3277 4685 quimoztitis
3306 4614 3582 4685 pontiﬁcis

1962 4683 2459 4739 continuentorem
2479 4686 2666 4752 gessit.
2688 4684 2819 4739 Nam
2842 4683 2962 4755 post
2982 4684 3346 4755 Gregorianas
3370 4683 3582 4755 litteras

1983 4756 2561 4825 sequunturproxitne
2593 4755 2712 4810 alia!
2757 4752 2997 4825 ejusdem
3034 4752 3349 4816 Lnnfranci,
3378 4754 3444 4806 ad
3468 4752 3579 4825 Gen

1986 4825 2220 4879 thricum
2279 4823 2548 4879 liibernite
2604 4823 2829 4893 regem,
2895 4825 2986 4880 tthi
3044 4833 3167 4893 post
3212 4833 3481 4890 captatam
3522 4824 3575 4877 iit

1985 4894 2169 4949 limine
2197 4893 2646 4961 benevolentiam,
2671 4893 2787 4952 luce
2820 4899 3031 4951 insunt:
3061 4913 3079 4945 ι
3116 4894 3170 4946 ln
3203 4908 3368 4959 regno
3397 4903 3577 4947 vestro

1984 4964 2340 5034 perhibentur
2379 4967 2645 5029 homines,
2679 4982 2773 5020 seu
2821 4968 2886 5020 de
2928 4964 3143 5034 propria
3166 5003 3180 5028 ,
3212 4979 3306 5017 seu
3334 4963 3400 5017 dc
3426 4979 3574 5034 mor-

1987 5032 2209 5104 tuarum
2261 5051 2492 5089 uxorum
2553 5034 2829 5104 parentela
2880 5032 3136 5103 cetijttges
3175 5035 3397 5088 dueere.
3445 5032 3574 5097 Alii,

1984 5103 2224 5169 legitime
2282 5105 2383 5160 sibi
2442 5103 2721 5174 copulatas
2770 5120 2867 5173 pro
2920 5104 3150 5160 arbitrio
3197 5114 3251 5158 et
3299 5105 3576 5160 voluntate

1984 5176 2334 5245 relinquere;
2380 5173 2618 5229 nonnulli
2657 5188 2782 5245 suas
2814 5173 3125 5245 aliisudare,
3152 5183 3206 5228 et
3234 5175 3463 5229 aliorum
3494 5176 3573 5230 itt-

1983 5243 2599 5300 fanda‘commutatione
2646 5244 2909 5312 recipere.
2945 5243 3067 5298 Ηωο
3094 5284 3108 5309 ,
3140 5255 3195 5298 et
3238 5248 3280 5298 si
3312 5261 3420 5314 qua
3448 5258 3575 5301 sunt

1981 5316 2085 5369 alia
2121 5314 2374 5378 crimina,
2415 5322 2636 5382 propter
2666 5314 2835 5368 Deum
2886 5324 2941 5369 et
2981 5314 3219 5370 animam
3253 5332 3486 5371 vesuam
3518 5318 3571 5371 iu

1983 5395 2125 5439 terra
2174 5384 2458 5457 potestatis
2504 5393 2697 5457 vestra:
2730 5385 2925 5457 corrigi
2955 5384 3165 5457 jubere,
3203 5386 3443 5457 talesque
3477 5402 3574 5442 vos

1981 5472 2103 5512 cum
2142 5455 2325 5508 divino
2373 5454 2642 5523 adjutorio
2689 5454 2888 5510 vestris
2922 5455 3155 5510 subditis
3186 5454 3470 5521 exhibere,
3514 5467 3575 5512 ut

1979 5540 2035 5579 et
2063 5536 2334 5580 amatores
2360 5524 2482 5579 boni
2515 5523 2653 5578 bona
2685 5525 2918 5595 amplius
2968 5524 3228 5595 diligant,
3272 5536 3324 5578 et
3361 5529 3569 5595 appeti-

1982 5606 2127 5650 tores
2182 5595 2307 5649 ntali
2361 5611 2554 5663 pravas
2607 5594 2852 5663 actiones
2910 5609 3254 5663 nequaquam
3314 5594 3571 5649 exercere

1980 5673 2331 5736 pricsutnant.
2364 5662 2388 5736 1)
2418 5664 2491 5718 Ita
2532 5662 2868 5719 Latifrancus
2915 5662 3330 5720 couttttcintterat
3365 5680 3566 5736 regem.

1988 5732 2182 5799 Verum
2237 5732 2418 5794 nescio
2464 5752 2530 5794 an
2572 5736 2738 5795 surda
2790 5752 2920 5793 aure
2962 5736 3150 5793 isthase
3179 5734 3564 5808 ptuetetiisset,

3485 300 3585 359 178
3678 312 3683 317 ’
