3946 6306
524 264 628 322 483

1058 267 1116 325 S.
1154 270 1453 326 ANSELMI
1481 274 1832 331 CANTUAR.
1875 278 2194 335 ARlllliEP.
2229 282 2378 337 OPP.
2410 282 2586 338 PARS
2615 283 2699 337 Ill.
2730 315 2800 325 —-
2841 284 3220 345 ΕΡΙΞΤΟΜΕ.

3698 292 3798 349 σει

525 377 824 447 et'rogavit
852 394 938 434 me
972 393 1035 445 ex
1077 390 1254 437 vestra
1285 394 1438 453 parte
1490 394 1548 439 ut
1576 386 1728 443 vobis
1769 390 2107 446 consulerem
2139 400 2181 455 Α
2216 394 2332 448 tati.
2361 395 2505 451 Inter
2530 395 2817 453 sazcnlares
2852 397 3100 473 homines
3127 410 3212 459 est
3241 403 3515 458 contentio
3565 404 3647 459 de
3674 421 3798 475 pro-

523 470 760 541 qualiter
785 471 973 537 vivere
997 473 1283 530 deberetis.
1316 473 1423 530 Sed
1467 492 1593 532 cum
1640 480 1911 537 audissem
1941 484 2106 539 vitam

523 572 783 630 vestram,
802 581 908 620 non
934 567 1080 636 potui
1104 569 1341 637 cogitare
1360 569 1489 637 quid
1508 571 1659 627 vobis
1680 588 1896 642 possem
1911 576 2109 633 addere

522 661 575 710 in
605 658 847 726 psalmis,
883 659 935 713 in
965 659 1302 715 orationibus
1327 701 1343 725 ,
1392 660 1446 713 iu
1500 663 1864 730 abstinentiis,
1892 668 1944 721 in
1976 668 2109 731 afllie

519 746 698 801 ctione
736 749 1001 817 corporis,
1033 749 1172 804 ultra
1216 751 1321 805 hoc
1369 751 1510 821 quod
1540 768 1635 808 vos
1670 769 1765 822 per
1791 757 1960 825 gratia
2006 758 2106 817 Dei

520 837 824 908 incoepistis
852 849 907 894 et
941 840 1143 897 facilis.
1181 840 1291 897 lloc
1318 842 1500 912 itaque
1532 845 1673 912 quod
1708 844 1905 911 facitis,
1938 864 2108 917 quan-

516 931 607 985 diu
659 947 783 988 cum
815 931 993 987 salute
1023 935 1269 1003 corporis
1312 936 1479 991 vestri
1515 934 1698 991 facere
1724 941 1978 1007 potestis,
2022 950 2106 996 te-

514 1032 659 1089 nete.
686 1022 744 1078 Si
768 1033 950 1078 autem
979 1024 1259 1079 senseritis
1279 1026 1423 1093 quod
1448 1026 1500 1079 in
1538 1026 1915 1093 aegritudinem
1953 1032 2105 1086 vobis

512 1122 779 1183 vertatur,
811 1124 939 1169 tunc
963 1115 1183 1170 consulo
1210 1123 1267 1170 ιιι
1297 1116 1440 1172 sicut
1462 1118 1718 1187 expedire
1740 1123 2101 1189 cognoscetis,

513 1221 608 1260 vos
644 1206 973 1275 temperetis.
1007 1206 1196 1262 Melius
1224 1216 1308 1263 est
1346 1209 1489 1264 enim
1527 1219 1582 1263 ut
1621 1225 1741 1265 cum
1781 1212 1952 1269 salute
1980 1231 2103 1269 cor~

514 1296 663 1369 poris
686 1296 811 1352 lteto
838 1297 1019 1353 animo
1048 1298 1250 1368 aliquid
1281 1296 1513 1369 faciatis,
1556 1315 1716 1368 quam
1746 1316 1846 1370 per
1881 1304 2101 1374 aegritu-

513 1392 695 1459 dinem
719 1393 787 1448 ah
815 1393 899 1447 his
929 1408 1049 1462 quae
1078 1410 1199 1448 cum
1226 1394 1410 1449 laetitia
1435 1393 1777 1456 benefacitis,
1800 1410 1900 1464 pro
1930 1397 2100 1451 nihilo

512 1483 727 1541 ducatis
748 1524 762 1549 ,
790 1499 967 1554 neque
990 1484 1126 1541 alios
1150 1488 1239 1556 qui
1276 1487 1375 1542 hoc
1404 1502 1507 1541 non
1546 1487 1774 1554 faciunt,
1806 1487 1915 1542 ullo
1939 1492 2100 1548 modo

512 1576 897 1640 contemnatis,
929 1585 1022 1632 aut
1048 1593 1142 1634 eos
1158 1593 1277 1634 esse
1300 1580 1524 1635 minoris
1554 1580 1733 1634 meriti
1762 1582 1903 1649 apud
1928 1583 2097 1638 Deum

510 1678 805 1734 quamvos
836 1668 1173 1724 existimetis.
1218 1670 1426 1732 Bonum
1456 1671 1603 1725 enim
1649 1682 1730 1726 est
1776 1672 2094 1727 exercitium

509 1759 773 1829 corporis,
804 1761 894 1814 sed
944 1762 1112 1816 multo
1151 1765 1322 1834 magis
1364 1771 1516 1818 amat
1550 1762 1693 1818 Deus
1737 1781 1835 1820 cor
1876 1765 2092 1835 plenum
2126 1750 2172 1810 Β

506 1849 735 1916 pietate,
772 1848 1102 1917 dilectione,
1155 1852 1461 1907 humilitate
1504 1865 1560 1907 et
1604 1853 1874 1909 desiderio
1907 1870 2095 1925 perve-

507 1936 686 1991 niendi
718 1937 807 1993 ubi
834 1939 1005 2007 possit
1030 1948 1086 1993 et
1111 1940 1410 1996 delectetur
1448 1942 1618 2011 ipsum
1674 1942 1841 1998 Deum
1888 1944 2092 2002 videre.

504 2026 860 2098 Omnipotens
887 2030 1028 2088 Deus
1054 2047 1149 2086 vos
1182 2034 1389 2098 doceat,
1430 2043 1484 2089 et
1512 2036 1849 2103 corroboret,
1884 2046 1941 2093 et
1965 2053 2098 2093 con-

503 2120 729 2185 soletur,
760 2122 1163 2179 Absolutionem
1195 2126 1287 2181 Dei
1321 2139 1374 2180 et
1397 2138 1661 2197 nostram,
1700 2130 1744 2183 si
1767 2131 1899 2199 quid
1929 2131 2094 2199 valet,

502 2213 573 2267 ab
598 2214 852 2271 onmibus
867 2216 1104 2285 peccatis
1132 2219 1327 2273 vestris
1352 2220 1503 2275 vobis
1534 2221 1711 2275 mitto.
1746 2220 1916 2293 Rogo,
1944 2234 2099 2281 orato

503 2319 605 2380 pro
638 2320 745 2361 me.

1000 2397 1332 2455 EPISTOLA
1372 2399 1482 2456 CLI
1514 2400 1601 2454 ⁶¹⁹.

541 2501 775 2551 Αηεεωίι
809 2504 877 2542 Αἰ)
914 2503 1147 2544 «ΙΟΔΝΝΕΜ
1191 2506 1445 2557 PRIOREM,
1479 2506 1551 2547 ΕΤ
1579 2508 2057 2553 ΟΟΝΟΒΕΟΔΤΙΟΝΕΜ

1154 2576 1453 2617 ΒΛΤΕΝΒΕΙ.

501 2625 611 2682 Eos
640 2627 737 2683 Dei
763 2629 1054 2684 domum-et
1079 2632 1326 2703 templum
1372 2633 1603 2703 futuros,
1637 2636 1685 2689 si
1715 2648 1948 2692 mutuam
1976 2656 2091 2693 scr-

521 2760 530 2768 _
572 2709 683 2752 vent
717 2702 1082 2771 concordiam,
1131 2712 1178 2756 et
1225 2702 1278 2757 in
1325 2702 1553 2758 minimis
1603 2706 1980 2767 obseruantiam
2018 2719 2092 2764 te-

572 2778 749 2822 neant.

565 2858 850 2917 Ausewus
903 2844 1350 2935 archiepiscopus
1391 2864 1606 2933 JOANNI,
1652 2869 1846 2937 priori,
1887 2879 1942 2924 et
1995 2872 2090 2927 toti

497 2954 901 3023 congregationi
954 2955 1169 3014 Batensi
1202 2971 1486 3012 servorum
1519 2958 1613 3013 Dei
1656 2960 2090 3028 benedictionem

496 3042 619 3108 Dei,
650 3053 706 3098 et
736 3061 913 3110 suam,
942 3046 988 3100 si
1019 3048 1148 3116 quid
1178 3047 1340 3106 Valet.

570 3135 831 3191 Dominus
849 3114 1107 3201 Joannes,
1147 3138 1287 3193 lator
1316 3141 1697 3209 praesentium,
1745 3145 1903 3213 petiit
1930 3162 1960 3200 a
2003 3161 2089 3203 me
2119 3114 2166 3175 Ο

497 3236 558 3281 ιιι
584 3225 911 3282 fraternitati
940 3240 1135 3285 vestra:
1158 3230 1393 3301 aliquam
1419 3233 1770 3289 munitionem
1790 3238 2087 3296 scriberem

497 3333 619 3387 qua:
644 3329 790 3374 esset
815 3321 1032 3390 signum
1073 3333 1314 3392 paterna:
1352 3324 1677 3381 dilectionis.
1710 3327 1936 3386 Possum
1969 3333 2092 3402 qui-

498 3408 622 3464 dem
685 3409 924 3465 breviter
969 3413 1431 3483 comprehendere
1484 3431 1821 3488 quaecunque
1872 3420 2087 3477 vitanda

499 3507 647 3565 sunt,
676 3508 733 3554 et
761 3516 881 3570 quae
906 3510 1202 3572 appetenda
1235 3504 1465 3559 dicendo
1491 3524 1505 3559 :
1550 3506 1767 3563 Declina
1806 3528 1837 3564 a
1865 3512 2002 3567 malo
2042 3526 2089 3569 et

461 3630 467 3634 ι
499 3592 586 3663 [ac
608 3592 796 3646 bonum
821 3591 994 3665 (Psal.
1022 3597 1287 3661 κιιινι,2“1
1302 3597 1344 3668 );
1362 3598 1456 3654 sed
1476 3602 1886 3660 conveniendus
1906 3607 2091 3661 existi-

502 3672 590 3745 ino
606 3692 663 3738 ut
685 3683 750 3739 de
770 3685 948 3755 aliqua
964 3686 1159 3765 virtute
1182 3690 1495 3745 nominatim
1521 3690 1831 3763 religionem
1854 3705 2029 3751 vestra
2039 3713 2088 3753 nt

501 3775 841 3843 admoneam.
877 3778 1074 3835 llortor
1096 3796 1225 3852 ergo
1272 3793 1329 3837 ut
1356 3798 1546 3853 pacem
1579 3800 1797 3842 servare
1827 3787 1968 3843 inter
1997 3805 2091 3846 vos

500 3880 615 3927 toto
648 3872 814 3928 corde
837 3874 1121 3941 studeatis,
1163 3876 1291 3944 quia
1335 3877 1534 3931 dicitur
1584 3878 1650 3932 de
1700 3879 1809 3933 Deo
1841 3898 1855 3934 :
1891 3880 2089 3938 Factus

497 3972 574 4035 est
594 3963 646 4017 in
666 3980 794 4034 pace
816 3964 960 4019 locus
983 3965 1098 4035 ejus
1125 3964 1297 4037 (Psal.
1327 3984 1487 4032 Lxxv,
1522 3970 1610 4042 5).
1644 3971 1718 4025 lla
1745 3988 1874 4044 ergo
1898 3973 2090 4031 domus

498 4063 553 4112 et
583 4056 838 4127 templum
868 4058 961 4113 Dei
994 4075 1125 4115 vere
1153 4061 1337 4126 eritis,
1368 4063 1412 4116 si
1449 4078 1637 4133 paceni
1670 4063 1811 4120 inter
1836 4082 1931 4123 vos
1960 4084 2091 4123 con-

498 4158 707 4204 stanter
744 4150 1063 4206 habueritis.
1103 4152 1276 4219 Quam
1308 4154 1413 4214 hoc
1453 4156 1614 4211 modo
1650 4160 1865 4228 assequi
1889 4168 1945 4214 et
1970 4176 2090 4217 ser-

498 4254 630 4293 vare
662 4239 930 4307 poteritis,
961 4241 1006 4294 si
1037 4243 1412 4310 unusquisque
1448 4260 1554 4299 non
1602 4246 1847 4302 intendat
1870 4259 1927 4303 ut
1956 4251 2092 4307 alius

500 4330 666 4385 faciat
704 4347 855 4385 suam
892 4333 1259 4403 voluntatem,
1308 4336 1401 4389 sed
1450 4336 1563 4405 ipse
1612 4353 1845 4409 semper,
1874 4355 2089 4398 servata

2211 488 2324 557 pria
2353 486 2686 558 singulorum
2710 489 3006 557 voluntate,
3030 502 3089 551 ut
3120 495 3494 564 unusquisque
3524 495 3595 529 "°
3626 499 3795 565 dicat,

2211 594 2316 632 non
2348 579 2483 635 sicut
2517 586 2570 631 tn
2596 578 2699 644 vis,
2730 581 2827 635 sed
2854 582 2992 637 sicut
3023 599 3122 654 ego
3151 584 3329 651 volo;.
3352 588 3635 643 contentio
3674 601 3798 646 vero

2211 669 2276 701 ⁶¹¹
2318 673 2704 730 monachorum
2764 683 2887 730 est:
2930 675 3044 730 Non
3104 678 3407 733 secundum
3459 679 3796 737 voluntatem

2209 779 2382 819 meam
2447 767 2583 833 fiat,
2652 768 2749 825 sed
2826 770 3124 826 secundum
3200 781 3368 827 tuam.
3447 772 3556 829 Nec
3638 776 3800 831 debet
3890 814 3891 817 η

2209 855 2576 925 unusquisque
2629 867 2949 928 exspectare
3002 869 3062 914 ut
3106 876 3243 916 eum
3285 861 3417 917 facit
3453 865 3687 920 alterius
3716 883 3801 921 vo-
3892 896 3893 905 ι

2206 947 2500 1015 lnntatcm,
2548 950 2638 1005 ille
2666 952 2766 1006 sibi
2813 952 3066 1008 similiter
3096 954 3348 1010 faciendo
3374 958 3674 1024 retribuat,
3708 962 3799 1015 sed

2207 1042 2257 1096 iu
2298 1044 2399 1098 hoc
2424 1044 2585 1100 debet
2609 1047 2827 1102 studere
2852 1057 2910 1100 ut
2938 1050 3200 1119 quidquid
3222 1050 3377 1108 alius
3423 1052 3587 1109 faciat
3614 1097 3630 1117 ,
3690 1056 3799 1126 ipse

2205 1150 2479 1206 nunquam
2535 1153 2564 1191 a
2614 1139 2756 1194 bono
2806 1144 3087 1211 pr0posito
3145 1160 3246 1201 suo
3298 1147 3534 1202 deficiat.
3596 1150 3702 1205 Est
3751 1162 3798 1208 et

2203 1227 2349 1283 aliud
2377 1230 2522 1298 quod
2567 1231 2723 1286 valde
2756 1248 2942 1302 pacem
2974 1244 3028 1288 et
3054 1236 3398 1293 dilectionem
3424 1241 3568 1294 inter
3596 1240 3802 1298 fratres

2201 1321 2457 1376 conciliat
2510 1337 2526 1377 :

2200 1414 2332 1466 dicit
2370 1413 2434 1468 de
2462 1415 2567 1470 alio
2594 1416 2734 1471 unde
2766 1418 2975 1473 amicus
3012 1419 3129 1489 ejus
3151 1421 3333 1492 aliquo
3371 1425 3532 1479 modo
3553 1423 3798 1480 offenda-

2200 1513 2312 1570 tur;
2347 1507 2440 1561 sed
2468 1522 2703 1578 semper,
2731 1510 2774 1563 si
2812 1519 3007 1579 potest,
3036 1510 3202 1567 frater
3229 1513 3296 1568 de
3343 1513 3515 1569 fratre
3540 1517 3799 1587 loquatur

2199 1598 2342 1652 unde
2379 1597 2619 1666 corvejus
2645 1600 2711 1653 ad
2742 1600 3092 1657 dilectionem
3125 1605 3433 1659 accedatur.
3472 1606 3601 1662 Haec
3623 1646 3640 1672 ,
3691 1606 3797 1663 fra-

2203 1694 2313 1739 tres
2353 1696 2408 1739 et
2438 1686 2532 1740 filii
2562 1688 2667 1743 mei
2695 1689 3004 1746 eharissimi
3025 1733 3039 1756 ,
3069 1703 3303 1748 servate.
3334 1695 3411 1749 De
3435 1697 3637 1752 ordine
3667 1712 3796 1767 (μισ-ο

2205 1793 2310 1846 que
2341 1788 2525 1833 vestro
2554 1780 2626 1834 ita
2660 1781 2876 1836 solliciti
2913 1797 3034 1837 esse
3072 1785 3303 1853 debetis,
3334 1796 3392 1841 ut
3420 1802 3529 1844 non
3584 1790 3651 1844 in
3689 1806 3796 1845 ine-

2203 1869 2325 1925 dico
2355 1869 2504 1925 illum
2540 1871 2758 1938 alicubi,
2790 1873 2874 1928 vel
2898 1874 3205 1945 aliquando,
3238 1878 3293 1933 in
3327 1889 3571 1945 secreto,
3617 1883 3710 1936 vel
3746 1885 3793 1936 in

2203 1969 2493 2031 conspectu
2543 1962 2810 2028 aliorum,
2859 1966 3091 2021 violetis.
3155 1968 3429 2039 Scriptum
3476 1968 3562 2027 est
3599 1975 3793 2028 enim:

2205 2054 2311 2121 Qui
2334 2055 2538 2109 modica
2563 2056 2803 2126 despicit,
2825 2058 3082 2127 paulatim
3111 2061 3315 2116 decidet
3341 2062 3531 2135 (Eccli.
3564 2080 3691 2130 nx,
3723 2066 3795 2134 1).

2204 2147 2260 2202 Si
2282 2163 2411 2216 ergo
2450 2162 2632 2201 coram
2672 2149 2781 2202 Deo
2810 2150 2973 2205 vultis
3003 2151 3289 2221 proficere,
3326 2164 3604 2224 nunquam
3639 2158 3795 2212 minio

2203 2255 2287 2293 ma
2318 2238 2569 2303 mandata
2600 2239 2781 2297 velitis
2815 2242 3113 2311 despicere.
3144 2244 3298 2299 Sicut
3335 2256 3517 2300 autem
3549 2248 3648 2316 qui
3686 2250 3792 2302 mo;

2202 2332 2321 2385 diea
2373 2330 2650 2402 despicit,
2704 2333 2960 2403 paulatim
3013 2336 3242 2407 decidit,
3297 2338 3377 2391 sic
3420 2338 3515 2407 qui
3579 2341 3793 2395 modica

2202 2438 2309 2476 non
2340 2422 2588 2492 despicit,
2621 2426 2728 2477 non
2754 2423 2878 2478 dico
2900 2424 3183 2494 paulatim,
3217 2426 3309 2481 sed
3345 2425 3651 2483 eﬂicaciter
3677 2445 3793 2499 pro-

2201 2515 2333 2570 ﬁcit.
2363 2514 2601 2581 Fratres,
2630 2516 2791 2571 facile
2812 2525 2873 2571 ut
2892 2517 3113 2587 possitis
3130 2518 3311 2574 dicere
3330 2533 3455 2574 cum
3479 2519 3791 2587 Propheta:

2201 2608 2389 2663 Anima
2427 2626 2541 2663 mea
2565 2612 2619 2664 in
2646 2610 2885 2677 manibus
2911 2613 3038 2665 meis
3056 2627 3257 2680 semper
3293 2609 3465 2685 (Psal.
3494 2627 3657 2675 cxm,
3690 2611 3791 2675 £5}.

2198 2698 2255 2753 In
2318 2701 2567 2755 omnibus
2633 2701 2777 2754 enim
2821 2701 3074 2771 operibus
3114 2701 3308 2757 vestris
3345 2702 3557 2755 debetis
3612 2706 3794 2756 consi-

2200 2796 2391 2849 derare
2429 2795 2581 2862 quasi
2609 2794 2788 2848 anima
2831 2794 2901 2849 sit
2947 2795 2999 2848 in
3032 2795 3281 2850 manibus
3313 2794 3504 2849 vestris
3532 2811 3776 2864 semper;

2199 2884 2325 2954 quia
2353 2884 2614 2953 quidquid
2644 2885 3016 2954 unusquisque
3052 2885 3252 2949 faciet,
3305 2886 3410 2940 hoc
3450 2886 3638 2939 anima
3683 2887 3792 2956 ejus

2199 2974 2442 3043 recipiet.
2473 2975 2827 3045 Omnipotens
2852 2976 2995 3032 Deus
3026 2991 3119 3032 vos
3149 2977 3216 3031 ab
3245 2978 3389 3047 omni
3423 2978 3570 3033 malo
3596 2991 3792 3045 custos

2199 3065 2328 3130 diat,
2361 3074 2415 3119 et
2440 3067 2714 3123 absolutos
2747 3068 2815 3123 ab
2839 3069 3095 3127 omnibus
3123 3070 3444 3141 peccatisin
3476 3071 3798 3141 bonisope.

2198 3156 2348 3212 ribus
2372 3174 2468 3214 vos
2496 3175 2846 3229 perseverare
2873 3160 3055 3215 faciat.
3088 3161 3281 3215 Amen.
3310 3160 3510 3219 Precor
3534 3172 3592 3217 ut
3623 3166 3794 3223 oretis

2193 3265 2292 3319 pro
2329 3267 2430 3306 uie.

2573 3346 2733 3420 ἀει
2760 3320 3095 3404 EPISTULA
3132 3345 3262 3402 CLll
3302 3348 3392 3401 θη.

2489 3455 2711 3495 ANSELMI
2757 3457 2826 3495 AD
2875 3458 3179 3497 PASCIMLEH
3221 3460 3258 3498 ll
3299 3457 3491 3497 PAPAI.

2197 3527 2259 3582 Ut
2287 3547 2390 3614 non
2415 3533 2582 3586 mittat
2611 3534 2829 3602 pallium
2873 3535 3255 3614 qreltiepiscopo
3293 3534 3630 3614 Eboracensi.
3667 3551 3795 3614 non:

2262 3604 2385 3654 dum
2407 3616 2735 3670 consecrato,
2761 3620 2853 3658 nec
2879 3603 3230 3658 Lundoniensi
3252 3606 3511 3671 episcopo.
3538 3604 3630 3672 qui
3664 3604 3792 3656 illud

2264 3687 2528 3742 nunquam
2552 3674 2754 3751 haunit,
2785 3691 2847 3728 ne
2880 3674 3129 3751 Ecclesia?
3161 3674 3558 3751 Cantuariensis
3587 3675 3793 3751 prima-

2264 3752 2346 3795 tus
2389 3759 2420 3794 a
2464 3759 2563 3795 sua
2609 3745 2862 3813 dignitate
2902 3745 3128 3807 excidat,
3160 3745 3297 3812 quod
3340 3744 3449 3811 pati
3485 3745 3795 3813 neutiquam

2262 3821 2448 3880 potest.
2476 3809 2703 3884 lnquirit
2735 3809 2783 3867 et
2814 3826 2987 3867 utrum
3012 3816 3117 3883 regi
3144 3809 3549 3884 Tanton—iceram
3572 3809 3793 3884 permit-

2262 3890 2338 3933 tat
2381 3885 2510 3935 dare
2554 3882 2908 3948 iurestituras,
2957 3882 3089 3937 sicut
3136 3900 3227 3938 rex
3265 3883 3469 3953 Anglia:
3514 3882 3791 3935 audierat.

2266 3971 2496 4027 Domino
2528 3980 2582 4026 et
2612 3973 2757 4028 Patri
2787 3974 3054 4043 diligendo
3089 3983 3142 4028 et
3175 3973 3472 4027 reverendo
3500 3972 3793 4035 Psscmu,

2192 4085 2407 4131 summo
2434 4066 2693 4139 pontifici,
2722 4065 3026 4128 Ausewus,
3046 4080 3233 4120 servus
3255 4062 3514 4118 Ecclesia”;
3541 4061 3793 4116 Cantua-

2192 4163 2389 4219 riensis
2418 4164 2510 4228 ⁸⁸³,
2542 4160 2777 4215 debitam
2809 4158 3175 4213 obedientiam
3216 4171 3342 4213 cum
3380 4154 3634 4210 fidelibus
3676 4170 3801 4211 oras

2196 4254 2450 4313 tionibus.

2265 4346 2527 4412 Qnuuiam
2576 4343 2839 4399 fortitudo
2896 4352 2948 4398 et
2998 4340 3224 4397 directio
3273 4339 3646 4407 Ecclesiarum
3706 4339 3798 4394 Dei

499 4421 827 4493 rectitudine
857 4432 911 4482 et
943 4423 1222 4479 voluntate
1269 4426 1364 4479 Dei
1437 4426 1660 4482 alterius
1690 4428 1873 4484 faveat
1901 4432 2090 4488 volun-
2122 4476 2165 4531 Β
2197 4438 2457 4505 maxime,
2487 4447 2607 4507 post
2635 4438 2836 4501 Deum,
2869 4436 3068 4505 pendet
3096 4451 3165 4490 ex
3200 4432 3524 4491 auctoritate
3554 4433 3799 4501 paterni-

1797 4584 1880 4639 "A
1893 4585 2030 4644 lli/E
2069 4593 2470 4655 LECTIONES.

569 4668 640 4702 ⁸³⁸
671 4667 804 4723 Cum
852 4670 1031 4725 eodem
1076 4687 1155 4725 ms
1212 4672 1406 4727 collata

494 4738 619 4794 volo
645 4757 723 4794 ms
753 4742 1031 4795 contentio
1063 4757 1189 4796 vero
1238 4767 1248 4777 -

1298 4743 1368 4775 ω
1386 4742 1593 4805 Canam
1618 4762 1735 4807 cum
1759 4747 1939 4805 eodeni
1969 4772 2047 4812 ms

495 4808 750 4866 Ecclesiae
788 4813 1202 4875 Cantuariensis

1522 4674 1590 4705 ⁶²⁰
1624 4673 1908 4760 Voluntati:
1934 4690 2383 4760 utunttsqnisque
2426 4708 2504 4744 ms
2552 4689 2878 4760 ινθιιιιιιειιοἰ
2902 4687 3273 4757 unusquisque

2160 4754 2535 4818 “’Anselmus
2563 4759 2815 4815 Ecclesiae
2843 4754 3102 4814 Cantuar.
3134 4754 3212 4812 ms
3258 4754 3550 4811 Anseltnus
3599 4767 3801 4813 servus

3385 4682 3451 4717 ου
3486 4680 3784 4735 Contentio

1706 4949 1988 5007 JOANNIS
2016 4952 2217 5011 PICAR
2227 4956 2293 5011 Dl
2323 4954 2550 5013 NOT/E.

499 5060 804 5116 humilitate
837 5064 1044 5118 sacrari
1093 5078 1155 5118 se
1188 5061 1451 5134 postulat,
1485 5061 1663 5134 inopia
1708 5062 2017 5134 adjutorum
2050 5084 2081 5124 a

503 5079 804 5116 nummtate
837 5079 1044 5118 sacrari
1093 5079 1155 5118 se
1188 5079 1451 5132 postulat,
1485 5079 1663 5187 motito
1708 5079 2017 5134 aupuorum
2050 5084 2081 5124 a

503 5140 656 5184 tanto
680 5148 844 5209 regno
875 5148 988 5209 non
1006 5144 1256 5188 sacratus
1283 5133 1558 5209 abscedat.
1594 5203 1608 5209 _
1629 5135 1904 5209 erminum
1926 5138 2087 5209 hujus

500 5202 932 5273 consecrationis
974 5202 1117 5257 lator
1144 5204 1493 5273 prmsentium
1525 5203 1678 5259 vobis
1707 5202 2089 5265 indieabiL'Et

501 5287 570 5326 ne
603 5270 741 5326 forte
761 5272 997 5346 ,sollieiti
1040 5270 1194 5336 sitis,
1226 5284 1480 5346 putantes
1526 5277 1671 5345 quod
1724 5276 1806 5330 vel
1854 5278 1972 5346 ipse
2007 5280 2092 5334 vel

502 5344 852 5403 successores
882 5342 1001 5409 ejus
1052 5346 1155 5400 hac
1197 5342 1483 5401 occasione
1513 5342 1678 5413 super
1706 5342 1970 5403 ecclesias
2006 5363 2099 5403 ve-

501 5423 648 5487 stras
672 5413 762 5482 jus
790 5415 1122 5483 prmlationis
1155 5417 1480 5487 quandoque
1507 5425 1783 5487 conentur
1814 5418 2094 5486 arripere,

503 5481 712 5543 litteras
756 5481 954 5568 equas.
994 5486 1110 5568 ipse
1167 5481 1299 5568 inihi
1364 5481 1701 5568 transmisit,
1760 5481 2094 5568 fraternitati

500 5564 731 5615 vectrte,
785 5556 1202 5612 sollicitudinem
1255 5559 1321 5611 de
1374 5557 1556 5613 futuro
1609 5570 1828 5626 gerens,
1883 5558 2095 5614 curavit

504 5626 896 5709 transmittere.
925 5626 1073 5709 Quas
1106 5637 1163 5682 et
1211 5629 1314 5682 has
1357 5629 1518 5697 (quas
1555 5626 1715 5709 vobis
1758 5631 2091 5709 transmitte)

501 5690 559 5767 in
605 5696 842 5771 archivis
872 5690 1224 5761 ecclesiarum
1276 5690 1579 5753 vestrarum
1610 5736 1626 5763 ,
1665 5696 1736 5752 ob
1768 5690 2090 5771 memoriam

2196 5073 2524 5134 futurorum,
2556 5078 2828 5128 servatum
2860 5070 2923 5124 iri
2949 5068 3224 5139 prmcipio.
3251 5088 3271 5120 ι
3305 5067 3400 5123 Sic
3424 5068 3797 5135 Lanfraacus,

2196 5144 2287 5212 qui
2342 5152 2400 5197 et
2440 5142 2723 5211 proﬁtetur
2749 5143 2819 5195 ab
2852 5140 3179 5212 Eboracensi
3209 5140 3602 5212 archiprzesule
3638 5142 3801 5195 inun-

2196 5208 2405 5283 gendos
2434 5208 2557 5267 esse
2586 5212 2868 5283 episc0pos
2893 5208 3186 5283 Orcadum,
3237 5210 3314 5283 ita
3345 5220 3524 5264 tamen
3558 5219 3621 5269 ut
3650 5213 3798 5264 Cau-

2209 5280 2498 5338 iuariensis
2534 5283 2737 5353 primas
2786 5282 2854 5353 ad
2908 5296 3037 5353 eum
3075 5280 3267 5353 mittat
3283 5280 3421 5353 duos
3447 5284 3799 5349 comprovin-

2203 5353 2373 5408 ciales
2400 5350 2725 5431 episcopos,
2759 5352 2849 5420 qui
2886 5352 2936 5405 ei
2974 5351 3154 5431 adsint
3203 5350 3269 5405 ad
3313 5350 3794 5431 inauguratioueiu

2203 5439 2417 5481 sacram
2441 5421 2810 5493 peragendam
2842 5436 2855 5473 :
2891 5436 3067 5493 neque
3100 5422 3171 5493 o_l_t
3212 5436 3325 5475 rem
3355 5421 3671 5493 sibirvalest
3705 5422 3797 5475 alio

2200 5494 2331 5556 quid
2383 5488 2744 5561 ἱιίθοελῇιιιτίδ
2784 5488 3084 5547 vindicare.
3120 5491 3272 5547 Unde
3325 5500 3382 5545 et
3422 5491 3511 5545 hic
3543 5488 3794 5547 Thomas

2202 5565 2292 5633 (ad
2324 5580 2483 5633 quem
2527 5562 2840 5633 Anselmus)
2876 5562 3132 5619 Ecclesiae
3174 5562 3406 5619 Scoticte
3443 5561 3792 5635 designatum

2199 5637 2507 5703 pontificem
2539 5635 2757 5692 initiare
2784 5649 2890 5691 non
2927 5641 3155 5704 poterat.

2580 1324 2624 1377 si
2677 1324 2857 1380 nullus
2905 1327 3197 1396 aliquando
3247 1329 3399 1385 fratri
3454 1348 3555 1386 suo
3590 1334 3796 1404 aliquid
