3946 6306
600 218 694 253 ιιι

564 258 661 338 ist
724 338 729 343 .

1131 281 1192 349 ὃ.
1231 280 1529 357 ΑῌΒΕΕΜΙ
1566 279 1916 336 CANTUAB.
1952 279 2272 336 ABClllh‘P.
2300 278 2448 334 OPP.
2473 274 2673 333 PARS.
2701 276 2784 330 Ill.
2817 306 2883 315 —
2920 271 3301 331 Εριδτοωιζ
3794 278 3873 331 193

565 376 781 471 dicam?
823 397 882 455 Si
912 413 1017 455 non
1046 398 1185 462 dico,
1222 396 1451 453 forsitan
1498 411 1604 452 non
1651 395 2070 465 animadvertis;
2106 396 2149 451 si
2182 397 2230 458 Α
2261 408 2401 449 nunc
2428 393 2679 447 usitatam
2709 407 2814 446 non
2842 391 3058 461 legeris,
3078 398 3134 445 cl.
3159 390 3229 444 ab
3249 391 3512 467 episcopo
3538 406 3871 447 consecrata

567 494 711 559 dico,
738 490 981 548 forsitan
1025 489 1301 547 irasceris.
1356 488 1433 544 De
1480 487 1673 554 electa,
1721 496 1776 543 et
1822 489 2057 559 signata,
2101 497 2157 543 et

568 599 763 655 sponsa
800 583 916 651 Dei,
951 582 1079 653 quid
1111 581 1249 637 facta
1279 581 1372 637 es?
1401 581 1699 638 Erubescat
1735 598 1857 638 esse
1900 582 2155 638 nobilitas

569 686 661 730 tua
693 676 833 746 quod
868 676 1144 730 erubescis
1175 675 1393 739 audire,
1423 685 1478 729 et
1505 689 1625 747 ego,
1658 684 1879 744 propter
1906 675 2156 731 nobilita-

570 775 674 839 tem
721 775 775 819 et
827 764 1193 830 dilectionem,
1252 765 1516 819 erubesco
1577 764 1778 820 dicere.
1837 765 1998 831 Ecce,
2049 766 2155 821 filia

561 856 909 918 charissima,
943 856 986 910 si
1019 858 1133 911 hzrc
1162 855 1488 924 proponisin
1520 848 1808 927 conspectu
1841 866 1954 923 tuo,
1988 873 2155 927 quan-

568 954 649 1001 tus
678 945 834 999 dolor
868 945 1027 999 debet
1063 960 1185 1000 esse
1212 945 1282 978 ⁸⁵³
1306 946 1550 1017 ἰιιροιιιθ
1577 955 1668 1001 tuo
1691 946 1758 1001 de
1787 957 1935 1002 tanto
1963 957 2013 1003 et
2049 958 2155 1003 tam

564 1037 712 1105 gravi
745 1053 876 1092 casu
909 1039 1026 1091 tuo!
1067 1036 1123 1091 Si
1160 1036 1304 1092 enim
1352 1038 1706 1092 vehementer
1746 1037 1916 1104 doles,
1958 1040 2158 1095 condo-

562 1127 723 1182 lende
756 1128 849 1183 tibi
877 1130 1029 1182 valde
1054 1130 1291 1200 gaudeo;
1320 1124 1367 1183 ‘si
1400 1145 1528 1185 vero
1574 1146 1680 1185 non
1726 1129 1896 1199 doles,
1937 1147 2043 1186 non
2074 1137 2158 1185 est

565 1224 712 1277 unde
740 1224 1031 1293 gaudeam,
1052 1225 1147 1278 sed
1172 1224 1341 1279 multo
1366 1224 1538 1296 magis
1562 1224 1725 1297 423
1750 1225 1925 1281 doleo.
1953 1223 2088 1279 Nam
2110 1224 2158 1280 si

564 1311 752 1372 doles.
810 1312 986 1367 adhuc
1046 1313 1275 1369 salutem
1325 1323 1472 1368 luant
1525 1331 1683 1383 spero
1722 1316 1831 1383 ως
1884 1315 1930 1371 si
1976 1324 2156 1369 autem

568 1417 674 1455 non
704 1401 878 1469 doles,
909 1404 1037 1472 quid
1076 1404 1179 1459 nisi
1216 1405 1613 1459 damnationem
1653 1413 1798 1459 tuam
1840 1414 2158 1475 exspectare

563 1495 791 1565 qtte0?_
876 1554 881 1564 ι

638 1583 967 1653 Impossibile
996 1602 1229 1656 namque
1254 1595 1336 1643 est
1361 1596 1411 1643 te
1435 1588 1542 1642 ullo
1571 1590 1730 1643 modo
1751 1603 1910 1658 posse
1931 1587 2155 1654 salvari,

566 1665 670 1730 nisi
711 1676 776 1729 ad
808 1677 1048 1731 habitum
1084 1688 1136 1732 et
1177 1681 1514 1750 propositum
1559 1679 1830 1757 abjectum
1870 1680 1940 1711 ⁸³⁸
1980 1681 2155 1735 redie-

2259 502 2363 542 non
2387 488 2576 544 fueris.
2598 492 2779 552 Certe,
2820 486 2929 541 filia
2961 486 3279 543 charissima
3301 527 3315 552 ,
3341 488 3528 543 adhuc
3566 496 3638 543 te
3682 502 3857 558 εδει-θ

2257 587 2370 633 ctat
2400 580 2677 642 Dominus,
2707 587 2922 634 creator
2958 586 3014 634 et
3058 578 3368 650 redemptor
3412 588 3547 633 tuus
3591 596 3611 632 :
3670 595 3773 634 rex
3816 582 3869 634 ﬁ

2258 670 2348 740 qni
2397 671 2704 742 concupivit
2751 670 2985 740 speciem
3042 678 3188 724 tuam
3216 711 3231 734 ,
3281 678 3340 724 ut
3385 679 3540 725 esset
3598 670 3871 740 legitimas

2258 766 2487 833 sponsu’s
2508 772 2666 827 tuus,
2701 762 2880 818 adhuc
2911 770 2963 815 te
2989 770 3270 831 exspectat
3315 772 3369 815 et
3407 772 3655 816 revocat
3676 803 3693 826 ,
3730 773 3791 815 ut
3817 766 3870 817 sit

2258 852 2494 918 legitima
2541 851 2611 884 ⁸⁸⁷
2662 865 2861 921 sponsa
2911 850 3054 918 ejus,
3098 860 3153 906 et
3190 852 3234 906 si
3283 867 3391 906 non
3423 852 3635 921 virgo,
3696 852 3869 907 saltata

2257 951 2429 997 casta.
2474 939 2690 995 Scimus
2725 941 2869 995 enim
2917 941 3100 1010 plures
3137 950 3356 996 sanctas
3393 941 3726 1005 mulieres,
3773 960 3868 1011 qu:
3908 939 3909 1007 Ῑ

2259 1041 2384 1102 post
2425 1032 2680 1085 amissam
2716 1032 3083 1102 virginitatem
3119 1032 3239 1104 plus
3270 1034 3615 1102 placuerunt
3660 1034 3813 1096 Deo,
3836 1048 3869 1085 (ς
3908 1030 3909 1095 ξ

2261 1126 2437 1195 magis
2468 1125 2545 1179 illi
2582 1123 2877 1180 familiares
2903 1124 3123 1180 fuerunt
3157 1140 3253 1193 per
3278 1125 3692 1194 paenitentiam
3726 1127 3781 1179 in
3806 1143 3869 1178 ca-

2258 1214 2463 1278 stitatc,
2482 1228 2646 1284 quam
2667 1212 2849 1282 plures
2876 1213 3025 1279 alite,
3056 1213 3305 1284 quamvis
3334 1223 3589 1280 sanctas,
3627 1215 3698 1269 in
3731 1216 3867 1284 virgi-

2260 1307 2452 1361 nitate.

2329 1397 2463 1453 Iledi
2494 1413 2626 1469 ergo
2646 1438 2660 1465 ,
2688 1397 2893 1452 mulier'
2915 1396 3224 1453 Christiana
3243 1439 3262 1465 ,
3305 1397 3422 1452 redi
3454 1399 3530 1454 ad
3558 1414 3676 1457 cor
3705 1408 3863 1461 tum.
3908 1396 3909 1469 1

2257 1499 2314 1545 et
2338 1490 2621 1546 considera
2655 1506 2815 1559 quem
2845 1490 3024 1560 potius
3038 1489 3250 1558 ,debeas
3279 1489 3536 1560 diligere,
3573 1494 3680 1547 cui
3715 1494 3865 1561 potiti

2260 1582 2560 1648 adhaerere,
2589 1582 2663 1635 illi
2704 1581 2797 1651 qui
2837 1589 2887 1635 te
2919 1581 2988 1636 ad
3032 1588 3235 1635 tantam
3270 1581 3638 1639 honestatem
3690 1583 3864 1654 elegit,

2260 1668 2506 1739 eligendo
2533 1672 2778 1736 vocavit,
2811 1669 3063 1724 vocando
3105 1669 3289 1724 habitu
3334 1670 3588 1739 sponsali
3643 1672 3765 1727 sibi
3803 1688 3863 1727 as

569 1767 667 1831 ris.
690 1768 948 1835 Quamvis
978 1771 1123 1824 enim
1156 1772 1228 1825 ab
1259 1773 1512 1842 episcopo
1563 1752 1774 1827 sacrata
1825 1788 1930 1827 non
1962 1772 2150 1840 fueris,

2263 1759 2523 1829 signavit,
2574 1768 2631 1814 et
2678 1759 2892 1824 adhuc,
2947 1760 3194 1828 quamvis
3247 1769 3614 1831 contemptus
3677 1773 3766 1822 et.
3802 1781 3862 1818 re-

570 1871 671 1913 nec
720 1873 903 1912 coram
951 1859 1069 1926 ipso
1118 1858 1511 1932 professionem
1588 1862 1785 1933 legeris
1853 1861 2006 1934 (38),
2052 1863 2155 1918 hoc

564 1947 736 2023 solum
773 1956 948 2004 tamen
985 1960 1069 2004 est
1096 1949 1423 2013 manifesta,
1452 1959 1507 2005 et
1544 1966 1663 2021 quae
1708 1951 1896 2023 negari
1929 1947 2033 2019 non
2067 1966 2158 2022 po-

567 2024 705 2115 test,
750 2037 1059 2108 professio,
1108 2041 1234 2110 quia
1281 2038 1497 2112 publice
1546 2046 1600 2094 et
1652 2051 1861 2097 secrete
1913 2042 2157 2098 habitum

567 2128 742 2183 sancti
788 2128 1051 2199 propositi
1094 2130 1353 2199 portasti,
1394 2144 1491 2201 per
1522 2128 1664 2200 quod
1709 2131 1960 2186 omnibus
1995 2137 2048 2186 te
2079 2131 2155 2186 vi-

564 2218 823 2287 dentibus
852 2220 962 2275 Dco
985 2220 1219 2275 dicatam
1253 2232 1303 2277 te
1332 2238 1471 2289 esse,
1501 2240 1607 2277 non
1641 2224 1821 2280 minus
1851 2240 2011 2293 quam
2036 2239 2161 2294 pro-

564 2298 857 2375 .feSsionem
891 2311 1146 2385 legendo,
1180 2312 1479 2371 aiiirmasti.
1507 2313 1645 2371 Nam
1674 2325 1961 2386 antequam
2005 2317 2159 2372 ﬂeret

564 2402 670 2481 ista
696 2420 838 2457 nunc
860 2403 928 2435 °“
961 2405 1156 2461 usitata
1189 2408 1489 2462 monachici
1518 2408 1776 2478 propositi
1809 2409 2078 2479 professio
2106 2418 2161 2465 et

567 2496 827 2583 sacratio,
849 2495 1015 2550 multa
1042 2497 1206 2553 millia
1245 2499 1524 2568 utriusque
1553 2515 1715 2555 sexus
1740 2501 2019 2557 hominum
2046 2501 2159 2558 solo

570 2586 757 2641 habitu
787 2602 847 2642 se
878 2588 1045 2657 ipsius
1072 2604 1191 2644 esse
1220 2591 1479 2662 propositi
1518 2592 1825 2662 proﬁtentia
1845 2635 1859 2661 ,
1884 2593 2160 2651 celsitudi-

572 2692 697 2733 nem
743 2687 797 2733 ct
826 2694 1079 2735 coronam
1119 2691 1405 2736 consecuta
1446 2693 1591 2743 sunt.
1620 2684 1685 2738 Et
1725 2685 1815 2755 qui
1858 2694 1983 2743 tunc
2007 2670 2162 2742 habi-

573 2780 683 2823 tum
716 2770 834 2825 sine
872 2771 987 2842 ipsa
1020 2773 1358 2842 professione
1386 2784 1442 2830 et
1482 2777 1792 2832 sacratione
1821 2788 2159 2847 assumptum

570 2861 907 2931 rejiciebant,
931 2873 1186 2933 apostata:
1206 2866 1607 2939 judicabantur.
1624 2868 2010 2925 Inexcusabilis
2030 2887 2160 2943 ergo

556 2966 649 3016 ,cs,
678 2952 722 3007 si
754 2952 959 3007 deseris
990 2964 1236 3009 sanctum
1277 2957 1612 3027 propositum
1654 2960 1795 3026 quod
1839 2959 1930 3012 diu
1973 2959 2160 3014 habitu

558 3052 625 3121 et
653 3048 1062 3103 conversatione
1086 3046 1328 3118 professa
1360 3063 1420 3104 es
1440 3089 1455 3117 ,
1496 3051 1744 3119 quamvis
1768 3050 2160 3121 professionem

2253 1849 2463 1919 jectus,
2510 1857 2789 1919 exspectat
2819 1857 2875 1903 et
2916 1859 3163 1913 revocat;
3193 1864 3264 1904 an
3310 1850 3387 1905 illi
3435 1866 3538 1922 per
3582 1868 3799 1922 quem,
3824 1866 3861 1908 st

2258 1937 2445 1993 mitius
2495 1936 2695 2002 dicam,
2750 1936 2803 1991 in
2854 1938 2958 1993 hoc
3004 1937 3058 1991 iu
3110 1953 3219 2008 quo
3274 1946 3327 1993 te
3389 1939 3552 1995 vides
3605 1941 3859 2011 dejettan

2259 2031 2326 2086 de
2375 2038 2522 2084 tanta
2549 2028 2869 2086 celsitudine
2900 2030 3185 2097 cecidisti;
3229 2032 3541 2102 praesertim
3590 2049 3735 2090 cum
3777 2036 3859 2104 ipsi
3908 2044 3909 2104 ξ

2260 2129 2316 2176 te
2361 2121 2507 2189 jam,
2558 2123 2700 2177 sicut
2747 2131 2908 2192 pulo,
2964 2130 3303 2187 contemnat,
3368 2133 3488 2180 aut.
3524 2126 3660 2181 sine
3727 2128 3859 2182 dubia

2259 2223 2669 2285 contempturus
2722 2224 2777 2270 et
2825 2214 3139 2271 deserturus
3178 2215 3269 2271 sit.
3301 2215 3368 2271 Et
3408 2217 3635 2273 utinam
3679 2220 3859 2274 siem
3908 2214 3909 2285 ἰ

2262 2306 2491 2362 invicem
2547 2305 2944 2371 contemnatis,
2992 2314 3054 2360 ut
3103 2320 3202 2361 vos
3260 2305 3402 2361 Deus
3454 2322 3569 2363 non
3626 2319 3858 2371 eontem-

2262 2404 2383 2458 nat;
2432 2395 2509 2450 sic
2551 2410 2646 2451 vos
2697 2394 2926 2451 invicem
2974 2396 3275 2461 deseratis,
3330 2403 3391 2449 ut
3427 2411 3531 2452 vos
3582 2397 3742 2454 Deus
3778 2414 3859 2452 nos
3900 2386 3903 2395 ’

2262 2486 2514 2549 deserat;
2568 2486 2646 2542 sic
2693 2502 2790 2542 vos
2837 2487 3068 2542 invicem
3119 2485 3413 2554 rejiciatis,
3462 2498 3528 2544 ut
3579 2504 3687 2544 vos
3746 2490 3857 2544 Dens

2262 2593 2293 2632 a
2319 2578 2455 2634 facie
2484 2593 2577 2633 sua
2614 2594 2721 2634 non
2747 2578 3021 2648 projiciat;
3052 2578 3131 2633 sic
3152 2580 3220 2632 ab
3243 2578 3480 2644 invicem
3511 2582 3857 2641 avertamini,

2265 2676 2327 2722 ut
2355 2669 2421 2723 ad
2454 2669 2619 2722 Deum
2647 2669 3062 2724 convertamini.
3086 2669 3246 2724 Certe
3277 2667 3471 2723 melius
3493 2678 3553 2723 et
3584 2670 3760 2728 valde
3786 2672 3859 2726 ho-

2264 2760 2564 2815 norabilius
2592 2771 2676 2816 est
2704 2769 2759 2815 et
2785 2760 2859 2815 illi
2893 2770 2951 2815 et
2981 2760 3079 2815 tibi
3108 2769 3167 2814 ut
3196 2761 3266 2815 ab
3299 2759 3392 2816 illo
3431 2761 3513 2817 sis
3552 2774 3857 2833 contempti

2264 2866 2427 2921 quam
2460 2861 2692 2917 retenta,
2719 2852 2844 2922 quia
2870 2851 3109 2922 quandiu
3132 2852 3242 2908 eris
3269 2852 3387 2922 ejus
3410 2861 3669 2919 retenta,
3694 2856 3855 2924 procul

2263 2943 2452 3009 dubio,
2478 2952 2537 2997 ut
2557 2944 2623 2999 de
2650 2943 2740 2998 illo
2765 2959 2909 2998 nunc
2932 2951 3161 3008 taceam,
3186 2950 3242 2996 tu
3264 2942 3373 2997 eris
3394 2940 3494 2997 Dei
3524 2954 3855 3013 contempta;

2264 3039 2322 3085 et
2360 3032 2433 3100 si,
2473 3040 2782 3103 contempta
2823 3033 2891 3087 ab
2934 3031 3048 3100 illo,
3085 3039 3310 3102 Propter
3340 3030 3511 3088 Deum
3544 3031 3716 3090 illum
3757 3049 3857 3089 eon-

1862 3203 2093 3259 VAllle
2129 3204 2534 3262 LECTIONES.

682 3357 755 3389 ⁸⁵³
783 3358 944 3412 Decet
971 3372 1090 3411 esse
1120 3356 1267 3412 Edit.
1298 3358 1457 3414 debet
1486 3376 1609 3416 esse

558 3427 842 3498 abiectum
973 3428 1040 3460 “°
1067 3429 1175 3485 iste
1203 3445 1347 3485 nunc
1368 3430 1517 3486 Edit.
1549 3432 1652 3487 ista
1681 3447 1823 3486 nunc

1742 3361 1811 3393 ‘“
1841 3360 2088 3434 Salutem
2113 3379 2275 3433 spero
2314 3364 2460 3417 Edit.
2487 3363 2726 3434 Salutem
2779 3372 2926 3418 tuam
2976 3378 3138 3434 spero

1947 3433 2015 3464 ⁸⁵⁷
2048 3431 2219 3503 υιίὲίι
2248 3435 2480 3506 legitima
2516 3431 2664 3487 Edit.
2696 3443 2753 3489 ut
2783 3434 2860 3489 sis
2886 3431 3131 3505 legitima

3249 3364 3316 3396 “'
3367 3363 3670 3443 Objectum
3728 3368 3855 3425 Edit.
3908 3368 3909 3371 “

1761 3545 2046 3601 JOANNIS
2075 3546 2346 3602 PlCARDl
2370 3546 2602 3603 ΝΟΜ).
2632 3532 2639 3535 ⁷

647 3634 760 3705 ('58)
802 3633 1052 3709 Quamvis
1079 3638 1215 3709 enim
1240 3637 1304 3691 ab
1325 3639 1563 3709 episcopo
1597 3649 1808 3692 sacrata
1846 3654 1947 3691 non
1974 3636 2156 3706 fuerit,
2187 3644 2232 3705 C

552 3722 668 3762 «nec
718 3722 909 3777 coram;
938 3706 1050 3775 ipso
1075 3706 1454 3776 professionem
1479 3709 1682 3777 legeris.
1709 3709 1764 3764 ιιι
1798 3710 2012 3762 videtur
2041 3710 2152 3762 Au-

548 3775 1002 3851 .selmns‘dixisse
1029 3793 1092 3851 ex
1122 3775 1298 3851 mente
1322 3775 1612 3851 D.__Leonis
1634 3796 1802 3851 papae,
1831 3780 2056 3851 itaicap.
2092 3780 2157 3833 15

570 3846 732 3917 epist.
779 3846 866 3917 90,
918 3846 983 3900 ad
1041 3847 1323 3902 Rusticum
1382 3846 1791 3904 Narbonensem
1844 3846 2155 3917 episcopum

546 3916 913 3973 scribentis:
957 3935 976 3968 ι
1012 3917 1230 3985 Pucllm,
1276 3934 1396 3988 quae
1445 3935 1551 3973 non
1613 3929 1815 3975 coacta:
1870 3916 2157 3987 parentum

568 3988 825 4059 imperio,
876 3988 969 4043 sed
998 4001 1305 4112 spontaneo
1346 3989 1574 4058 judicio,
1602 3990 1931 4059 virginitatis
1958 4005 2157 4059 propo-

568 4062 735 4112 situm
764 4068 928 4112 atoue
957 4061 1021 4112 ha
1042 4061 1198 4112 iitum
1227 4070 1605 4112 susceperunt.
1652 4063 1694 4112 si
1726 4068 1909 4112 postea
1943 4062 2157 4112 nuntias

540 4062 735 4129 isitqu
764 4068 928 4131 atque
957 4061 1198 4114 hahitunt
1227 4070 1605 4131 susceperunt,
1652 4063 1694 4115 si
1726 4068 1909 4129 postea
1943 4062 2158 4130 nuptias

569 4131 797 4199 t-ligunt,
822 4132 1287 4199 prmvaricantnr,‘
1312 4132 1525 4185 etiamsi
1559 4132 1901 4187 consecratio
1932 4138 2037 4184 non
2069 4146 2160 4185 ac-

546 4197 760 4261 res—sit,
780 4197 944 4273 cujus
981 4203 1167 4273 utique
1197 4218 1304 4255 non
1342 4202 1726 4257 fraudarcnlnr
1758 4217 2004 4264 munere,
2029 4200 2074 4255 si
2101 4201 2156 4255 in

538 4280 549 4285 “
573 4269 859 4339 proposito
880 4269 1284 4339 permanerent.
1320 4292 1338 4324 ι
1374 4272 1518 4326 Ante
1556 4274 1792 4327 Leonem
1818 4273 1958 4326 idem
1990 4286 2159 4339 appa-

540 4348 661 4411 .ret.
700 4337 935 4411 sensisse
982 4338 1354 4411 innocentium
1403 4339 1443 4407 Ι,
1483 4344 1638 4409 cujus
1664 4343 1716 4395 in
1757 4337 2038 4411 liancrreni
2063 4337 2161 4411 de:

572 4406 783 4481 cretum
806 4406 1033 4481 Cregor.
1060 4408 1291 4481 Magnus
1318 4406 1453 4480 papa
1486 4406 1709 4481 protulit
1748 4411 1800 4464 in
1832 4410 2059 4479 epistola
2093 4409 2160 4462 ad

576 4477 937 4548 Bonifacium,
996 4477 1174 4548 relata
1217 4483 1285 4534 ab
1321 4477 1499 4535 ivbnev
1527 4482 1752 4534 Carnot.
1790 4477 1929 4548 part.
1965 4496 2021 4533 ιιι
2050 4494 2162 4533 ειιτε

574 4547 891 4611 Pannoniae.
923 4560 972 4602 et
999 4547 1158 4602 Petro
1185 4549 1489 4605 Lombardo
1513 4551 1607 4605 lib.
1636 4567 1690 4605 tv
1712 4547 1887 4610 Sent.,
1917 4548 2044 4603 dist.
2064 4550 2158 4614 '58,

539 4615 551 4657 τ
576 4619 646 4672 nd
676 4618 978 4673 luceret-ba
998 4630 1026 4672 ‘:
1056 4636 1076 4669 ι
1104 4619 1211 4673 '-llae
1233 4669 1237 4673 .
1261 4634 1383 4689 qua:
1428 4622 1657 4675 necdum
1699 4635 1858 4674 sacro
1890 4620 2158 4674 velamine

536 4718 539 4723 ~
572 4696 757 4761 tce-tte.
790 4697 969 4744 tamen
1004 4689 1056 4743 in
1085 4694 1362 4759 proposito
1382 4691 1633 4761 virginali
1661 4705 1876 4761 semper
1903 4705 1961 4744 se
1990 4689 2157 4744 simu-

537 4776 545 4789 '
575 4759 830 4815 laverunt
860 4775 1202 4829 permanere.
1235 4761 1359 4815 licet
1386 4759 1571 4814 velatte
1598 4777 1701 4827 non
1729 4760 1948 4822 fuerint,
1979 4768 2158 4814 tamen

538 4830 627 4884 tsi
650 4832 937 4903 nupserim
968 4830 1151 4899 aliquo
1182 4838 1449 4900 tempore,
1490 4832 1584 4889 his
1609 4830 2161 4903 agendapmnitentia

573 4910 678 4963 est,
735 4901 859 4967 quia
916 4903 1137 4969 sponsio
1194 4916 1382 4954 earum
1429 4900 1710 4955 tenebatur
1747 4918 1775 4954 a
1825 4900 2070 4954 Domino.
2104 4900 2161 4954 Si

572 4970 719 5047 enim
744 4972 885 5047 inter
907 4972 1157 5047 homines
1184 4972 1324 5026 solet
1344 4972 1496 5047 bona!
1523 4972 1644 5047 fidei
1668 4981 1978 5047 contractus
2011 4970 2152 5026 nulla
2189 4990 2233 5047 ι)

576 5039 788 5113 ratione
819 5040 1059 5113 dissolii.
1095 5051 1299 5110 quanto
1338 5043 1507 5113 magis
1530 5042 1629 5096 ista
1659 5042 1970 5110 pollicitatio
1990 5055 2151 5113 quam

537 5128 547 5145 ε
574 5108 1233 5192 eunrDeohpepigerunt,
1282 5108 1828 5192 solvi'sine_vindicta
1858 5108 2094 5192 pateritii
2127 5131 2147 5166 ι

534 5224 543 5243 μ
574 5176 766 5253 lieni:
801 5199 819 5232 ι
852 5176 909 5236 Si
942 5176 1176 5253 virgines
1222 5176 1466 5238 nondum
1507 5182 1694 5237 velatae
1732 5176 1912 5237 taliter
1938 5181 2150 5253 publica

576 5249 897 5323 poenitentia
949 5249 1266 5323 puniuntur,
1316 5263 1373 5309 et
1398 5269 1427 5307 a
1449 5263 1593 5309 cmtu
1620 5253 1856 5323 fidelium
1886 5249 2059 5323 usque
2086 5252 2151 5306 ad

577 5309 1006 5391 satisfactionem
1065 5309 1445 5391 excluduntur,
1483 5345 1500 5377 ι
1529 5334 1634 5380 etc.
1665 5309 1763 5379 Ubi
1820 5309 2155 5379 Lomliardns

575 5390 853 5466 subjungit
884 5412 897 5448 :
931 5412 948 5446 ι
979 5392 1054 5448 Ex
1073 5394 1168 5466 his
1194 5396 1683 5466 apparct_virgines
1707 5394 1789 5449 vel
1812 5396 2003 5466 viduas
2026 5401 2154 5447 voto

576 5464 924 5519 continentia:
950 5463 1242 5529 astrictas,
1268 5463 1388 5520 Vsive
1418 5463 1617 5519 fuerint
1645 5466 1853 5531 velata,
1877 5464 1990 5517 sive
2022 5478 2151 5527 non,

576 5532 883 5608 nullatenus
908 5535 975 5589 ad
1000 5534 1333 5608 conjugium
1370 5538 1551 5608 sortiri
1592 5550 1771 5606 posse.
1803 5552 1840 5608 _D
1877 5532 2150 5608 Hactenus

575 5603 958 5672 Innocentius;
984 5621 1019 5679 a
1051 5602 1299 5677 quo'cum
1325 5607 1376 5660 in
1404 5602 1639 5679 virgines
1671 5606 1908 5679 nondum
1939 5602 2147 5679 velatas

579 5684 688 5729 tam
735 5692 922 5734 severe
977 5672 1083 5733 sit'
1105 5672 1563 5739 animadversum,
1591 5676 1711 5743 jure
1737 5676 1852 5729 hrcc
1886 5672 1953 5727 ad
1982 5688 2143 5742 quam

578 5747 769 5807 scribit
818 5749 1135 5815 Anselmus,
1183 5748 1429 5807 eamdem
1475 5756 1589 5806 erat
1649 5746 1841 5803 luitura
1904 5758 2138 5825 pecuum.

2268 3660 2403 3739 l_linc
2464 3671 2547 3739 est
2574 3661 2715 3739 quod
2734 3660 3108 3739 “Lombarilus
3132 3661 3467 3739 examussim
3490 3664 3851 3739 ejusexpeu-

2261 3733 2416 3808 deus
2439 3730 2625 3808 verba,
2672 3730 2870 3808 inferat
2896 3749 2961 3808 :_c
2998 3732 3110 3784 Non
3150 3742 3233 3808 est
3272 3732 3456 3803 igitur,
3487 3730 3698 3808 inquit,
3728 3730 3850 3808 pra-

2263 3802 2666 3857 termittendnm
2718 3804 2858 3869 quod
2909 3801 3257 3855 Innocentius
3301 3801 3451 3870 'papa
3498 3801 3784 3863 defvidu'is
3811 3821 3852 3864 rt

2261 3872 2454 3940 puellis
2514 3872 2777 3937 decrevit,
2808 3886 2927 3938 qum
2952 3871 3174 3925 Christo
3218 3871 3848 3940 spiritualiter-nubunt,

2262 3942 2305 3996 si
2332 3951 2513 4010 postea
2545 3941 2756 4010 publice
2778 3942 3080 4009 nupserim,
3110 3957 3218 3996 non
3245 3957 3338 3996 eas
3354 3943 3735 4002 admittendas
3748 3964 3851 4004 esse

2262 4015 2329 4067 ad
2392 4014 2790 4082 paenitentiam,
2847 4013 2956 4082 nisi
2998 4012 3050 4065 hi
3093 4013 3289 4081 quibus
3338 4027 3396 4066 se
3437 4014 3754 4081 junxerant
3798 4022 3851 4072 de

2264 4080 2465 4137 mundo
2525 4083 2871 4136 recesserint.
2936 4080 2991 4136 Si
3024 4080 3169 4135 enim
3200 4083 3266 4137 de
3290 4080 3545 4138 omnibus
3575 4085 3701 4142 lucc
3728 4091 3852 4142 ratio

2262 4155 2585 4228 custoditur,
2617 4162 3040 4228 unquamunun
3065 4153 3280 4228 vivente
3310 4154 3426 4228 viro
3450 4152 3611 4208 alteri
3650 4174 3850 4228 nupse-

2264 4225 2355 4286 rit,
2411 4222 2655 4277 adultera
2689 4222 2955 4293 habeatur
2981 4241 2994 4276 :
3023 4238 3122 4277 nec
3150 4223 3200 4276 ei
3257 4224 3477 4293 agendae
3508 4222 3848 4292 paenitentia

2264 4294 2484 4349 licentia
2541 4292 2856 4348 conceditur
2915 4294 3017 4347 nisi
3049 4309 3189 4349 unus
3235 4292 3307 4347 de
3332 4294 3435 4347 illis
3465 4295 3636 4349 fuerit
3664 4299 3849 4352 defun-

2264 4374 2405 4426 ctus,
2429 4374 2635 4431 quanto
2662 4363 2835 4431 magis
2864 4362 2929 4415 de
2958 4363 3044 4416 illa
3082 4364 3311 4417 tenenda
3339 4373 3444 4425 est,
3479 4380 3599 4430 qute
3637 4380 3772 4422 ante
3800 4385 3851 4422 se

2266 4430 2559 4487 imnmrtali
2592 4430 2801 4502 Sponsa
2845 4430 3226 4500 conjunxerat.
3263 4442 3317 4487 et
3346 4444 3467 4502 pOSt
3503 4434 3618 4489 haec
3652 4440 3722 4490 ad
3754 4441 3849 4492 lm-

2266 4504 2724 4577 manasnnuptias
2795 4504 3254 4577 transmigravit?
3294 4524 3313 4556 ι
3372 4503 3651 4577 Hactenus
3695 4507 3852 4577 Magi-

2266 4583 2401 4627 ster.
2433 4572 2529 4628 Cui
2555 4568 2745 4644 lubens
2771 4568 3097 4628 addidisse'm
3130 4589 3393 4628 canonem
3421 4568 3483 4627 l7
3505 4568 3850 4644 Gangrensis

2266 4644 2481 4699 concilii
2509 4644 2577 4698 ab
2601 4643 2764 4698 lvone
2793 4643 3043 4711 superius
3070 4644 3309 4711 adducti,
3346 4644 3397 4697 ni
3426 4643 3673 4699 viderent
3713 4648 3850 4701 hunc

2265 4715 2320 4769 in
2350 4717 2604 4770 mulieres
2632 4713 3023 4769 Eustachianas
3049 4730 3168 4769 esse
3197 4714 3620 4783 promulgatum,
3652 4726 3715 4769 ut
3747 4719 3851 4772 illic

2265 4786 2435 4855 (velut
2459 4788 2584 4841 etin
2612 4784 2844 4851 ueteris)
2872 4786 3044 4855 docte
3080 4785 3463 4838 animadvertit
3490 4783 3648 4838 Joan.
3679 4787 3850 4853 Quin-

2265 4853 2410 4912 tinus
2441 4855 2679 4911 lleduus.
2732 4853 2954 4923 llectius
2988 4855 3410 4924 adjungerentur
3465 4857 3749 4909 decretum
3786 4858 3850 4913 ει

2267 4927 2477 4989 concilii
2514 4925 2991 4991 Chalcedonensis,
3032 4923 3086 4994 (ι.
3126 4923 3183 4979 Si
3211 4943 3314 4995 qua
3344 4926 3515 4995 virgo;
3547 4936 3601 4978 et
3629 4930 3847 4981 concilii

2259 4997 2544 5052 Elibertini
2581 5011 2818 5050 canones
2865 4997 2954 5060 l3,
3016 4996 3103 5061 14,
3135 4993 3329 5049 concil.
3363 4993 3534 5047 'l‘olet.
3572 5010 3655 5058 tv,
3692 5000 3848 5052 relati

2264 5067 2461 5122 ibidem
2491 5083 2519 5119 τι
2541 5065 2801 5121 Gratiano
2842 5083 2881 5131 ι,
2917 5066 3167 5120 Devotam
3197 5075 3526 5135 peccantem;
3557 5080 3683 5133 cap.
3716 5068 3842 5132 108,

2264 5138 2359 5193 lib.
2395 5153 2467 5208 vt,
2496 5137 2729 5204 Capitul.
2782 5137 2959 5190 Caroli
2990 5136 3186 5208 Magni,
3233 5146 3288 5189 et
3314 5150 3433 5202 cap.
3462 5134 3591 5199 257,
3614 5135 3715 5191 lib.
3750 5154 3845 5200 vn,

2262 5217 2312 5262 ct
2332 5208 2384 5277 in
2412 5207 2502 5260 illo
2528 5208 2743 5276 quidem
2774 5207 3415 5277 prmcipitur’utrumque,
3438 5218 3633 5274 nempe
3661 5208 3843 5262 virum

2262 5288 2331 5349 et
2365 5276 2648 5349 feminam,
2698 5287 2979 5347 separatos
3026 5288 3288 5349 perpetuo
3344 5276 3571 5349 relegari
3600 5279 3843 5349 exsilio:

2266 5365 2287 5402 ι
2315 5346 2368 5402 In
2401 5347 2503 5403 hoc
2524 5356 2702 5402 autem
2734 5348 2915 5401 tandiu
2942 5346 3467 5402 submovendosesse
3491 5346 3844 5403 Christiano—

2266 5434 2383 5471 rum
2408 5429 2574 5486 coatu,
2605 5419 2794 5484 donec,
2831 5435 2849 5468 ι
2879 5418 3053 5487 inquit
3083 5415 3581 5487 Christianissimus
3605 5417 3847 5486 impera-

2262 5499 2365 5555 tor,
2400 5509 2417 5541 ι
2449 5485 2587 5558 quod
2608 5488 2789 5543 illicite
2808 5485 3260 5557 perpetravcrint,
3286 5485 3595 5558 emendeut.
3615 5485 3773 5555 Quod
3796 5490 3844 5543 si

2256 5557 2549 5631 mnendare
2606 5560 2957 5631 neglexerint.
3015 5575 3044 5613 a
3072 5557 3457 5631 communione
3484 5558 3568 5611 vel
3597 5561 3843 5631 omnium

2255 5629 2696 5703 Christianorum
2759 5630 2998 5687 convivii
3068 5630 3121 5685 in
3186 5635 3449 5703 perpetuo
3511 5630 3841 5702 sequestra“

2255 5702 2381 5757 sint.
2424 5718 2438 5753 ι
