  <div class='ocr_page' id='page_1' title='image "/cluster/home/n/w/nwhite01/storage/ocr_20150623/159/hvd.32044024236648/105.png"; bbox 0 0 3946 6306; ppageno 0'>
   <div class='ocr_carea' id='block_1_1' title="bbox 554 380 697 446">
    <p class='ocr_par' dir='ltr' id='par_1_1' title="bbox 554 380 697 446">
     <span class='ocr_line' id='line_1_1' title="bbox 554 380 697 446; baseline 0 -1"><span class='ocrx_word' id='word_1_1' title='bbox 554 380 659 446; x_wconf 70' lang='grc'><strong>195</strong></span> <span class='ocrx_word' id='word_1_2' title='bbox 689 386 697 425; x_wconf 66' lang='grc'><strong>⁷</strong></span> 
     </span>
    </p>
   </div>
   <div class='ocr_carea' id='block_1_2' title="bbox 1091 382 3264 447">
    <p class='ocr_par' dir='ltr' id='par_1_2' title="bbox 1091 382 3264 447">
     <span class='ocr_line' id='line_1_2' title="bbox 1091 382 3264 447; baseline -0.004 0"><span class='ocrx_word' id='word_1_3' title='bbox 1091 388 1152 447; x_wconf 84' lang='lat' dir='ltr'><strong>S.</strong></span> <span class='ocrx_word' id='word_1_4' title='bbox 1182 386 1480 445; x_wconf 70' lang='lat' dir='ltr'><strong>ANSELMI</strong></span> <span class='ocrx_word' id='word_1_5' title='bbox 1510 383 1862 443; x_wconf 70' lang='lat' dir='ltr'><strong>CANTUAIL</strong></span> <span class='ocrx_word' id='word_1_6' title='bbox 1902 382 2394 444; x_wconf 73' lang='lat' dir='ltr'><strong>ARClllEP.OPP.</strong></span> <span class='ocrx_word' id='word_1_7' title='bbox 2434 386 2727 445; x_wconf 67' lang='lat' dir='ltr'><strong>PAIiS&#39;lll.</strong></span> <span class='ocrx_word' id='word_1_8' title='bbox 2772 417 2841 428; x_wconf 98' lang='lat'><strong>—</strong></span> <span class='ocrx_word' id='word_1_9' title='bbox 2885 385 3264 445; x_wconf 70' lang='lat' dir='ltr'><strong>EPISTULAZ.</strong></span> 
     </span>
    </p>
   </div>
   <div class='ocr_carea' id='block_1_3' title="bbox 3801 391 3884 442">
    <p class='ocr_par' dir='ltr' id='par_1_3' title="bbox 3801 391 3884 442">
     <span class='ocr_line' id='line_1_3' title="bbox 3801 391 3884 442; baseline -0.012 0"><span class='ocrx_word' id='word_1_10' title='bbox 3801 391 3884 442; x_wconf 62' lang='grc'><strong>13</strong></span> 
     </span>
    </p>
   </div>
   <div class='ocr_carea' id='block_1_4' title="bbox 553 483 3879 574">
    <p class='ocr_par' dir='ltr' id='par_1_4' title="bbox 553 483 3879 574">
     <span class='ocr_line' id='line_1_4' title="bbox 553 483 3879 574; baseline 0 -18"><span class='ocrx_word' id='word_1_11' title='bbox 553 501 786 574; x_wconf 82' lang='lat' dir='ltr'><strong>amplius</strong></span> <span class='ocrx_word' id='word_1_12' title='bbox 826 490 893 557; x_wconf 80' lang='lat' dir='ltr'><strong>in</strong></span> <span class='ocrx_word' id='word_1_13' title='bbox 941 500 1113 559; x_wconf 82' lang='lat' dir='ltr'><strong>altare</strong></span> <span class='ocrx_word' id='word_1_14' title='bbox 1158 488 1545 574; x_wconf 75' lang='lat' dir='ltr'><strong>reputandam.</strong></span> <span class='ocrx_word' id='word_1_15' title='bbox 1585 502 1691 557; x_wconf 85' lang='lat' dir='ltr'><strong>Alii</strong></span> <span class='ocrx_word' id='word_1_16' title='bbox 1732 515 1862 557; x_wconf 82' lang='lat' dir='ltr'><strong>vero</strong></span> <span class='ocrx_word' id='word_1_17' title='bbox 1891 497 2149 555; x_wconf 73' lang='lat' dir='ltr'><strong>dicebanl</strong></span> <span class='ocrx_word' id='word_1_18' title='bbox 2178 483 2224 543; x_wconf 74' lang='grc' dir='ltr'><strong>Α</strong></span> <span class='ocrx_word' id='word_1_19' title='bbox 2250 491 2508 572; x_wconf 69' lang='lat' dir='ltr'><strong>porta&#39;ait.</strong></span> <span class='ocrx_word' id='word_1_20' title='bbox 2553 502 2791 560; x_wconf 85' lang='lat' dir='ltr'><strong>Felicem</strong></span> <span class='ocrx_word' id='word_1_21' title='bbox 2839 519 2958 569; x_wconf 89' lang='lat' dir='ltr'><strong>me,</strong></span> <span class='ocrx_word' id='word_1_22' title='bbox 3008 504 3259 573; x_wconf 85' lang='lat' dir='ltr'><strong>inquam,</strong></span> <span class='ocrx_word' id='word_1_23' title='bbox 3302 502 3348 557; x_wconf 87' lang='lat' dir='ltr'><strong>si</strong></span> <span class='ocrx_word' id='word_1_24' title='bbox 3394 505 3773 557; x_wconf 79' lang='lat' dir='ltr'><strong>meruissem</strong></span> <span class='ocrx_word' id='word_1_25' title='bbox 3812 508 3879 558; x_wconf 64' lang='lat' dir='ltr'><strong>Td</strong></span> 
     </span>
    </p>
   </div>
   <div class='ocr_carea' id='block_1_5' title="bbox 555 596 2187 661">
    <p class='ocr_par' dir='ltr' id='par_1_5' title="bbox 555 596 2187 661">
     <span class='ocr_line' id='line_1_5' title="bbox 555 596 2187 661; baseline 0.001 -13"><span class='ocrx_word' id='word_1_26' title='bbox 555 604 765 649; x_wconf 88' lang='lat' dir='ltr'><strong>tantum</strong></span> <span class='ocrx_word' id='word_1_27' title='bbox 794 596 1242 651; x_wconf 72' lang='lat' dir='ltr'><strong>reconciliandam</strong></span> <span class='ocrx_word' id='word_1_28' title='bbox 1265 638 1279 661; x_wconf 90' lang='lat'><strong>,</strong></span> <span class='ocrx_word' id='word_1_29' title='bbox 1312 598 1514 653; x_wconf 90' lang='lat' dir='ltr'><strong>nullam</strong></span> <span class='ocrx_word' id='word_1_30' title='bbox 1544 607 1724 652; x_wconf 90' lang='lat' dir='ltr'><strong>tamen</strong></span> <span class='ocrx_word' id='word_1_31' title='bbox 1754 596 2137 651; x_wconf 87' lang='lat' dir='ltr'><strong>auctoritatem</strong></span> <span class='ocrx_word' id='word_1_32' title='bbox 2186 634 2187 637; x_wconf 60' lang='grc' dir='ltr'><strong>η</strong></span> 
     </span>
    </p>
   </div>
   <div class='ocr_carea' id='block_1_6' title="bbox 550 688 2133 761">
    <p class='ocr_par' dir='ltr' id='par_1_6' title="bbox 550 688 2133 761">
     <span class='ocr_line' id='line_1_6' title="bbox 550 688 2133 761; baseline 0.001 -19"><span class='ocrx_word' id='word_1_33' title='bbox 550 688 919 744; x_wconf 86' lang='lat' dir='ltr'><strong>ostenden:es.</strong></span> <span class='ocrx_word' id='word_1_34' title='bbox 952 689 1006 743; x_wconf 89' lang='lat' dir='ltr'><strong>In</strong></span> <span class='ocrx_word' id='word_1_35' title='bbox 1040 691 1142 761; x_wconf 85' lang='lat' dir='ltr'><strong>hoc</strong></span> <span class='ocrx_word' id='word_1_36' title='bbox 1168 700 1348 746; x_wconf 87' lang='lat' dir='ltr'><strong>autem</strong></span> <span class='ocrx_word' id='word_1_37' title='bbox 1381 707 1573 747; x_wconf 91' lang='lat' dir='ltr'><strong>omnes</strong></span> <span class='ocrx_word' id='word_1_38' title='bbox 1603 691 1937 746; x_wconf 83' lang='lat' dir='ltr'><strong>concordant</strong></span> <span class='ocrx_word' id='word_1_39' title='bbox 1967 690 2133 759; x_wconf 88' lang='lat' dir='ltr'><strong>quod,</strong></span> 
     </span>
    </p>
   </div>
   <div class='ocr_carea' id='block_1_7' title="bbox 550 782 2134 853">
    <p class='ocr_par' dir='ltr' id='par_1_7' title="bbox 550 782 2134 853">
     <span class='ocr_line' id='line_1_7' title="bbox 550 782 2134 853; baseline 0.001 -18"><span class='ocrx_word' id='word_1_40' title='bbox 550 782 750 837; x_wconf 90' lang='lat' dir='ltr'><strong>violato</strong></span> <span class='ocrx_word' id='word_1_41' title='bbox 785 782 1103 853; x_wconf 85' lang='lat' dir='ltr'><strong>principali,</strong></span> <span class='ocrx_word' id='word_1_42' title='bbox 1146 792 1257 838; x_wconf 91' lang='lat' dir='ltr'><strong>tota</strong></span> <span class='ocrx_word' id='word_1_43' title='bbox 1293 784 1523 840; x_wconf 85' lang='lat' dir='ltr'><strong>ecclesia</strong></span> <span class='ocrx_word' id='word_1_44' title='bbox 1566 800 1688 839; x_wconf 90' lang='lat' dir='ltr'><strong>cum</strong></span> <span class='ocrx_word' id='word_1_45' title='bbox 1729 784 1890 839; x_wconf 92' lang='lat' dir='ltr'><strong>altari</strong></span> <span class='ocrx_word' id='word_1_46' title='bbox 1940 784 2134 839; x_wconf 88' lang='lat' dir='ltr'><strong>iterttm</strong></span> 
     </span>
    </p>
   </div>
   <div class='ocr_carea' id='block_1_8' title="bbox 548 877 2136 947">
    <p class='ocr_par' dir='ltr' id='par_1_8' title="bbox 548 877 2136 947">
     <span class='ocr_line' id='line_1_8' title="bbox 548 877 2136 947; baseline -0.003 -14"><span class='ocrx_word' id='word_1_47' title='bbox 548 881 913 941; x_wconf 87' lang='lat' dir='ltr'><strong>consecranda</strong></span> <span class='ocrx_word' id='word_1_48' title='bbox 951 888 1067 947; x_wconf 75' lang='lat' dir='ltr'><strong>est,</strong></span> <span class='ocrx_word' id='word_1_49' title='bbox 1105 895 1206 935; x_wconf 89' lang='lat' dir='ltr'><strong>nec</strong></span> <span class='ocrx_word' id='word_1_50' title='bbox 1237 880 1466 935; x_wconf 72' lang='lat' dir='ltr'><strong>ecclesia</strong></span> <span class='ocrx_word' id='word_1_51' title='bbox 1514 878 1996 947; x_wconf 86' lang='lat' dir='ltr'><strong>consecrandaest</strong></span> <span class='ocrx_word' id='word_1_52' title='bbox 2022 877 2136 930; x_wconf 85' lang='lat' dir='ltr'><strong>sine</strong></span> 
     </span>
    </p>
   </div>
   <div class='ocr_carea' id='block_1_9' title="bbox 547 967 2136 1040">
    <p class='ocr_par' dir='ltr' id='par_1_9' title="bbox 547 967 2136 1040">
     <span class='ocr_line' id='line_1_9' title="bbox 547 967 2136 1040; baseline -0.001 -17"><span class='ocrx_word' id='word_1_53' title='bbox 547 969 959 1024; x_wconf 78' lang='lat' dir='ltr'><strong>consecratione</strong></span> <span class='ocrx_word' id='word_1_54' title='bbox 989 969 1180 1025; x_wconf 86' lang='lat' dir='ltr'><strong>altaris</strong></span> <span class='ocrx_word' id='word_1_55' title='bbox 1206 1010 1220 1034; x_wconf 92' lang='lat'><strong>,</strong></span> <span class='ocrx_word' id='word_1_56' title='bbox 1266 979 1360 1025; x_wconf 87' lang='lat' dir='ltr'><strong>aut</strong></span> <span class='ocrx_word' id='word_1_57' title='bbox 1400 970 1741 1040; x_wconf 86' lang='lat' dir='ltr'><strong>principalis,</strong></span> <span class='ocrx_word' id='word_1_58' title='bbox 1784 976 1874 1022; x_wconf 87' lang='lat' dir='ltr'><strong>aut</strong></span> <span class='ocrx_word' id='word_1_59' title='bbox 1908 967 2136 1037; x_wconf 84' lang='lat' dir='ltr'><strong>alicojus</strong></span> 
     </span>
    </p>
   </div>
   <div class='ocr_carea' id='block_1_10' title="bbox 548 1057 2136 1114">
    <p class='ocr_par' dir='ltr' id='par_1_10' title="bbox 548 1057 2136 1114">
     <span class='ocr_line' id='line_1_10' title="bbox 548 1057 2136 1114; baseline -0.001 -4"><span class='ocrx_word' id='word_1_60' title='bbox 548 1057 771 1112; x_wconf 75' lang='lat' dir='ltr'><strong>alterius</strong></span> <span class='ocrx_word' id='word_1_61' title='bbox 800 1057 852 1111; x_wconf 92' lang='lat' dir='ltr'><strong>in</strong></span> <span class='ocrx_word' id='word_1_62' title='bbox 881 1058 1069 1111; x_wconf 90' lang='lat' dir='ltr'><strong>eadem</strong></span> <span class='ocrx_word' id='word_1_63' title='bbox 1100 1057 1349 1113; x_wconf 87' lang='lat' dir='ltr'><strong>ecclesia.</strong></span> <span class='ocrx_word' id='word_1_64' title='bbox 1380 1058 1435 1113; x_wconf 95' lang='lat' dir='ltr'><strong>In</strong></span> <span class='ocrx_word' id='word_1_65' title='bbox 1466 1059 1550 1114; x_wconf 88' lang='lat' dir='ltr'><strong>his</strong></span> <span class='ocrx_word' id='word_1_66' title='bbox 1582 1068 1761 1113; x_wconf 91' lang='lat' dir='ltr'><strong>autem</strong></span> <span class='ocrx_word' id='word_1_67' title='bbox 1796 1073 1983 1113; x_wconf 82' lang='lat' dir='ltr'><strong>omnes</strong></span> <span class='ocrx_word' id='word_1_68' title='bbox 2006 1072 2136 1111; x_wconf 84' lang='lat' dir='ltr'><strong>(Oll-</strong></span> 
     </span>
    </p>
   </div>
   <div class='ocr_carea' id='block_1_11' title="bbox 547 1140 2134 1219">
    <p class='ocr_par' dir='ltr' id='par_1_11' title="bbox 547 1140 2134 1219">
     <span class='ocr_line' id='line_1_11' title="bbox 547 1140 2134 1219; baseline 0 -16"><span class='ocrx_word' id='word_1_69' title='bbox 547 1149 884 1203; x_wconf 78' lang='lat' dir='ltr'><strong>coucordant</strong></span> <span class='ocrx_word' id='word_1_70' title='bbox 909 1164 1030 1204; x_wconf 91' lang='lat' dir='ltr'><strong>cum</strong></span> <span class='ocrx_word' id='word_1_71' title='bbox 1062 1151 1259 1219; x_wconf 77' lang='lat' dir='ltr'><strong>quibus</strong></span> <span class='ocrx_word' id='word_1_72' title='bbox 1290 1149 1501 1206; x_wconf 87' lang='lat' dir='ltr'><strong>locutus</strong></span> <span class='ocrx_word' id='word_1_73' title='bbox 1533 1140 1675 1216; x_wconf 79' lang='lat' dir='ltr'><strong>sum,</strong></span> <span class='ocrx_word' id='word_1_74' title='bbox 1701 1158 1925 1219; x_wconf 77' lang='lat' dir='ltr'><strong>excepta</strong></span> <span class='ocrx_word' id='word_1_75' title='bbox 1949 1150 2134 1203; x_wconf 83' lang='lat' dir='ltr'><strong>altaris</strong></span> 
     </span>
    </p>
   </div>
   <div class='ocr_carea' id='block_1_12' title="bbox 550 1239 2134 1311">
    <p class='ocr_par' dir='ltr' id='par_1_12' title="bbox 550 1239 2134 1311">
     <span class='ocr_line' id='line_1_12' title="bbox 550 1239 2134 1311; baseline -0.001 -18"><span class='ocrx_word' id='word_1_76' title='bbox 550 1255 763 1294; x_wconf 84' lang='lat' dir='ltr'><strong>mensa.</strong></span> <span class='ocrx_word' id='word_1_77' title='bbox 794 1239 927 1294; x_wconf 86' lang='lat' dir='ltr'><strong>Item</strong></span> <span class='ocrx_word' id='word_1_78' title='bbox 959 1240 1002 1295; x_wconf 92' lang='lat' dir='ltr'><strong>si</strong></span> <span class='ocrx_word' id='word_1_79' title='bbox 1040 1239 1221 1311; x_wconf 91' lang='lat' dir='ltr'><strong>aliqua</strong></span> <span class='ocrx_word' id='word_1_80' title='bbox 1251 1256 1378 1311; x_wconf 91' lang='lat' dir='ltr'><strong>pars</strong></span> <span class='ocrx_word' id='word_1_81' title='bbox 1411 1240 1655 1296; x_wconf 72' lang='lat' dir='ltr'><strong>ecclesia:</strong></span> <span class='ocrx_word' id='word_1_82' title='bbox 1694 1240 1964 1294; x_wconf 88' lang='lat' dir='ltr'><strong>destructa</strong></span> <span class='ocrx_word' id='word_1_83' title='bbox 2010 1239 2134 1294; x_wconf 90' lang='lat' dir='ltr'><strong>reﬁ-</strong></span> 
     </span>
    </p>
   </div>
   <div class='ocr_carea' id='block_1_13' title="bbox 548 1329 2134 1402">
    <p class='ocr_par' dir='ltr' id='par_1_13' title="bbox 548 1329 2134 1402">
     <span class='ocr_line' id='line_1_13' title="bbox 548 1329 2134 1402; baseline 0 -18"><span class='ocrx_word' id='word_1_84' title='bbox 548 1329 712 1394; x_wconf 88' lang='lat' dir='ltr'><strong>citur,</strong></span> <span class='ocrx_word' id='word_1_85' title='bbox 742 1338 837 1384; x_wconf 90' lang='lat' dir='ltr'><strong>aut</strong></span> <span class='ocrx_word' id='word_1_86' title='bbox 866 1345 1001 1385; x_wconf 86' lang='lat' dir='ltr'><strong>uova</strong></span> <span class='ocrx_word' id='word_1_87' title='bbox 1035 1330 1289 1386; x_wconf 72' lang='lat' dir='ltr'><strong>sitaltari</strong></span> <span class='ocrx_word' id='word_1_88' title='bbox 1340 1332 1585 1399; x_wconf 89' lang='lat' dir='ltr'><strong>immoto,</strong></span> <span class='ocrx_word' id='word_1_89' title='bbox 1633 1346 1773 1402; x_wconf 90' lang='lat' dir='ltr'><strong>aqua</strong></span> <span class='ocrx_word' id='word_1_90' title='bbox 1812 1341 2019 1386; x_wconf 79' lang='lat' dir='ltr'><strong>tan&#39;uzu</strong></span> <span class='ocrx_word' id='word_1_91' title='bbox 2064 1330 2134 1385; x_wconf 89' lang='lat' dir='ltr'><strong>ab</strong></span> 
     </span>
    </p>
   </div>
   <div class='ocr_carea' id='block_1_14' title="bbox 548 1421 2179 1495">
    <p class='ocr_par' dir='ltr' id='par_1_14' title="bbox 548 1421 2179 1495">
     <span class='ocr_line' id='line_1_14' title="bbox 548 1421 2179 1495; baseline 0.004 -21"><span class='ocrx_word' id='word_1_92' title='bbox 548 1421 807 1494; x_wconf 82' lang='lat' dir='ltr'><strong>episeopo</strong></span> <span class='ocrx_word' id='word_1_93' title='bbox 845 1424 1130 1479; x_wconf 70' lang='lat' dir='ltr'><strong>benedicta</strong></span> <span class='ocrx_word' id='word_1_94' title='bbox 1170 1427 1555 1495; x_wconf 78' lang='lat' dir='ltr'><strong>aspergendam</strong></span> <span class='ocrx_word' id='word_1_95' title='bbox 1592 1426 1798 1480; x_wconf 90' lang='lat' dir='ltr'><strong>dicunt.</strong></span> <span class='ocrx_word' id='word_1_96' title='bbox 1840 1426 1999 1481; x_wconf 83' lang='lat' dir='ltr'><strong>Ratio</strong></span> <span class='ocrx_word' id='word_1_97' title='bbox 2035 1441 2134 1480; x_wconf 85' lang='lat' dir='ltr'><strong>au-</strong></span> <span class='ocrx_word' id='word_1_98' title='bbox 2176 1430 2179 1433; x_wconf 75' lang='grc'>’</span> 
     </span>
    </p>
   </div>
   <div class='ocr_carea' id='block_1_15' title="bbox 551 1516 2133 1588">
    <p class='ocr_par' dir='ltr' id='par_1_15' title="bbox 551 1516 2133 1588">
     <span class='ocr_line' id='line_1_15' title="bbox 551 1516 2133 1588; baseline 0.005 -24"><span class='ocrx_word' id='word_1_99' title='bbox 551 1520 657 1565; x_wconf 91' lang='lat' dir='ltr'><strong>tem</strong></span> <span class='ocrx_word' id='word_1_100' title='bbox 683 1529 843 1583; x_wconf 89' lang='lat' dir='ltr'><strong>quam</strong></span> <span class='ocrx_word' id='word_1_101' title='bbox 876 1530 906 1567; x_wconf 89' lang='lat' dir='ltr'><strong>a</strong></span> <span class='ocrx_word' id='word_1_102' title='bbox 938 1530 1022 1569; x_wconf 89' lang='lat' dir='ltr'><strong>me</strong></span> <span class='ocrx_word' id='word_1_103' title='bbox 1050 1516 1391 1585; x_wconf 75' lang='lat' dir='ltr'><strong>qmesiristis,</strong></span> <span class='ocrx_word' id='word_1_104' title='bbox 1424 1518 1536 1571; x_wconf 55' lang='lat' dir='ltr'><strong>base</strong></span> <span class='ocrx_word' id='word_1_105' title='bbox 1564 1517 1697 1571; x_wconf 89' lang='lat' dir='ltr'><strong>mihi</strong></span> <span class='ocrx_word' id='word_1_106' title='bbox 1732 1517 1947 1572; x_wconf 87' lang='lat' dir='ltr'><strong>videtur</strong></span> <span class='ocrx_word' id='word_1_107' title='bbox 1971 1532 2133 1588; x_wconf 83' lang='lat' dir='ltr'><strong>super</strong></span> 
     </span>
    </p>
   </div>
   <div class='ocr_carea' id='block_1_16' title="bbox 550 1603 2131 1677">
    <p class='ocr_par' dir='ltr' id='par_1_16' title="bbox 550 1603 2131 1677">
     <span class='ocr_line' id='line_1_16' title="bbox 550 1603 2131 1677; baseline 0.004 -20"><span class='ocrx_word' id='word_1_108' title='bbox 550 1603 635 1658; x_wconf 84' lang='lat' dir='ltr'><strong>Itis</strong></span> <span class='ocrx_word' id='word_1_109' title='bbox 667 1618 683 1657; x_wconf 88' lang='lat'><strong>:</strong></span> <span class='ocrx_word' id='word_1_110' title='bbox 720 1604 906 1659; x_wconf 73' lang='lat' dir='ltr'><strong>Altarc</strong></span> <span class='ocrx_word' id='word_1_111' title='bbox 937 1620 1041 1660; x_wconf 91' lang='lat' dir='ltr'><strong>non</strong></span> <span class='ocrx_word' id='word_1_112' title='bbox 1085 1606 1146 1661; x_wconf 91' lang='lat' dir='ltr'><strong>ﬁt</strong></span> <span class='ocrx_word' id='word_1_113' title='bbox 1170 1617 1389 1677; x_wconf 85' lang='lat' dir='ltr'><strong>propter</strong></span> <span class='ocrx_word' id='word_1_114' title='bbox 1414 1607 1741 1672; x_wconf 82' lang='lat' dir='ltr'><strong>ecclesiam,</strong></span> <span class='ocrx_word' id='word_1_115' title='bbox 1779 1608 1871 1662; x_wconf 90' lang='lat' dir='ltr'><strong>sed</strong></span> <span class='ocrx_word' id='word_1_116' title='bbox 1902 1608 2131 1663; x_wconf 85' lang='lat' dir='ltr'><strong>ecclesia</strong></span> 
     </span>
    </p>
   </div>
   <div class='ocr_carea' id='block_1_17' title="bbox 549 1697 2128 1769">
    <p class='ocr_par' dir='ltr' id='par_1_17' title="bbox 549 1697 2128 1769">
     <span class='ocr_line' id='line_1_17' title="bbox 549 1697 2128 1769; baseline 0.003 -22"><span class='ocrx_word' id='word_1_117' title='bbox 549 1705 770 1766; x_wconf 87' lang='lat' dir='ltr'><strong>propter</strong></span> <span class='ocrx_word' id='word_1_118' title='bbox 818 1697 1021 1762; x_wconf 88' lang='lat' dir='ltr'><strong>altare;</strong></span> <span class='ocrx_word' id='word_1_119' title='bbox 1064 1707 1119 1753; x_wconf 91' lang='lat' dir='ltr'><strong>et</strong></span> <span class='ocrx_word' id='word_1_120' title='bbox 1164 1699 1311 1763; x_wconf 89' lang='lat' dir='ltr'><strong>ideo,</strong></span> <span class='ocrx_word' id='word_1_121' title='bbox 1357 1699 1559 1754; x_wconf 85' lang='lat' dir='ltr'><strong>violato</strong></span> <span class='ocrx_word' id='word_1_122' title='bbox 1607 1698 1891 1769; x_wconf 84' lang='lat' dir='ltr'><strong>principali</strong></span> <span class='ocrx_word' id='word_1_123' title='bbox 1942 1698 2128 1762; x_wconf 93' lang='lat' dir='ltr'><strong>altari,</strong></span> 
     </span>
    </p>
   </div>
   <div class='ocr_carea' id='block_1_18' title="bbox 2241 592 3877 663">
    <p class='ocr_par' dir='ltr' id='par_1_18' title="bbox 2241 592 3877 663">
     <span class='ocr_line' id='line_1_18' title="bbox 2241 592 3877 663; baseline 0.001 -16"><span class='ocrx_word' id='word_1_124' title='bbox 2241 608 2482 661; x_wconf 62' lang='lat' dir='ltr'><strong>praesens</strong></span> <span class='ocrx_word' id='word_1_125' title='bbox 2525 594 2768 663; x_wconf 89' lang='lat' dir='ltr'><strong>instrui,</strong></span> <span class='ocrx_word' id='word_1_126' title='bbox 2806 593 2891 649; x_wconf 88' lang='lat' dir='ltr'><strong>vel</strong></span> <span class='ocrx_word' id='word_1_127' title='bbox 2934 602 3192 663; x_wconf 82' lang='lat' dir='ltr'><strong>tanquam</strong></span> <span class='ocrx_word' id='word_1_128' title='bbox 3236 592 3540 648; x_wconf 69' lang='lat' dir='ltr'><strong>familiaris</strong></span> <span class='ocrx_word' id='word_1_129' title='bbox 3573 594 3877 663; x_wconf 70' lang='lat' dir='ltr'><strong>epistolam</strong></span> 
     </span>
    </p>
   </div>
   <div class='ocr_carea' id='block_1_19' title="bbox 2239 685 3875 754">
    <p class='ocr_par' dir='ltr' id='par_1_19' title="bbox 2239 685 3875 754">
     <span class='ocr_line' id='line_1_19' title="bbox 2239 685 3875 754; baseline 0.002 -15"><span class='ocrx_word' id='word_1_130' title='bbox 2239 685 2514 754; x_wconf 57' lang='lat' dir='ltr'><strong>suscipere</strong></span> <span class='ocrx_word' id='word_1_131' title='bbox 2542 686 2886 739; x_wconf 86' lang='lat' dir='ltr'><strong>destinatam.</strong></span> <span class='ocrx_word' id='word_1_132' title='bbox 2914 685 3026 740; x_wconf 86' lang='lat' dir='ltr'><strong>Hoc</strong></span> <span class='ocrx_word' id='word_1_133' title='bbox 3052 695 3231 741; x_wconf 89' lang='lat' dir='ltr'><strong>autem</strong></span> <span class='ocrx_word' id='word_1_134' title='bbox 3258 685 3393 739; x_wconf 88' lang='lat' dir='ltr'><strong>mihi</strong></span> <span class='ocrx_word' id='word_1_135' title='bbox 3427 685 3608 741; x_wconf 88' lang='lat' dir='ltr'><strong>locus</strong></span> <span class='ocrx_word' id='word_1_136' title='bbox 3641 688 3875 753; x_wconf 68' lang='lat' dir='ltr'><strong>invidet,</strong></span> 
     </span>
    </p>
   </div>
   <div class='ocr_carea' id='block_1_20' title="bbox 2240 776 3873 848">
    <p class='ocr_par' dir='ltr' id='par_1_20' title="bbox 2240 776 3873 848">
     <span class='ocr_line' id='line_1_20' title="bbox 2240 776 3873 848; baseline 0.002 -17"><span class='ocrx_word' id='word_1_137' title='bbox 2240 790 2343 832; x_wconf 89' lang='lat' dir='ltr'><strong>nec</strong></span> <span class='ocrx_word' id='word_1_138' title='bbox 2378 776 2544 832; x_wconf 85' lang='lat' dir='ltr'><strong>aliter</strong></span> <span class='ocrx_word' id='word_1_139' title='bbox 2588 777 2935 832; x_wconf 86' lang='lat' dir='ltr'><strong>salutationis</strong></span> <span class='ocrx_word' id='word_1_140' title='bbox 2984 777 3205 831; x_wconf 65' lang='lat' dir='ltr'><strong>indulsit</strong></span> <span class='ocrx_word' id='word_1_141' title='bbox 3243 777 3521 848; x_wconf 84' lang='lat' dir='ltr'><strong>obsequia</strong></span> <span class='ocrx_word' id='word_1_142' title='bbox 3563 779 3698 834; x_wconf 81' lang='lat' dir='ltr'><strong>nisi</strong></span> <span class='ocrx_word' id='word_1_143' title='bbox 3740 781 3873 848; x_wconf 67' lang='lat' dir='ltr'><strong>prius</strong></span> 
     </span>
    </p>
   </div>
   <div class='ocr_carea' id='block_1_21' title="bbox 2237 866 3871 937">
    <p class='ocr_par' dir='ltr' id='par_1_21' title="bbox 2237 866 3871 937">
     <span class='ocr_line' id='line_1_21' title="bbox 2237 866 3871 937; baseline 0.001 -16"><span class='ocrx_word' id='word_1_144' title='bbox 2237 866 2383 922; x_wconf 79' lang='lat' dir='ltr'><strong>orbis</strong></span> <span class='ocrx_word' id='word_1_145' title='bbox 2409 868 2688 923; x_wconf 87' lang='lat' dir='ltr'><strong>dimidium</strong></span> <span class='ocrx_word' id='word_1_146' title='bbox 2714 867 3076 923; x_wconf 83' lang='lat' dir='ltr'><strong>consultarent</strong></span> <span class='ocrx_word' id='word_1_147' title='bbox 3103 907 3120 931; x_wconf 90' lang='lat'><strong>,</strong></span> <span class='ocrx_word' id='word_1_148' title='bbox 3162 878 3380 937; x_wconf 82' lang='lat' dir='ltr'><strong>oportet</strong></span> <span class='ocrx_word' id='word_1_149' title='bbox 3412 868 3577 924; x_wconf 84' lang='lat' dir='ltr'><strong>enim</strong></span> <span class='ocrx_word' id='word_1_150' title='bbox 3622 874 3807 924; x_wconf 79' lang='lat' dir='ltr'><strong>maris</strong></span> <span class='ocrx_word' id='word_1_151' title='bbox 3832 888 3871 923; x_wconf 67' lang='lat' dir='ltr'><strong>ei</strong></span> 
     </span>
    </p>
   </div>
   <div class='ocr_carea' id='block_1_22' title="bbox 2238 958 3867 1030">
    <p class='ocr_par' dir='ltr' id='par_1_22' title="bbox 2238 958 3867 1030">
     <span class='ocr_line' id='line_1_22' title="bbox 2238 958 3867 1030; baseline 0.001 -17"><span class='ocrx_word' id='word_1_152' title='bbox 2238 958 2384 1014; x_wconf 87' lang='lat' dir='ltr'><strong>aeris</strong></span> <span class='ocrx_word' id='word_1_153' title='bbox 2404 958 2691 1029; x_wconf 78' lang='lat' dir='ltr'><strong>explorare</strong></span> <span class='ocrx_word' id='word_1_154' title='bbox 2719 958 3060 1014; x_wconf 89' lang='lat' dir='ltr'><strong>clementiam</strong></span> <span class='ocrx_word' id='word_1_155' title='bbox 3084 959 3152 990; x_wconf 73' lang='grc'><strong>⁸⁵³</strong></span> <span class='ocrx_word' id='word_1_156' title='bbox 3183 962 3227 1015; x_wconf 91' lang='lat' dir='ltr'><strong>si</strong></span> <span class='ocrx_word' id='word_1_157' title='bbox 3252 975 3415 1030; x_wconf 87' lang='lat' dir='ltr'><strong>quem</strong></span> <span class='ocrx_word' id='word_1_158' title='bbox 3443 960 3526 991; x_wconf 72' lang='grc'><strong>⁵⁸³</strong></span> <span class='ocrx_word' id='word_1_159' title='bbox 3543 958 3867 1027; x_wconf 54' lang='lat' dir='ltr'><strong>judicium</strong></span> 
     </span>
    </p>
   </div>
   <div class='ocr_carea' id='block_1_23' title="bbox 2237 1050 3863 1122">
    <p class='ocr_par' dir='ltr' id='par_1_23' title="bbox 2237 1050 3863 1122">
     <span class='ocr_line' id='line_1_23' title="bbox 2237 1050 3863 1122; baseline 0.002 -17"><span class='ocrx_word' id='word_1_160' title='bbox 2237 1050 2291 1105; x_wconf 90' lang='lat' dir='ltr'><strong>in</strong></span> <span class='ocrx_word' id='word_1_161' title='bbox 2331 1050 2522 1122; x_wconf 81' lang='lat' dir='ltr'><strong>Anglia</strong></span> <span class='ocrx_word' id='word_1_162' title='bbox 2562 1051 2928 1106; x_wconf 82' lang='lat' dir='ltr'><strong>salutandum.</strong></span> <span class='ocrx_word' id='word_1_163' title='bbox 2970 1051 3241 1107; x_wconf 71' lang='lat' dir='ltr'><strong>Cmtermu</strong></span> <span class='ocrx_word' id='word_1_164' title='bbox 3275 1053 3666 1108; x_wconf 78' lang='lat' dir='ltr'><strong>incommoda</strong></span> <span class='ocrx_word' id='word_1_165' title='bbox 3727 1071 3863 1121; x_wconf 66' lang='lat' dir='ltr'><strong>sepa-</strong></span> 
     </span>
    </p>
   </div>
   <div class='ocr_carea' id='block_1_24' title="bbox 2236 1142 3859 1215">
    <p class='ocr_par' dir='ltr' id='par_1_24' title="bbox 2236 1142 3859 1215">
     <span class='ocr_line' id='line_1_24' title="bbox 2236 1142 3859 1215; baseline -0.002 -19"><span class='ocrx_word' id='word_1_166' title='bbox 2236 1142 2461 1198; x_wconf 62' lang='lat' dir='ltr'><strong>ratiouis</strong></span> <span class='ocrx_word' id='word_1_167' title='bbox 2497 1142 2780 1199; x_wconf 84' lang='lat' dir='ltr'><strong>cbaritatis</strong></span> <span class='ocrx_word' id='word_1_168' title='bbox 2817 1143 3008 1212; x_wconf 90' lang='lat' dir='ltr'><strong>copula</strong></span> <span class='ocrx_word' id='word_1_169' title='bbox 3042 1144 3378 1214; x_wconf 72' lang='lat' dir='ltr'><strong>supplentur,</strong></span> <span class='ocrx_word' id='word_1_170' title='bbox 3405 1160 3545 1215; x_wconf 74' lang='lat' dir='ltr'><strong>qua:</strong></span> <span class='ocrx_word' id='word_1_171' title='bbox 3580 1148 3859 1200; x_wconf 62' lang='lat' dir='ltr'><strong>nemiuem</strong></span> 
     </span>
    </p>
   </div>
   <div class='ocr_carea' id='block_1_25' title="bbox 2236 1233 3860 1302">
    <p class='ocr_par' dir='ltr' id='par_1_25' title="bbox 2236 1233 3860 1302">
     <span class='ocr_line' id='line_1_25' title="bbox 2236 1233 3860 1302; baseline 0.002 -16"><span class='ocrx_word' id='word_1_172' title='bbox 2236 1233 2439 1302; x_wconf 89' lang='lat' dir='ltr'><strong>patitur</strong></span> <span class='ocrx_word' id='word_1_173' title='bbox 2469 1249 2592 1290; x_wconf 83' lang='lat' dir='ltr'><strong>esse</strong></span> <span class='ocrx_word' id='word_1_174' title='bbox 2617 1234 2773 1290; x_wconf 81' lang='lat' dir='ltr'><strong>vobis</strong></span> <span class='ocrx_word' id='word_1_175' title='bbox 2800 1234 2869 1266; x_wconf 75' lang='lat'><strong>“&quot;</strong></span> <span class='ocrx_word' id='word_1_176' title='bbox 2894 1235 3204 1300; x_wconf 86' lang='lat' dir='ltr'><strong>absentem,</strong></span> <span class='ocrx_word' id='word_1_177' title='bbox 3233 1236 3521 1289; x_wconf 85' lang='lat' dir='ltr'><strong>neminem</strong></span> <span class='ocrx_word' id='word_1_178' title='bbox 3560 1252 3694 1292; x_wconf 82' lang='lat' dir='ltr'><strong>non</strong></span> <span class='ocrx_word' id='word_1_179' title='bbox 3725 1239 3860 1291; x_wconf 59' lang='lat' dir='ltr'><strong>fana-</strong></span> 
     </span>
    </p>
   </div>
   <div class='ocr_carea' id='block_1_26' title="bbox 2235 1312 3901 1397">
    <p class='ocr_par' dir='ltr' id='par_1_26' title="bbox 2235 1312 3901 1397">
     <span class='ocr_line' id='line_1_26' title="bbox 2235 1312 3901 1397; baseline 0.001 -18"><span class='ocrx_word' id='word_1_180' title='bbox 2235 1325 2446 1383; x_wconf 86' lang='lat' dir='ltr'><strong>liarem.</strong></span> <span class='ocrx_word' id='word_1_181' title='bbox 2476 1328 2551 1383; x_wconf 88' lang='lat' dir='ltr'><strong>Ea</strong></span> <span class='ocrx_word' id='word_1_182' title='bbox 2580 1312 2710 1383; x_wconf 88' lang='lat' dir='ltr'><strong>nihil</strong></span> <span class='ocrx_word' id='word_1_183' title='bbox 2742 1336 2827 1383; x_wconf 92' lang='lat' dir='ltr'><strong>est</strong></span> <span class='ocrx_word' id='word_1_184' title='bbox 2855 1326 3132 1393; x_wconf 77' lang='lat' dir='ltr'><strong>diffusius;</strong></span> <span class='ocrx_word' id='word_1_185' title='bbox 3166 1343 3263 1397; x_wconf 89' lang='lat' dir='ltr'><strong>par</strong></span> <span class='ocrx_word' id='word_1_186' title='bbox 3290 1328 3442 1383; x_wconf 90' lang='lat' dir='ltr'><strong>enim</strong></span> <span class='ocrx_word' id='word_1_187' title='bbox 3498 1328 3768 1382; x_wconf 63' lang='lat' dir='ltr'><strong>latitudo</strong></span> <span class='ocrx_word' id='word_1_188' title='bbox 3794 1342 3857 1381; x_wconf 59' lang='lat' dir='ltr'><strong>at</strong></span> <span class='ocrx_word' id='word_1_189' title='bbox 3900 1326 3901 1397; x_wconf 46' lang='grc' dir='ltr'><strong>ᾗ</strong></span> 
     </span>
    </p>
   </div>
   <div class='ocr_carea' id='block_1_27' title="bbox 2234 1420 3853 1491">
    <p class='ocr_par' dir='ltr' id='par_1_27' title="bbox 2234 1420 3853 1491">
     <span class='ocr_line' id='line_1_27' title="bbox 2234 1420 3853 1491; baseline -0.001 -16"><span class='ocrx_word' id='word_1_190' title='bbox 2234 1420 2603 1476; x_wconf 82' lang='lat' dir='ltr'><strong>etcharitatis</strong></span> <span class='ocrx_word' id='word_1_191' title='bbox 2641 1430 2696 1476; x_wconf 90' lang='lat' dir='ltr'><strong>et</strong></span> <span class='ocrx_word' id='word_1_192' title='bbox 2732 1421 2940 1475; x_wconf 88' lang='lat' dir='ltr'><strong>mundi.</strong></span> <span class='ocrx_word' id='word_1_193' title='bbox 2984 1420 3236 1476; x_wconf 80' lang='lat' dir='ltr'><strong>Charitas</strong></span> <span class='ocrx_word' id='word_1_194' title='bbox 3276 1420 3675 1489; x_wconf 77' lang='lat' dir='ltr'><strong>ampleCtitur</strong></span> <span class='ocrx_word' id='word_1_195' title='bbox 3715 1423 3853 1491; x_wconf 70' lang='lat' dir='ltr'><strong>quii-</strong></span> 
     </span>
    </p>
   </div>
   <div class='ocr_carea' id='block_1_28' title="bbox 2235 1512 3850 1582">
    <p class='ocr_par' dir='ltr' id='par_1_28' title="bbox 2235 1512 3850 1582">
     <span class='ocr_line' id='line_1_28' title="bbox 2235 1512 3850 1582; baseline 0.002 -20"><span class='ocrx_word' id='word_1_196' title='bbox 2235 1512 2364 1582; x_wconf 90' lang='lat' dir='ltr'><strong>quid</strong></span> <span class='ocrx_word' id='word_1_197' title='bbox 2413 1512 2685 1568; x_wconf 86' lang='lat' dir='ltr'><strong>Oceanus.</strong></span> <span class='ocrx_word' id='word_1_198' title='bbox 2738 1512 2988 1568; x_wconf 86' lang='lat' dir='ltr'><strong>Charitas</strong></span> <span class='ocrx_word' id='word_1_199' title='bbox 3036 1514 3090 1567; x_wconf 93' lang='lat' dir='ltr'><strong>iu</strong></span> <span class='ocrx_word' id='word_1_200' title='bbox 3140 1514 3385 1569; x_wconf 86' lang='lat' dir='ltr'><strong>sacrario</strong></span> <span class='ocrx_word' id='word_1_201' title='bbox 3425 1515 3779 1570; x_wconf 83' lang='lat' dir='ltr'><strong>dilectionis</strong></span> <span class='ocrx_word' id='word_1_202' title='bbox 3816 1532 3850 1566; x_wconf 71' lang='lat' dir='ltr'><strong>tl</strong></span> 
     </span>
    </p>
   </div>
   <div class='ocr_carea' id='block_1_29' title="bbox 2234 1600 3847 1675">
    <p class='ocr_par' dir='ltr' id='par_1_29' title="bbox 2234 1600 3847 1675">
     <span class='ocr_line' id='line_1_29' title="bbox 2234 1600 3847 1675; baseline 0.001 -19"><span class='ocrx_word' id='word_1_203' title='bbox 2234 1601 2468 1657; x_wconf 89' lang='lat' dir='ltr'><strong>amicum</strong></span> <span class='ocrx_word' id='word_1_204' title='bbox 2491 1600 2695 1671; x_wconf 78' lang='lat' dir='ltr'><strong>colligit</strong></span> <span class='ocrx_word' id='word_1_205' title='bbox 2719 1602 2772 1657; x_wconf 90' lang='lat' dir='ltr'><strong>in</strong></span> <span class='ocrx_word' id='word_1_206' title='bbox 2805 1603 2995 1669; x_wconf 89' lang='lat' dir='ltr'><strong>Deum,</strong></span> <span class='ocrx_word' id='word_1_207' title='bbox 3016 1614 3071 1657; x_wconf 90' lang='lat' dir='ltr'><strong>et</strong></span> <span class='ocrx_word' id='word_1_208' title='bbox 3094 1604 3371 1658; x_wconf 89' lang='lat' dir='ltr'><strong>inimicum</strong></span> <span class='ocrx_word' id='word_1_209' title='bbox 3397 1614 3661 1675; x_wconf 82' lang='lat' dir='ltr'><strong>propter</strong></span> <span class='ocrx_word' id='word_1_210' title='bbox 3678 1605 3847 1659; x_wconf 52' lang='lat' dir='ltr'><strong>Deum.</strong></span> 
     </span>
    </p>
   </div>
   <div class='ocr_carea' id='block_1_30' title="bbox 2233 1697 3901 1767">
    <p class='ocr_par' dir='ltr' id='par_1_30' title="bbox 2233 1697 3901 1767">
     <span class='ocr_line' id='line_1_30' title="bbox 2233 1697 3901 1767; baseline -0.002 -15"><span class='ocrx_word' id='word_1_211' title='bbox 2233 1697 2437 1753; x_wconf 89' lang='lat' dir='ltr'><strong>Eadem</strong></span> <span class='ocrx_word' id='word_1_212' title='bbox 2469 1697 2693 1767; x_wconf 77' lang='lat' dir='ltr'><strong>diligere</strong></span> <span class='ocrx_word' id='word_1_213' title='bbox 2721 1712 2825 1751; x_wconf 89' lang='lat' dir='ltr'><strong>non</strong></span> <span class='ocrx_word' id='word_1_214' title='bbox 2855 1697 3074 1761; x_wconf 90' lang='lat' dir='ltr'><strong>desinit,</strong></span> <span class='ocrx_word' id='word_1_215' title='bbox 3096 1714 3221 1752; x_wconf 89' lang='lat' dir='ltr'><strong>eum</strong></span> <span class='ocrx_word' id='word_1_216' title='bbox 3251 1697 3401 1764; x_wconf 70' lang='lat' dir='ltr'><strong>diligi</strong></span> <span class='ocrx_word' id='word_1_217' title='bbox 3438 1697 3845 1752; x_wconf 64' lang='lat' dir='ltr'><strong>dcsinatur‘”.</strong></span> <span class='ocrx_word' id='word_1_218' title='bbox 3894 1697 3901 1767; x_wconf 68' lang='lat'>1</span> 
     </span>
    </p>
   </div>
   <div class='ocr_carea' id='block_1_31' title="bbox 542 1784 3843 1883">
    <p class='ocr_par' dir='ltr' id='par_1_31' title="bbox 542 1784 3843 1883">
     <span class='ocr_line' id='line_1_31' title="bbox 542 1784 3843 1883; baseline 0.001 -46"><span class='ocrx_word' id='word_1_219' title='bbox 542 1784 656 1853; x_wconf 87' lang='lat' dir='ltr'><strong>jam</strong></span> <span class='ocrx_word' id='word_1_220' title='bbox 698 1799 801 1839; x_wconf 91' lang='lat' dir='ltr'><strong>nou</strong></span> <span class='ocrx_word' id='word_1_221' title='bbox 833 1786 1046 1841; x_wconf 89' lang='lat' dir='ltr'><strong>videtur</strong></span> <span class='ocrx_word' id='word_1_222' title='bbox 1083 1802 1203 1843; x_wconf 89' lang='lat' dir='ltr'><strong>esse</strong></span> <span class='ocrx_word' id='word_1_223' title='bbox 1238 1788 1470 1844; x_wconf 84' lang='lat' dir='ltr'><strong>ecclesia</strong></span> <span class='ocrx_word' id='word_1_224' title='bbox 1501 1806 1516 1842; x_wconf 91' lang='lat'><strong>:</strong></span> <span class='ocrx_word' id='word_1_225' title='bbox 1553 1790 1679 1860; x_wconf 89' lang='lat' dir='ltr'><strong>quia</strong></span> <span class='ocrx_word' id='word_1_226' title='bbox 1728 1805 1833 1844; x_wconf 92' lang='lat' dir='ltr'><strong>non</strong></span> <span class='ocrx_word' id='word_1_227' title='bbox 1876 1798 1960 1844; x_wconf 90' lang='lat' dir='ltr'><strong>est</strong></span> <span class='ocrx_word' id='word_1_228' title='bbox 1983 1790 2130 1860; x_wconf 40' lang='lat' dir='ltr'><strong>.illud</strong></span> <span class='ocrx_word' id='word_1_229' title='bbox 2165 1824 2207 1883; x_wconf 73' lang='grc' dir='ltr'><strong>Β</strong></span> <span class='ocrx_word' id='word_1_230' title='bbox 2238 1789 2440 1845; x_wconf 89' lang='lat' dir='ltr'><strong>Omnes</strong></span> <span class='ocrx_word' id='word_1_231' title='bbox 2474 1790 2637 1845; x_wconf 86' lang='lat' dir='ltr'><strong>habet</strong></span> <span class='ocrx_word' id='word_1_232' title='bbox 2672 1802 2985 1860; x_wconf 69' lang='lat' dir='ltr'><strong>prmsentes,</strong></span> <span class='ocrx_word' id='word_1_233' title='bbox 3013 1806 3207 1865; x_wconf 87' lang='lat' dir='ltr'><strong>oumes</strong></span> <span class='ocrx_word' id='word_1_234' title='bbox 3237 1790 3461 1853; x_wconf 85' lang='lat' dir='ltr'><strong>alliues;</strong></span> <span class='ocrx_word' id='word_1_235' title='bbox 3504 1793 3740 1861; x_wconf 85' lang='lat' dir='ltr'><strong>quibus</strong></span> <span class='ocrx_word' id='word_1_236' title='bbox 3766 1810 3843 1844; x_wconf 70' lang='lat' dir='ltr'><strong>nea</strong></span> 
     </span>
    </p>
   </div>
   <div class='ocr_carea' id='block_1_32' title="bbox 547 1878 2131 1946">
    <p class='ocr_par' dir='ltr' id='par_1_32' title="bbox 547 1878 2131 1946">
     <span class='ocr_line' id='line_1_32' title="bbox 547 1878 2131 1946; baseline 0.007 -20"><span class='ocrx_word' id='word_1_237' title='bbox 547 1883 767 1945; x_wconf 81' lang='lat' dir='ltr'><strong>prapter</strong></span> <span class='ocrx_word' id='word_1_238' title='bbox 811 1878 954 1946; x_wconf 87' lang='lat' dir='ltr'><strong>quod</strong></span> <span class='ocrx_word' id='word_1_239' title='bbox 1000 1878 1231 1933; x_wconf 87' lang='lat' dir='ltr'><strong>ecclesia</strong></span> <span class='ocrx_word' id='word_1_240' title='bbox 1275 1881 1611 1935; x_wconf 80' lang='lat' dir='ltr'><strong>conStruitur</strong></span> <span class='ocrx_word' id='word_1_241' title='bbox 1656 1889 1711 1935; x_wconf 91' lang='lat' dir='ltr'><strong>et</strong></span> <span class='ocrx_word' id='word_1_242' title='bbox 1759 1892 2131 1937; x_wconf 90' lang='lat' dir='ltr'><strong>consecratur.</strong></span> 
     </span>
    </p>
   </div>
   <div class='ocr_carea' id='block_1_33' title="bbox 545 1962 2177 2038">
    <p class='ocr_par' dir='ltr' id='par_1_33' title="bbox 545 1962 2177 2038">
     <span class='ocr_line' id='line_1_33' title="bbox 545 1962 2177 2038; baseline 0.006 -22"><span class='ocrx_word' id='word_1_243' title='bbox 545 1962 889 2036; x_wconf 85' lang='lat' dir='ltr'><strong>Quapropter</strong></span> <span class='ocrx_word' id='word_1_244' title='bbox 921 1982 1044 2021; x_wconf 90' lang='lat' dir='ltr'><strong>cum</strong></span> <span class='ocrx_word' id='word_1_245' title='bbox 1076 1968 1206 2023; x_wconf 89' lang='lat' dir='ltr'><strong>illud</strong></span> <span class='ocrx_word' id='word_1_246' title='bbox 1239 1968 1298 2023; x_wconf 91' lang='lat' dir='ltr'><strong>ﬁt</strong></span> <span class='ocrx_word' id='word_1_247' title='bbox 1326 1985 1560 2038; x_wconf 89' lang='lat' dir='ltr'><strong>novum,</strong></span> <span class='ocrx_word' id='word_1_248' title='bbox 1594 1984 1741 2027; x_wconf 88' lang='lat' dir='ltr'><strong>recte</strong></span> <span class='ocrx_word' id='word_1_249' title='bbox 1774 1973 1986 2027; x_wconf 89' lang='lat' dir='ltr'><strong>videtur</strong></span> <span class='ocrx_word' id='word_1_250' title='bbox 2011 1989 2132 2027; x_wconf 91' lang='lat' dir='ltr'><strong>cum</strong></span> <span class='ocrx_word' id='word_1_251' title='bbox 2174 2022 2177 2025; x_wconf 37' lang='grc' dir='ltr'><strong><em>λ</em></strong></span> 
     </span>
    </p>
   </div>
   <div class='ocr_carea' id='block_1_34' title="bbox 543 2057 2133 2130">
    <p class='ocr_par' dir='ltr' id='par_1_34' title="bbox 543 2057 2133 2130">
     <span class='ocr_line' id='line_1_34' title="bbox 543 2057 2133 2130; baseline 0.006 -22"><span class='ocrx_word' id='word_1_252' title='bbox 543 2068 611 2108; x_wconf 88' lang='lat' dir='ltr'><strong>eo</strong></span> <span class='ocrx_word' id='word_1_253' title='bbox 639 2057 951 2112; x_wconf 88' lang='lat' dir='ltr'><strong>consecrari</strong></span> <span class='ocrx_word' id='word_1_254' title='bbox 992 2073 1090 2128; x_wconf 90' lang='lat' dir='ltr'><strong>per</strong></span> <span class='ocrx_word' id='word_1_255' title='bbox 1127 2061 1273 2130; x_wconf 90' lang='lat' dir='ltr'><strong>quod</strong></span> <span class='ocrx_word' id='word_1_256' title='bbox 1298 2062 1498 2130; x_wconf 84' lang='lat' dir='ltr'><strong>recipit</strong></span> <span class='ocrx_word' id='word_1_257' title='bbox 1540 2072 1599 2116; x_wconf 94' lang='lat' dir='ltr'><strong>ut</strong></span> <span class='ocrx_word' id='word_1_258' title='bbox 1640 2061 1713 2117; x_wconf 90' lang='lat' dir='ltr'><strong>sit</strong></span> <span class='ocrx_word' id='word_1_259' title='bbox 1760 2063 2016 2118; x_wconf 83' lang='lat' dir='ltr'><strong>ecclesia.</strong></span> <span class='ocrx_word' id='word_1_260' title='bbox 2059 2064 2133 2119; x_wconf 90' lang='lat' dir='ltr'><strong>De</strong></span> 
     </span>
    </p>
   </div>
   <div class='ocr_carea' id='block_1_35' title="bbox 544 2149 2179 2225">
    <p class='ocr_par' dir='ltr' id='par_1_35' title="bbox 544 2149 2179 2225">
     <span class='ocr_line' id='line_1_35' title="bbox 544 2149 2179 2225; baseline 0.007 -25"><span class='ocrx_word' id='word_1_261' title='bbox 544 2156 693 2202; x_wconf 91' lang='lat' dir='ltr'><strong>moto</strong></span> <span class='ocrx_word' id='word_1_262' title='bbox 739 2149 895 2204; x_wconf 87' lang='lat' dir='ltr'><strong>altari</strong></span> <span class='ocrx_word' id='word_1_263' title='bbox 941 2150 1140 2206; x_wconf 85' lang='lat' dir='ltr'><strong>iterum</strong></span> <span class='ocrx_word' id='word_1_264' title='bbox 1180 2154 1556 2208; x_wconf 88' lang='lat' dir='ltr'><strong>consecrando</strong></span> <span class='ocrx_word' id='word_1_265' title='bbox 1592 2154 1708 2210; x_wconf 69' lang='lat' dir='ltr'><strong>lure</strong></span> <span class='ocrx_word' id='word_1_266' title='bbox 1746 2169 1968 2225; x_wconf 85' lang='lat' dir='ltr'><strong>quoque</strong></span> <span class='ocrx_word' id='word_1_267' title='bbox 2002 2157 2132 2211; x_wconf 89' lang='lat' dir='ltr'><strong>mihi</strong></span> <span class='ocrx_word' id='word_1_268' title='bbox 2176 2204 2179 2211; x_wconf 43' lang='grc' dir='ltr'><strong><em>λ</em></strong></span> 
     </span>
    </p>
   </div>
   <div class='ocr_carea' id='block_1_36' title="bbox 547 2238 2137 2303">
    <p class='ocr_par' dir='ltr' id='par_1_36' title="bbox 547 2238 2137 2303">
     <span class='ocr_line' id='line_1_36' title="bbox 547 2238 2137 2303; baseline 0.009 -14"><span class='ocrx_word' id='word_1_269' title='bbox 547 2238 684 2292; x_wconf 89' lang='lat' dir='ltr'><strong>ratio</strong></span> <span class='ocrx_word' id='word_1_270' title='bbox 734 2240 988 2295; x_wconf 88' lang='lat' dir='ltr'><strong>videtur:</strong></span> <span class='ocrx_word' id='word_1_271' title='bbox 1020 2242 1195 2297; x_wconf 86' lang='lat' dir='ltr'><strong>altare</strong></span> <span class='ocrx_word' id='word_1_272' title='bbox 1236 2242 1409 2299; x_wconf 89' lang='lat' dir='ltr'><strong>vicem</strong></span> <span class='ocrx_word' id='word_1_273' title='bbox 1447 2244 1572 2300; x_wconf 88' lang='lat' dir='ltr'><strong>ﬁdei</strong></span> <span class='ocrx_word' id='word_1_274' title='bbox 1612 2244 1934 2302; x_wconf 63' lang='lat' dir='ltr'><strong>Christianae</strong></span> <span class='ocrx_word' id='word_1_275' title='bbox 1990 2256 2137 2303; x_wconf 89' lang='lat' dir='ltr'><strong>tenet</strong></span> 
     </span>
    </p>
   </div>
   <div class='ocr_carea' id='block_1_37' title="bbox 552 2335 2137 2402">
    <p class='ocr_par' dir='ltr' id='par_1_37' title="bbox 552 2335 2137 2402">
     <span class='ocr_line' id='line_1_37' title="bbox 552 2335 2137 2402; baseline 0.009 -16"><span class='ocrx_word' id='word_1_276' title='bbox 552 2342 636 2401; x_wconf 90' lang='lat' dir='ltr'><strong>ut,</strong></span> <span class='ocrx_word' id='word_1_277' title='bbox 672 2335 815 2391; x_wconf 85' lang='lat' dir='ltr'><strong>sicut</strong></span> <span class='ocrx_word' id='word_1_278' title='bbox 844 2352 950 2392; x_wconf 88' lang='lat' dir='ltr'><strong>non</strong></span> <span class='ocrx_word' id='word_1_279' title='bbox 981 2338 1084 2394; x_wconf 88' lang='lat' dir='ltr'><strong>nisi</strong></span> <span class='ocrx_word' id='word_1_280' title='bbox 1109 2338 1161 2394; x_wconf 89' lang='lat' dir='ltr'><strong>in</strong></span> <span class='ocrx_word' id='word_1_281' title='bbox 1188 2339 1347 2396; x_wconf 91' lang='lat' dir='ltr'><strong>altari</strong></span> <span class='ocrx_word' id='word_1_282' title='bbox 1378 2342 1703 2399; x_wconf 89' lang='lat' dir='ltr'><strong>sacriﬁcium</strong></span> <span class='ocrx_word' id='word_1_283' title='bbox 1736 2354 1978 2400; x_wconf 89' lang='lat' dir='ltr'><strong>nostrum</strong></span> <span class='ocrx_word' id='word_1_284' title='bbox 2006 2346 2137 2402; x_wconf 80' lang='lat' dir='ltr'><strong>olfe-</strong></span> 
     </span>
    </p>
   </div>
   <div class='ocr_carea' id='block_1_38' title="bbox 546 2426 2132 2495">
    <p class='ocr_par' dir='ltr' id='par_1_38' title="bbox 546 2426 2132 2495">
     <span class='ocr_line' id='line_1_38' title="bbox 546 2426 2132 2495; baseline 0.009 -16"><span class='ocrx_word' id='word_1_285' title='bbox 546 2426 739 2495; x_wconf 87' lang='lat' dir='ltr'><strong>rimus,</strong></span> <span class='ocrx_word' id='word_1_286' title='bbox 785 2429 858 2483; x_wconf 90' lang='lat' dir='ltr'><strong>ita</strong></span> <span class='ocrx_word' id='word_1_287' title='bbox 902 2445 1008 2485; x_wconf 88' lang='lat' dir='ltr'><strong>non</strong></span> <span class='ocrx_word' id='word_1_288' title='bbox 1058 2431 1166 2487; x_wconf 90' lang='lat' dir='ltr'><strong>nisi</strong></span> <span class='ocrx_word' id='word_1_289' title='bbox 1212 2442 1365 2490; x_wconf 90' lang='lat' dir='ltr'><strong>recta</strong></span> <span class='ocrx_word' id='word_1_290' title='bbox 1408 2434 1513 2491; x_wconf 90' lang='lat' dir='ltr'><strong>ﬁde</strong></span> <span class='ocrx_word' id='word_1_291' title='bbox 1557 2436 1825 2491; x_wconf 89' lang='lat' dir='ltr'><strong>sacriﬁcia</strong></span> <span class='ocrx_word' id='word_1_292' title='bbox 1869 2439 2132 2493; x_wconf 88' lang='lat' dir='ltr'><strong>bonorum</strong></span> 
     </span>
    </p>
   </div>
   <div class='ocr_carea' id='block_1_39' title="bbox 546 2519 2135 2599">
    <p class='ocr_par' dir='ltr' id='par_1_39' title="bbox 546 2519 2135 2599">
     <span class='ocr_line' id='line_1_39' title="bbox 546 2519 2135 2599; baseline 0.009 -27"><span class='ocrx_word' id='word_1_293' title='bbox 546 2533 773 2587; x_wconf 88' lang='lat' dir='ltr'><strong>operum</strong></span> <span class='ocrx_word' id='word_1_294' title='bbox 801 2519 1110 2589; x_wconf 88' lang='lat' dir='ltr'><strong>offeramus,</strong></span> <span class='ocrx_word' id='word_1_295' title='bbox 1141 2524 1186 2580; x_wconf 91' lang='lat' dir='ltr'><strong>si</strong></span> <span class='ocrx_word' id='word_1_296' title='bbox 1217 2536 1273 2581; x_wconf 90' lang='lat' dir='ltr'><strong>et</strong></span> <span class='ocrx_word' id='word_1_297' title='bbox 1298 2525 1410 2582; x_wconf 88' lang='lat' dir='ltr'><strong>Deo</strong></span> <span class='ocrx_word' id='word_1_298' title='bbox 1439 2526 1654 2599; x_wconf 89' lang='lat' dir='ltr'><strong>placere</strong></span> <span class='ocrx_word' id='word_1_299' title='bbox 1684 2530 1952 2585; x_wconf 88' lang='lat' dir='ltr'><strong>volumus.</strong></span> <span class='ocrx_word' id='word_1_300' title='bbox 1982 2531 2135 2588; x_wconf 81' lang='lat' dir='ltr'><strong>Sicut</strong></span> 
     </span>
    </p>
   </div>
   <div class='ocr_carea' id='block_1_40' title="bbox 549 2607 2137 2689">
    <p class='ocr_par' dir='ltr' id='par_1_40' title="bbox 549 2607 2137 2689">
     <span class='ocr_line' id='line_1_40' title="bbox 549 2607 2137 2689; baseline 0.01 -28"><span class='ocrx_word' id='word_1_301' title='bbox 549 2607 715 2677; x_wconf 73' lang='lat' dir='ltr'><strong>igitur</strong></span> <span class='ocrx_word' id='word_1_302' title='bbox 744 2610 877 2666; x_wconf 89' lang='lat' dir='ltr'><strong>ﬁdes</strong></span> <span class='ocrx_word' id='word_1_303' title='bbox 898 2625 1042 2667; x_wconf 82' lang='lat' dir='ltr'><strong>mata</strong></span> <span class='ocrx_word' id='word_1_304' title='bbox 1072 2628 1107 2668; x_wconf 86' lang='lat' dir='ltr'><strong>a</strong></span> <span class='ocrx_word' id='word_1_305' title='bbox 1133 2630 1232 2670; x_wconf 91' lang='lat' dir='ltr'><strong>suo</strong></span> <span class='ocrx_word' id='word_1_306' title='bbox 1261 2615 1615 2674; x_wconf 88' lang='lat' dir='ltr'><strong>fundamento</strong></span> <span class='ocrx_word' id='word_1_307' title='bbox 1634 2658 1651 2685; x_wconf 93' lang='lat'><strong>,</strong></span> <span class='ocrx_word' id='word_1_308' title='bbox 1687 2620 1831 2689; x_wconf 91' lang='lat' dir='ltr'><strong>quod</strong></span> <span class='ocrx_word' id='word_1_309' title='bbox 1864 2630 1949 2676; x_wconf 78' lang='lat' dir='ltr'><strong>est</strong></span> <span class='ocrx_word' id='word_1_310' title='bbox 1977 2622 2137 2678; x_wconf 70' lang='lat' dir='ltr'><strong>Clari-</strong></span> 
     </span>
    </p>
   </div>
   <div class='ocr_carea' id='block_1_41' title="bbox 547 2704 2134 2779">
    <p class='ocr_par' dir='ltr' id='par_1_41' title="bbox 547 2704 2134 2779">
     <span class='ocr_line' id='line_1_41' title="bbox 547 2704 2134 2779; baseline 0.011 -26"><span class='ocrx_word' id='word_1_311' title='bbox 547 2710 682 2766; x_wconf 89' lang='lat' dir='ltr'><strong>stus,</strong></span> <span class='ocrx_word' id='word_1_312' title='bbox 705 2709 760 2756; x_wconf 91' lang='lat' dir='ltr'><strong>et</strong></span> <span class='ocrx_word' id='word_1_313' title='bbox 789 2718 819 2757; x_wconf 88' lang='lat' dir='ltr'><strong>a</strong></span> <span class='ocrx_word' id='word_1_314' title='bbox 842 2719 939 2759; x_wconf 88' lang='lat' dir='ltr'><strong>sua</strong></span> <span class='ocrx_word' id='word_1_315' title='bbox 962 2704 1273 2771; x_wconf 87' lang='lat' dir='ltr'><strong>stabilitate,</strong></span> <span class='ocrx_word' id='word_1_316' title='bbox 1300 2708 1412 2779; x_wconf 88' lang='lat' dir='ltr'><strong>jam</strong></span> <span class='ocrx_word' id='word_1_317' title='bbox 1439 2724 1546 2764; x_wconf 93' lang='lat' dir='ltr'><strong>non</strong></span> <span class='ocrx_word' id='word_1_318' title='bbox 1575 2718 1660 2765; x_wconf 87' lang='lat' dir='ltr'><strong>est</strong></span> <span class='ocrx_word' id='word_1_319' title='bbox 1682 2709 1839 2779; x_wconf 88' lang='lat' dir='ltr'><strong>ﬁdes,</strong></span> <span class='ocrx_word' id='word_1_320' title='bbox 1858 2710 1931 2767; x_wconf 89' lang='lat' dir='ltr'><strong>ita</strong></span> <span class='ocrx_word' id='word_1_321' title='bbox 1961 2712 2134 2771; x_wconf 91' lang='lat' dir='ltr'><strong>altare</strong></span> 
     </span>
    </p>
   </div>
   <div class='ocr_carea' id='block_1_42' title="bbox 547 2794 2135 2871">
    <p class='ocr_par' dir='ltr' id='par_1_42' title="bbox 547 2794 2135 2871">
     <span class='ocr_line' id='line_1_42' title="bbox 547 2794 2135 2871; baseline 0.011 -27"><span class='ocrx_word' id='word_1_322' title='bbox 547 2800 753 2847; x_wconf 90' lang='lat' dir='ltr'><strong>motum</strong></span> <span class='ocrx_word' id='word_1_323' title='bbox 787 2810 818 2848; x_wconf 89' lang='lat' dir='ltr'><strong>a</strong></span> <span class='ocrx_word' id='word_1_324' title='bbox 858 2810 958 2865; x_wconf 89' lang='lat' dir='ltr'><strong>suo</strong></span> <span class='ocrx_word' id='word_1_325' title='bbox 995 2794 1350 2856; x_wconf 81' lang='lat' dir='ltr'><strong>fundamento</strong></span> <span class='ocrx_word' id='word_1_326' title='bbox 1382 2800 1498 2869; x_wconf 85' lang='lat' dir='ltr'><strong>jam</strong></span> <span class='ocrx_word' id='word_1_327' title='bbox 1535 2816 1640 2856; x_wconf 92' lang='lat' dir='ltr'><strong>nou</strong></span> <span class='ocrx_word' id='word_1_328' title='bbox 1672 2811 1755 2857; x_wconf 89' lang='lat' dir='ltr'><strong>est</strong></span> <span class='ocrx_word' id='word_1_329' title='bbox 1788 2801 1989 2871; x_wconf 79' lang='lat' dir='ltr'><strong>altare;</strong></span> <span class='ocrx_word' id='word_1_330' title='bbox 2019 2806 2135 2861; x_wconf 86' lang='lat' dir='ltr'><strong>sive</strong></span> 
     </span>
    </p>
   </div>
   <div class='ocr_carea' id='block_1_43' title="bbox 547 2884 2135 2960">
    <p class='ocr_par' dir='ltr' id='par_1_43' title="bbox 547 2884 2135 2960">
     <span class='ocr_line' id='line_1_43' title="bbox 547 2884 2135 2960; baseline 0.009 -22"><span class='ocrx_word' id='word_1_331' title='bbox 547 2886 689 2953; x_wconf 91' lang='lat' dir='ltr'><strong>quod</strong></span> <span class='ocrx_word' id='word_1_332' title='bbox 721 2884 788 2942; x_wconf 92' lang='lat' dir='ltr'><strong>de</strong></span> <span class='ocrx_word' id='word_1_333' title='bbox 819 2888 1007 2944; x_wconf 85' lang='lat' dir='ltr'><strong>eadem</strong></span> <span class='ocrx_word' id='word_1_334' title='bbox 1037 2892 1261 2947; x_wconf 88' lang='lat' dir='ltr'><strong>materia</strong></span> <span class='ocrx_word' id='word_1_335' title='bbox 1292 2898 1461 2948; x_wconf 90' lang='lat' dir='ltr'><strong>totum</strong></span> <span class='ocrx_word' id='word_1_336' title='bbox 1482 2934 1497 2960; x_wconf 91' lang='lat'><strong>,</strong></span> <span class='ocrx_word' id='word_1_337' title='bbox 1541 2894 1655 2949; x_wconf 84' lang='lat' dir='ltr'><strong>sive</strong></span> <span class='ocrx_word' id='word_1_338' title='bbox 1686 2897 1753 2951; x_wconf 91' lang='lat' dir='ltr'><strong>de</strong></span> <span class='ocrx_word' id='word_1_339' title='bbox 1783 2888 1890 2952; x_wconf 88' lang='lat' dir='ltr'><strong>alia</strong></span> <span class='ocrx_word' id='word_1_340' title='bbox 1932 2897 2025 2951; x_wconf 91' lang='lat' dir='ltr'><strong>ﬁat</strong></span> <span class='ocrx_word' id='word_1_341' title='bbox 2056 2898 2135 2951; x_wconf 88' lang='lat' dir='ltr'><strong>al-</strong></span> 
     </span>
    </p>
   </div>
   <div class='ocr_carea' id='block_1_44' title="bbox 548 2981 2136 3053">
    <p class='ocr_par' dir='ltr' id='par_1_44' title="bbox 548 2981 2136 3053">
     <span class='ocr_line' id='line_1_44' title="bbox 548 2981 2136 3053; baseline 0.01 -23"><span class='ocrx_word' id='word_1_342' title='bbox 548 2986 665 3033; x_wconf 89' lang='lat' dir='ltr'><strong>tare</strong></span> <span class='ocrx_word' id='word_1_343' title='bbox 691 2993 891 3033; x_wconf 90' lang='lat' dir='ltr'><strong>novum</strong></span> <span class='ocrx_word' id='word_1_344' title='bbox 916 2994 973 3035; x_wconf 88' lang='lat' dir='ltr'><strong>et</strong></span> <span class='ocrx_word' id='word_1_345' title='bbox 998 2981 1143 3037; x_wconf 89' lang='lat' dir='ltr'><strong>aliud</strong></span> <span class='ocrx_word' id='word_1_346' title='bbox 1168 2983 1313 3053; x_wconf 90' lang='lat' dir='ltr'><strong>quod</strong></span> <span class='ocrx_word' id='word_1_347' title='bbox 1342 2984 1541 3051; x_wconf 87' lang='lat' dir='ltr'><strong>fuerat,</strong></span> <span class='ocrx_word' id='word_1_348' title='bbox 1575 2986 1753 3044; x_wconf 87' lang='lat' dir='ltr'><strong>altare</strong></span> <span class='ocrx_word' id='word_1_349' title='bbox 1778 2990 1992 3044; x_wconf 89' lang='lat' dir='ltr'><strong>videtur</strong></span> <span class='ocrx_word' id='word_1_350' title='bbox 2014 2990 2136 3046; x_wconf 88' lang='lat' dir='ltr'><strong>ideo</strong></span> 
     </span>
    </p>
   </div>
   <div class='ocr_carea' id='block_1_45' title="bbox 545 3070 2134 3145">
    <p class='ocr_par' dir='ltr' id='par_1_45' title="bbox 545 3070 2134 3145">
     <span class='ocr_line' id='line_1_45' title="bbox 545 3070 2134 3145; baseline 0.011 -25"><span class='ocrx_word' id='word_1_351' title='bbox 545 3070 1011 3125; x_wconf 62' lang='lat' dir='ltr'><strong>consecrandum.</strong></span> <span class='ocrx_word' id='word_1_352' title='bbox 1049 3071 1279 3145; x_wconf 87' lang='lat' dir='ltr'><strong>Propter</strong></span> <span class='ocrx_word' id='word_1_353' title='bbox 1328 3091 1473 3132; x_wconf 89' lang='lat' dir='ltr'><strong>nanc</strong></span> <span class='ocrx_word' id='word_1_354' title='bbox 1520 3078 1787 3135; x_wconf 88' lang='lat' dir='ltr'><strong>rationem</strong></span> <span class='ocrx_word' id='word_1_355' title='bbox 1828 3083 2134 3137; x_wconf 84' lang='lat' dir='ltr'><strong>cavendum</strong></span> 
     </span>
    </p>
   </div>
   <div class='ocr_carea' id='block_1_46' title="bbox 544 3157 2140 3245">
    <p class='ocr_par' dir='ltr' id='par_1_46' title="bbox 544 3157 2135 3236">
     <span class='ocr_line' id='line_1_46' title="bbox 544 3157 2135 3236; baseline 0.014 -27"><span class='ocrx_word' id='word_1_356' title='bbox 544 3157 797 3213; x_wconf 82' lang='lat' dir='ltr'><strong>existimo</strong></span> <span class='ocrx_word' id='word_1_357' title='bbox 849 3175 921 3216; x_wconf 86' lang='lat' dir='ltr'><strong>ne</strong></span> <span class='ocrx_word' id='word_1_358' title='bbox 965 3162 1138 3219; x_wconf 85' lang='lat' dir='ltr'><strong>altare</strong></span> <span class='ocrx_word' id='word_1_359' title='bbox 1186 3168 1542 3236; x_wconf 77' lang='lat' dir='ltr'><strong>gestatorium</strong></span> <span class='ocrx_word' id='word_1_360' title='bbox 1598 3183 1951 3230; x_wconf 89' lang='lat' dir='ltr'><strong>consecretur</strong></span> <span class='ocrx_word' id='word_1_361' title='bbox 2018 3175 2135 3232; x_wconf 90' lang='lat' dir='ltr'><strong>sine</strong></span> 
     </span>
    </p>
   </div>
   <div class='ocr_carea' id='block_1_47' title="bbox 2242 3157 3901 3245">
    <p class='ocr_par' dir='ltr' id='par_1_47' title="bbox 2242 3166 3901 3245">
     <span class='ocr_line' id='line_1_47' title="bbox 2242 3166 3901 3245; baseline -0.004 -17"><span class='ocrx_word' id='word_1_362' title='bbox 2242 3174 2377 3243; x_wconf 77' lang='lat' dir='ltr'><strong>gasti</strong></span> <span class='ocrx_word' id='word_1_363' title='bbox 2408 3173 2479 3205; x_wconf 80' lang='grc'><strong>⁵⁸⁸</strong></span> <span class='ocrx_word' id='word_1_364' title='bbox 2505 3171 2769 3237; x_wconf 84' lang='lat' dir='ltr'><strong>Concilio,</strong></span> <span class='ocrx_word' id='word_1_365' title='bbox 2798 3171 3076 3226; x_wconf 85' lang='lat' dir='ltr'><strong>succincto</strong></span> <span class='ocrx_word' id='word_1_366' title='bbox 3098 3177 3331 3224; x_wconf 88' lang='lat' dir='ltr'><strong>tractatu</strong></span> <span class='ocrx_word' id='word_1_367' title='bbox 3356 3166 3823 3238; x_wconf 67' lang='lat' dir='ltr'><strong>depretor-adao-</strong></span> <span class='ocrx_word' id='word_1_368' title='bbox 3900 3178 3901 3245; x_wconf 54' lang='grc' dir='ltr'><em>ξ</em></span> 
     </span>
    </p>
   </div>
   <div class='ocr_carea' id='block_1_48' title="bbox 2239 3259 3901 3336">
    <p class='ocr_par' dir='ltr' id='par_1_48' title="bbox 2239 3259 3901 3336">
     <span class='ocr_line' id='line_1_48' title="bbox 2239 3259 3901 3336; baseline -0.007 -15"><span class='ocrx_word' id='word_1_369' title='bbox 2239 3266 2366 3321; x_wconf 87' lang='lat' dir='ltr'><strong>tari.</strong></span> <span class='ocrx_word' id='word_1_370' title='bbox 2394 3274 2447 3320; x_wconf 92' lang='lat' dir='ltr'><strong>et</strong></span> <span class='ocrx_word' id='word_1_371' title='bbox 2478 3280 2603 3336; x_wconf 65' lang='lat' dir='ltr'><strong>quae</strong></span> <span class='ocrx_word' id='word_1_372' title='bbox 2637 3263 2707 3298; x_wconf 78' lang='grc'><strong>⁸⁸⁸</strong></span> <span class='ocrx_word' id='word_1_373' title='bbox 2747 3262 2849 3334; x_wconf 89' lang='lat' dir='ltr'><strong>ipsi</strong></span> <span class='ocrx_word' id='word_1_374' title='bbox 2895 3261 3216 3317; x_wconf 87' lang='lat' dir='ltr'><strong>Latinorum</strong></span> <span class='ocrx_word' id='word_1_375' title='bbox 3244 3259 3473 3315; x_wconf 83' lang='lat' dir='ltr'><strong>Patrum</strong></span> <span class='ocrx_word' id='word_1_376' title='bbox 3518 3261 3822 3314; x_wconf 71' lang='lat' dir='ltr'><strong>testimonia</strong></span> <span class='ocrx_word' id='word_1_377' title='bbox 3900 3280 3901 3336; x_wconf 47' lang='grc' dir='ltr'><strong><em>ς</em></strong></span> 
     </span>
    </p>
   </div>
   <div class='ocr_carea' id='block_1_49' title="bbox 2235 3350 3901 3429">
    <p class='ocr_par' dir='ltr' id='par_1_49' title="bbox 2235 3350 3901 3429">
     <span class='ocr_line' id='line_1_49' title="bbox 2235 3350 3901 3429; baseline -0.005 -17"><span class='ocrx_word' id='word_1_378' title='bbox 2235 3372 2342 3412; x_wconf 76' lang='lat' dir='ltr'><strong>non</strong></span> <span class='ocrx_word' id='word_1_379' title='bbox 2374 3356 2694 3429; x_wconf 87' lang='lat' dir='ltr'><strong>suscipiunt.</strong></span> <span class='ocrx_word' id='word_1_380' title='bbox 2734 3355 2832 3409; x_wconf 86' lang='lat' dir='ltr'><strong>llis</strong></span> <span class='ocrx_word' id='word_1_381' title='bbox 2881 3354 3302 3409; x_wconf 88' lang='lat' dir='ltr'><strong>auctoritatibus</strong></span> <span class='ocrx_word' id='word_1_382' title='bbox 3341 3367 3484 3421; x_wconf 91' lang='lat' dir='ltr'><strong>opus</strong></span> <span class='ocrx_word' id='word_1_383' title='bbox 3532 3350 3823 3423; x_wconf 74' lang='lat' dir='ltr'><strong>ﬂagitatum</strong></span> <span class='ocrx_word' id='word_1_384' title='bbox 3900 3350 3901 3423; x_wconf 67' lang='lat' dir='ltr'><strong>l</strong></span> 
     </span>
    </p>
   </div>
   <div class='ocr_carea' id='block_1_50' title="bbox 546 3248 2135 3339">
    <p class='ocr_par' dir='ltr' id='par_1_50' title="bbox 546 3248 2135 3339">
     <span class='ocr_line' id='line_1_50' title="bbox 546 3248 2135 3339; baseline 0.016 -39"><span class='ocrx_word' id='word_1_385' title='bbox 546 3248 923 3318; x_wconf 88' lang='lat' dir='ltr'><strong>fundamento,</strong></span> <span class='ocrx_word' id='word_1_386' title='bbox 956 3256 1100 3324; x_wconf 90' lang='lat' dir='ltr'><strong>quod</strong></span> <span class='ocrx_word' id='word_1_387' title='bbox 1141 3257 1296 3313; x_wconf 65' lang='lat' dir='ltr'><strong>mul&#39;i</strong></span> <span class='ocrx_word' id='word_1_388' title='bbox 1330 3262 1664 3331; x_wconf 89' lang='lat' dir='ltr'><strong>custodiunt,</strong></span> <span class='ocrx_word' id='word_1_389' title='bbox 1695 3275 1749 3321; x_wconf 90' lang='lat' dir='ltr'><strong>et</strong></span> <span class='ocrx_word' id='word_1_390' title='bbox 1780 3264 1894 3323; x_wconf 56' lang='lat' dir='ltr'><strong>fere</strong></span> <span class='ocrx_word' id='word_1_391' title='bbox 1936 3269 2135 3339; x_wconf 87' lang='lat' dir='ltr'><strong>ubique</strong></span> 
     </span>
    </p>
   </div>
   <div class='ocr_carea' id='block_1_51' title="bbox 546 3340 2165 3426">
    <p class='ocr_par' dir='ltr' id='par_1_51' title="bbox 546 3340 2165 3426">
     <span class='ocr_line' id='line_1_51' title="bbox 546 3340 2165 3426; baseline 0.011 -32"><span class='ocrx_word' id='word_1_392' title='bbox 546 3340 871 3408; x_wconf 85' lang='lat' dir='ltr'><strong>custoditur,</strong></span> <span class='ocrx_word' id='word_1_393' title='bbox 904 3345 1153 3413; x_wconf 83' lang='lat' dir='ltr'><strong>quamvis</strong></span> <span class='ocrx_word' id='word_1_394' title='bbox 1173 3346 1228 3403; x_wconf 90' lang='lat' dir='ltr'><strong>in</strong></span> <span class='ocrx_word' id='word_1_395' title='bbox 1256 3346 1679 3421; x_wconf 83' lang='lat' dir='ltr'><strong>Northmannia,</strong></span> <span class='ocrx_word' id='word_1_396' title='bbox 1710 3370 1833 3410; x_wconf 92' lang='lat' dir='ltr'><strong>cum</strong></span> <span class='ocrx_word' id='word_1_397' title='bbox 1862 3356 1935 3411; x_wconf 88' lang='lat' dir='ltr'><strong>ibi</strong></span> <span class='ocrx_word' id='word_1_398' title='bbox 1958 3373 2132 3426; x_wconf 89' lang='lat' dir='ltr'><strong>eram,</strong></span> <span class='ocrx_word' id='word_1_399' title='bbox 2160 3406 2165 3411; x_wconf 82' lang='lat'><strong>.</strong></span> 
     </span>
    </p>
   </div>
   <div class='ocr_carea' id='block_1_52' title="bbox 549 3426 2136 3516">
    <p class='ocr_par' dir='ltr' id='par_1_52' title="bbox 549 3426 2136 3516">
     <span class='ocr_line' id='line_1_52' title="bbox 549 3426 2136 3516; baseline 0.014 -32"><span class='ocrx_word' id='word_1_400' title='bbox 549 3446 655 3485; x_wconf 90' lang='lat' dir='ltr'><strong>non</strong></span> <span class='ocrx_word' id='word_1_401' title='bbox 681 3435 993 3499; x_wconf 84' lang='lat' dir='ltr'><strong>servaretis,</strong></span> <span class='ocrx_word' id='word_1_402' title='bbox 1022 3426 1122 3492; x_wconf 17' lang='lat' dir='ltr'><strong>‘sed</strong></span> <span class='ocrx_word' id='word_1_403' title='bbox 1151 3439 1278 3494; x_wconf 90' lang='lat' dir='ltr'><strong>nudi</strong></span> <span class='ocrx_word' id='word_1_404' title='bbox 1305 3438 1509 3511; x_wconf 87' lang='lat' dir='ltr'><strong>lapides</strong></span> <span class='ocrx_word' id='word_1_405' title='bbox 1540 3459 1807 3516; x_wconf 89' lang='lat' dir='ltr'><strong>nusquam</strong></span> <span class='ocrx_word' id='word_1_406' title='bbox 1835 3448 1980 3503; x_wconf 67' lang='lat' dir='ltr'><strong>aﬁixi</strong></span> <span class='ocrx_word' id='word_1_407' title='bbox 2005 3466 2136 3505; x_wconf 57' lang='lat' dir='ltr'><strong>conc</strong></span> 
     </span>
    </p>
   </div>
   <div class='ocr_carea' id='block_1_53' title="bbox 548 3526 2162 3602">
    <p class='ocr_par' dir='ltr' id='par_1_53' title="bbox 548 3526 2162 3602">
     <span class='ocr_line' id='line_1_53' title="bbox 548 3526 2162 3602; baseline 0.014 -25"><span class='ocrx_word' id='word_1_408' title='bbox 548 3534 912 3580; x_wconf 88' lang='lat' dir='ltr'><strong>secrarcntur.</strong></span> <span class='ocrx_word' id='word_1_409' title='bbox 944 3526 1097 3595; x_wconf 87' lang='lat' dir='ltr'><strong>Quod</strong></span> <span class='ocrx_word' id='word_1_410' title='bbox 1127 3545 1227 3602; x_wconf 84' lang='lat' dir='ltr'><strong>ego</strong></span> <span class='ocrx_word' id='word_1_411' title='bbox 1251 3547 1354 3586; x_wconf 92' lang='lat' dir='ltr'><strong>non</strong></span> <span class='ocrx_word' id='word_1_412' title='bbox 1377 3532 1594 3602; x_wconf 85' lang='lat' dir='ltr'><strong>damno,</strong></span> <span class='ocrx_word' id='word_1_413' title='bbox 1623 3553 1722 3594; x_wconf 91' lang='lat' dir='ltr'><strong>nec</strong></span> <span class='ocrx_word' id='word_1_414' title='bbox 1749 3550 1927 3597; x_wconf 90' lang='lat' dir='ltr'><strong>tamen</strong></span> <span class='ocrx_word' id='word_1_415' title='bbox 1953 3542 2162 3599; x_wconf 77' lang='lat' dir='ltr'><strong>faccre-</strong></span> 
     </span>
    </p>
   </div>
   <div class='ocr_carea' id='block_1_54' title="bbox 548 3611 2133 3696">
    <p class='ocr_par' dir='ltr' id='par_1_54' title="bbox 548 3611 2133 3696">
     <span class='ocr_line' id='line_1_54' title="bbox 548 3611 2133 3696; baseline 0.016 -30"><span class='ocrx_word' id='word_1_416' title='bbox 548 3611 694 3679; x_wconf 87' lang='lat' dir='ltr'><strong>volo.</strong></span> <span class='ocrx_word' id='word_1_417' title='bbox 727 3613 805 3669; x_wconf 75' lang='lat' dir='ltr'><strong>E1</strong></span> <span class='ocrx_word' id='word_1_418' title='bbox 834 3615 919 3671; x_wconf 89' lang='lat' dir='ltr'><strong>his</strong></span> <span class='ocrx_word' id='word_1_419' title='bbox 943 3632 1063 3687; x_wconf 78' lang='lat' dir='ltr'><strong>qua:</strong></span> <span class='ocrx_word' id='word_1_420' title='bbox 1102 3620 1211 3674; x_wconf 80' lang='lat' dir='ltr'><strong>dixi</strong></span> <span class='ocrx_word' id='word_1_421' title='bbox 1244 3622 1489 3692; x_wconf 87' lang='lat' dir='ltr'><strong>sequitur</strong></span> <span class='ocrx_word' id='word_1_422' title='bbox 1514 3627 1639 3696; x_wconf 85' lang='lat' dir='ltr'><strong>quia</strong></span> <span class='ocrx_word' id='word_1_423' title='bbox 1682 3629 1728 3684; x_wconf 89' lang='lat' dir='ltr'><strong>si</strong></span> <span class='ocrx_word' id='word_1_424' title='bbox 1760 3639 1869 3688; x_wconf 90' lang='lat' dir='ltr'><strong>tota</strong></span> <span class='ocrx_word' id='word_1_425' title='bbox 1901 3630 2133 3691; x_wconf 71' lang='lat' dir='ltr'><strong>ecclesia</strong></span> 
     </span>
    </p>
   </div>
   <div class='ocr_carea' id='block_1_55' title="bbox 548 3709 2134 3795">
    <p class='ocr_par' dir='ltr' id='par_1_55' title="bbox 548 3709 2134 3795">
     <span class='ocr_line' id='line_1_55' title="bbox 548 3709 2134 3795; baseline 0.013 -34"><span class='ocrx_word' id='word_1_426' title='bbox 548 3722 688 3762; x_wconf 87' lang='lat' dir='ltr'><strong>nova</strong></span> <span class='ocrx_word' id='word_1_427' title='bbox 715 3710 809 3763; x_wconf 78' lang='lat' dir='ltr'><strong>ﬁat</strong></span> <span class='ocrx_word' id='word_1_428' title='bbox 826 3751 844 3778; x_wconf 92' lang='lat'><strong>,</strong></span> <span class='ocrx_word' id='word_1_429' title='bbox 870 3709 1026 3767; x_wconf 89' lang='lat' dir='ltr'><strong>altari</strong></span> <span class='ocrx_word' id='word_1_430' title='bbox 1069 3713 1190 3770; x_wconf 89' lang='lat' dir='ltr'><strong>sine</strong></span> <span class='ocrx_word' id='word_1_431' title='bbox 1222 3716 1515 3774; x_wconf 89' lang='lat' dir='ltr'><strong>violatione</strong></span> <span class='ocrx_word' id='word_1_432' title='bbox 1556 3731 1811 3778; x_wconf 90' lang='lat' dir='ltr'><strong>manente</strong></span> <span class='ocrx_word' id='word_1_433' title='bbox 1834 3764 1850 3790; x_wconf 95' lang='lat'><strong>,</strong></span> <span class='ocrx_word' id='word_1_434' title='bbox 1877 3726 2134 3795; x_wconf 88' lang='lat' dir='ltr'><strong>quoniam</strong></span> 
     </span>
    </p>
   </div>
   <div class='ocr_carea' id='block_1_56' title="bbox 548 3799 2132 3880">
    <p class='ocr_par' dir='ltr' id='par_1_56' title="bbox 548 3799 2132 3880">
     <span class='ocr_line' id='line_1_56' title="bbox 548 3799 2132 3880; baseline 0.013 -27"><span class='ocrx_word' id='word_1_435' title='bbox 548 3799 668 3856; x_wconf 88' lang='lat' dir='ltr'><strong>sine</strong></span> <span class='ocrx_word' id='word_1_436' title='bbox 705 3805 1116 3861; x_wconf 86' lang='lat' dir='ltr'><strong>consecratione</strong></span> <span class='ocrx_word' id='word_1_437' title='bbox 1167 3806 1357 3865; x_wconf 82' lang='lat' dir='ltr'><strong>altaris</strong></span> <span class='ocrx_word' id='word_1_438' title='bbox 1397 3810 1626 3880; x_wconf 84' lang='lat' dir='ltr'><strong>alicujus</strong></span> <span class='ocrx_word' id='word_1_439' title='bbox 1666 3817 1977 3872; x_wconf 86' lang='lat' dir='ltr'><strong>consecrari</strong></span> <span class='ocrx_word' id='word_1_440' title='bbox 2026 3835 2132 3873; x_wconf 89' lang='lat' dir='ltr'><strong>non</strong></span> 
     </span>
    </p>
   </div>
   <div class='ocr_carea' id='block_1_57' title="bbox 544 3890 2136 3973">
    <p class='ocr_par' dir='ltr' id='par_1_57' title="bbox 544 3890 2136 3973">
     <span class='ocr_line' id='line_1_57' title="bbox 544 3890 2136 3973; baseline 0.012 -30"><span class='ocrx_word' id='word_1_441' title='bbox 544 3890 725 3954; x_wconf 86' lang='lat' dir='ltr'><strong>debet.</strong></span> <span class='ocrx_word' id='word_1_442' title='bbox 773 3901 867 3949; x_wconf 90' lang='lat' dir='ltr'><strong>aut</strong></span> <span class='ocrx_word' id='word_1_443' title='bbox 906 3893 1079 3952; x_wconf 86' lang='lat' dir='ltr'><strong>altare</strong></span> <span class='ocrx_word' id='word_1_444' title='bbox 1115 3896 1333 3969; x_wconf 86' lang='lat' dir='ltr'><strong>aliquod</strong></span> <span class='ocrx_word' id='word_1_445' title='bbox 1377 3908 1464 3955; x_wconf 90' lang='lat' dir='ltr'><strong>est</strong></span> <span class='ocrx_word' id='word_1_446' title='bbox 1511 3901 1584 3956; x_wconf 91' lang='lat' dir='ltr'><strong>ibi</strong></span> <span class='ocrx_word' id='word_1_447' title='bbox 1636 3905 2031 3973; x_wconf 87' lang='lat' dir='ltr'><strong>renovandum,</strong></span> <span class='ocrx_word' id='word_1_448' title='bbox 2077 3917 2136 3963; x_wconf 92' lang='lat' dir='ltr'><strong>ut</strong></span> 
     </span>
    </p>
   </div>
   <div class='ocr_carea' id='block_1_58' title="bbox 544 3981 2136 4072">
    <p class='ocr_par' dir='ltr' id='par_1_58' title="bbox 544 3981 2136 4072">
     <span class='ocr_line' id='line_1_58' title="bbox 544 3981 2136 4072; baseline 0.012 -36"><span class='ocrx_word' id='word_1_449' title='bbox 544 3981 709 4038; x_wconf 76' lang='lat' dir='ltr'><strong>simul</strong></span> <span class='ocrx_word' id='word_1_450' title='bbox 751 4000 874 4042; x_wconf 91' lang='lat' dir='ltr'><strong>cum</strong></span> <span class='ocrx_word' id='word_1_451' title='bbox 917 3987 1148 4046; x_wconf 85' lang='lat' dir='ltr'><strong>ecclesia</strong></span> <span class='ocrx_word' id='word_1_452' title='bbox 1184 4001 1562 4059; x_wconf 89' lang='lat' dir='ltr'><strong>consecretur,</strong></span> <span class='ocrx_word' id='word_1_453' title='bbox 1599 4006 1694 4051; x_wconf 89' lang='lat' dir='ltr'><strong>aut</strong></span> <span class='ocrx_word' id='word_1_454' title='bbox 1733 4013 1874 4067; x_wconf 91' lang='lat' dir='ltr'><strong>aqua</strong></span> <span class='ocrx_word' id='word_1_455' title='bbox 1916 4000 1984 4055; x_wconf 91' lang='lat' dir='ltr'><strong>ab</strong></span> <span class='ocrx_word' id='word_1_456' title='bbox 2022 4000 2136 4072; x_wconf 90' lang='lat' dir='ltr'><strong>epi-</strong></span> 
     </span>
    </p>
   </div>
   <div class='ocr_carea' id='block_1_59' title="bbox 544 4078 2155 4164">
    <p class='ocr_par' dir='ltr' id='par_1_59' title="bbox 544 4078 2155 4164">
     <span class='ocr_line' id='line_1_59' title="bbox 544 4078 2155 4164; baseline 0.012 -35"><span class='ocrx_word' id='word_1_457' title='bbox 544 4090 709 4147; x_wconf 78' lang='lat' dir='ltr'><strong>seopo</strong></span> <span class='ocrx_word' id='word_1_458' title='bbox 729 4078 799 4133; x_wconf 88' lang='lat' dir='ltr'><strong>ad</strong></span> <span class='ocrx_word' id='word_1_459' title='bbox 826 4080 929 4136; x_wconf 91' lang='lat' dir='ltr'><strong>hoc</strong></span> <span class='ocrx_word' id='word_1_460' title='bbox 958 4081 1240 4141; x_wconf 81' lang='lat' dir='ltr'><strong>benedicta</strong></span> <span class='ocrx_word' id='word_1_461' title='bbox 1274 4086 1419 4143; x_wconf 88' lang='lat' dir='ltr'><strong>intus</strong></span> <span class='ocrx_word' id='word_1_462' title='bbox 1448 4096 1505 4142; x_wconf 91' lang='lat' dir='ltr'><strong>et</strong></span> <span class='ocrx_word' id='word_1_463' title='bbox 1524 4086 1779 4149; x_wconf 58' lang='lat' dir='ltr'><strong>lexterius</strong></span> <span class='ocrx_word' id='word_1_464' title='bbox 1816 4092 2155 4164; x_wconf 67' lang='lat' dir='ltr'><strong>simpliciter</strong></span> 
     </span>
    </p>
   </div>
   <div class='ocr_carea' id='block_1_60' title="bbox 545 4171 2155 4248">
    <p class='ocr_par' dir='ltr' id='par_1_60' title="bbox 545 4171 2155 4248">
     <span class='ocr_line' id='line_1_60' title="bbox 545 4171 2155 4248; baseline 0.015 -30"><span class='ocrx_word' id='word_1_465' title='bbox 545 4178 889 4237; x_wconf 76' lang='lat' dir='ltr'><strong>aspergatur.</strong></span> <span class='ocrx_word' id='word_1_466' title='bbox 915 4171 1045 4240; x_wconf 75' lang='lat' dir='ltr'><strong>Qua:</strong></span> <span class='ocrx_word' id='word_1_467' title='bbox 1074 4174 1321 4231; x_wconf 85' lang='lat' dir='ltr'><strong>facienda</strong></span> <span class='ocrx_word' id='word_1_468' title='bbox 1363 4178 1431 4233; x_wconf 89' lang='lat' dir='ltr'><strong>de</strong></span> <span class='ocrx_word' id='word_1_469' title='bbox 1460 4178 1544 4235; x_wconf 92' lang='lat' dir='ltr'><strong>his</strong></span> <span class='ocrx_word' id='word_1_470' title='bbox 1568 4179 1833 4248; x_wconf 78' lang='lat' dir='ltr'><strong>dixerim,</strong></span> <span class='ocrx_word' id='word_1_471' title='bbox 1862 4199 1928 4238; x_wconf 83' lang='lat' dir='ltr'><strong>ex</strong></span> <span class='ocrx_word' id='word_1_472' title='bbox 1958 4201 2054 4241; x_wconf 89' lang='lat' dir='ltr'><strong>ore</strong></span> <span class='ocrx_word' id='word_1_473' title='bbox 2080 4196 2155 4242; x_wconf 73' lang='lat' dir='ltr'><strong>et&#39;</strong></span> 
     </span>
    </p>
   </div>
   <div class='ocr_carea' id='block_1_61' title="bbox 546 4254 2136 4336">
    <p class='ocr_par' dir='ltr' id='par_1_61' title="bbox 546 4254 2136 4336">
     <span class='ocr_line' id='line_1_61' title="bbox 546 4254 2136 4336; baseline 0.018 -29"><span class='ocrx_word' id='word_1_474' title='bbox 546 4254 649 4310; x_wconf 84' lang='lat' dir='ltr'><strong>usu</strong></span> <span class='ocrx_word' id='word_1_475' title='bbox 698 4257 931 4315; x_wconf 90' lang='lat' dir='ltr'><strong>aliorum</strong></span> <span class='ocrx_word' id='word_1_476' title='bbox 980 4261 1176 4331; x_wconf 89' lang='lat' dir='ltr'><strong>didici;</strong></span> <span class='ocrx_word' id='word_1_477' title='bbox 1218 4269 1483 4324; x_wconf 88' lang='lat' dir='ltr'><strong>rationem</strong></span> <span class='ocrx_word' id='word_1_478' title='bbox 1526 4285 1657 4327; x_wconf 88' lang='lat' dir='ltr'><strong>vero</strong></span> <span class='ocrx_word' id='word_1_479' title='bbox 1702 4279 1950 4334; x_wconf 88' lang='lat' dir='ltr'><strong>eamdem</strong></span> <span class='ocrx_word' id='word_1_480' title='bbox 2000 4265 2136 4336; x_wconf 89' lang='lat' dir='ltr'><strong>alios</strong></span> 
     </span>
    </p>
   </div>
   <div class='ocr_carea' id='block_1_62' title="bbox 547 4345 2139 4439">
    <p class='ocr_par' dir='ltr' id='par_1_62' title="bbox 547 4345 2139 4439">
     <span class='ocr_line' id='line_1_62' title="bbox 547 4345 2139 4439; baseline 0.016 -40"><span class='ocrx_word' id='word_1_481' title='bbox 547 4345 751 4439; x_wconf 78' lang='lat' dir='ltr'><strong>habere</strong></span> <span class='ocrx_word' id='word_1_482' title='bbox 774 4363 881 4404; x_wconf 88' lang='lat' dir='ltr'><strong>non</strong></span> <span class='ocrx_word' id='word_1_483' title='bbox 905 4366 1061 4422; x_wconf 77' lang='lat' dir='ltr'><strong>nego,</strong></span> <span class='ocrx_word' id='word_1_484' title='bbox 1088 4356 1185 4410; x_wconf 88' lang='lat' dir='ltr'><strong>sed</strong></span> <span class='ocrx_word' id='word_1_485' title='bbox 1213 4373 1313 4427; x_wconf 75' lang='lat' dir='ltr'><strong>ego</strong></span> <span class='ocrx_word' id='word_1_486' title='bbox 1340 4375 1370 4413; x_wconf 89' lang='lat' dir='ltr'><strong>a</strong></span> <span class='ocrx_word' id='word_1_487' title='bbox 1396 4359 1543 4413; x_wconf 93' lang='lat' dir='ltr'><strong>nullo</strong></span> <span class='ocrx_word' id='word_1_488' title='bbox 1561 4365 1769 4433; x_wconf 85' lang='lat' dir='ltr'><strong>accepi.</strong></span> <span class='ocrx_word' id='word_1_489' title='bbox 1795 4366 2139 4439; x_wconf 83' lang='lat' dir='ltr'><strong>Quapropter</strong></span> 
     </span>
    </p>
   </div>
   <div class='ocr_carea' id='block_1_63' title="bbox 546 4436 2136 4519">
    <p class='ocr_par' dir='ltr' id='par_1_63' title="bbox 546 4436 2136 4519">
     <span class='ocr_line' id='line_1_63' title="bbox 546 4436 2136 4519; baseline 0.016 -30"><span class='ocrx_word' id='word_1_490' title='bbox 546 4436 690 4507; x_wconf 87' lang='lat' dir='ltr'><strong>quod</strong></span> <span class='ocrx_word' id='word_1_491' title='bbox 720 4453 817 4507; x_wconf 87' lang='lat' dir='ltr'><strong>per</strong></span> <span class='ocrx_word' id='word_1_492' title='bbox 841 4455 946 4505; x_wconf 85' lang='lat' dir='ltr'><strong>me,</strong></span> <span class='ocrx_word' id='word_1_493' title='bbox 988 4442 1072 4497; x_wconf 87' lang='lat' dir='ltr'><strong>vel</strong></span> <span class='ocrx_word' id='word_1_494' title='bbox 1099 4459 1196 4514; x_wconf 89' lang='lat' dir='ltr'><strong>per</strong></span> <span class='ocrx_word' id='word_1_495' title='bbox 1231 4447 1365 4503; x_wconf 89' lang='lat' dir='ltr'><strong>alios</strong></span> <span class='ocrx_word' id='word_1_496' title='bbox 1393 4451 1597 4519; x_wconf 88' lang='lat' dir='ltr'><strong>sentio,</strong></span> <span class='ocrx_word' id='word_1_497' title='bbox 1631 4436 2136 4514; x_wconf 69' lang='lat' dir='ltr'><strong>sanctitativcstne</strong></span> 
     </span>
    </p>
   </div>
   <div class='ocr_carea' id='block_1_64' title="bbox 548 4531 2137 4615">
    <p class='ocr_par' dir='ltr' id='par_1_64' title="bbox 548 4531 2137 4615">
     <span class='ocr_line' id='line_1_64' title="bbox 548 4531 2137 4615; baseline 0.014 -30"><span class='ocrx_word' id='word_1_498' title='bbox 548 4531 860 4602; x_wconf 84' lang='lat' dir='ltr'><strong>postulatus</strong></span> <span class='ocrx_word' id='word_1_499' title='bbox 891 4533 1211 4615; x_wconf 83' lang='lat' dir='ltr'><strong>simpliciter</strong></span> <span class='ocrx_word' id='word_1_500' title='bbox 1246 4539 1496 4611; x_wconf 91' lang='lat' dir='ltr'><strong>insinuo,</strong></span> <span class='ocrx_word' id='word_1_501' title='bbox 1534 4545 1705 4603; x_wconf 90' lang='lat' dir='ltr'><strong>donec</strong></span> <span class='ocrx_word' id='word_1_502' title='bbox 1741 4547 1895 4605; x_wconf 88' lang='lat' dir='ltr'><strong>vobis</strong></span> <span class='ocrx_word' id='word_1_503' title='bbox 1934 4553 2137 4607; x_wconf 83' lang='lat' dir='ltr'><strong>certius</strong></span> 
     </span>
    </p>
   </div>
   <div class='ocr_carea' id='block_1_65' title="bbox 545 4625 1373 4699">
    <p class='ocr_par' dir='ltr' id='par_1_65' title="bbox 545 4625 1373 4699">
     <span class='ocr_line' id='line_1_65' title="bbox 545 4625 1373 4699; baseline 0.012 -19"><span class='ocrx_word' id='word_1_504' title='bbox 545 4635 641 4681; x_wconf 89' lang='lat' dir='ltr'><strong>aut</strong></span> <span class='ocrx_word' id='word_1_505' title='bbox 673 4625 868 4683; x_wconf 86' lang='lat' dir='ltr'><strong>melius</strong></span> <span class='ocrx_word' id='word_1_506' title='bbox 896 4629 1134 4699; x_wconf 89' lang='lat' dir='ltr'><strong>pateﬁat.</strong></span> <span class='ocrx_word' id='word_1_507' title='bbox 1167 4630 1373 4690; x_wconf 86' lang='lat' dir='ltr'><strong>Valete.</strong></span> 
     </span>
    </p>
   </div>
   <div class='ocr_carea' id='block_1_66' title="bbox 935 4719 1686 4803">
    <p class='ocr_par' dir='ltr' id='par_1_66' title="bbox 935 4719 1686 4803">
     <span class='ocr_line' id='line_1_66' title="bbox 935 4719 1686 4803; baseline 0.005 -22"><span class='ocrx_word' id='word_1_508' title='bbox 1166 4722 1359 4780; x_wconf 78' lang='lat' dir='ltr'><strong>&#39;EPIS&#39;I</strong></span> <span class='ocrx_word' id='word_1_509' title='bbox 1373 4725 1507 4782; x_wconf 72' lang='grc' dir='ltr'><strong>οιΑ</strong></span> <span class='ocrx_word' id='word_1_510' title='bbox 1548 4729 1686 4785; x_wconf 78' lang='lat' dir='ltr'><strong>CLX</strong></span> 
     </span>
    </p>
   </div>
   <div class='ocr_carea' id='block_1_67' title="bbox 570 4804 2149 4885">
    <p class='ocr_par' dir='ltr' id='par_1_67' title="bbox 570 4804 2149 4885">
     <span class='ocr_line' id='line_1_67' title="bbox 570 4804 2149 4885; baseline 0.011 -18"><span class='ocrx_word' id='word_1_511' title='bbox 570 4804 577 4867; x_wconf 73' lang='grc' dir='ltr'>ί</span> <span class='ocrx_word' id='word_1_512' title='bbox 612 4827 935 4871; x_wconf 73' lang='grc' dir='ltr'><strong>ιιιιυεωειιτι</strong></span> <span class='ocrx_word' id='word_1_513' title='bbox 975 4829 1209 4872; x_wconf 80' lang='lat' dir='ltr'><strong>EPISCOPI</strong></span> <span class='ocrx_word' id='word_1_514' title='bbox 1247 4830 1643 4878; x_wconf 68' lang='lat' dir='ltr'><strong>cssoaassssis</strong></span> <span class='ocrx_word' id='word_1_515' title='bbox 1671 4839 1738 4877; x_wconf 61' lang='lat' dir='ltr'><strong>an</strong></span> <span class='ocrx_word' id='word_1_516' title='bbox 1772 4841 2073 4885; x_wconf 63' lang='lat' dir='ltr'><strong>usuusu.</strong></span> <span class='ocrx_word' id='word_1_517' title='bbox 2144 4828 2149 4833; x_wconf 74' lang='grc'><em>’</em></span> 
     </span>
    </p>
   </div>
   <div class='ocr_carea' id='block_1_68' title="bbox 568 4903 2138 4981">
    <p class='ocr_par' dir='ltr' id='par_1_68' title="bbox 568 4903 2138 4981">
     <span class='ocr_line' id='line_1_68' title="bbox 568 4903 2138 4981; baseline 0.011 -22"><span class='ocrx_word' id='word_1_518' title='bbox 568 4941 577 4949; x_wconf 82' lang='lat'><strong><em>-</em></strong></span> <span class='ocrx_word' id='word_1_519' title='bbox 616 4903 999 4965; x_wconf 71' lang='lat' dir='ltr'><strong>&quot;ILDEBER&#39;IUS</strong></span> <span class='ocrx_word' id='word_1_520' title='bbox 1025 4907 1318 4981; x_wconf 87' lang='lat' dir='ltr'><strong>episcopus</strong></span> <span class='ocrx_word' id='word_1_521' title='bbox 1348 4909 1624 4981; x_wconf 69' lang='lat' dir='ltr'><strong>Aassuo,</strong></span> <span class='ocrx_word' id='word_1_522' title='bbox 1642 4914 2020 4975; x_wconf 86' lang='lat' dir='ltr'><strong>Cantuarieusi</strong></span> <span class='ocrx_word' id='word_1_523' title='bbox 2045 4937 2138 4975; x_wconf 87' lang='lat' dir='ltr'><strong>ar-</strong></span> 
     </span>
    </p>
   </div>
   <div class='ocr_carea' id='block_1_69' title="bbox 546 4996 910 5069">
    <p class='ocr_par' dir='ltr' id='par_1_69' title="bbox 546 4996 910 5069">
     <span class='ocr_line' id='line_1_69' title="bbox 546 4996 910 5069; baseline 0.008 -19"><span class='ocrx_word' id='word_1_524' title='bbox 546 4996 910 5069; x_wconf 86' lang='lat' dir='ltr'><strong>chiepiscopo.</strong></span> 
     </span>
    </p>
   </div>
   <div class='ocr_carea' id='block_1_70' title="bbox 571 5083 2135 5170">
    <p class='ocr_par' dir='ltr' id='par_1_70' title="bbox 571 5083 2135 5170">
     <span class='ocr_line' id='line_1_70' title="bbox 571 5083 2135 5170; baseline 0.01 -29"><span class='ocrx_word' id='word_1_525' title='bbox 571 5083 585 5087; x_wconf 65' lang='grc'><strong>”</strong></span> <span class='ocrx_word' id='word_1_526' title='bbox 620 5085 909 5143; x_wconf 84' lang='lat' dir='ltr'><strong>Familiare</strong></span> <span class='ocrx_word' id='word_1_527' title='bbox 941 5095 1027 5144; x_wconf 90' lang='lat' dir='ltr'><strong>est</strong></span> <span class='ocrx_word' id='word_1_528' title='bbox 1062 5089 1295 5162; x_wconf 86' lang='lat' dir='ltr'><strong>sapienti</strong></span> <span class='ocrx_word' id='word_1_529' title='bbox 1335 5092 1570 5151; x_wconf 88' lang='lat' dir='ltr'><strong>tolerare</strong></span> <span class='ocrx_word' id='word_1_530' title='bbox 1603 5096 1933 5156; x_wconf 90' lang='lat' dir='ltr'><strong>nescientem</strong></span> <span class='ocrx_word' id='word_1_531' title='bbox 1959 5145 1973 5170; x_wconf 94' lang='lat'><strong>,</strong></span> <span class='ocrx_word' id='word_1_532' title='bbox 2008 5102 2135 5157; x_wconf 91' lang='lat' dir='ltr'><strong>hinc</strong></span> 
     </span>
    </p>
   </div>
   <div class='ocr_carea' id='block_1_71' title="bbox 547 5174 2135 5258">
    <p class='ocr_par' dir='ltr' id='par_1_71' title="bbox 547 5174 2135 5258">
     <span class='ocr_line' id='line_1_71' title="bbox 547 5174 2135 5258; baseline 0.009 -25"><span class='ocrx_word' id='word_1_533' title='bbox 547 5188 632 5233; x_wconf 86' lang='lat' dir='ltr'><strong>est</strong></span> <span class='ocrx_word' id='word_1_534' title='bbox 687 5174 832 5247; x_wconf 83' lang='lat' dir='ltr'><strong>quod</strong></span> <span class='ocrx_word' id='word_1_535' title='bbox 887 5178 1229 5237; x_wconf 88' lang='lat' dir='ltr'><strong>inscientiam</strong></span> <span class='ocrx_word' id='word_1_536' title='bbox 1282 5182 1351 5217; x_wconf 64' lang='lat'><strong>“9</strong></span> <span class='ocrx_word' id='word_1_537' title='bbox 1404 5200 1583 5249; x_wconf 89' lang='lat' dir='ltr'><strong>meam</strong></span> <span class='ocrx_word' id='word_1_538' title='bbox 1639 5189 1854 5258; x_wconf 87' lang='lat' dir='ltr'><strong>aperire</strong></span> <span class='ocrx_word' id='word_1_539' title='bbox 1905 5207 2011 5247; x_wconf 89' lang='lat' dir='ltr'><strong>non</strong></span> <span class='ocrx_word' id='word_1_540' title='bbox 2070 5193 2135 5247; x_wconf 89' lang='lat' dir='ltr'><strong>ti-</strong></span> 
     </span>
    </p>
   </div>
   <div class='ocr_carea' id='block_1_72' title="bbox 550 5269 2133 5353">
    <p class='ocr_par' dir='ltr' id='par_1_72' title="bbox 550 5269 2133 5353">
     <span class='ocr_line' id='line_1_72' title="bbox 550 5269 2133 5353; baseline 0.01 -29"><span class='ocrx_word' id='word_1_541' title='bbox 550 5284 673 5325; x_wconf 82' lang='lat' dir='ltr'><strong>meo</strong></span> <span class='ocrx_word' id='word_1_542' title='bbox 698 5269 791 5335; x_wconf 83' lang='lat'><strong>“°,</strong></span> <span class='ocrx_word' id='word_1_543' title='bbox 822 5271 949 5341; x_wconf 89' lang='lat' dir='ltr'><strong>quia</strong></span> <span class='ocrx_word' id='word_1_544' title='bbox 973 5282 1243 5329; x_wconf 89' lang='lat' dir='ltr'><strong>eratcum</strong></span> <span class='ocrx_word' id='word_1_545' title='bbox 1272 5276 1521 5346; x_wconf 89' lang='lat' dir='ltr'><strong>sapiente</strong></span> <span class='ocrx_word' id='word_1_546' title='bbox 1545 5279 1897 5353; x_wconf 90' lang='lat' dir='ltr'><strong>colloquium.</strong></span> <span class='ocrx_word' id='word_1_547' title='bbox 1918 5284 2049 5339; x_wconf 83' lang='lat' dir='ltr'><strong>Eam</strong></span> <span class='ocrx_word' id='word_1_548' title='bbox 2064 5285 2133 5316; x_wconf 75' lang='lat'><strong>‘“</strong></span> 
     </span>
    </p>
   </div>
   <div class='ocr_carea' id='block_1_73' title="bbox 550 5360 2143 5446">
    <p class='ocr_par' dir='ltr' id='par_1_73' title="bbox 550 5360 2143 5446">
     <span class='ocr_line' id='line_1_73' title="bbox 550 5360 2143 5446; baseline 0.008 -31"><span class='ocrx_word' id='word_1_549' title='bbox 550 5361 603 5416; x_wconf 91' lang='lat' dir='ltr'><strong>ni</strong></span> <span class='ocrx_word' id='word_1_550' title='bbox 629 5360 807 5431; x_wconf 84' lang='lat' dir='ltr'><strong>fallor,</strong></span> <span class='ocrx_word' id='word_1_551' title='bbox 839 5372 896 5418; x_wconf 91' lang='lat' dir='ltr'><strong>et</strong></span> <span class='ocrx_word' id='word_1_552' title='bbox 921 5361 1154 5419; x_wconf 86' lang='lat' dir='ltr'><strong>scicntia</strong></span> <span class='ocrx_word' id='word_1_553' title='bbox 1183 5374 1364 5423; x_wconf 81' lang='lat' dir='ltr'><strong>vestra</strong></span> <span class='ocrx_word' id='word_1_554' title='bbox 1396 5370 1627 5442; x_wconf 88' lang='lat' dir='ltr'><strong>erudiet,</strong></span> <span class='ocrx_word' id='word_1_555' title='bbox 1654 5382 1714 5430; x_wconf 79' lang='lat' dir='ltr'><strong>et</strong></span> <span class='ocrx_word' id='word_1_556' title='bbox 1741 5376 1981 5431; x_wconf 88' lang='lat' dir='ltr'><strong>charitas</strong></span> <span class='ocrx_word' id='word_1_557' title='bbox 2009 5391 2143 5446; x_wconf 80' lang='lat' dir='ltr'><strong>sup-</strong></span> 
     </span>
    </p>
   </div>
   <div class='ocr_carea' id='block_1_74' title="bbox 2236 1883 3842 1955">
    <p class='ocr_par' dir='ltr' id='par_1_74' title="bbox 2236 1883 3842 1955">
     <span class='ocr_line' id='line_1_74' title="bbox 2236 1883 3842 1955; baseline -0.003 -14"><span class='ocrx_word' id='word_1_558' title='bbox 2236 1894 2415 1955; x_wconf 85' lang='lat' dir='ltr'><strong>potest</strong></span> <span class='ocrx_word' id='word_1_559' title='bbox 2460 1885 2753 1954; x_wconf 87' lang='lat' dir='ltr'><strong>obsequio,</strong></span> <span class='ocrx_word' id='word_1_560' title='bbox 2784 1884 3032 1940; x_wconf 89' lang='lat' dir='ltr'><strong>subvenit</strong></span> <span class='ocrx_word' id='word_1_561' title='bbox 3086 1883 3305 1938; x_wconf 74' lang='lat' dir='ltr'><strong>affectu.</strong></span> <span class='ocrx_word' id='word_1_562' title='bbox 3354 1883 3533 1938; x_wconf 83' lang='lat' dir='ltr'><strong>Absit</strong></span> <span class='ocrx_word' id='word_1_563' title='bbox 3590 1884 3773 1955; x_wconf 79' lang='lat' dir='ltr'><strong>igitur</strong></span> <span class='ocrx_word' id='word_1_564' title='bbox 3805 1898 3842 1936; x_wconf 79' lang='lat' dir='ltr'><strong>ui</strong></span> 
     </span>
    </p>
   </div>
   <div class='ocr_carea' id='block_1_75' title="bbox 2235 1972 3841 2046">
    <p class='ocr_par' dir='ltr' id='par_1_75' title="bbox 2235 1972 3841 2046">
     <span class='ocr_line' id='line_1_75' title="bbox 2235 1972 3841 2046; baseline -0.003 -17"><span class='ocrx_word' id='word_1_565' title='bbox 2235 1975 2511 2046; x_wconf 85' lang='lat' dir='ltr'><strong>publicum</strong></span> <span class='ocrx_word' id='word_1_566' title='bbox 2540 1975 2824 2030; x_wconf 89' lang='lat' dir='ltr'><strong>cbaritatis</strong></span> <span class='ocrx_word' id='word_1_567' title='bbox 2853 1972 3178 2043; x_wconf 85' lang='lat' dir='ltr'><strong>beneﬁcium</strong></span> <span class='ocrx_word' id='word_1_568' title='bbox 3212 1972 3380 2027; x_wconf 88' lang='lat' dir='ltr'><strong>maris</strong></span> <span class='ocrx_word' id='word_1_569' title='bbox 3418 1973 3573 2027; x_wconf 80' lang='lat' dir='ltr'><strong>uiihi</strong></span> <span class='ocrx_word' id='word_1_570' title='bbox 3603 1974 3841 2030; x_wconf 58' lang='lat' dir='ltr'><strong>ﬂuctibus</strong></span> 
     </span>
    </p>
   </div>
   <div class='ocr_carea' id='block_1_76' title="bbox 2237 2052 3841 2141">
    <p class='ocr_par' dir='ltr' id='par_1_76' title="bbox 2237 2052 3841 2141">
     <span class='ocr_line' id='line_1_76' title="bbox 2237 2052 3841 2141; baseline -0.001 -19"><span class='ocrx_word' id='word_1_571' title='bbox 2237 2067 2546 2130; x_wconf 80' lang='lat' dir='ltr'><strong>auferatur.</strong></span> <span class='ocrx_word' id='word_1_572' title='bbox 2582 2082 2705 2122; x_wconf 91' lang='lat' dir='ltr'><strong>cum</strong></span> <span class='ocrx_word' id='word_1_573' title='bbox 2741 2067 3002 2136; x_wconf 86' lang='lat' dir='ltr'><strong>scriptum</strong></span> <span class='ocrx_word' id='word_1_574' title='bbox 3036 2066 3107 2120; x_wconf 86' lang='lat' dir='ltr'><strong>sit</strong></span> <span class='ocrx_word' id='word_1_575' title='bbox 3134 2083 3165 2141; x_wconf 10' lang='grc' dir='ltr'><strong>εγ</strong></span> <span class='ocrx_word' id='word_1_576' title='bbox 3188 2052 3601 2137; x_wconf 67' lang='grc' dir='ltr'><strong>Αᾳιηεήιιιηω</strong></span> <span class='ocrx_word' id='word_1_577' title='bbox 3642 2084 3841 2137; x_wconf 61' lang='lat' dir='ltr'><strong>nonpo-</strong></span> 
     </span>
    </p>
   </div>
   <div class='ocr_carea' id='block_1_77' title="bbox 2236 2155 3838 2226">
    <p class='ocr_par' dir='ltr' id='par_1_77' title="bbox 2236 2155 3838 2226">
     <span class='ocr_line' id='line_1_77' title="bbox 2236 2155 3838 2226; baseline -0.003 -12"><span class='ocrx_word' id='word_1_578' title='bbox 2236 2168 2447 2215; x_wconf 81' lang='lat' dir='ltr'><strong>tuerunt</strong></span> <span class='ocrx_word' id='word_1_579' title='bbox 2473 2159 2543 2191; x_wconf 73' lang='grc'><strong>⁸⁸⁸</strong></span> <span class='ocrx_word' id='word_1_580' title='bbox 2563 2159 2888 2226; x_wconf 72' lang='lat' dir='ltr'><strong>exstinguere</strong></span> <span class='ocrx_word' id='word_1_581' title='bbox 2911 2158 3243 2211; x_wconf 77' lang='lat' dir='ltr'><strong>cltaritatem.</strong></span> <span class='ocrx_word' id='word_1_582' title='bbox 3281 2155 3469 2211; x_wconf 85' lang='lat' dir='ltr'><strong>Facile</strong></span> <span class='ocrx_word' id='word_1_583' title='bbox 3496 2168 3602 2212; x_wconf 86' lang='lat' dir='ltr'><strong>est</strong></span> <span class='ocrx_word' id='word_1_584' title='bbox 3625 2158 3776 2211; x_wconf 84' lang='lat' dir='ltr'><strong>enim</strong></span> <span class='ocrx_word' id='word_1_585' title='bbox 3802 2172 3838 2209; x_wconf 73' lang='lat' dir='ltr'><strong>et</strong></span> 
     </span>
    </p>
   </div>
   <div class='ocr_carea' id='block_1_78' title="bbox 2237 2249 3837 2320">
    <p class='ocr_par' dir='ltr' id='par_1_78' title="bbox 2237 2249 3837 2320">
     <span class='ocr_line' id='line_1_78' title="bbox 2237 2249 3837 2320; baseline -0.005 -13"><span class='ocrx_word' id='word_1_586' title='bbox 2237 2252 2437 2308; x_wconf 84' lang='lat' dir='ltr'><strong>diversi</strong></span> <span class='ocrx_word' id='word_1_587' title='bbox 2483 2250 2717 2307; x_wconf 87' lang='lat' dir='ltr'><strong>cultores</strong></span> <span class='ocrx_word' id='word_1_588' title='bbox 2757 2249 2959 2317; x_wconf 90' lang='lat' dir='ltr'><strong>littoris</strong></span> <span class='ocrx_word' id='word_1_589' title='bbox 2996 2250 3238 2304; x_wconf 88' lang='lat' dir='ltr'><strong>charitas</strong></span> <span class='ocrx_word' id='word_1_590' title='bbox 3275 2250 3465 2312; x_wconf 89' lang='lat' dir='ltr'><strong>uuiat,</strong></span> <span class='ocrx_word' id='word_1_591' title='bbox 3512 2266 3659 2320; x_wconf 86' lang='lat' dir='ltr'><strong>quae</strong></span> <span class='ocrx_word' id='word_1_592' title='bbox 3702 2268 3837 2304; x_wconf 60' lang='lat' dir='ltr'><strong>unas</strong></span> 
     </span>
    </p>
   </div>
   <div class='ocr_carea' id='block_1_79' title="bbox 2238 2340 3834 2413">
    <p class='ocr_par' dir='ltr' id='par_1_79' title="bbox 2238 2340 3834 2413">
     <span class='ocr_line' id='line_1_79' title="bbox 2238 2340 3834 2413; baseline -0.003 -16"><span class='ocrx_word' id='word_1_593' title='bbox 2238 2342 2627 2413; x_wconf 87' lang='lat' dir='ltr'><strong>rempublicam</strong></span> <span class='ocrx_word' id='word_1_594' title='bbox 2658 2349 2862 2396; x_wconf 90' lang='lat' dir='ltr'><strong>terram</strong></span> <span class='ocrx_word' id='word_1_595' title='bbox 2903 2340 3035 2395; x_wconf 89' lang='lat' dir='ltr'><strong>fecit</strong></span> <span class='ocrx_word' id='word_1_596' title='bbox 3090 2350 3145 2394; x_wconf 90' lang='lat' dir='ltr'><strong>et</strong></span> <span class='ocrx_word' id='word_1_597' title='bbox 3183 2340 3403 2395; x_wconf 74' lang='lat' dir='ltr'><strong>cmlum.</strong></span> <span class='ocrx_word' id='word_1_598' title='bbox 3439 2340 3642 2407; x_wconf 79' lang='lat' dir='ltr'><strong>Hujus</strong></span> <span class='ocrx_word' id='word_1_599' title='bbox 3678 2344 3834 2411; x_wconf 60' lang='lat' dir='ltr'><strong>itape</strong></span> 
     </span>
    </p>
   </div>
   <div class='ocr_carea' id='block_1_80' title="bbox 2236 2432 3901 2506">
    <p class='ocr_par' dir='ltr' id='par_1_80' title="bbox 2236 2432 3901 2506">
     <span class='ocr_line' id='line_1_80' title="bbox 2236 2432 3901 2506; baseline -0.003 -16"><span class='ocrx_word' id='word_1_600' title='bbox 2236 2436 2454 2499; x_wconf 90' lang='lat' dir='ltr'><strong>ﬁducia,</strong></span> <span class='ocrx_word' id='word_1_601' title='bbox 2476 2435 2670 2506; x_wconf 78' lang='lat' dir='ltr'><strong>injecta</strong></span> <span class='ocrx_word' id='word_1_602' title='bbox 2699 2444 2783 2489; x_wconf 86' lang='lat' dir='ltr'><strong>est</strong></span> <span class='ocrx_word' id='word_1_603' title='bbox 2799 2433 2928 2487; x_wconf 90' lang='lat' dir='ltr'><strong>mihi</strong></span> <span class='ocrx_word' id='word_1_604' title='bbox 2957 2433 3303 2503; x_wconf 72' lang='lat' dir='ltr'><strong>prazsumptio</strong></span> <span class='ocrx_word' id='word_1_605' title='bbox 3326 2432 3669 2502; x_wconf 78' lang='lat' dir='ltr'><strong>inquirendi</strong></span> <span class='ocrx_word' id='word_1_606' title='bbox 3697 2446 3834 2501; x_wconf 64' lang='lat' dir='ltr'><strong>atque</strong></span> <span class='ocrx_word' id='word_1_607' title='bbox 3900 2432 3901 2505; x_wconf 46' lang='grc' dir='ltr'><strong><em>γ</em></strong></span> 
     </span>
    </p>
   </div>
   <div class='ocr_carea' id='block_1_81' title="bbox 2236 2525 3901 2598">
    <p class='ocr_par' dir='ltr' id='par_1_81' title="bbox 2236 2525 3901 2598">
     <span class='ocr_line' id='line_1_81' title="bbox 2236 2525 3901 2598; baseline -0.005 -14"><span class='ocrx_word' id='word_1_608' title='bbox 2236 2526 2542 2598; x_wconf 83' lang='lat' dir='ltr'><strong>postulandi</strong></span> <span class='ocrx_word' id='word_1_609' title='bbox 2582 2527 2635 2582; x_wconf 87' lang='lat' dir='ltr'><strong>id</strong></span> <span class='ocrx_word' id='word_1_610' title='bbox 2673 2526 2815 2595; x_wconf 91' lang='lat' dir='ltr'><strong>quod</strong></span> <span class='ocrx_word' id='word_1_611' title='bbox 2848 2526 3153 2595; x_wconf 90' lang='lat' dir='ltr'><strong>impensum</strong></span> <span class='ocrx_word' id='word_1_612' title='bbox 3200 2540 3306 2580; x_wconf 92' lang='lat' dir='ltr'><strong>non</strong></span> <span class='ocrx_word' id='word_1_613' title='bbox 3339 2525 3569 2580; x_wconf 86' lang='lat' dir='ltr'><strong>minuet</strong></span> <span class='ocrx_word' id='word_1_614' title='bbox 3617 2540 3830 2596; x_wconf 60' lang='lat' dir='ltr'><strong>emgaw</strong></span> <span class='ocrx_word' id='word_1_615' title='bbox 3900 2536 3901 2545; x_wconf 78' lang='lat'>‘</span> 
     </span>
    </p>
   </div>
   <div class='ocr_carea' id='block_1_82' title="bbox 2238 2618 3829 2689">
    <p class='ocr_par' dir='ltr' id='par_1_82' title="bbox 2238 2618 3829 2689">
     <span class='ocr_line' id='line_1_82' title="bbox 2238 2618 3829 2689; baseline -0.006 -13"><span class='ocrx_word' id='word_1_616' title='bbox 2238 2630 2367 2676; x_wconf 87' lang='lat' dir='ltr'><strong>tem.</strong></span> <span class='ocrx_word' id='word_1_617' title='bbox 2412 2620 2469 2676; x_wconf 88' lang='lat' dir='ltr'><strong>Si</strong></span> <span class='ocrx_word' id='word_1_618' title='bbox 2517 2628 2765 2677; x_wconf 89' lang='lat' dir='ltr'><strong>votorum</strong></span> <span class='ocrx_word' id='word_1_619' title='bbox 2808 2634 3020 2674; x_wconf 90' lang='lat' dir='ltr'><strong>summa</strong></span> <span class='ocrx_word' id='word_1_620' title='bbox 3076 2618 3361 2689; x_wconf 68' lang='lat' dir='ltr'><strong>quarritur,</strong></span> <span class='ocrx_word' id='word_1_621' title='bbox 3406 2632 3676 2689; x_wconf 88' lang='lat' dir='ltr'><strong>sequens</strong></span> <span class='ocrx_word' id='word_1_622' title='bbox 3714 2618 3829 2673; x_wconf 68' lang='lat' dir='ltr'><strong>il’au</strong></span> 
     </span>
    </p>
   </div>
   <div class='ocr_carea' id='block_1_83' title="bbox 2235 2709 3829 2784">
    <p class='ocr_par' dir='ltr' id='par_1_83' title="bbox 2235 2709 3829 2784">
     <span class='ocr_line' id='line_1_83' title="bbox 2235 2709 3829 2784; baseline -0.004 -17"><span class='ocrx_word' id='word_1_623' title='bbox 2235 2713 2433 2784; x_wconf 79' lang='lat' dir='ltr'><strong>pagina</strong></span> <span class='ocrx_word' id='word_1_624' title='bbox 2460 2710 2779 2767; x_wconf 89' lang='lat' dir='ltr'><strong>declarabit.</strong></span> <span class='ocrx_word' id='word_1_625' title='bbox 2810 2710 3109 2780; x_wconf 82' lang='lat' dir='ltr'><strong>Apulorum</strong></span> <span class='ocrx_word' id='word_1_626' title='bbox 3142 2710 3211 2743; x_wconf 75' lang='grc'><strong>⁸⁵⁷</strong></span> <span class='ocrx_word' id='word_1_627' title='bbox 3254 2709 3645 2767; x_wconf 82' lang='lat' dir='ltr'><strong>relatiOnibus</strong></span> <span class='ocrx_word' id='word_1_628' title='bbox 3693 2712 3829 2766; x_wconf 63' lang='lat' dir='ltr'><strong>didici</strong></span> 
     </span>
    </p>
   </div>
   <div class='ocr_carea' id='block_1_84' title="bbox 2235 2802 3828 2873">
    <p class='ocr_par' dir='ltr' id='par_1_84' title="bbox 2235 2802 3828 2873">
     <span class='ocr_line' id='line_1_84' title="bbox 2235 2802 3828 2873; baseline 0.001 -16"><span class='ocrx_word' id='word_1_629' title='bbox 2235 2820 2333 2860; x_wconf 79' lang='lat' dir='ltr'><strong>vos</strong></span> <span class='ocrx_word' id='word_1_630' title='bbox 2364 2806 2416 2859; x_wconf 93' lang='lat' dir='ltr'><strong>in</strong></span> <span class='ocrx_word' id='word_1_631' title='bbox 2447 2802 2676 2860; x_wconf 91' lang='lat' dir='ltr'><strong>concilio</strong></span> <span class='ocrx_word' id='word_1_632' title='bbox 2704 2802 2932 2858; x_wconf 89' lang='lat' dir='ltr'><strong>Barensi</strong></span> <span class='ocrx_word' id='word_1_633' title='bbox 2965 2817 3275 2858; x_wconf 87' lang='lat' dir='ltr'><strong>sermonem</strong></span> <span class='ocrx_word' id='word_1_634' title='bbox 3311 2802 3592 2858; x_wconf 87' lang='lat' dir='ltr'><strong>habuisse</strong></span> <span class='ocrx_word' id='word_1_635' title='bbox 3627 2804 3702 2859; x_wconf 85' lang='lat' dir='ltr'><strong>de</strong></span> 
     </span>
    </p>
   </div>
   <div class='ocr_carea' id='block_1_85' title="bbox 2237 2893 3901 2967">
    <p class='ocr_par' dir='ltr' id='par_1_85' title="bbox 2237 2893 3901 2967">
     <span class='ocr_line' id='line_1_85' title="bbox 2237 2893 3901 2967; baseline -0.004 -15"><span class='ocrx_word' id='word_1_636' title='bbox 2237 2898 2344 2952; x_wconf 88' lang='lat' dir='ltr'><strong>ritu</strong></span> <span class='ocrx_word' id='word_1_637' title='bbox 2375 2906 2583 2962; x_wconf 84' lang='lat' dir='ltr'><strong>sancto,</strong></span> <span class='ocrx_word' id='word_1_638' title='bbox 2620 2910 2780 2967; x_wconf 89' lang='lat' dir='ltr'><strong>quem</strong></span> <span class='ocrx_word' id='word_1_639' title='bbox 2806 2894 3141 2951; x_wconf 85' lang='lat' dir='ltr'><strong>calumniosa</strong></span> <span class='ocrx_word' id='word_1_640' title='bbox 3162 2893 3495 2957; x_wconf 61' lang='lat' dir='ltr'><strong>Graecorum</strong></span> <span class='ocrx_word' id='word_1_641' title='bbox 3535 2906 3786 2949; x_wconf 77' lang='lat' dir='ltr'><strong>versuti:</strong></span> <span class='ocrx_word' id='word_1_642' title='bbox 3808 2913 3826 2946; x_wconf 73' lang='grc' dir='ltr'><strong>ι</strong></span> <span class='ocrx_word' id='word_1_643' title='bbox 3900 2952 3901 2955; x_wconf 28' lang='grc' dir='ltr'><strong>η</strong></span> 
     </span>
    </p>
   </div>
   <div class='ocr_carea' id='block_1_86' title="bbox 2237 2984 3901 3058">
    <p class='ocr_par' dir='ltr' id='par_1_86' title="bbox 2237 2984 3901 3058">
     <span class='ocr_line' id='line_1_86' title="bbox 2237 2984 3901 3058; baseline -0.004 -14"><span class='ocrx_word' id='word_1_644' title='bbox 2237 2989 2377 3044; x_wconf 81' lang='lat' dir='ltr'><strong>Filio</strong></span> <span class='ocrx_word' id='word_1_645' title='bbox 2401 2989 2622 3044; x_wconf 89' lang='lat' dir='ltr'><strong>minime</strong></span> <span class='ocrx_word' id='word_1_646' title='bbox 2669 2986 2964 3058; x_wconf 89' lang='lat' dir='ltr'><strong>procedere</strong></span> <span class='ocrx_word' id='word_1_647' title='bbox 3010 2985 3302 3041; x_wconf 85' lang='lat' dir='ltr'><strong>fabulatur.</strong></span> <span class='ocrx_word' id='word_1_648' title='bbox 3350 2984 3513 3050; x_wconf 85' lang='lat' dir='ltr'><strong>Quod</strong></span> <span class='ocrx_word' id='word_1_649' title='bbox 3551 2987 3731 3058; x_wconf 84' lang='lat' dir='ltr'><strong>igitur</strong></span> <span class='ocrx_word' id='word_1_650' title='bbox 3757 2990 3830 3039; x_wconf 65' lang='grc' dir='ltr'><strong>τίιί-</strong></span> <span class='ocrx_word' id='word_1_651' title='bbox 3900 3020 3901 3043; x_wconf 57' lang='grc' dir='ltr'><em>ρ</em></span> 
     </span>
    </p>
   </div>
   <div class='ocr_carea' id='block_1_87' title="bbox 2234 3077 3826 3150">
    <p class='ocr_par' dir='ltr' id='par_1_87' title="bbox 2234 3077 3826 3150">
     <span class='ocr_line' id='line_1_87' title="bbox 2234 3077 3826 3150; baseline -0.004 -14"><span class='ocrx_word' id='word_1_652' title='bbox 2234 3095 2429 3136; x_wconf 74' lang='lat' dir='ltr'><strong>versus</strong></span> <span class='ocrx_word' id='word_1_653' title='bbox 2462 3081 2602 3135; x_wconf 89' lang='lat' dir='ltr'><strong>hanc</strong></span> <span class='ocrx_word' id='word_1_654' title='bbox 2638 3080 2852 3134; x_wconf 91' lang='lat' dir='ltr'><strong>illorum</strong></span> <span class='ocrx_word' id='word_1_655' title='bbox 2884 3078 3209 3134; x_wconf 86' lang='lat' dir='ltr'><strong>dementiam</strong></span> <span class='ocrx_word' id='word_1_656' title='bbox 3243 3077 3296 3132; x_wconf 92' lang='lat' dir='ltr'><strong>in</strong></span> <span class='ocrx_word' id='word_1_657' title='bbox 3319 3083 3563 3148; x_wconf 59' lang='lat' dir='ltr'><strong>praelato</strong></span> <span class='ocrx_word' id='word_1_658' title='bbox 3605 3078 3826 3150; x_wconf 76' lang='lat' dir='ltr'><strong>promul—</strong></span> 
     </span>
    </p>
   </div>
   <div class='ocr_carea' id='block_1_88' title="bbox 2237 3441 3824 3515">
    <p class='ocr_par' dir='ltr' id='par_1_88' title="bbox 2237 3441 3824 3515">
     <span class='ocr_line' id='line_1_88' title="bbox 2237 3441 3824 3515; baseline -0.005 -14"><span class='ocrx_word' id='word_1_659' title='bbox 2237 3447 2449 3502; x_wconf 90' lang='lat' dir='ltr'><strong>munire</strong></span> <span class='ocrx_word' id='word_1_660' title='bbox 2478 3462 2584 3503; x_wconf 92' lang='lat' dir='ltr'><strong>non</strong></span> <span class='ocrx_word' id='word_1_661' title='bbox 2619 3444 2871 3510; x_wconf 61' lang='lat' dir='ltr'><strong>taedebit,</strong></span> <span class='ocrx_word' id='word_1_662' title='bbox 2901 3460 3039 3515; x_wconf 90' lang='lat' dir='ltr'><strong>quas</strong></span> <span class='ocrx_word' id='word_1_663' title='bbox 3075 3441 3263 3499; x_wconf 81' lang='lat' dir='ltr'><strong>Graeca</strong></span> <span class='ocrx_word' id='word_1_664' title='bbox 3294 3441 3603 3507; x_wconf 87' lang='lat' dir='ltr'><strong>calliditas,</strong></span> <span class='ocrx_word' id='word_1_665' title='bbox 3631 3453 3688 3498; x_wconf 86' lang='lat' dir='ltr'><strong>et</strong></span> <span class='ocrx_word' id='word_1_666' title='bbox 3718 3458 3824 3498; x_wconf 77' lang='lat' dir='ltr'><strong>suas</strong></span> 
     </span>
    </p>
   </div>
   <div class='ocr_carea' id='block_1_89' title="bbox 2238 3532 3820 3611">
    <p class='ocr_par' dir='ltr' id='par_1_89' title="bbox 2238 3532 3820 3611">
     <span class='ocr_line' id='line_1_89' title="bbox 2238 3532 3820 3611; baseline -0.006 -17"><span class='ocrx_word' id='word_1_667' title='bbox 2238 3538 2473 3595; x_wconf 81' lang='lat' dir='ltr'><strong>fateatur</strong></span> <span class='ocrx_word' id='word_1_668' title='bbox 2512 3546 2566 3593; x_wconf 91' lang='lat' dir='ltr'><strong>et</strong></span> <span class='ocrx_word' id='word_1_669' title='bbox 2608 3545 2848 3592; x_wconf 88' lang='lat' dir='ltr'><strong>nostras.</strong></span> <span class='ocrx_word' id='word_1_670' title='bbox 2897 3535 3090 3611; x_wconf 76' lang='lat' dir='ltr'><strong>Magna</strong></span> <span class='ocrx_word' id='word_1_671' title='bbox 3134 3533 3380 3603; x_wconf 88' lang='lat' dir='ltr'><strong>quidem,</strong></span> <span class='ocrx_word' id='word_1_672' title='bbox 3424 3533 3602 3589; x_wconf 85' lang='lat' dir='ltr'><strong>beate</strong></span> <span class='ocrx_word' id='word_1_673' title='bbox 3657 3532 3820 3591; x_wconf 77' lang='lat' dir='ltr'><strong>Pater.</strong></span> 
     </span>
    </p>
   </div>
   <div class='ocr_carea' id='block_1_90' title="bbox 2234 3612 3824 3702">
    <p class='ocr_par' dir='ltr' id='par_1_90' title="bbox 2234 3612 3824 3702">
     <span class='ocr_line' id='line_1_90' title="bbox 2234 3612 3824 3702; baseline -0.004 -17"><span class='ocrx_word' id='word_1_674' title='bbox 2234 3630 2448 3702; x_wconf 88' lang='lat' dir='ltr'><strong>postulo</strong></span> <span class='ocrx_word' id='word_1_675' title='bbox 2468 3670 2484 3696; x_wconf 90' lang='lat'><strong>,</strong></span> <span class='ocrx_word' id='word_1_676' title='bbox 2519 3629 2613 3685; x_wconf 90' lang='lat' dir='ltr'><strong>sed</strong></span> <span class='ocrx_word' id='word_1_677' title='bbox 2644 3643 2763 3699; x_wconf 80' lang='lat' dir='ltr'><strong>quae</strong></span> <span class='ocrx_word' id='word_1_678' title='bbox 2788 3627 2996 3697; x_wconf 89' lang='lat' dir='ltr'><strong>pariter</strong></span> <span class='ocrx_word' id='word_1_679' title='bbox 3020 3635 3077 3681; x_wconf 86' lang='lat' dir='ltr'><strong>et</strong></span> <span class='ocrx_word' id='word_1_680' title='bbox 3102 3624 3420 3695; x_wconf 89' lang='lat' dir='ltr'><strong>suscipicuti</strong></span> <span class='ocrx_word' id='word_1_681' title='bbox 3458 3612 3762 3692; x_wconf 77' lang='lat' dir='ltr'><strong>proﬁciant</strong></span> <span class='ocrx_word' id='word_1_682' title='bbox 3783 3636 3824 3679; x_wconf 81' lang='lat' dir='ltr'><strong>ct</strong></span> 
     </span>
    </p>
   </div>
   <div class='ocr_carea' id='block_1_91' title="bbox 2235 3715 3823 3789">
    <p class='ocr_par' dir='ltr' id='par_1_91' title="bbox 2235 3715 3823 3789">
     <span class='ocr_line' id='line_1_91' title="bbox 2235 3715 3823 3789; baseline -0.005 -12"><span class='ocrx_word' id='word_1_683' title='bbox 2235 3723 2408 3779; x_wconf 79' lang='lat' dir='ltr'><strong>danti.</strong></span> <span class='ocrx_word' id='word_1_684' title='bbox 2457 3719 2663 3776; x_wconf 72' lang='lat' dir='ltr'><strong>Nobilis</strong></span> <span class='ocrx_word' id='word_1_685' title='bbox 2719 3718 2865 3774; x_wconf 87' lang='lat' dir='ltr'><strong>enim</strong></span> <span class='ocrx_word' id='word_1_686' title='bbox 2918 3716 3190 3789; x_wconf 85' lang='lat' dir='ltr'><strong>possessio</strong></span> <span class='ocrx_word' id='word_1_687' title='bbox 3240 3724 3326 3771; x_wconf 90' lang='lat' dir='ltr'><strong>est</strong></span> <span class='ocrx_word' id='word_1_688' title='bbox 3380 3715 3665 3783; x_wconf 63' lang='lat' dir='ltr'><strong>scientiae,</strong></span> <span class='ocrx_word' id='word_1_689' title='bbox 3726 3730 3823 3787; x_wconf 65' lang='lat' dir='ltr'><strong>qui:</strong></span> 
     </span>
    </p>
   </div>
   <div class='ocr_carea' id='block_1_92' title="bbox 2236 3806 3895 3881">
    <p class='ocr_par' dir='ltr' id='par_1_92' title="bbox 2236 3806 3895 3881">
     <span class='ocr_line' id='line_1_92' title="bbox 2236 3806 3895 3881; baseline -0.008 -12"><span class='ocrx_word' id='word_1_690' title='bbox 2236 3814 2523 3870; x_wconf 88' lang='lat' dir='ltr'><strong>distributa</strong></span> <span class='ocrx_word' id='word_1_691' title='bbox 2565 3809 2797 3881; x_wconf 89' lang='lat' dir='ltr'><strong>suscipit</strong></span> <span class='ocrx_word' id='word_1_692' title='bbox 2838 3809 3264 3877; x_wconf 82' lang='lat' dir='ltr'><strong>incrementum;</strong></span> <span class='ocrx_word' id='word_1_693' title='bbox 3304 3815 3360 3862; x_wconf 92' lang='lat' dir='ltr'><strong>et</strong></span> <span class='ocrx_word' id='word_1_694' title='bbox 3404 3820 3647 3861; x_wconf 86' lang='lat' dir='ltr'><strong>avarum</strong></span> <span class='ocrx_word' id='word_1_695' title='bbox 3690 3806 3839 3861; x_wconf 64' lang='lat' dir='ltr'><strong>dediv‘</strong></span> <span class='ocrx_word' id='word_1_696' title='bbox 3888 3820 3895 3835; x_wconf 71' lang='grc' dir='ltr'><strong>ι</strong></span> 
     </span>
    </p>
   </div>
   <div class='ocr_carea' id='block_1_93' title="bbox 2236 3896 3824 3976">
    <p class='ocr_par' dir='ltr' id='par_1_93' title="bbox 2236 3896 3824 3976">
     <span class='ocr_line' id='line_1_93' title="bbox 2236 3896 3824 3976; baseline -0.006 -17"><span class='ocrx_word' id='word_1_697' title='bbox 2236 3915 2397 3975; x_wconf 78' lang='lat' dir='ltr'><strong>gnata</strong></span> <span class='ocrx_word' id='word_1_698' title='bbox 2436 3917 2837 3976; x_wconf 88' lang='lat' dir='ltr'><strong>possessorem,</strong></span> <span class='ocrx_word' id='word_1_699' title='bbox 2878 3901 2982 3956; x_wconf 91' lang='lat' dir='ltr'><strong>nisi</strong></span> <span class='ocrx_word' id='word_1_700' title='bbox 3019 3899 3344 3971; x_wconf 90' lang='lat' dir='ltr'><strong>publicetur,</strong></span> <span class='ocrx_word' id='word_1_701' title='bbox 3389 3896 3665 3954; x_wconf 87' lang='lat' dir='ltr'><strong>elabitur.</strong></span> <span class='ocrx_word' id='word_1_702' title='bbox 3704 3898 3824 3954; x_wconf 80' lang='lat' dir='ltr'><strong>Cou-</strong></span> 
     </span>
    </p>
   </div>
   <div class='ocr_carea' id='block_1_94' title="bbox 2236 3989 3821 4059">
    <p class='ocr_par' dir='ltr' id='par_1_94' title="bbox 2236 3989 3821 4059">
     <span class='ocr_line' id='line_1_94' title="bbox 2236 3989 3821 4059; baseline -0.006 -6"><span class='ocrx_word' id='word_1_703' title='bbox 2236 4005 2417 4053; x_wconf 81' lang='lat' dir='ltr'><strong>servet</strong></span> <span class='ocrx_word' id='word_1_704' title='bbox 2457 3995 2611 4049; x_wconf 91' lang='lat' dir='ltr'><strong>nobis</strong></span> <span class='ocrx_word' id='word_1_705' title='bbox 2646 3993 2909 4049; x_wconf 87' lang='lat' dir='ltr'><strong>Dominus</strong></span> <span class='ocrx_word' id='word_1_706' title='bbox 2937 3994 3281 4048; x_wconf 87' lang='lat' dir='ltr'><strong>sanctitatem</strong></span> <span class='ocrx_word' id='word_1_707' title='bbox 3320 4001 3606 4059; x_wconf 89' lang='lat' dir='ltr'><strong>vestram,</strong></span> <span class='ocrx_word' id='word_1_708' title='bbox 3657 4001 3717 4047; x_wconf 90' lang='lat' dir='ltr'><strong>et</strong></span> <span class='ocrx_word' id='word_1_709' title='bbox 3757 3989 3821 4044; x_wconf 84' lang='lat' dir='ltr'><strong>vi-</strong></span> 
     </span>
    </p>
   </div>
   <div class='ocr_carea' id='block_1_95' title="bbox 2235 4082 3395 4154">
    <p class='ocr_par' dir='ltr' id='par_1_95' title="bbox 2235 4082 3395 4154">
     <span class='ocr_line' id='line_1_95' title="bbox 2235 4082 3395 4154; baseline -0.009 -8"><span class='ocrx_word' id='word_1_710' title='bbox 2235 4091 2401 4145; x_wconf 87' lang='lat' dir='ltr'><strong>deant</strong></span> <span class='ocrx_word' id='word_1_711' title='bbox 2427 4102 2521 4142; x_wconf 91' lang='lat' dir='ltr'><strong>vos</strong></span> <span class='ocrx_word' id='word_1_712' title='bbox 2548 4085 2689 4141; x_wconf 88' lang='lat' dir='ltr'><strong>oculi</strong></span> <span class='ocrx_word' id='word_1_713' title='bbox 2714 4085 2818 4140; x_wconf 88' lang='lat' dir='ltr'><strong>mei</strong></span> <span class='ocrx_word' id='word_1_714' title='bbox 2842 4093 3135 4154; x_wconf 87' lang='lat' dir='ltr'><strong>antequam</strong></span> <span class='ocrx_word' id='word_1_715' title='bbox 3168 4082 3395 4137; x_wconf 85' lang='lat' dir='ltr'><strong>moriar.</strong></span> 
     </span>
    </p>
   </div>
   <div class='ocr_carea' id='block_1_96' title="bbox 2268 4163 3353 4241">
    <p class='ocr_par' dir='ltr' id='par_1_96' title="bbox 2268 4163 3353 4241">
     <span class='ocr_line' id='line_1_96' title="bbox 2268 4163 3353 4241; baseline -0.004 -8"><span class='ocrx_word' id='word_1_716' title='bbox 2268 4190 2271 4193; x_wconf 77' lang='lat'><em>&#39;</em></span> <span class='ocrx_word' id='word_1_717' title='bbox 2752 4176 3088 4241; x_wconf 75' lang='lat' dir='ltr'><strong>EPISTULA</strong></span> <span class='ocrx_word' id='word_1_718' title='bbox 3108 4174 3306 4237; x_wconf 72' lang='lat' dir='ltr'><strong>CLXI.</strong></span> <span class='ocrx_word' id='word_1_719' title='bbox 3349 4163 3353 4171; x_wconf 58' lang='grc'>’</span> 
     </span>
    </p>
   </div>
   <div class='ocr_carea' id='block_1_97' title="bbox 2689 4266 3371 4324">
    <p class='ocr_par' dir='ltr' id='par_1_97' title="bbox 2689 4266 3371 4324">
     <span class='ocr_line' id='line_1_97' title="bbox 2689 4266 3371 4324; baseline -0.006 0"><span class='ocrx_word' id='word_1_720' title='bbox 2689 4266 2921 4324; x_wconf 71' lang='lat' dir='ltr'><strong>ucsosu</strong></span> <span class='ocrx_word' id='word_1_721' title='bbox 2960 4285 3029 4323; x_wconf 77' lang='lat' dir='ltr'><strong>AD</strong></span> <span class='ocrx_word' id='word_1_722' title='bbox 3067 4282 3371 4323; x_wconf 64' lang='lat' dir='ltr'><strong>susurrum.</strong></span> 
     </span>
    </p>
   </div>
   <div class='ocr_carea' id='block_1_98' title="bbox 2309 4356 3827 4433">
    <p class='ocr_par' dir='ltr' id='par_1_98' title="bbox 2309 4356 3827 4433">
     <span class='ocr_line' id='line_1_98' title="bbox 2309 4356 3827 4433; baseline -0.007 -12"><span class='ocrx_word' id='word_1_723' title='bbox 2309 4362 2686 4421; x_wconf 72' lang='lat' dir='ltr'><strong>[lutosaearus</strong></span> <span class='ocrx_word' id='word_1_724' title='bbox 2720 4359 3006 4433; x_wconf 88' lang='lat' dir='ltr'><strong>episcopus</strong></span> <span class='ocrx_word' id='word_1_725' title='bbox 3029 4360 3308 4427; x_wconf 71' lang='lat' dir='ltr'><strong>Axsstuo,</strong></span> <span class='ocrx_word' id='word_1_726' title='bbox 3336 4356 3734 4415; x_wconf 81' lang='lat' dir='ltr'><strong>Cautuariensi</strong></span> <span class='ocrx_word' id='word_1_727' title='bbox 3756 4372 3827 4411; x_wconf 79' lang='lat' dir='ltr'><strong>ar-</strong></span> 
     </span>
    </p>
   </div>
   <div class='ocr_carea' id='block_1_99' title="bbox 2239 4460 3607 4529">
    <p class='ocr_par' dir='ltr' id='par_1_99' title="bbox 2239 4460 3607 4529">
     <span class='ocr_line' id='line_1_99' title="bbox 2239 4460 3607 4529; baseline -0.006 -14"><span class='ocrx_word' id='word_1_728' title='bbox 2239 4460 2607 4529; x_wconf 89' lang='lat' dir='ltr'><strong>chiepiscopo.</strong></span> <span class='ocrx_word' id='word_1_729' title='bbox 3228 4492 3231 4493; x_wconf 49' lang='grc' dir='ltr'><em>ν</em></span> <span class='ocrx_word' id='word_1_730' title='bbox 3602 4500 3607 4507; x_wconf 83' lang='lat'><strong>.</strong></span> 
     </span>
    </p>
   </div>
   <div class='ocr_carea' id='block_1_100' title="bbox 2315 4543 3819 4604">
    <p class='ocr_par' dir='ltr' id='par_1_100' title="bbox 2315 4543 3819 4604">
     <span class='ocr_line' id='line_1_100' title="bbox 2315 4543 3819 4604; baseline -0.009 0"><span class='ocrx_word' id='word_1_731' title='bbox 2315 4550 2381 4604; x_wconf 88' lang='lat' dir='ltr'><strong>Et</strong></span> <span class='ocrx_word' id='word_1_732' title='bbox 2405 4550 2521 4604; x_wconf 90' lang='lat' dir='ltr'><strong>dies</strong></span> <span class='ocrx_word' id='word_1_733' title='bbox 2546 4548 2699 4603; x_wconf 65' lang='lat' dir='ltr'><strong>lmtus</strong></span> <span class='ocrx_word' id='word_1_734' title='bbox 2725 4554 2781 4600; x_wconf 90' lang='lat' dir='ltr'><strong>et</strong></span> <span class='ocrx_word' id='word_1_735' title='bbox 2815 4545 2993 4601; x_wconf 85' lang='lat' dir='ltr'><strong>vultus</strong></span> <span class='ocrx_word' id='word_1_736' title='bbox 3020 4543 3288 4600; x_wconf 88' lang='lat' dir='ltr'><strong>solemnes</strong></span> <span class='ocrx_word' id='word_1_737' title='bbox 3310 4556 3431 4597; x_wconf 91' lang='lat' dir='ltr'><strong>cum</strong></span> <span class='ocrx_word' id='word_1_738' title='bbox 3467 4550 3565 4596; x_wconf 90' lang='lat' dir='ltr'><strong>tuo</strong></span> <span class='ocrx_word' id='word_1_739' title='bbox 3600 4551 3819 4597; x_wconf 79' lang='lat' dir='ltr'><strong>tractatu</strong></span> 
     </span>
    </p>
   </div>
   <div class='ocr_carea' id='block_1_101' title="bbox 2244 4814 3825 4895">
    <p class='ocr_par' dir='ltr' id='par_1_101' title="bbox 2244 4814 3825 4895">
     <span class='ocr_line' id='line_1_101' title="bbox 2244 4814 3825 4895; baseline -0.008 -18"><span class='ocrx_word' id='word_1_740' title='bbox 2244 4823 2450 4895; x_wconf 79' lang='lat' dir='ltr'><strong>gratias</strong></span> <span class='ocrx_word' id='word_1_741' title='bbox 2482 4823 2591 4877; x_wconf 87' lang='lat' dir='ltr'><strong>Deo</strong></span> <span class='ocrx_word' id='word_1_742' title='bbox 2615 4830 2671 4875; x_wconf 90' lang='lat' dir='ltr'><strong>et</strong></span> <span class='ocrx_word' id='word_1_743' title='bbox 2693 4820 2788 4875; x_wconf 89' lang='lat' dir='ltr'><strong>tibi</strong></span> <span class='ocrx_word' id='word_1_744' title='bbox 2814 4820 3041 4874; x_wconf 86' lang='lat' dir='ltr'><strong>devotus</strong></span> <span class='ocrx_word' id='word_1_745' title='bbox 3069 4815 3299 4871; x_wconf 72' lang='lat' dir='ltr'><strong>affectus</strong></span> <span class='ocrx_word' id='word_1_746' title='bbox 3327 4814 3395 4845; x_wconf 81' lang='grc'><strong>⁶⁶¹</strong></span> <span class='ocrx_word' id='word_1_747' title='bbox 3421 4828 3605 4879; x_wconf 87' lang='lat' dir='ltr'><strong>meus.</strong></span> <span class='ocrx_word' id='word_1_748' title='bbox 3642 4814 3825 4869; x_wconf 75' lang='lat' dir='ltr'><strong>&quot;truta-</strong></span> 
     </span>
    </p>
   </div>
   <div class='ocr_carea' id='block_1_102' title="bbox 2246 4904 3823 4984">
    <p class='ocr_par' dir='ltr' id='par_1_102' title="bbox 2246 4904 3823 4984">
     <span class='ocr_line' id='line_1_102' title="bbox 2246 4904 3823 4984; baseline -0.007 -16"><span class='ocrx_word' id='word_1_749' title='bbox 2246 4907 2373 4969; x_wconf 86' lang='lat' dir='ltr'><strong>num</strong></span> <span class='ocrx_word' id='word_1_750' title='bbox 2416 4914 2632 4984; x_wconf 88' lang='lat' dir='ltr'><strong>quidem</strong></span> <span class='ocrx_word' id='word_1_751' title='bbox 2667 4910 2785 4965; x_wconf 72' lang='lat' dir='ltr'><strong>fuit</strong></span> <span class='ocrx_word' id='word_1_752' title='bbox 2823 4907 3109 4964; x_wconf 86' lang='lat' dir='ltr'><strong>subvenire</strong></span> <span class='ocrx_word' id='word_1_753' title='bbox 3149 4904 3397 4975; x_wconf 80' lang='lat' dir='ltr'><strong>proximo</strong></span> <span class='ocrx_word' id='word_1_754' title='bbox 3441 4918 3543 4972; x_wconf 90' lang='lat' dir='ltr'><strong>per</strong></span> <span class='ocrx_word' id='word_1_755' title='bbox 3586 4920 3823 4975; x_wconf 57' lang='lat' dir='ltr'><strong>conquis-</strong></span> 
     </span>
    </p>
   </div>
   <div class='ocr_carea' id='block_1_103' title="bbox 2242 4996 3821 5071">
    <p class='ocr_par' dir='ltr' id='par_1_103' title="bbox 2242 4996 3821 5071">
     <span class='ocr_line' id='line_1_103' title="bbox 2242 4996 3821 5071; baseline -0.006 -8"><span class='ocrx_word' id='word_1_756' title='bbox 2242 5009 2413 5064; x_wconf 90' lang='lat' dir='ltr'><strong>sionis</strong></span> <span class='ocrx_word' id='word_1_757' title='bbox 2440 5007 2716 5071; x_wconf 69' lang='lat' dir='ltr'><strong>allectum,</strong></span> <span class='ocrx_word' id='word_1_758' title='bbox 2748 5004 2842 5058; x_wconf 85' lang='lat' dir='ltr'><strong>sed</strong></span> <span class='ocrx_word' id='word_1_759' title='bbox 2866 5001 3107 5057; x_wconf 75' lang='lat' dir='ltr'><strong>divinant</strong></span> <span class='ocrx_word' id='word_1_760' title='bbox 3137 4999 3297 5055; x_wconf 83' lang='lat' dir='ltr'><strong>ﬁdem</strong></span> <span class='ocrx_word' id='word_1_761' title='bbox 3326 4996 3626 5054; x_wconf 72' lang='lat' dir='ltr'><strong>defendere</strong></span> <span class='ocrx_word' id='word_1_762' title='bbox 3650 5008 3821 5054; x_wconf 79' lang='lat' dir='ltr'><strong>catho-</strong></span> 
     </span>
    </p>
   </div>
   <div class='ocr_carea' id='block_1_104' title="bbox 2242 5077 3821 5170">
    <p class='ocr_par' dir='ltr' id='par_1_104' title="bbox 2242 5077 3821 5170">
     <span class='ocr_line' id='line_1_104' title="bbox 2242 5077 3821 5170; baseline -0.007 -16"><span class='ocrx_word' id='word_1_763' title='bbox 2242 5102 2400 5157; x_wconf 90' lang='lat' dir='ltr'><strong>licam</strong></span> <span class='ocrx_word' id='word_1_764' title='bbox 2448 5114 2545 5170; x_wconf 90' lang='lat' dir='ltr'><strong>per</strong></span> <span class='ocrx_word' id='word_1_765' title='bbox 2590 5097 2982 5153; x_wconf 86' lang='lat' dir='ltr'><strong>inhabitantem</strong></span> <span class='ocrx_word' id='word_1_766' title='bbox 3028 5077 3180 5149; x_wconf 33' lang='lat' dir='ltr'><strong>in‘te</strong></span> <span class='ocrx_word' id='word_1_767' title='bbox 3223 5089 3489 5162; x_wconf 85' lang='lat' dir='ltr'><strong>Spiritum</strong></span> <span class='ocrx_word' id='word_1_768' title='bbox 3533 5099 3821 5145; x_wconf 87' lang='lat' dir='ltr'><strong>sanctum:</strong></span> 
     </span>
    </p>
   </div>
   <div class='ocr_carea' id='block_1_105' title="bbox 2246 5180 3825 5261">
    <p class='ocr_par' dir='ltr' id='par_1_105' title="bbox 2246 5180 3825 5261">
     <span class='ocr_line' id='line_1_105' title="bbox 2246 5180 3825 5261; baseline -0.009 -14"><span class='ocrx_word' id='word_1_769' title='bbox 2246 5205 2535 5261; x_wconf 87' lang='lat' dir='ltr'><strong>utrumque</strong></span> <span class='ocrx_word' id='word_1_770' title='bbox 2564 5202 2743 5245; x_wconf 87' lang='lat' dir='ltr'><strong>autem</strong></span> <span class='ocrx_word' id='word_1_771' title='bbox 2773 5198 3031 5260; x_wconf 78' lang='lat' dir='ltr'><strong>operatus</strong></span> <span class='ocrx_word' id='word_1_772' title='bbox 3055 5192 3143 5239; x_wconf 84' lang='lat' dir='ltr'><strong>est</strong></span> <span class='ocrx_word' id='word_1_773' title='bbox 3168 5197 3325 5236; x_wconf 89' lang='lat' dir='ltr'><strong>unus</strong></span> <span class='ocrx_word' id='word_1_774' title='bbox 3353 5189 3517 5249; x_wconf 88' lang='lat' dir='ltr'><strong>atque</strong></span> <span class='ocrx_word' id='word_1_775' title='bbox 3539 5180 3692 5237; x_wconf 87' lang='lat' dir='ltr'><strong>idem</strong></span> <span class='ocrx_word' id='word_1_776' title='bbox 3717 5183 3825 5253; x_wconf 80' lang='lat' dir='ltr'><strong>Spi-</strong></span> 
     </span>
    </p>
   </div>
   <div class='ocr_carea' id='block_1_106' title="bbox 2246 5274 3823 5347">
    <p class='ocr_par' dir='ltr' id='par_1_106' title="bbox 2246 5274 3823 5347">
     <span class='ocr_line' id='line_1_106' title="bbox 2246 5274 3823 5347; baseline -0.008 -7"><span class='ocrx_word' id='word_1_777' title='bbox 2246 5285 2409 5347; x_wconf 89' lang='lat' dir='ltr'><strong>ritus,</strong></span> <span class='ocrx_word' id='word_1_778' title='bbox 2434 5283 2620 5339; x_wconf 86' lang='lat' dir='ltr'><strong>volens</strong></span> <span class='ocrx_word' id='word_1_779' title='bbox 2650 5282 2742 5337; x_wconf 91' lang='lat' dir='ltr'><strong>tibi</strong></span> <span class='ocrx_word' id='word_1_780' title='bbox 2767 5283 3028 5338; x_wconf 80' lang='lat' dir='ltr'><strong>virtutum</strong></span> <span class='ocrx_word' id='word_1_781' title='bbox 3057 5277 3358 5333; x_wconf 78' lang='lat' dir='ltr'><strong>exuberare</strong></span> <span class='ocrx_word' id='word_1_782' title='bbox 3382 5274 3651 5344; x_wconf 76' lang='lat' dir='ltr'><strong>gratiam,</strong></span> <span class='ocrx_word' id='word_1_783' title='bbox 3676 5291 3823 5346; x_wconf 84' lang='lat' dir='ltr'><strong>quem</strong></span> 
     </span>
    </p>
   </div>
   <div class='ocr_carea' id='block_1_107' title="bbox 2244 5368 3824 5447">
    <p class='ocr_par' dir='ltr' id='par_1_107' title="bbox 2244 5368 3824 5447">
     <span class='ocr_line' id='line_1_107' title="bbox 2244 5368 3824 5447; baseline -0.009 -13"><span class='ocrx_word' id='word_1_784' title='bbox 2244 5393 2357 5434; x_wconf 79' lang='lat' dir='ltr'><strong>sua:</strong></span> <span class='ocrx_word' id='word_1_785' title='bbox 2385 5376 2751 5447; x_wconf 87' lang='lat' dir='ltr'><strong>proccssiouis</strong></span> <span class='ocrx_word' id='word_1_786' title='bbox 2779 5390 2811 5430; x_wconf 93' lang='lat' dir='ltr'><strong>a</strong></span> <span class='ocrx_word' id='word_1_787' title='bbox 2847 5373 2984 5430; x_wconf 82' lang='lat' dir='ltr'><strong>Filio</strong></span> <span class='ocrx_word' id='word_1_788' title='bbox 3014 5369 3353 5427; x_wconf 78' lang='lat' dir='ltr'><strong>defensorem</strong></span> <span class='ocrx_word' id='word_1_789' title='bbox 3391 5368 3744 5435; x_wconf 81' lang='lat' dir='ltr'><strong>reservabat;</strong></span> <span class='ocrx_word' id='word_1_790' title='bbox 3780 5384 3824 5420; x_wconf 74' lang='lat' dir='ltr'><strong>ia</strong></span> 
     </span>
    </p>
   </div>
   <div class='ocr_carea' id='block_1_108' title="bbox 1855 5530 2528 5617">
    <p class='ocr_par' dir='ltr' id='par_1_108' title="bbox 1855 5530 2528 5617">
     <span class='ocr_line' id='line_1_108' title="bbox 1855 5530 2528 5617; baseline 0.004 -31"><span class='ocrx_word' id='word_1_791' title='bbox 1855 5530 2084 5588; x_wconf 65' lang='lat' dir='ltr'><strong>vam;</strong></span> <span class='ocrx_word' id='word_1_792' title='bbox 2122 5530 2528 5617; x_wconf 70' lang='lat' dir='ltr'><strong>LECTIONES.</strong></span> 
     </span>
    </p>
   </div>
   <div class='ocr_carea' id='block_1_109' title="bbox 623 5653 1589 5723">
    <p class='ocr_par' dir='ltr' id='par_1_109' title="bbox 623 5653 1589 5723">
     <span class='ocr_line' id='line_1_109' title="bbox 623 5653 1589 5723; baseline 0.016 -15"><span class='ocrx_word' id='word_1_793' title='bbox 623 5653 693 5693; x_wconf 65' lang='grc' dir='ltr'><strong>’δ’</strong></span> <span class='ocrx_word' id='word_1_794' title='bbox 727 5654 801 5711; x_wconf 88' lang='lat' dir='ltr'><strong>al.</strong></span> <span class='ocrx_word' id='word_1_795' title='bbox 827 5655 1112 5715; x_wconf 85' lang='lat' dir='ltr'><strong>scientiam</strong></span> <span class='ocrx_word' id='word_1_796' title='bbox 1216 5658 1289 5693; x_wconf 77' lang='lat'><strong>“°</strong></span> <span class='ocrx_word' id='word_1_797' title='bbox 1326 5657 1400 5716; x_wconf 88' lang='lat' dir='ltr'><strong>al.</strong></span> <span class='ocrx_word' id='word_1_798' title='bbox 1433 5658 1589 5723; x_wconf 88' lang='lat' dir='ltr'><strong>timui</strong></span> 
     </span>
    </p>
   </div>
   <div class='ocr_carea' id='block_1_110' title="bbox 552 5727 1303 5786">
    <p class='ocr_par' dir='ltr' id='par_1_110' title="bbox 552 5727 1303 5786">
     <span class='ocr_line' id='line_1_110' title="bbox 552 5727 1303 5786; baseline 0.008 -6"><span class='ocrx_word' id='word_1_799' title='bbox 552 5727 624 5762; x_wconf 82' lang='grc'><strong>⁸⁸³</strong></span> <span class='ocrx_word' id='word_1_800' title='bbox 660 5727 733 5782; x_wconf 82' lang='lat' dir='ltr'><strong>al.</strong></span> <span class='ocrx_word' id='word_1_801' title='bbox 764 5727 1021 5785; x_wconf 81' lang='lat' dir='ltr'><strong>deﬁnitur</strong></span> <span class='ocrx_word' id='word_1_802' title='bbox 1057 5746 1061 5750; x_wconf 85' lang='lat'>&#39;</span> <span class='ocrx_word' id='word_1_803' title='bbox 1112 5730 1183 5772; x_wconf 75' lang='grc'><strong>⁸⁸⁸</strong></span> <span class='ocrx_word' id='word_1_804' title='bbox 1205 5728 1303 5786; x_wconf 77' lang='lat' dir='ltr'><strong>‘al.’</strong></span> 
     </span>
    </p>
   </div>
   <div class='ocr_carea' id='block_1_111' title="bbox 552 5796 990 5858">
    <p class='ocr_par' dir='ltr' id='par_1_111' title="bbox 552 5796 990 5858">
     <span class='ocr_line' id='line_1_111' title="bbox 552 5796 990 5858; baseline 0.009 -4"><span class='ocrx_word' id='word_1_805' title='bbox 552 5797 618 5832; x_wconf 82' lang='grc'><strong>⁶⁶¹</strong></span> <span class='ocrx_word' id='word_1_806' title='bbox 658 5797 737 5854; x_wconf 89' lang='lat' dir='ltr'><strong>al.</strong></span> <span class='ocrx_word' id='word_1_807' title='bbox 765 5796 990 5858; x_wconf 63' lang='lat' dir='ltr'><strong>enectus</strong></span> 
     </span>
    </p>
   </div>
   <div class='ocr_carea' id='block_1_112' title="bbox 1400 5912 1466 5933">
    <p class='ocr_par' dir='ltr' id='par_1_112' title="bbox 1400 5912 1466 5933">
     <span class='ocr_line' id='line_1_112' title="bbox 1400 5912 1466 5933; baseline 0.015 -1"><span class='ocrx_word' id='word_1_808' title='bbox 1400 5912 1466 5933; x_wconf 37' lang='grc' dir='ltr'><strong>Δ»</strong></span> 
     </span>
    </p>
   </div>
   <div class='ocr_carea' id='block_1_113' title="bbox 1689 5636 2715 5722">
    <p class='ocr_par' dir='ltr' id='par_1_113' title="bbox 1689 5636 2715 5722">
     <span class='ocr_line' id='line_1_113' title="bbox 1689 5636 2715 5722; baseline 0.003 -4"><span class='ocrx_word' id='word_1_809' title='bbox 1689 5666 1759 5697; x_wconf 77' lang='grc'><strong>⁸⁵⁸</strong></span> <span class='ocrx_word' id='word_1_810' title='bbox 1799 5663 1871 5721; x_wconf 89' lang='lat' dir='ltr'><strong>al.</strong></span> <span class='ocrx_word' id='word_1_811' title='bbox 1913 5664 2051 5720; x_wconf 86' lang='lat' dir='ltr'><strong>Eum</strong></span> <span class='ocrx_word' id='word_1_812' title='bbox 2099 5653 2139 5685; x_wconf 48' lang='grc'><em>³</em></span> <span class='ocrx_word' id='word_1_813' title='bbox 2169 5667 2239 5699; x_wconf 74' lang='grc'><strong>⁸⁸³</strong></span> <span class='ocrx_word' id='word_1_814' title='bbox 2279 5667 2353 5721; x_wconf 83' lang='lat' dir='ltr'><strong>al.</strong></span> <span class='ocrx_word' id='word_1_815' title='bbox 2388 5636 2715 5722; x_wconf 81' lang='lat' dir='ltr'><strong>dementiam</strong></span> 
     </span>
    </p>
   </div>
   <div class='ocr_carea' id='block_1_114' title="bbox 1331 5736 2964 5813">
    <p class='ocr_par' dir='ltr' id='par_1_114' title="bbox 1331 5736 2964 5813">
     <span class='ocr_line' id='line_1_114' title="bbox 1331 5736 2964 5813; baseline 0.003 -25"><span class='ocrx_word' id='word_1_816' title='bbox 1331 5742 1584 5802; x_wconf 83' lang='lat' dir='ltr'><strong>poterunt</strong></span> <span class='ocrx_word' id='word_1_817' title='bbox 1676 5737 1745 5769; x_wconf 82' lang='grc'><strong><em>⁸⁸⁷</em></strong></span> <span class='ocrx_word' id='word_1_818' title='bbox 1784 5736 2259 5810; x_wconf 73' lang='lat' dir='ltr'><strong>al.&#39;Appulsot&#39;um</strong></span> <span class='ocrx_word' id='word_1_819' title='bbox 2352 5738 2423 5772; x_wconf 76' lang='lat'>‘“</span> <span class='ocrx_word' id='word_1_820' title='bbox 2460 5737 2534 5793; x_wconf 89' lang='lat' dir='ltr'><strong>al.</strong></span> <span class='ocrx_word' id='word_1_821' title='bbox 2573 5737 2964 5813; x_wconf 79' lang='lat' dir='ltr'><strong>promulgastis</strong></span> 
     </span>
    </p>
   </div>
   <div class='ocr_carea' id='block_1_115' title="bbox 3468 5662 3823 5720">
    <p class='ocr_par' dir='ltr' id='par_1_115' title="bbox 3468 5662 3823 5720">
     <span class='ocr_line' id='line_1_115' title="bbox 3468 5662 3823 5720; baseline 0.008 -4"><span class='ocrx_word' id='word_1_822' title='bbox 3468 5662 3543 5695; x_wconf 57' lang='grc'><strong>(⁸³</strong></span> <span class='ocrx_word' id='word_1_823' title='bbox 3581 5664 3658 5716; x_wconf 80' lang='lat' dir='ltr'><strong>al.</strong></span> <span class='ocrx_word' id='word_1_824' title='bbox 3688 5666 3823 5720; x_wconf 64' lang='lat' dir='ltr'><strong>natiiis</strong></span> 
     </span>
    </p>
   </div>
   <div class='ocr_carea' id='block_1_116' title="bbox 2827 5662 3825 5806">
    <p class='ocr_par' dir='ltr' id='par_1_116' title="bbox 2827 5662 3825 5806">
     <span class='ocr_line' id='line_1_116' title="bbox 2827 5662 3823 5731; baseline 0 -12"><span class='ocrx_word' id='word_1_825' title='bbox 2827 5666 2900 5698; x_wconf 75' lang='grc'><strong>⁸⁸⁸</strong></span> <span class='ocrx_word' id='word_1_826' title='bbox 2936 5665 3013 5721; x_wconf 88' lang='lat' dir='ltr'><strong>al.</strong></span> <span class='ocrx_word' id='word_1_827' title='bbox 3065 5663 3109 5717; x_wconf 79' lang='lat' dir='ltr'><strong>si</strong></span> <span class='ocrx_word' id='word_1_828' title='bbox 3148 5662 3364 5731; x_wconf 87' lang='lat' dir='ltr'><strong>quidem</strong></span> <span class='ocrx_word' id='word_1_829' title='bbox 3468 5662 3543 5695; x_wconf 66' lang='lat' dir='ltr'><em>m</em></span> <span class='ocrx_word' id='word_1_830' title='bbox 3576 5664 3658 5731; x_wconf 20' lang='lat' dir='ltr'><strong>Val.</strong></span> <span class='ocrx_word' id='word_1_831' title='bbox 3688 5666 3823 5720; x_wconf 71' lang='lat' dir='ltr'><strong>nail-is</strong></span> 
     </span>
     <span class='ocr_line' id='line_1_117' title="bbox 2828 5733 3825 5806; baseline 0.001 -14"><span class='ocrx_word' id='word_1_832' title='bbox 2828 5738 2964 5793; x_wconf 78' lang='lat' dir='ltr'><strong>astis</strong></span> <span class='ocrx_word' id='word_1_833' title='bbox 3064 5734 3134 5765; x_wconf 64' lang='lat'><strong>&quot;9</strong></span> <span class='ocrx_word' id='word_1_834' title='bbox 3175 5733 3251 5788; x_wconf 84' lang='lat' dir='ltr'><strong>ul.</strong></span> <span class='ocrx_word' id='word_1_835' title='bbox 3288 5734 3417 5803; x_wconf 83' lang='lat' dir='ltr'><strong>quia</strong></span> <span class='ocrx_word' id='word_1_836' title='bbox 3519 5733 3593 5766; x_wconf 72' lang='lat'><strong>&quot;&quot;°</strong></span> <span class='ocrx_word' id='word_1_837' title='bbox 3634 5737 3711 5792; x_wconf 87' lang='lat' dir='ltr'><strong>al.</strong></span> <span class='ocrx_word' id='word_1_838' title='bbox 3731 5742 3825 5806; x_wconf 69' lang='lat' dir='ltr'><strong>egit</strong></span> 
     </span>
    </p>
   </div>
   <div class='ocr_carea' id='block_1_117' title="bbox 3064 5733 3417 5803">
    <p class='ocr_par' dir='ltr' id='par_1_117' title="bbox 3064 5733 3417 5803">
     <span class='ocr_line' id='line_1_118' title="bbox 3064 5733 3417 5803; baseline 0 -15"><span class='ocrx_word' id='word_1_839' title='bbox 3064 5734 3134 5765; x_wconf 65' lang='lat'><strong>&quot;9</strong></span> <span class='ocrx_word' id='word_1_840' title='bbox 3175 5733 3251 5788; x_wconf 83' lang='lat' dir='ltr'><strong>ul.</strong></span> <span class='ocrx_word' id='word_1_841' title='bbox 3288 5734 3417 5803; x_wconf 77' lang='lat' dir='ltr'><strong>quia</strong></span> 
     </span>
    </p>
   </div>
   <div class='ocr_carea' id='block_1_118' title="bbox 3884 4038 3895 4279">
    <p class='ocr_par' dir='ltr' id='par_1_118' title="bbox 3884 4038 3895 4279">
     <span class='ocr_line' id='line_1_119' title="bbox 3884 4038 3895 4279; baseline 0 0"><span class='ocrx_word' id='word_1_842' title='bbox 3884 4038 3895 4279; x_wconf 79' lang='lat' dir='ltr'><strong>l</strong></span> 
     </span>
    </p>
   </div>
   <div class='ocr_carea' id='block_1_119' title="bbox 3884 4280 3895 4517">
    <p class='ocr_par' dir='ltr' id='par_1_119' title="bbox 3884 4280 3895 4517">
     <span class='ocr_line' id='line_1_120' title="bbox 3884 4280 3895 4517; baseline 0 0"><span class='ocrx_word' id='word_1_843' title='bbox 3884 4280 3895 4517; x_wconf 65' lang='grc' dir='ltr'><em>ἑ</em></span> 
     </span>
    </p>
   </div>
   <div class='ocr_carea' id='block_1_120' title="bbox 3888 4554 3893 4583">
    <p class='ocr_par' dir='ltr' id='par_1_120' title="bbox 3888 4554 3893 4583">
     <span class='ocr_line' id='line_1_121' title="bbox 3888 4554 3893 4583; baseline 0 0"><span class='ocrx_word' id='word_1_844' title='bbox 3888 4554 3893 4583; x_wconf 81' lang='grc' dir='ltr'>ι</span> 
     </span>
    </p>
   </div>
   <div class='ocr_carea' id='block_1_121' title="bbox 2148 4632 3891 4712">
    <p class='ocr_par' dir='ltr' id='par_1_121' title="bbox 2148 4632 3891 4712">
     <span class='ocr_line' id='line_1_122' title="bbox 2148 4632 3891 4712; baseline -0.009 -15"><span class='ocrx_word' id='word_1_845' title='bbox 2148 4690 2153 4696; x_wconf 91' lang='grc'><strong><em>.</em></strong></span> <span class='ocrx_word' id='word_1_846' title='bbox 2244 4643 2377 4697; x_wconf 90' lang='lat' dir='ltr'><strong>mihi</strong></span> <span class='ocrx_word' id='word_1_847' title='bbox 2400 4640 2612 4712; x_wconf 84' lang='lat' dir='ltr'><strong>pariter</strong></span> <span class='ocrx_word' id='word_1_848' title='bbox 2633 4646 2999 4696; x_wconf 89' lang='lat' dir='ltr'><strong>accesserunt.</strong></span> <span class='ocrx_word' id='word_1_849' title='bbox 3041 4636 3400 4705; x_wconf 81' lang='lat' dir='ltr'><strong>Susceperam</strong></span> <span class='ocrx_word' id='word_1_850' title='bbox 3434 4632 3594 4703; x_wconf 89' lang='lat' dir='ltr'><strong>prius</strong></span> <span class='ocrx_word' id='word_1_851' title='bbox 3619 4634 3825 4689; x_wconf 77' lang='lat' dir='ltr'><strong>benedi-</strong></span> <span class='ocrx_word' id='word_1_852' title='bbox 3890 4636 3891 4657; x_wconf 79' lang='lat'>‘</span> 
     </span>
    </p>
   </div>
   <div class='ocr_carea' id='block_1_122' title="bbox 2244 4723 3895 4799">
    <p class='ocr_par' dir='ltr' id='par_1_122' title="bbox 2244 4723 3895 4799">
     <span class='ocr_line' id='line_1_123' title="bbox 2244 4723 3895 4799; baseline -0.007 -10"><span class='ocrx_word' id='word_1_853' title='bbox 2244 4734 2477 4789; x_wconf 87' lang='lat' dir='ltr'><strong>ctiouem</strong></span> <span class='ocrx_word' id='word_1_854' title='bbox 2523 4744 2671 4787; x_wconf 89' lang='lat' dir='ltr'><strong>tuam</strong></span> <span class='ocrx_word' id='word_1_855' title='bbox 2719 4745 2910 4787; x_wconf 82' lang='lat' dir='ltr'><strong>servus</strong></span> <span class='ocrx_word' id='word_1_856' title='bbox 2953 4745 3075 4799; x_wconf 82' lang='lat' dir='ltr'><strong>ego,</strong></span> <span class='ocrx_word' id='word_1_857' title='bbox 3117 4741 3305 4781; x_wconf 90' lang='lat' dir='ltr'><strong>servus</strong></span> <span class='ocrx_word' id='word_1_858' title='bbox 3354 4733 3503 4789; x_wconf 90' lang='lat' dir='ltr'><strong>tuus,</strong></span> <span class='ocrx_word' id='word_1_859' title='bbox 3548 4732 3613 4778; x_wconf 88' lang='lat' dir='ltr'><strong>et</strong></span> <span class='ocrx_word' id='word_1_860' title='bbox 3660 4723 3825 4794; x_wconf 65' lang='lat' dir='ltr'><strong>egi”</strong></span> <span class='ocrx_word' id='word_1_861' title='bbox 3890 4734 3895 4791; x_wconf 68' lang='lat' dir='ltr'>j</span> 
     </span>
    </p>
   </div>
  </div>
