3946 6306
20 415 147 475 ΗΠ
708 408 719 413 ’
984 402 991 408 ”
1028 404 1035 411 ’
1207 403 1213 409 ’
1334 404 1462 463 LIB.
1492 406 1577 473 ιιι,
1600 404 1674 463 ΕΡ

1786 404 1812 457 '.
1855 401 2060 460 CLXV.
2110 404 2127 411 ”
2176 446 2179 449 λ
2408 406 2409 409 “
2830 400 2843 421 '
3270 397 3384 457 198·

22 552 393 610 tltaleoolmn
417 554 565 609 enim
591 550 822 605 animant
859 564 960 602 non
990 554 1190 614 poterat
1219 544 1435 599 introire
1462 545 1676 611 sapien-
1712 524 1756 585 Α

22 649 136 710 tia,
191 664 302 702 nec
350 649 597 703 habitare
630 644 685 698 in
724 657 940 712 corpore
984 639 1195 694 subdito
1225 638 1474 707 peccatis.
1522 638 1678 693 Unde

27 740 295 809 dignum
354 738 546 791 fuitut
588 736 882 789 advocatus
915 730 1160 787 veritatis
1196 730 1504 800 exemplum
1547 745 1680 799 prae-

30 831 326 885 tenderet
365 828 659 899 religionis.
693 826 842 882 Talis
868 834 1149 896 propterea
1187 824 1552 895 pastoralibus
1583 840 1679 879 cx-

33 919 239 973 cnhiis
256 918 633 988 congruebat,
660 917 747 973 cui
775 916 907 975 nihil
939 918 1151 975 deesset
1182 917 1250 970 ad
1286 915 1679 984 plenitudinem

26 1010 316 1079 iustitiae,
355 1012 489 1067 nihil
510 1012 575 1065 ad
604 1010 970 1079 integritatem
998 1009 1275 1065 doctrinae.
1302 1008 1522 1063 Beatum
1546 1023 1683 1064 sane

37 1113 260 1171 pectus
314 1102 467 1172 quod
515 1100 776 1155 virtutum
831 1110 1132 1156 conventus
1172 1099 1527 1155 reverendam
1556 1098 1678 1155 sibi

34 1190 357 1261 penetrale
396 1190 757 1245 consecravit.
799 1189 925 1244 Inde
969 1188 1115 1243 velut
1156 1204 1225 1244 ex
1270 1189 1449 1260 adytis
1491 1189 1675 1244 divina

36 1284 345 1350 prodeunt
375 1282 620 1352 oracula,
654 1266 899 1351 nihilque
924 1282 1071 1337 aliud
1098 1298 1251 1336 sacra
1280 1281 1421 1336 labia
1446 1282 1514 1313 “’
1541 1297 1675 1352 pro-

37 1376 297 1429 fitentur
326 1383 498 1443 quam
516 1372 1119 1442 ccelestisinterpretem
1145 1371 1455 1426 voluntatis.
1476 1371 1675 1425 Eorum

36 1482 138 1521 me
180 1467 414 1537 saepius
457 1466 834 1522 recordantem
885 1474 1075 1534 stupor
1120 1464 1412 1535 opprimit;
1447 1473 1501 1518 et
1549 1463 1676 1517 dum

34 1556 279 1623 singula
335 1556 632 1627 diligenter
685 1555 919 1620 intueor,
972 1555 1156 1609 omnia
1207 1554 1434 1625 Spiritui
1487 1565 1677 1610 Sancto

37 1648 343 1703 confiteor
368 1648 861 1712 ascribenda,cum
896 1646 1184 1702 Psalmlsta
1220 1645 1454 1702 dicens:
1486 1642 1530 1700 Α
1570 1640 1678 1699 Do-

36 1738 199 1792 mino
230 1738 453 1806 factum
482 1750 555 1794 est
583 1738 724 1793 istud
750 1748 797 1793 et
827 1748 902 1791 est
927 1738 1167 1790 mirabile
1192 1738 1245 1790 in
1285 1736 1449 1790 oculis
1486 1737 1677 1790 nostris

39 1828 237 1898 (Psal.
268 1845 457 1896 cxvn,
488 1830 603 1894 9.5).
637 1828 818 1884 Vicem
857 1829 1019 1894 mihi,
1054 1829 1218 1882 Pater
1249 1837 1456 1893 sancte,
1484 1843 1678 1897 repen-

37 1925 173 1989 des,
228 1925 281 1980 si
338 1933 563 1979 tuarum
604 1924 925 1994 participem
969 1937 1058 1976 me
1112 1921 1309 1976 feceris
1344 1920 1671 1976 oratiomnn.

40 2017 217 2073 Vale.
1679 2010 1683 2015 ’

2222 532 2565 592 EPISTULA.
2592 532 2796 589 CLXlll
2837 533 2930 586 ⁸⁸⁵.

1825 664 1832 671 ‘
1877 660 2099 705 ANaELIll
2142 666 2209 704 Αι)
2245 666 2549 705 εειυυικυιι
2588 665 2834 706 Αδιιλτεςι
2875 648 3306 712 sustentatus.“

1857 766 2169 829 Assunus,
2217 779 2405 819 servus
2447 763 2702 818 Ecclesiae
2746 761 3181 827 Cantuariensis,
3235 758 3379 817 ϐειὲ

1781 873 1979 921 υυικο.
2028 856 2324 912 reverendo
2366 855 2545 910 abbati
2588 856 2969 924 Aquiciuensis
3013 854 3245 911 (ταξιιοὺῆ
3279 871 3370 909 sa-

1781 948 1972 1002 lutem.
2272 1008 2277 1015 ,

1828 1039 2007 1101 _Unde
2050 1037 2351 1095 reverentia
2391 1046 2571 1093 vestra
2608 1053 2693 1092 me
2724 1036 3023 1102 consuluit,
3071 1038 3255 1107 paucis
3293 1055 3377 1094 re.

1782 1132 2078 1202 spondebo.
2120 1132 2373 1199 Quum-itis
2404 1142 2584 1184 utrum
2622 1126 2775 1184 Vobis
2822 1128 2980 1183 liccat
3028 1128 3265 1184 decimas
3306 1130 3374 1184 ad

1781 1222 2063 1278 ecclesiam
2107 1232 2342 1276 vestram
2388 1214 2719 1290 pertinentes
2767 1220 2833 1274 de
2893 1236 3055 1273 manu
3114 1210 3377 1273 laicoruni

1780 1329 1873 1369 eas
1914 1312 2211 1367 tenentium
2270 1325 2469 1367 emere.
2532 1304 2929 1380 Licet'utique
2986 1309 3139 1364 vobis
3179 1312 3376 1363 secun-

1781 1405 1907 1458 dum
1948 1404 2355 1460 concessionem
2398 1401 2681 1473 ap0510lici
2732 1401 2801 1457 ab
2846 1399 2965 1456 aliis
2986 1401 3055 1436 ⁸⁸⁵
3103 1400 3374 1456 redimere

1781 1510 2117 1564 quaecunque
2141 1492 2513 1561 ecclesiastica
2553 1491 2845 1564 episcopali
2879 1491 3171 1546 donatione
3207 1492 3259 1546 iu
3284 1489 3374 1558 jus

1780 1586 2024 1642 ecclesia:
2070 1598 2263 1642 vestra:
2302 1587 2656 1642 devenerunt.
2687 1576 2798 1642 Nec
2837 1572 3096 1656 quantum
3133 1587 3190 1641 in
3221 1587 3383 1641 vobis

1780 1692 1863 1738 est
1885 1684 2182 1739 concedere
2221 1684 2430 1738 debetis
2473 1692 2529 1735 nt
2569 1682 2765 1751 aliquis
2812 1682 2979 1737 laicus
3014 1683 3251 1738 decimas
3288 1682 3372 1745 vel

1781 1776 2041 1832 ecclesias
2070 1786 2161 1830 aut
2190 1777 2379 1830 altaria
2418 1776 2470 1829 in
2512 1775 2731 1829 feudum
2766 1773 2835 1830 de
2866 1775 3017 1833 vobis
3056 1784 3257 1830 teneat.
3301 1774 3374 1827 llo

1710 1866 1755 1929 ΙΙ
1783 1869 1885 1922 hoc
1928 1868 2070 1937 quod
2107 1866 2349 1937 qumrilis
2390 1866 2459 1896 ⁸⁶⁶
2498 1878 2679 1919 utrum
2708 1866 3072 1936 spernendum
3108 1882 3175 1919 an
3200 1866 3374 1921 susci-

1781 1958 2035 2030 piendum
2064 1958 2162 2021 sit,
2194 1974 2239 2012 st
2265 1953 2444 2027 quivis
2474 1956 2542 1988 ⁶⁶⁷
2576 1956 2853 2011 hominum
2882 1955 3084 2025 aliquid
3116 1939 3375 2010 ecclesia-

1779 2052 1999 2115 sticum,
2053 2051 2209 2105 vobis
2262 2050 2575 2111 scientibus,
2622 2050 2713 2104 sed
2761 2064 2937 2119 neque
2990 2048 3156 2103 verbo
3198 2048 3385 2120 neque’

1779 2159 2003 2199 munere
2049 2158 2161 2197 rem
2210 2138 2567 2209 ordieutibus,
2616 2143 2683 2196 ad
2728 2156 2863 2211 opus
2897 2140 3143 2196 ecclesiae
3180 2150 3375 2196 vestra:

1780 2233 2045 2288 redimere
2068 2232 2318 2296 voluerit,
2361 2233 2492 2286 mihi
2526 2233 2740 2286 videtur
2766 2233 2907 2301 quod
2951 2248 3050 2301 per
3083 2231 3373 2286 consilium

1778 2332 1833 2378 et
1858 2324 2202 2377 donationem
2235 2322 2473 2393 episcopi
2506 2322 2650 2377 licito
2675 2323 2775 2376 hoc
2806 2322 2876 2354 ‘“
2910 2323 3187 2392 suscipere
3218 2332 3375 2391 poti--

590 2151 919 2208 EPISTOLA
962 2150 1164 2207 CLXII.

535 2282 767 2324 εευδυειί
806 2282 873 2320 ΑΙ)
912 2279 1219 2321 Ακδεωιωί.

126 2403 532 2458 11ιι.οει;ειιτυε
563 2402 849 2473 cpiscopus
873 2400 1145 2464 Assumo,
1177 2398 1554 2454 Cantuarieusi
1588 2414 1677 2453 ar—

48 2498 447 2567 chiepiscopo.
564 2548 567 2551 .
1212 2542 1215 2546 .

135 2588 453 2642 Flabellum
480 2586 577 2643 tibi
608 2586 764 2651 misi,
802 2600 1099 2655 congruum
1130 2584 1337 2640 scilicet
1359 2583 1677 2655 propulsan-

20 2688 21 2721 ι
58 2680 151 2735 dis
180 2680 400 2734 muscis
430 2680 868 2734 instrumentum.
900 2678 999 2733 Est.
1020 2678 1184 2733 etiam
1215 2678 1358 2748 quod
1393 2678 1445 2732 in
1484 2693 1679 2731 mnuu—

20 2810 21 2813 η
59 2768 224 2824 seulo
256 2780 456 2824 nostro
493 2778 559 2845 te,
584 2768 931 2837 interpretari
962 2776 1236 2837 oporteat.
1276 2766 1511 2821 Attende
1547 2782 1677 2837 ergo

60 2860 276 2930 quibus
303 2860 512 2916 muscis
554 2860 894 2915 immolantes
937 2859 1165 2913 Domino
1205 2858 1517 2913 sacerdotes
1551 2874 1675 2929 gra-

20 2968 21 2973 ‘
57 2954 185 3007 vius
215 2951 573 3019 infestentur,
620 2954 814 3022 quibus
849 2951 1163 3022 frequenter
1193 2950 1555 3028 impediantur
1590 2966 1681 3025 sa-f

20 3060 24 3097 :
58 3044 264 3100 lutaria
294 3044 494 3100 altaris
516 3043 713 3099 ofﬁcia.
749 3043 889 3097 Mille
918 3053 1043 3098 sunt
1071 3042 1473 3097 occursantium
1505 3042 1679 3112 phan-

60 3144 308 3191 tasmata
369 3135 793 3206 cogitationum,
845 3134 991 3189 mille
1032 3132 1229 3189 diaboli
1282 3134 1676 3202 suggestioues,

1778 2415 1895 2469 s‘lis.
1920 2415 1995 2470 De
2023 2414 2283 2485 depositis
2307 2422 2525 2485 propter
2552 2413 2916 2468 Simouiacuu.
2955 2412 3185 2478 crimen,
3207 2412 3383 2493 42⁵

1780 2508 1921 2562 unde
1968 2523 2054 2562 me
2105 2506 2486 2571 consuluistis,
2544 2506 2756 2560 videtur
2808 2504 2937 2558 mihi
2991 2505 3132 2575 quod
3198 2504 3374 2557 nullus

1778 2598 1947 2653 abbas
1981 2613 2074 2652 sua
2106 2597 2428 2651 auctoritate
2458 2612 2552 2652 eos
2583 2605 2758 2667 potest
2789 2595 3108 2663 restituere,
3155 2593 3370 2649 etiamsi

1780 2688 1846 2742 ad
1897 2687 2274 2742 monachicum
2310 2682 2568 2741 ordinem
2619 2685 2868 2740 conversi
2932 2685 3151 2738 fuerint.
3214 2682 3367 2750 Quod

1778 2790 1960 2835 autem
1989 2780 2237 2851 quaeritis
2264 2780 2309 2833 si
2343 2779 2537 2849 quovis
2564 2777 2671 2832 alio
2710 2777 2940 2833 crimine
2968 2785 3165 2846 przetcr
3194 2768 3372 2829 homi-

1778 2870 1981 2927 cidium
2021 2868 2201 2924 clerici
2237 2868 2487 2923 conversi
2521 2883 2549 2921 a
2577 2867 2904 2921 sacerdotio
2932 2867 3130 2919 debent
3174 2864 3382 2926 arceri;

1780 2958 1937 3014 facile
1985 2973 2129 3013 nunc
2168 2958 2537 3013 determinare
2585 2956 2782 3026 quibus
2833 2954 3149 3009 criminibus
3196 2954 3371 3007 arceri

1779 3050 2015 3105 debeant
2051 3064 2157 3103 non
2188 3063 2496 3119 praesumo,
2525 3062 2594 3103 ne
2625 3046 2996 3102 misericordia
3040 3061 3161 3116 qua:
3189 3045 3373 3100 multis

1780 3138 2082 3194 rationibus
2106 3138 2159 3193 iu
2194 3135 2383 3193 eadem
2411 3132 2721 3208 culpa‘aliis
2748 3122 3098 3204 impenditur,
3125 3134 3246 3190 aliis
3277 3150 3375 3189 ne-

22 3246 23 3269 t
59 3228 213 3284 mille
241 3228 564 3293 mortalium
606 3228 930 3283 tentationes
963 3226 1290 3294 animorum,
1322 3241 1442 3295 quae
1464 3226 1589 3281 dum
1616 3242 1675 3281 se
1702 3213 1744 3271 (ἶ
1778 3242 1957 3303 gatur,
1990 3247 2107 3286 mea
2138 3232 2405 3286 sententia
2431 3232 2516 3285 cui
2546 3231 2741 3285 debeat
2775 3229 3010 3299 impendi
3044 3222 3251 3284 obstrui
3286 3215 3374 3283 rii-

22 3350 23 3357 η
56 3319 507 3375 sacriﬁcantium
537 3318 806 3374 mentibus
832 3319 1051 3387 inopino
1079 3317 1148 3350 ⁸⁸³
1178 3318 1429 3388 ingerunt
1458 3317 1670 3387 illapsu,

22 3411 190 3464 μιΙιιιιι
236 3426 338 3465 eas
378 3410 451 3465 ad
494 3409 597 3464 alia
644 3419 808 3480 atque
853 3409 957 3465 alia
1008 3408 1292 3480 cogitanda
1329 3408 1673 3474 abstrahunt,

58 3503 190 3554 dum
264 3500 589 3556 lnereticam
654 3500 951 3555 moliuntur
1009 3501 1263 3556 inducere
1316 3502 1674 3571 pravitatem,

22 3624 23 3629 η
58 3595 193 3663 quid
220 3593 374 3649 aliud
408 3592 621 3647 faciunt
660 3608 822 3662 quam
856 3593 1003 3648 velut
1044 3594 1291 3663 quaedam
1337 3608 1536 3648 musca:
1584 3609 1673 3648 sa-

22 3708 23 3739 i
59 3686 389 3741 crilieantes
420 3684 610 3740 altaris
643 3686 920 3757 ministros
968 3685 1227 3741 infestant
1254 3695 1310 3741 et
1344 3686 1675 3757 impediunt?

24 3800 25 3827 ξ
57 3778 281 3833 Talium
307 3788 567 3849 portenta
598 3792 905 3833 muscarum
942 3779 1246 3847 patriarcha
1276 3787 1462 3832 noster
1493 3778 1674 3832 Abra—

24 3896 25 3917 :
60 3871 190 3924 ham
220 3869 592 3941 propulsanda
624 3870 967 3940 pnesignavit
995 3885 1120 3925 cum
1153 3886 1184 3925 a
1222 3869 1510 3925 sacrificiis
1544 3883 1674 3924 aves

58 3960 319 4031 abegerit
345 3960 688 4015 incursantes
714 3976 728 4025 ;
768 3959 1029 4030 scriptum
1057 3968 1140 4015 est
1166 3960 1310 4015 enim
1337 3978 1351 4014 :
1384 3959 1676 4015 Descende-

60 4059 185 4103 runt
223 4048 467 4104 volucres
498 4065 655 4119 super
688 4049 948 4103 cadavera
974 4088 990 4115 ,
1021 4060 1067 4103 et
1095 4049 1334 4119 abigebnt
1378 4066 1467 4103 eas
1505 4048 1677 4103 Abra-

63 4141 221 4194 ham.
246 4141 393 4195 Dum
427 4141 591 4209 igitur
627 4140 899 4195 destinato
926 4140 1021 4195 tibi
1055 4140 1267 4195 ﬂabello
1291 4141 1675 4195 descendentes

61 4246 235 4301 super
291 4230 567 4307 sacrificia
618 4245 833 4286 muscas
885 4230 1169 4307 abegeris,
1214 4246 1246 4285 a
1313 4229 1675 4285 saerilicantis

63 4332 253 4378 mente
270 4322 773 4401 supervenientium
801 4321 1048 4377 incursus
1077 4321 1456 4387 teutationum,
1488 4321 1678 4376 catho-

64 4414 186 4471 lica:
216 4416 347 4471 fidei
382 4415 685 4471 ventilabro
716 4416 995 4472 exturbari
1033 4415 1319 4485 oportebit.
1357 4415 1433 4469 Ita
1477 4416 1568 4471 fiet
1615 4424 1675 4472 ut

68 4506 214 4573 quod
243 4514 563 4576 susceptum
592 4513 675 4560 est
705 4506 773 4560 ad
801 4521 979 4570 usum,
1004 4504 1289 4576 mysticum
1323 4506 1414 4560 tibi
1439 4506 1672 4577 praebeat

1778 3327 1991 3390 deatur,
2020 3332 2115 3377 aut
2143 3323 2231 3379 cui
2264 3338 2369 3377 nou
2398 3320 2557 3377 debet
2598 3322 2959 3392 impendatur.
2990 3320 3144 3387 Quod
3171 3321 3374 3375 certius

1770 3413 2049 3485 judicatur
2092 3415 2311 3485 quando
2356 3414 2425 3469 de
2468 3414 2747 3469 nominato
2787 3412 2858 3445 "’
2897 3412 3127 3467 crimine
3158 3404 3373 3483 publico

1777 3506 1862 3561 vel
1899 3505 2113 3562 occulto
2143 3514 2199 3560 et
2236 3505 2303 3561 de
2339 3513 2466 3559 nota
2497 3519 2730 3575 persona
2773 3504 2971 3576 agitur.
3007 3501 3180 3558 Porro
3226 3503 3370 3573 quod

1777 3602 1842 3654 de
1884 3597 2269 3653 ecclesiasticis
2310 3598 2473 3652 rebus
2526 3592 2681 3651 vobis
2728 3594 3039 3666 responderi
3094 3594 3370 3664 epistol-ari

1775 3691 2041 3746 brevitate
2074 3690 2319 3761 poscitis,
2359 3703 2459 3744 nec
2500 3698 2712 3760 tempus
2760 3704 2859 3743 nec
2903 3688 3367 3757 Opportunitatem

1776 3782 1950 3837 habeo
1993 3780 2361 3836 satisfaciendi
2403 3792 2597 3834 vestra:
2626 3776 2895 3848 petitioni,
2933 3791 3033 3831 nec
3080 3788 3209 3847 puto
3246 3764 3386 3832 breo2

1775 3875 1919 3928 viter
1948 3873 2051 3928 hoc
2096 3887 2254 3943 posse
2282 3868 2973 3927 lieri.Excommunicatos
3002 3884 3108 3923 non
3144 3870 3372 3923 consulo

1774 3975 1837 4020 ut
1862 3965 2169 4020 monacb‘os
2196 3963 2441 4030 faciatis,
2474 3963 2579 4019 nisi
2608 3962 2885 4034 praemissa
2904 3960 3247 4014 absolutione
3285 3960 3368 4014 sui

1774 4057 2036 4130 episcopi.
2075 4055 2225 4111 Vale.

2274 4189 2609 4247 EPISTOLA
2647 4189 2877 4246 CLXIV.
3370 4177 3391 4225 λς

1776 4300 1909 4357 "ire
1934 4310 1982 4357 et
2005 4312 2273 4373 sequentes
2294 4298 2544 4373 epistolae
2573 4301 2831 4373 habentur
2860 4301 3002 4371 infra
3040 4299 3094 4354 in
3124 4294 3362 4354 Historia

2281 4371 2549 4427 Novarum
2594 4371 2866 4427 [ἐσάωσε-ἱ.
2904 4418 2909 4421 .

1846 4486 2411 4543 Reverendissimo...
2449 4486 2704 4542 ANSELIO
2743 4487 3153 4558 archiepiscopo
3200 4483 3364 4539 Woc-

73 4553 214 4573 τ-ν-
244 4553 562 4576 ------τν----
596 4553 674 4560 --ν
706 4553 773 4560 —-
803 4553 979 4570 ———---.
1004 4553 1289 4576 ηυντ-νη-
1324 4553 1414 4560 ν---
1439 4553 1667 4577 ι’“’“**“·“
2848 4574 2851 4577 ,

70 4596 436 4653 intellectum.
472 4597 535 4651 Et
562 4597 818 4667 quoniam
851 4590 1089 4667 praefata:
1116 4596 1364 4652 volucres
1396 4612 1558 4667 super
1585 4613 1669 4652 sa-
1700 4553 1995 4651 DST‘NUS,
2024 4578 2400 4651 WiSONWDSiS
2433 4581 2876 4671 ePiSCOPUS._elC-

67 4690 281 4744 crilicia
337 4698 551 4745 tantum
610 4690 956 4745 descendisse
1005 4688 1283 4760 leguntur.
1341 4704 1447 4747 non
1509 4690 1672 4745 etiam

74 4792 311 4850 emptum
374 4782 733 4852 interrupisse
795 4778 1060 4847 oﬂicium,
1111 4790 1421 4836 sacerdotes
1473 4780 1671 4838 Christi

78 4874 409 4930 tentationes
439 4884 580 4944 quas
620 4870 902 4943 perferunt
939 4871 1014 4926 ita
1050 4871 1318 4927 docentur
1346 4871 1585 4940 abigere,
1615 4877 1675 4929 ut

78 4976 107 5012 a
135 4964 497 5019 sacramentis
530 4962 718 5018 altaris
748 4962 871 5017 talis
908 4978 1002 5018 eos
1031 4962 1215 5033 lapsus
1244 4978 1349 5017 non
1382 4973 1542 5035 cogat
1571 4962 1673 5018 ab-

78 5052 299 5110 stinere.
337 5056 438 5113 llic
467 5057 612 5110 enim
645 5055 885 5111 defectus
924 5056 1210 5111 infirmitas
1239 5065 1321 5113 est
1351 5072 1470 5126 qua:
1495 5057 1671 5111 virtu-

84 5149 189 5194 tem
214 5146 480 5215 pcrliciat,
511 5162 618 5203 non
645 5161 766 5218 quae
796 5148 1011 5203 virtutis
1040 5162 1207 5218 opera
1243 5147 1298 5205 in
1338 5149 1553 5204 irritum
1576 5148 1671 5205 de-

81 5231 258 5291 ducat.
848 5240 851 5241 ⁷

1845 4672 2005 4730 Novit
2032 4673 2322 4744 prudentia
2348 4681 2550 4738 vestra,
2578 4683 2686 4727 etc.

2276 4832 2614 4891 EPISTOLA
2658 4831 2867 4889 CLXV.
3326 4848 3359 4863 η

1843 4968 2134 5033 Assumo,
2181 4966 2278 5023 Dei
2328 4966 2504 5038 gratia
2563 4963 2857 5034 Anglorum
2920 4960 3358 5032 archiepiscolio,

1774 5061 1954 5117 clerus
1980 5069 2035 5113 et
2062 5058 2290 5129 populus
2310 5058 2495 5128 oppidi
2525 5053 2874 5110 Wataferdia:
2913 5068 3038 5109 cum
3066 5069 3194 5125 rege
3218 5053 3363 5110 Mue-

1770 5166 2073 5216 cueucuo,
2101 5159 2153 5203 ct
2178 5150 2433 5219 cpiscOpo
2456 5147 2762 5211 Dorsstoo,
2792 5153 2899 5200 etc.

1849 5240 2008 5295 Pater
2034 5249 2241 5308 sancte,
2268 5249 2376 5295 etc.

1396 5487 1625 5543 VAllle
1679 5485 2082 5546 LECTIONES.

160 5682 207 5717 "
241 5689 313 5742 al.
337 5693 496 5747 verba
610 5693 703 5724 'm
742 5695 813 5748 at.
852 5696 1130 5763 inopinato

1230 5692 1299 5723 ‘“
1343 5692 1525 5748 Exstat
1558 5698 1623 5748 in
1645 5664 1720 5749 mis
1775 5694 2110 5749 Bibliotheca:
2148 5693 2547 5760 Aquirinctime,
2582 5693 2711 5747 etin
2744 5711 2840 5748 ms.
2870 5691 3011 5748 Bibl.
3042 5691 3106 5747 S.
3143 5694 3359 5747 Martini

98 5747 432 5843 Tyrnccensis
505 5765 573 5795 ⁸⁸⁸
613 5763 686 5819 al.
724 5747 1083 5820 illisvmﬁal.
1109 5747 1201 5821 ide
1251 5765 1354 5821 hoc
1412 5747 1975 5838 uuoqucquzeritis
2014 5765 2081 5797 ⁸⁸⁷
2124 5747 2372 5834 al.',qnis
2446 5747 2625 5818 “‘vnl.
2661 5747 2823 5833 super
2872 5747 2977 5820 hoc
3051 5764 3121 5796 ‘“
3160 5764 3229 5818 al.
3264 5764 3358 5822 dc-

101 5828 361 5887 nuutiato.
420 5854 423 5857 ·
