3946 6306
112 357 218 419 201

696 468 1033 527 EPISTOLA
1081 468 1147 525 ll.

493 576 719 619 ANSELMI
739 579 807 617 AD
834 577 1141 617 ΡΑεςιιΑιΕκ
1168 575 1359 615 ΡΑΡΑΜ.

191 654 430 712 Domino
462 653 777 718 reverendo,
824 661 879 706 et
910 651 1059 707 Patri
1113 650 1403 721 diligendo,
1450 649 1717 706 Pascnau

110 763 338 807 summa
376 745 650 817 pontifici,
697 744 1005 809 ANSELIIUS,
1058 758 1247 798 servus
1279 741 1536 797 Ecclesia:
1578 742 1720 797 Can-

106 840 431 908 tuariensis,
483 837 716 893 debitam
739 835 1159 906 subjectionem,
1184 842 1239 889 et
1260 839 1569 888 orationum
1594 832 1722 888 lide-

111 935 355 990 litatem.

193 1025 465 1093 Quoniam
512 1023 579 1079 de
614 1022 762 1077 sedis
793 1021 1101 1093 apostolica:
1127 1020 1455 1075 auctoritate
1484 1018 1722 1088 pendent

122 1116 357 1171 filiorum
387 1114 647 1169 Ecclesiae
673 1113 1005 1168 directiones
1034 1121 1091 1167 et
1118 1110 1366 1176 consilia,
1419 1110 1622 1165 idcirco
1652 1110 1719 1164 ad

117 1219 317 1264 vestra:
347 1207 693 1278 paternitatis
726 1221 948 1261 recurro
968 1213 1297 1275 praeceptum
1325 1212 1380 1258 et
1409 1202 1715 1258 consilium.

115 1302 227 1358 Cur
256 1312 439 1355 autem
471 1308 679 1355 tantum
704 1298 889 1354 distuli
918 1306 1116 1354 vestra:
1160 1295 1472 1351 celsitudini
1516 1294 1718 1365 aliquid

113 1393 386 1458 scribere,
431 1403 719 1464 postquam
770 1391 905 1446 redii
939 1392 992 1447 in
1019 1390 1291 1462 Angliam,
1340 1403 1437 1458 per
1487 1388 1717 1444 latorem

112 1488 491 1557 praesentium,
516 1486 559 1541 si
574 1486 773 1556 placet,
796 1484 995 1556 poterit
1024 1497 1339 1554 agnoscere.
1358 1480 1569 1536 Mortuo
1591 1495 1717 1552 rege

112 1580 428 1647 Guillelmo,
463 1580 619 1652 cujus
641 1579 899 1635 violentia
927 1594 1022 1650 per
1044 1577 1337 1633 triennium
1374 1575 1615 1631 exsulavi
1646 1574 1714 1630 ab

110 1670 327 1740 Anglia,
356 1684 486 1724 cum
533 1684 732 1740 magno
763 1667 1034 1724 desiderio
1077 1682 1198 1722 sum
1239 1682 1271 1719 a
1325 1664 1544 1721 domino
1594 1676 1715 1718 meo

112 1776 241 1834 rege
271 1760 535 1825 Henrico,
580 1769 636 1815 et
663 1776 693 1814 a
733 1758 1069 1831 principibus
1096 1757 1215 1828 ejus
1256 1764 1311 1809 et
1354 1754 1423 1809 ab
1474 1753 1714 1810 Ecclesia

111 1852 413 1924 Anglorum
465 1860 777 1914 revocatus,
817 1858 873 1905 et
906 1864 1032 1904 cum
1067 1863 1262 1918 magno
1302 1846 1501 1916 gaudio
1533 1859 1715 1901 susce-

109 1954 255 2018 ptus.
272 1942 376 2012 Qui
409 1954 700 2015 postquam
714 1941 1097 1997 intellexerunt
1113 1939 1528 2005 institutionem,
1550 1953 1714 2009 quam

112 2034 295 2090 audivi
327 2033 450 2089 fieri
501 2033 556 2089 in
585 2032 834 2088 Romano
873 2030 1108 2087 concilio
1151 2046 1182 2084 a
1226 2028 1552 2084 venerabilis
1598 2043 1714 2083 me-

111 2125 301 2181 moriae
334 2125 745 2196 praedecessore
775 2133 956 2179 vestro
977 2136 1115 2192 papa
1135 2120 1375 2187 Urbano,
1412 2135 1480 2176 ne
1507 2119 1717 2175 scilicet

112 2218 311 2289 aliquis
357 2218 669 2288 susciperet
721 2217 1096 2272 investituram
1149 2213 1406 2270 Ecclesia:
1441 2214 1508 2269 de
1550 2229 1716 2267 manu

115 2306 259 2373 laici,
282 2318 424 2362 etne
442 2307 733 2377 episcopus
752 2307 839 2363 vel
868 2307 1037 2362 abbas
1060 2307 1224 2361 homo
1238 2304 1355 2374 ejus
1378 2306 1552 2369 lieret,
1568 2305 1714 2360 sensi

116 2408 171 2454 et
194 2401 370 2455 audivi
403 2400 537 2470 quia
567 2399 716 2454 nullo
746 2400 907 2455 modo
935 2414 1054 2454 eam
1086 2415 1181 2455 rex
1210 2409 1265 2454 et
1292 2397 1570 2469 principes
1597 2397 1715 2467 ejus

116 2491 310 2547 vellent
329 2493 640 2564 suscipere.
659 2492 776 2561 Qua
807 2493 875 2547 de
892 2508 953 2547 re
975 2492 1107 2547 mihi
1136 2493 1505 2548 necessarium
1520 2500 1717 2546 vestrae

116 2583 460 2639 celsitudinis
489 2582 777 2639 consilium
814 2592 1093 2653 exspecto.
1123 2581 1352 2649 Quando
1392 2580 1579 2636 Romae
1616 2580 1715 2647 lui,

123 2674 327 2728 ostendi
351 2673 589 2744 praefato
617 2673 839 2728 domino
869 2688 1023 2742 papw
1051 2672 1119 2727 de
1158 2672 1429 2743 legatione
1469 2670 1717 2726 Romana

124 2779 281 2836 super
311 2781 543 2837 regnum
578 2764 806 2835 Anglia},
854 2778 1018 2834 quam
1059 2762 1228 2833 ipsius
1276 2762 1424 2832 regni
1468 2762 1716 2817 homines

120 2871 436 2917 asseverant
459 2862 525 2917 ab
551 2862 788 2931 antiquis
814 2859 1147 2931 teinporibus
1176 2871 1349 2928 usque
1379 2858 1445 2912 ad
1468 2866 1718 2913 nostrum

120 2959 327 3025 tempus
378 2954 686 3011 Ecclesiam
733 2952 1181 3009 Cantuariensem
1239 2960 1498 3017 tennisse,
1555 2966 1717 3021 quam

119 3048 431 3103 necessarie
482 3046 557 3101 ita
602 3061 722 3102 esse
770 3052 1040 3116 oporteat,
1073 3057 1175 3098 nec
1215 3040 1375 3097 aliter
1400 3042 1504 3096 nisi
1528 3051 1717 3097 contra

119 3136 413 3194 utilitatem
441 3137 699 3194 Ecclesia:
747 3136 1007 3191 Romanae
1049 3142 1101 3190 et
1135 3133 1340 3205 Angliae
1372 3133 1487 3187 fieri
1524 3133 1718 3204 possit.
1746 3172 1789 3232 Ο

116 3230 214 3286 Rei
244 3242 435 3289 autem
482 3232 644 3303 hujus
674 3231 913 3286 rationes
939 3228 1188 3301 praesenti
1237 3227 1427 3280 nuntio
1471 3241 1537 3281 ex
1585 3242 1717 3296 qua-

119 3324 237 3379 dam
266 3336 431 3396 parte
463 3333 523 3379 ut
549 3324 701 3381 vobis
730 3322 934 3377 referat
966 3319 1321 3389 injunximus.
1364 3318 1716 3389 Legationeln

117 3433 265 3485 vero,
295 3435 465 3490 quam
516 3434 689 3490 usque
736 3419 803 3472 ad
854 3426 1099 3472 nostrum
1134 3424 1361 3485 tempus,
1419 3412 1715 3467 secundum

119 3513 441 3581 praedictum
498 3510 868 3566 testimonium
900 3550 914 3575 ,
963 3498 1202 3562 Ecclesia
1256 3515 1526 3569 tenuerat,
1580 3501 1716 3558 mihi

119 3604 346 3663 domnus
376 3620 519 3677 papa
547 3619 653 3659 non
677 3602 920 3657 abstulit.
941 3601 1137 3656 Audivi
1171 3608 1350 3654 tamen
1384 3598 1551 3668 quod,
1587 3598 1716 3652 dum

116 3710 263 3752 eram
300 3714 406 3769 pro
439 3696 697 3751 ﬁdelitate
718 3695 863 3750 sedis
890 3693 1198 3765 apostolicae
1225 3692 1279 3746 in
1305 3691 1515 3753 exsilio,
1569 3690 1715 3761 lega-

121 3788 323 3845 tionem
354 3791 532 3862 ipsam
560 3787 971 3857 arcliiepisc0po
1002 3784 1295 3840 Viennensi
1340 3792 1525 3838 vestra
1568 3796 1719 3837 com—

122 3883 400 3938 mendavit
445 3881 769 3936 auctoritas.
799 3877 954 3948 Quod
990 3885 1194 3947 quanta
1224 3873 1562 3939 diﬁicultate,
1608 3874 1717 3928 imo

117 3970 559 4042 impossibilitate
589 3972 805 4044 plenum
842 3972 935 4036 sit,
966 3969 1274 4041 intelligunt
1296 3967 1351 4023 hi
1376 3967 1467 4037 qui
1498 3966 1717 4035 longum

119 4074 174 4119 et
230 4067 597 4137 periculosum
650 4063 996 4120 intervallum
1054 4062 1221 4116 maris
1277 4068 1333 4113 et
1384 4072 1716 4127 regnorum,

117 4156 367 4212 Francia:
415 4156 628 4211 scilicet
673 4166 729 4210 et
780 4153 1126 4224 Burgundiae,
1174 4153 1316 4207 inter
1367 4149 1615 4219 Angliam
1666 4154 1725 4200 et

118 4248 389 4303 Viennam
420 4255 709 4311 noverunt,
731 4254 790 4299 ut
838 4244 1045 4299 scilicet
1088 4240 1531 4310 archiepiscopus
1559 4237 1719 4293 Vien-

120 4339 312 4395 nensis
340 4338 616 4410 Angliam,
645 4344 740 4390 aut
770 4334 926 4406 Angli
957 4332 1226 4388 Viennam
1260 4346 1359 4402 pro
1387 4329 1499 4385 suis
1536 4325 1722 4383 causis

120 4431 492 4504 frequentent.
520 4428 863 4499 Quapropter
896 4426 1121 4498 supplex
1144 4440 1262 4492 oro,
1287 4439 1477 4480 servus
1500 4432 1554 4478 et
1575 4421 1719 4476 filius

120 4522 467 4593 paternitatis
500 4530 711 4585 vestrae,
747 4535 815 4575 ne
862 4533 985 4573 meo
1018 4527 1261 4588 tempore
1299 4514 1567 4580 Ecclesia,
1597 4527 1720 4584 quae
1752 4542 1797 4598 ι)

122 4615 256 4670 mihi
279 4613 663 4684 compatiendo
692 4611 864 4667 multa
910 4609 1139 4665 adversa
1176 4624 1275 4679 pro
1320 4607 1581 4661 ﬁdelitate
1612 4604 1721 4662 Ro-

124 4720 297 4762 mana:
320 4704 645 4762 Ecclesiteiu
672 4709 991 4773 paupertate
1018 4716 1103 4755 me
1129 4698 1414 4755 exsulante
1435 4696 1717 4761 sustinuit,

123 4798 370 4868 privetur
392 4814 456 4853 ea
470 4798 731 4871 dignitate
756 4812 919 4867 quam
943 4803 1072 4849 ante
1092 4809 1178 4849 me
1199 4794 1250 4847 in
1277 4790 1720 4847 antecessoribus

123 4892 258 4947 meis
285 4908 348 4950 se
373 4892 678 4963 possedisse
699 4905 729 4944 a
754 4897 937 4944 vestra
961 4887 1089 4943 sede
1119 4886 1462 4957 pronuntiat.
1490 4882 1718 4950 Quando

126 4981 395 5058 deAnglia
411 4984 575 5051 exivi,
590 4992 709 5039 erat
728 4981 801 5037 ibi
826 4981 1045 5053 quidem
1072 4978 1416 5051 professione
1439 4977 1716 5043 sacerdos,

126 5088 230 5131 non
282 5078 460 5135 solum
510 5076 867 5148 publicanus,
923 5074 1019 5130 sed
1076 5073 1245 5129 etiam
1307 5072 1717 5144 publicanorum

127 5167 379 5241 princeps
406 5167 819 5234 infamissimus,
864 5167 1087 5221 nomine
1121 5164 1462 5235 Ranulphus,
1496 5172 1720 5235 propter

128 5263 501 5319 crudelitatem
520 5259 753 5317 similem
774 5258 1005 5313 ﬂamma:
1017 5257 1384 5322 comburenti,
1400 5255 1721 5327 pronomine

129 5348 514 5421 Flambardus;
542 5351 697 5422 cujus
720 5353 937 5405 ﬂamma
960 5349 1140 5420 qualis
1172 5350 1267 5415 sit,
1302 5363 1411 5404 non
1450 5348 1504 5403 in
1526 5346 1717 5417 Anglia

132 5442 444 5509 solum,sed
473 5445 527 5499 in
549 5443 753 5498 exteris
785 5441 964 5511 regnis
992 5441 1150 5509 longe
1190 5440 1406 5509 lateque
1458 5436 1713 5493 innotuit.

135 5526 285 5589 Hunc
306 5550 402 5590 rex
424 5548 592 5604 nuper
613 5531 898 5588 defunctus
911 5539 1102 5586 contra
1119 5528 1451 5584 voluntatem
1474 5526 1717 5582 omnium

138 5623 526 5696 religiosorum,
541 5635 729 5682 contra
744 5622 1240 5693 omnemfjustitiatn
1256 5621 1324 5675 ad
1347 5620 1717 5690 episc0patum

140 5716 252 5773 sine
276 5719 420 5774 omni
448 5716 567 5787 ejus
592 5718 931 5774 correctione
976 5716 1273 5772 sublimare
1304 5730 1392 5769 me
1440 5712 1720 5769 exsulante

1476 355 1609 414 LIB.
1645 355 1716 413 IV

1825 355 1999 412 PlS‘l‘.
2020 355 2109 413 ιιι.
3306 362 3377 439 eo

1748 455 1798 512 Α
1824 449 2188 519 praesumpsit.
2221 448 2407 516 Qualis
2438 458 2618 506 autem
2648 459 2774 508 ante
2796 452 3166 524 episcopatum
3187 453 3271 511 vel
3292 466 3416 525 post

3306 361 3417 420 9.02

1825 548 2194 619 episcopatum
2222 548 2275 602 in
2302 547 2544 604 Simonia
2572 558 2629 605 et
2654 549 2708 605 in
2743 550 2864 606 aliis
2895 551 3218 608 criminibus
3247 554 3416 609 exsti-

1826 639 1976 705 terit,
2007 638 2211 693 cbarta:
2242 640 2528 708 praesentis
2571 639 2711 694 lator
2741 641 2993 698 intimare
3021 644 3237 714 poterit.
3269 644 3414 700 Talis

1827 738 2009 785 tamen
2040 728 2305 799 pontifex,
2338 729 2479 785 sicut
2514 731 2629 800 ipse
2668 733 2971 790 inordinate
3016 745 3120 800 est,
3166 737 3255 792 ubi
3309 753 3416 793 non

1822 820 1991 893 428
2018 822 2222 887 debuit,
2253 833 2627 889 consecratus,
2654 825 2730 880 ita
2756 837 2910 882 extra
2954 828 3231 887 dimcesim
3255 846 3414 886 suam

1824 912 2080 967 ecclesias
2132 921 2189 967 et
2233 929 2498 985 personas
2543 929 2640 969 sua
2688 919 2992 974 sacratione
3041 924 3417 978 contaminare

1824 1017 1931 1058 non
1954 1002 2237 1059 dubitavit.
2278 1003 2433 1060 Hunc
2464 1006 2683 1075 quando
2710 1008 2843 1063 redii
2870 1008 2923 1063 in
2944 1010 3217 1080 Angliam,
3235 1014 3414 1071 inveni

1823 1103 2042 1165 captum
2074 1111 2104 1149 a
2133 1111 2258 1166 rege
2291 1112 2389 1167 pro
2406 1097 2637 1168 pecunia
2663 1114 2827 1169 quam
2850 1094 2917 1153 de
2937 1101 3254 1158 ministeriis
3280 1106 3414 1170 suis.
3484 1081 3491 1096 ‘

1822 1185 1972 1241 velut
2022 1186 2361 1257 publicanus,
2416 1188 2646 1243 debebat
2702 1190 2841 1245 male
2887 1202 3120 1260 retenta,
3157 1202 3215 1248 ut
3258 1199 3415 1265 plena

1822 1284 2057 1332 testatur
2087 1278 2229 1347 regis
2251 1279 2423 1343 curia,
2449 1279 2646 1349 populo
2666 1281 2956 1351 gaudente,
2995 1282 3144 1338 Velut
3166 1285 3232 1339 de
3266 1286 3419 1342 leone

1822 1368 2248 1439 circumquaque
2273 1379 2521 1426 vastante
2558 1386 2892 1441 compresso.
2922 1372 2998 1428 De
3029 1390 3162 1445 quo,
3202 1378 3419 1446 quando

1820 1472 2011 1532 captus
2051 1472 2154 1527 est,
2205 1464 2259 1517 in
2291 1464 2561 1519 audientia
2593 1468 2756 1537 regia:
2782 1468 2946 1524 curiae
2975 1470 3419 1543 archiepiscopus

1818 1554 1935 1623 ejus
1962 1554 2055 1625 qui
2082 1564 2270 1626 postea
2301 1555 2585 1612 defunctus
2612 1568 2714 1623 est,
2744 1559 3024 1615 confessus
3057 1571 3142 1617 est
3174 1578 3233 1617 se
3268 1562 3417 1619 illum

1817 1663 1925 1703 non
1952 1657 2134 1703 tenere
2179 1664 2278 1718 pro
2305 1648 2473 1705 fratre
2499 1650 2584 1705 vel
2607 1650 2881 1721 episcopo,
2914 1662 2970 1708 et
2998 1655 3282 1709 mentitum
3314 1654 3419 1712 sibi

1817 1752 1940 1794 esse
1952 1740 2136 1794 omnia
2150 1754 2271 1810 quae
2287 1741 2688 1796 consecrandus
2710 1742 3051 1810 promiserat.
3068 1742 3169 1811 Qui
3193 1745 3422 1801 audiens

1818 1832 2051 1888 reditum
2066 1847 2268 1887 meum.
2285 1832 2487 1887 auxilio
2514 1848 2635 1887 meo
2658 1832 2758 1887 sibi
2785 1834 3059 1889 subveniri
3085 1845 3144 1890 ut
3165 1838 3421 1908 episcopo

1817 1925 2136 1995 postulavit.
2190 1925 2310 1980 Misi
2344 1925 2530 1995 itaque
2574 1926 2641 1982 ad
2693 1941 2815 1982 eum
2856 1938 3091 1998 quatuor
3138 1931 3421 2002 episcopos

1818 2031 1942 2072 cum
1975 2015 2325 2085 praesentium
2359 2016 2647 2085 portitore,
2677 2017 2866 2073 dicens
2900 2019 3050 2088 quia,
3087 2020 3131 2075 si
3164 2020 3321 2077 vellet
3359 2036 3422 2077 se

1818 2106 1899 2162 sic
1927 2107 1994 2161 ad
2023 2105 2395 2176 episcopatum
2419 2107 2719 2163 accessisse
2744 2110 3038 2165 ostendere
3070 2119 3129 2165 ut
3161 2120 3419 2183 tanquam

1817 2198 2104 2269 episc0pus
2155 2198 2379 2252 tractari
2432 2200 2678 2269 deberet,
2734 2201 2971 2257 facerem
3010 2212 3068 2259 ut
3112 2204 3420 2263 libertatem

1819 2290 1924 2345 hoc
1952 2288 2187 2345 faciendi
2213 2291 2438 2346 haberet
2462 2308 2476 2357 ;
2514 2294 2769 2349 timebam
2802 2303 3006 2360 tamen,
3032 2298 3227 2363 fateor,
3254 2300 3423 2356 male-

1819 2381 2149 2437 dictionibus
2179 2383 2478 2454 populique
2507 2384 2775 2453 lapidibus
2799 2387 2977 2451 obrui,
3006 2390 3096 2460 qui
3127 2391 3423 2447 crudelita-

1820 2483 1925 2529 tem
1950 2473 2066 2542 ejus
2087 2475 2383 2530 cohibitam
2416 2476 2471 2531 in
2497 2477 2805 2533 libertatem
2835 2480 3173 2537 inducerem.
3208 2484 3279 2537 At
3306 2484 3422 2555 cpi—

1819 2567 1967 2637 scopi
2000 2569 2056 2622 in
2085 2568 2203 2632 hoc,
2232 2568 2357 2637 quia
2380 2586 2477 2640 per
2490 2584 2585 2625 eos
2613 2572 2860 2641 qumsivi,
2882 2587 3005 2627 eum
3029 2573 3132 2629 sibi
3156 2574 3423 2633 dcfccisse

1822 2660 2144 2716 retulerunt.
2191 2660 2293 2728 Qui
2347 2672 2532 2731 postea
2576 2665 2717 2719 clam
2754 2664 2821 2719 de
2870 2667 3119 2736 captione
3175 2668 3309 2736 fugit
3365 2670 3420 2724 in

1822 2750 2385 2815 Northmanniam,ac
2409 2754 2645 2809 inimicis
2672 2756 2812 2826 regis
2825 2756 3033 2811 domini
3058 2758 3141 2812 sui
3158 2760 3419 2825 sociatus,

1822 2843 2101 2899 dominum
2129 2844 2452 2913 piratarum,
2478 2860 2617 2915 quos
2658 2847 2713 2899 in
2747 2847 2886 2901 mari
2926 2848 3099 2913 misit,
3127 2850 3269 2903 sicut
3319 2866 3420 2920 pro

1822 2948 1972 2992 certo
2005 2937 2229 3006 dicitur,
2256 2953 2315 2993 se
2344 2938 2645 2993 constituit.
2660 2939 2736 2994 De
2768 2939 2873 2995 hoc
2892 2941 3150 3009 quoniam
3174 2942 3421 2998 Ecclesia

1822 3031 1923 3086 sibi
1950 3032 2264 3096 commissa,
2298 3032 2439 3085 inter
2466 3032 2726 3088 barbaros
2748 3032 2933 3088 multis
2961 3032 3217 3104 periculis
3251 3050 3422 3105 expo-

1823 3125 1947 3188 sita.
1980 3124 2067 3180 diu
2099 3133 2315 3195 pastore
2352 3139 2541 3180 carere
2582 3126 2791 3196 nequit,
2844 3136 2899 3181 et
2950 3126 3019 3182 de
3065 3127 3315 3182 ecclesiis
3367 3138 3423 3182 et

1819 3218 2069 3286 personis
2096 3232 2233 3286 quos
2260 3220 2603 3273 consecravit
2641 3218 2857 3274 consilii
2906 3219 3069 3275 vestri
3112 3219 3419 3289 jussionem

1818 3311 2179 3381 postulamus.
2210 3310 2423 3367 Mortuo
2450 3313 2863 3384 archiepiscopo
2909 3314 3238 3370 Eboracensi
3270 3324 3422 3387 post-

1820 3421 1983 3476 quam
2019 3421 2271 3461 reversus
2299 3422 2442 3471 sum,
2478 3408 2683 3463 electus
2708 3418 2794 3463 est
2836 3408 2891 3463 in
2939 3407 3057 3477 ejus
3084 3408 3261 3464 locum
3311 3410 3422 3482 epi-

1820 3517 2018 3572 scopus
2049 3500 2420 3566 Refordensis,
2464 3502 2551 3556 vir
2601 3503 2893 3559 admodum
2938 3503 3229 3570 litteratus,
3277 3513 3332 3559 et
3362 3503 3420 3560 in

1820 3596 2207 3651 ecclesiasticis
2248 3595 2552 3666 disciplinis
2591 3597 2859 3652 eruditus.
2915 3597 2972 3652 In
3008 3599 3111 3652 hac
3155 3598 3422 3653 electione

1819 3705 1919 3745 nos
1946 3689 2183 3761 episcopi
2204 3689 2351 3745 clero
2375 3700 2430 3745 et
2457 3690 2652 3761 p0pulo
2672 3690 2912 3759 ejusdem
2939 3690 3200 3746 Ecclesiae
3226 3706 3418 3747 assen-

1820 3799 1940 3838 sum
1972 3784 2323 3853 praebuimus.
2338 3782 2510 3849 Quem
2526 3783 2681 3837 valde
2709 3783 3115 3839 desiderantem
3147 3800 3205 3838 se
3238 3780 3420 3840 vestro

1818 3883 2149 3944 praesentare
2173 3878 2509 3946 conspectui,
2537 3883 2595 3928 ut
2625 3875 2773 3945 pallii
2800 3875 3147 3945 largitatione
3176 3893 3205 3929 a
3237 3886 3419 3931 vestra

1819 3968 2153 4036 benignitate
2181 3982 2281 4036 pro
2311 3968 2708 4023 consuetudine
2751 3969 3133 4031 honoraretur,
3188 3983 3282 4020 rex
3321 3984 3420 4037 pro

1820 4061 2145 4132 quibusdam
2178 4061 2361 4114 causis
2397 4059 2627 4113 consilio
2656 4060 2964 4130 principum
3009 4075 3230 4114 suorum
3286 4060 3417 4115 reti—

1823 4151 1974 4215 nuit;
2030 4162 2195 4221 atque
2249 4161 2305 4203 ut
2344 4151 2420 4203 illi
2470 4150 2692 4221 pallium
2751 4151 3001 4217 mittatis,
3044 4151 3420 4208 celsitudinem

1822 4254 2058 4300 vestram
2090 4242 2410 4314 postulando
2438 4243 2729 4312 impetrare
2757 4244 3052 4299 desiderat.
3077 4243 3242 4314 Cujus
3276 4246 3417 4316 peti-

1826 4337 1958 4393 tioni
2008 4338 2318 4410 largitatem
2352 4346 2586 4392 vestram
2633 4337 2839 4406 favere,
2872 4338 2916 4393 si
2963 4354 3155 4409 preces
3203 4350 3420 4399 nostras

1820 4432 2000 4503 placet
2026 4432 2334 4498 admittere,
2364 4431 2686 4503 suppliciter
2706 4430 3029 4503 flagitamus.

2395 4569 2732 4625 EPISTOLA
2768 4568 2853 4624 ΙΙΙ.

1858 4681 2119 4722 vULs'nNt
2144 4679 2375 4720 EPISCOPI
2406 4678 2793 4720 wreonmsusrs
2830 4679 2898 4717 Αι)
2924 4677 3206 4718 nussum»
3247 4663 3382 4736 (42).
3456 4738 3459 4741 ἰ

1897 4781 2370 4837 Reverendissinio
2393 4794 2456 4834 ac
2483 4774 2798 4834 beatissimo
2826 4778 2951 4832 vita:
2997 4776 3309 4841 sanctitate,
3362 4786 3419 4834 et

1822 4892 2050 4932 summae
2092 4875 2237 4930 sedis
2279 4874 2540 4945 dignitate
2573 4874 2815 4946 praelato,
2848 4873 3101 4927 Aussuio
3151 4872 3420 4944 archiepi-

1824 4984 2010 5039 scopo,
2042 4966 2361 5024 Vues'raaus
2391 4983 2674 5023 servorum
2733 4967 2822 5021 Dei
2877 4967 3156 5031 minimus,
3200 4966 3418 5040 Wigor-

1824 5063 2030 5118 nieusis
2052 5061 2307 5131 Ecclesia:
2336 5062 2623 5132 episcopus
2648 5058 3131 5129 meritoindignus,
3151 5060 3417 5119 orationis

1822 5157 2105 5227 obsequia,
2147 5156 2437 5225 fideliaque
2465 5170 2530 5209 ex
2560 5154 2831 5209 charitate
2859 5153 3103 5208 servitia.

1897 5252 1973 5305 De
2009 5252 2093 5314 iis.
2135 5252 2276 5307 unde
2305 5250 2463 5305 nobis
2490 5249 2725 5319 dignitas
2747 5255 2924 5303 vestra
2959 5248 3202 5305 scribere
3230 5258 3284 5304 et
3315 5264 3415 5305 no-

1823 5354 1952 5400 strae
1978 5344 2265 5414 parvitatis
2284 5352 2367 5398 est
2394 5342 2613 5413 dignata
2635 5341 2919 5397 consilium
2947 5358 3211 5413 quazrere,
3241 5359 3417 5412 quan-

1827 5447 1939 5490 tum
1966 5434 2244 5491 recordari
2266 5448 2579 5505 possumus,
2596 5433 2776 5490 dicere
2800 5449 2906 5489 non
2921 5434 3243 5490 omittimus.
3260 5432 3414 5488 Hanc

1825 5528 2058 5599 denique
2087 5527 2229 5583 unde
2271 5526 2545 5583 consuluit
2589 5541 2807 5583 causam
2836 5525 3084 5583 ventilari
3137 5540 3412 5594 nunquam

1824 5622 2147 5687 audivimus,
2179 5620 2304 5691 quia
2356 5620 2533 5677 nullus
2572 5621 2864 5691 aliquando
2889 5619 3096 5682 existit,
3135 5619 3224 5681 qui
3272 5618 3415 5672 hanc

1824 5716 2202 5772 Cantuariensi
2232 5716 2641 5788 archiepiscooo
2668 5721 2991 5771 potestatem
3026 5712 3270 5767 adimere
3294 5709 3409 5763 vel-

1625 5802 1853 5863 ΝΟΤᾸΕ.

1625 5806 1764 5859 NUT
1841 5846 1853 5863 ς

247 5903 356 5978 (42)
386 5902 693 5975 Respondet
720 5900 962 5957 Ansclini
1000 5902 1183 5972 cpist.,
1222 5914 1340 5970 quae
1371 5908 1456 5955 est
1482 5897 1548 5953 l9
1579 5895 1675 5951 lib.
1707 5806 1857 5953 ηιξ

420 5997 696 6061 ΡΑτιιοι.
742 5992 963 6055 CLIX.

3118 5973 3180 6060 .7.
