4014 6304
199 582 290 642 Ξύἰί

1513 559 1642 614 LIB.
1683 557 1770 624 IV,
1798 555 2014 612 EPIST.
2048 553 2138 608 IX.

3347 537 3460 600 9.06

195 695 629 754 acclamavcrunt.
661 697 857 756 gravor
881 681 1099 745 dicere;
1133 677 1316 732 dicant
1336 673 1497 744 legati
1528 687 1766 743 pratseu-
1793 658 1838 712 Α
1869 669 2081 724 satione
2125 675 2179 722 et
2203 664 2571 720 benevolentia
2603 664 2837 727 confido,
2870 661 3126 732 quoniam
3178 659 3462 730 religioso-

196 803 262 847 tes
287 787 377 858 qni
404 784 712 838 audierunt.
745 777 983 831 Tandem
1012 774 1171 827 inme
1203 768 1449 825 conversi
1475 781 1581 820 uno
1606 781 1766 820 sensu

194 888 381 944 pariter
408 891 600 933 omnes
652 873 1061 928 afﬁrmaverunt
1102 881 1187 921 me
1221 878 1380 934 posse
1428 861 1770 926 exstinguere

193 989 336 1032 onme
367 969 588 1031 malum,
617 966 758 1036 quod
787 980 850 1019 ex
878 963 961 1017 his
985 960 1214 1015 decretis
1239 954 1596 1026 processerit;
1621 966 1770 1008 asse-

193 1072 386 1126 verant,
425 1063 468 1116 si
498 1058 748 1132 precibus
787 1055 1164 1124 episcoporum
1210 1063 1361 1104 meas
1391 1045 1581 1100 vellem
1620 1057 1771 1096 asso—

162 1149 163 1156 ‘
197 1165 345 1226 ciare,
386 1167 658 1230 quatenus
710 1147 1016 1207 celsitudini
1049 1154 1243 1198 vestrae
1293 1141 1530 1213 placeret
1575 1135 1771 1207 praedi-

149 1233 152 1238 .
193 1268 320 1312 ctam
367 1247 700 1305 sententiain
745 1242 1018 1311 mitigare.
1048 1235 1201 1304 Quod
1239 1235 1281 1290 si
1331 1231 1509 1288 facere
1558 1237 1774 1283 recusa-

195 1364 313 1407 rem,
346 1358 511 1399 omne
541 1338 739 1394 malum
790 1333 933 1405 quod
983 1331 1107 1385 inde
1137 1327 1401 1388 eveniret,
1435 1322 1564 1378 mihi
1599 1321 1772 1390 Impu-

195 1440 403 1493 tandum
434 1433 554 1488 sine
603 1428 708 1484 ulla
766 1439 884 1481 mea
928 1421 1280 1480 excusatione
1324 1414 1651 1489 iudicarent.
1695 1409 1774 1465 Ne
1817 1411 1820 1418 ’

195 1535 343 1604 igitur
408 1526 609 1597 aliquid
669 1521 854 1578 videar
897 1511 1266 1580 contemnere,
1315 1519 1408 1564 aut
1474 1523 1595 1564 meo
1657 1505 1773 1560 solo

191 1601 337 1683 sensu
374 1624 456 1679 vel
495 1619 708 1692 propria
752 1615 1032 1670 voluntate
1078 1608 1373 1680 quidquam
1424 1601 1626 1667 facere,
1670 1613 1770 1692 nec

194 1724 297 1778 illos
328 1691 507 1772 audeo
546 1729 652 1768 non
706 1709 916 1773 audire,
970 1717 1070 1760 nec
1124 1701 1190 1755 de
1231 1708 1425 1752 vestra:
1469 1691 1806 1748 sanctitatis‘

188 1812 534 1884 dispositione
579 1807 922 1876 aliquatenus
971 1797 1092 1852 volo
1124 1795 1295 1850 exire.
1331 1790 1557 1884 Servata
1611 1786 1808 1884 igitur-

190 1877 315 1977 apud
349 1919 442 1958 me
490 1897 791 1956 reverentia
817 1904 871 1949 et
897 1886 1204 1947 obedientia
1243 1882 1387 1939 sedis
1442 1877 1772 1947 apostolicze,

186 1972 372 2070 precor
403 2006 485 2062 ut,
518 2000 781 2063 quantum
803 1985 1038 2057 dignitas
1063 1988 1244 2035 vestra
1269 1973 1566 2070 secundum
1599 1972 1766 2070 Deum
1799 1995 1814 2070 1-

188 2065 470 2162 permittit,
500 2083 745 2157 petitioni
779 2079 1069 2151 praedictae,
1102 2089 1262 2144 quam
1291 2068 1443 2162 vobis
1484 2065 1644 2162 legati
1677 2080 1772 2162 ex-

186 2155 401 2252 ponent,
431 2155 585 2248 juxta
634 2172 956 2242 sapientiam
989 2175 1248 2226 vestram,
1287 2155 1769 2252 condcscendatis;

186 2246 387 2341 etquid
431 2246 516 2323 me
539 2265 778 2337 juheatis
811 2263 861 2316 in
922 2261 1022 2313 hac
1060 2273 1119 2310 re
1161 2254 1362 2318 facere,
1397 2247 1656 2341 quidquid
1685 2246 1773 2341 lu-

185 2337 361 2420 turum
388 2363 482 2424 sit,
529 2374 626 2428 per
673 2356 879 2425 legatos
919 2355 1210 2421 praesentes
1243 2351 1454 2398 certum
1499 2355 1582 2392 me
1611 2337 1773 2392 facia-

185 2462 271 2515 tis.
303 2460 544 2514 Oramus
591 2451 1020 2520 omnipotentem
1067 2442 1234 2496 Deum
1284 2446 1344 2492 ut
1389 2433 1772 2507 paternitatem

182 2555 270 2611 diu
301 2551 637 2607 incolumem
673 2546 725 2599 in
781 2544 992 2610 integra
1018 2533 1378 2607 prosperitate
1425 2529 1491 2584 ad
1519 2525 1776 2583 Ecclesiae

181 2662 288 2705 sua
317 2647 490 2702 robur
521 2653 572 2697 et
597 2637 1020 2696 consolationem
1049 2633 1360 2685 conservet.

748 2753 1080 2825 EPISTOLA
1116 2747 1223 2816 ru.
1534 2841 1536 2844 .

269 2868 502 2928 ANSELII
535 2885 602 2923 AD
632 2853 973 2921 ϐυιιίιειιιυιί
998 2868 1284 2912 WINTONIrE
1311 2864 1556 2906 ειεςτυιι
1588 2863 1673 2902 ΕΡΙ

874 2945 1097 2988 δεορυιί.

245 3059 544 3113 Axseuws
591 3048 1058 3119 archiepiscopus,
1115 3039 1311 3092 dilecto
1367 3025 1612 3090 dilectori
1679 3047 1778 3089 suo

173 3147 500 3204 GetLLELuo
530 3141 706 3196 electo
737 3135 990 3207 episcopo
1016 3128 1327 3208 Wiutonize,
1355 3122 1603 3177 salutem.

244 3239 508 3292 Mandate
541 3231 671 3286 milti
711 3231 754 3286 si
783 3231 833 3283 in
863 3223 1125 3302 proximis
1154 3221 1344 3292 Qttatu:
1368 3240 1398 3280 ι’
1425 3216 1782 3286 Temporibus

169 3332 390 3386 venturi
418 3329 556 3384 estis
588 3325 653 3382 ad
696 3339 780 3379 me
812 3338 908 3392 pro
933 3319 1256 3381 sacerdotio,
1283 3327 1335 3371 et
1375 3315 1419 3369 si
1454 3313 1503 3368 in
1533 3311 1779 3383 sequenti

167 3425 255 3478 die
291 3433 424 3494 post
471 3420 841 3490 acceptiouem
887 3403 1177 3469 sacerdotii
1219 3395 1383 3463 vultis
1412 3403 1781 3462 consecratio-

165 3529 292 3566 nem
339 3511 712 3582 episcopalem
767 3505 1030 3575 accipere.
1081 3501 1306 3572 Oportet
1339 3499 1480 3589 enim
1538 3513 1622 3551 me
1676 3495 1781 3552 hoc

162 3603 459 3673 praescire,
523 3599 647 3669 quia
713 3597 757 3651 si
815 3607 940 3649 tunc
1005 3587 1471 3674 consecrationem
1541 3587 1779 3658 episcopi

162 3685 497 3765 suscepturi
527 3693 686 3755 estis,
726 3680 938 3742 veniam
983 3695 1110 3739 tunc
1157 3681 1528 3738 Cantuariam.
1561 3689 1613 3732 et
1643 3679 1782 3732 iuvi-

159 3791 294 3842 tabo
350 3789 646 3858 episcopos
703 3781 794 3853 qui
844 3795 1054 3834 mecum
1107 3775 1231 3840 sint,
1265 3776 1330 3830 ad
1367 3774 1470 3829 tale
1520 3789 1674 3842 opus,
1723 3781 1784 3827 ut

155 3877 352 3947 decet,
421 3875 753 3934 faciendum.
808 3873 865 3929 Si
931 3883 1109 3927 autem
1159 3869 1522 3926 sacerdotium
1572 3875 1779 3921 tantum

155 3976 447 4045 praedicto
482 3983 728 4044 tempore
764 3969 926 4023 vultis
971 3967 1240 4036 accipere,
1275 3979 1380 4042 non
1413 3961 1625 4018 veniam
1658 3971 1783 4046 tunc

153 4067 566 4129 Cantuariam,
597 4065 724 4136 quia
780 4062 1088 4130 ubicunque
1127 4058 1278 4111 fuero
1308 4055 1434 4109 illud
1485 4053 1661 4108 facere
1692 4068 1786 4123 po-

151 4171 306 4216 tero.
380 4159 490 4216 Ubi
523 4135 707 4213 autem
757 4155 886 4211 tunc
937 4168 1052 4217 ero,
1098 4141 1249 4222 prius
1281 4145 1534 4204 charitati
1590 4135 1785 4202 vestrae

147 4251 501 4307 notiﬁcabo.

747 4327 1074 4387 EPISTULA
1102 4325 1234 4383 Vlll.

554 4424 776 4483 susum
808 4421 875 4480 sn
901 4437 1139 4480 JOANNEM
1172 4435 1426 4476 PRIOBEM.

221 4546 553 4600 Assaracus
606 4556 796 4596 servus
841 4537 1094 4594 Ecclesiae
1136 4533 1561 4599 Cantuarieusis,
1613 4534 1789 4589 amico

137 4651 255 4694 suo
275 4623 530 4699 Luam,
559 4632 729 4704 priori
757 4633 1145 4688 canonicorunt
1187 4631 1253 4684 de
1296 4638 1478 4683 monte
1518 4629 1574 4683 S.
1611 4629 1788 4699 Eligii,

133 4738 196 4784 et
259 4707 713 4799 congregationi
783 4723 882 4778 sub
953 4721 1044 4777 illo
1099 4721 1206 4776 Deo
1276 4719 1574 4786 servienti,
1643 4721 1789 4775 salu-

134 4827 284 4884 tem,
1203 4879 1210 4882 _

212 4911 510 4967 Clericus
536 4907 640 4964 iste
667 4908 884 4962 natione
900 4885 1126 4978 Angius,
1154 4903 1371 4958 nomine
1385 4904 1791 4959 Northmaunus

129 5005 208 5061 de
243 5005 530 5076 quadam
575 4998 806 5056 ecclesia
856 4999 908 5054 in
941 5013 1045 5070 qua
1085 4996 1294 5052 noviter
1332 5007 1459 5074 sunt
1481 4994 1791 5067 congregati

124 5099 352 5156 clerici
399 5097 507 5166 qui
549 5095 873 5166 regulariter
923 5102 1103 5148 vestro
1156 5104 1306 5160 more
1351 5090 1533 5144 vivere
1582 5089 1788 5157 volunt,

119 5193 304 5250 venit
340 5190 435 5245 ad
481 5203 581 5242 vos
609 5188 924 5242 desiderans
954 5171 1252 5260 vobiscum
1271 5183 1551 5252 aliquanto
1580 5191 1789 5253 tempo-

112 5305 210 5352 re,
277 5272 536 5356 quanto
581 5269 737 5354 vobis
781 5279 1072 5350 placuerit,
1128 5277 1466 5341 conversari,
1522 5285 1792 5345 quatenus

109 5393 342 5438 vestro
423 5375 630 5431 ordine
688 5383 742 5428 et
800 5373 998 5454 vestris
1059 5359 1544 5447 consuetudinibus
1597 5369 1792 5423 instrui
1840 5419 1842 5421 .

101 5479 324 5550 possit
358 5475 434 5528 in
470 5469 694 5555 servitio
728 5453 818 5522 Dei
857 5447 923 5521 ad
955 5449 1108 5522 suam
1132 5476 1184 5522 et
1221 5465 1448 5522 aliorum
1481 5466 1788 5519 utilitatem.

105 5566 224 5640 Qui
267 5564 584 5643 quoniam
623 5571 808 5642 noster
854 5559 1139 5616 familiaris
1163 5570 1268 5625 est,
1301 5575 1366 5614 ne
1392 5559 1588 5628 aliquis
1615 5558 1793 5628 suspi-

95 5677 292 5722 cetur
321 5651 497 5715 eum
527 5657 632 5712 alia
673 5670 835 5711 causa
866 5655 1225 5726 peregrinari,
1285 5663 1436 5724 rogat
1487 5653 1789 5710 litterarum

99 5737 512 5813 nostrarum
549 5748 864 5803 testimonio
895 5733 1186 5812 notiﬁcari,
1213 5754 1268 5800 et
1300 5752 1485 5800 nostra
1521 5744 1706 5798 notitia
1738 5752 1795 5800 et

91 5867 299 5924 prece
376 5845 551 5913 apud
581 5856 679 5895 vos
734 5841 800 5894 ad
864 5841 966 5895 hoc
1020 5840 1162 5910 quod
1208 5838 1477 5893 desiderat
1527 5827 1788 5924 adjuvari.

93 5919 456 6014 Quamvis
514 5950 642 6004 ergo
685 5933 751 5987 de
796 5941 977 5986 vestra
1034 5931 1296 6002 religione
1356 5927 1488 5985 nihil
1524 5931 1627 5986 nisi
1678 5919 1791 5986 sola

86 6038 496 6100 dilectione
521 6030 835 6098 meruimus,
870 6039 1050 6084 tamen
1081 6025 1205 6096 quia
1243 6025 1312 6080 de
1345 6035 1527 6080 vestra
1559 6039 1792 6082 convur-
1815 6071 1846 6105 g.

1873 778 1990 817 rum
2033 770 2116 816 est
2149 758 2212 812 ad
2243 759 2554 828 religionem
2606 755 2849 810 volentes
2895 758 3156 822 proiicere
3204 753 3456 820 libenter,

1870 872 1991 910 cum
2016 851 2391 924 opportunitas
2421 866 2477 904 se
2499 845 2738 915 exhibet,
2768 848 3056 910 instruere,
3083 843 3274 919 precor
3298 855 3354 900 ut
3383 846 3452 910 ei,

1870 959 2128 1020 quantum
2175 943 2328 999 vobis
2371 953 2732 1014 opportunum
2767 935 2892 1007 erit,
2941 938 3273 1005 concedatis,
3318 929 3462 995 sicut

1873 1039 2124 1112 postulat,
2157 1035 2211 1092 in
2243 1046 2424 1090 vestra
2457 1032 2866 1088 conversatione
2898 1045 3200 1085 remanere.

2442 1169 2777 1230 EPISTULA
2807 1168 2896 1224 IX.

2043 1304 2268 1343 ANSELII
2312 1304 2380 1342 AD
2414 1301 2719 1342 BALDUINl‘M
2741 1300 2917 1341 REGI-1M
2946 1299 3301 1340 ιιιειιυελιιιι.

1945 1401 2242 1467 Bsenumo,
2280 1402 2454 1473 gratia
2503 1401 2620 1466 Dei,
2656 1401 2767 1472 regi
2824 1399 3183 1461 Hierusalem,
3214 1389 3460 1456 charissi-

1876 1505 1964 1547 mo
1991 1494 2232 1559 domino,
2265 1494 2570 1562 ANsELttus,
2603 1507 2793 1547 servus
2821 1490 3076 1547 Eettlcsire
3116 1485 3472 1547 Cantuarien-

1797 1609 1808 1613 ·
1876 1587 1974 1653 sis,"
2004 1599 2101 1655 per
2127 1601 2352 1656 regnum
2382 1595 2656 1641 terrenum
2681 1585 2744 1640 ad
2771 1585 2994 1639 cmlestc
3021 1583 3322 1638 sublimari.

1946 1677 2272 1732 Benedictus
2319 1677 2460 1732 Deus
2492 1678 2543 1730 in
2576 1676 2733 1731 donis
2761 1678 2892 1740 Suis,
2923 1683 2977 1730 et
3001 1686 3221 1730 sanctus
3257 1675 3307 1730 in
3355 1689 3472 1732 o‘tn-

1879 1767 2036 1824 nibus
2085 1767 2343 1837 operibus
2387 1768 2501 1822 suis
2551 1765 2725 1837 (Psal.
2790 1784 2932 1832 κων,
2969 1767 3074 1839 l5),
3119 1768 3208 1837 qui
3261 1767 3472 1824 vos‘ad

1879 1862 2021 1932 regis
2053 1859 2373 1932 dignitatem
2406 1877 2502 1915 sua
2525 1861 2697 1930 gratia
2753 1863 2804 1914 in
2836 1861 2923 1914 illa
2957 1870 3100 1915 terra
3127 1860 3386 1915 exultavit
3416 1863 3471 1918 in

1878 1967 1981 2022 qua
2031 1954 2146 2022 ipse
2199 1953 2460 2008 Dominus
2515 1963 2701 2008 noster
2750 1951 2907 2008 Jesus
2959 1953 3208 2008 Christus
3277 1969 3375 2023 per
3415 1969 3475 2010 se

1880 2044 2054 2114 ipsum
2110 2043 2432 2114 principium
2480 2044 2880 2099 Christianitati
2930 2046 3229 2110 seminans,
3283 2045 3472 2100 Eccle-

1879 2135 2014 2189 siam
2045 2133 2216 2200 suam,
2253 2145 2312 2190 ut
2354 2137 2478 2191 inde
2513 2137 2610 2207 per
2639 2145 2811 2190 totum
2841 2138 3026 2190 orhetit
3062 2143 3474 2207 propagaretbr,

1881 2245 2075 2283 novam
2119 2229 2401 2300 plantavit.
2452 2237 2613 2300 Quam
2665 2219 2886 2299 propter
2923 2240 3143 2298 peccata
3193 2214 3474 2285 hominum

1874 2319 2078 2389 judicio
2108 2320 2198 2374 Dei
2225 2321 2292 2374 ab
2324 2321 2628 2374 inﬁdelibus
2655 2319 2746 2373 ditt
2787 2319 2986 2373 ibidem
3018 2333 3334 2390 oppressam
3376 2313 3475 2375 Sua

1880 2412 2250 2467 misericordia
2300 2414 2501 2468 nostris
2561 2413 2897 2482 temporibus
2955 2412 3280 2467 mirabiliter
3314 2431 3474 2468 resu—

1881 2505 2118 2570 scitavit.
2173 2507 2284 2578 Ego
2321 2508 2532 2581 itaque,
2576 2524 2786 2563 menter
2842 2524 3049 2580 magna:
3085 2509 3392 2564 dilectionis
3421 2520 3479 2567 et

1881 2599 2268 2654 beneliciorutn
2310 2616 2430 2670 quae
2469 2601 2522 2656 in
2573 2613 2727 2672 patre
2748 2609 2806 2656 et
2835 2610 3006 2655 matre
3036 2612 3211 2655 vestra
3264 2612 3315 2656 et
3353 2603 3480 2658 liliis

1882 2704 2067 2744 eorum
2109 2706 2236 2761 erga
2268 2706 2355 2746 me
2394 2705 2512 2746 sum
2539 2703 2816 2762 expertus,
2846 2693 3153 2762 exprimere
3189 2694 3478 2749 scribendo

1883 2797 2094 2851 nequeo
2139 2792 2406 2856 quantum
2467 2785 2533 2840 de
2583 2787 2757 2852 gratia
2813 2787 2904 2842 Dei
2964 2803 3128 2858 quam
3195 2789 3246 2842 in
3310 2788 3482 2843 fratre

1887 2883 2065 2928 vestro
2121 2884 2176 2930 et
2222 2876 2396 2941 vobis,
2450 2876 2698 2948 eligendo
2741 2893 2837 2933 vos
2886 2879 2952 2933 ad
2979 2879 3126 2933 illam
3161 2880 3478 2950 dignitatem

1882 2967 2138 3034 ostendit,
2180 2969 2411 3038 gaudeo,
2444 2978 2498 3024 ct
2532 2977 2736 3038 quanto
2769 2968 2962 3025 affectu
2992 2982 3163 3026 utvos
3190 2973 3280 3041 qui
3321 2971 3481 3028 fratri

1883 3061 2248 3125 successistis,
2293 3077 2399 3118 non
2439 3071 2548 3117 tam
2583 3064 2735 3118 vobis
2765 3080 2927 3133 quam
2971 3065 3081 3119 Deo
3112 3081 3340 3134 regnare
3365 3076 3482 3120 stu-

1885 3154 2082 3220 deatis,
2151 3157 2420 3212 desidero.
2482 3155 2656 3216 Unde.
2723 3159 2795 3212 uti
2855 3157 3180 3214 charissime
3239 3158 3481 3226 domine,

1885 3249 2098 3304 etiamsi
2130 3265 2246 3304 mea
2271 3251 2649 3306 exhortatione
2684 3266 2788 3306 non
2820 3252 3026 3322 egeatis
3052 3261 3235 3307 tamen
3263 3266 3332 3307 ex
3361 3268 3482 3308 cor-

1804 3374 1855 3436 c
1887 3340 1969 3395 dis
1995 3341 2348 3406 abundantia,
2387 3351 2448 3396 ut
2489 3342 2831 3397 ﬁdelissimus
2879 3344 3088 3398 amicus
3128 3359 3322 3412 precor
3353 3358 3476 3410 vos,

1886 3449 2103 3499 moneo,
2150 3435 2400 3500 obsecro,
2432 3444 2486 3489 et
2541 3435 2706 3488 Deum
2763 3449 2861 3489 oro
2911 3445 3180 3504 quatenus
3217 3438 3318 3492 sub
3361 3436 3482 3510 lege

1889 3525 1978 3579 Dei
2009 3527 2240 3581 vivendo
2279 3527 2614 3584 voluntatem
2667 3535 2903 3581 vestram
2940 3527 3205 3581 voluntati
3236 3527 3330 3583 Dei
3382 3542 3482 3597 per

1883 3620 2067 3674 omnia
2113 3620 2375 3674 subdatis.
2433 3619 2586 3676 Tunc
2633 3622 2776 3674 enim
2815 3635 2945 3675 vero
2980 3621 3216 3690 regnatis
3279 3621 3346 3676 ad
3385 3637 3480 3675 ve-

1884 3723 2052 3767 stram
2087 3713 2397 3776 utilitatem,
2433 3714 2477 3768 si
2509 3715 2749 3784 reguatis
2778 3717 3076 3770 secundum
3107 3713 3198 3770 Dei
3230 3713 3479 3769 volunta-

1827 3867 1830 3870 _
1887 3816 2016 3862 tem.
2047 3803 2124 3859 Ne
2154 3805 2352 3875 putetis
2379 3806 2711 3870 vobis,sicut
2735 3806 2886 3860 multi
2911 3805 3036 3860 mali
3065 3821 3221 3874 reges
3249 3805 3478 3873 faciunt,

1886 3895 2183 3951 Ecclesiam
2225 3897 2318 3953 Dei
2362 3896 2518 3965 quasi
2572 3896 2792 3950 domino
2842 3898 2907 3949 ad
2957 3895 3302 3948 serviendmn
3358 3909 3481 3950 esse

1823 4035 1832 4040 .
1886 3989 2087 4054 datam,
2120 3990 2212 4044 sed
2244 3991 2385 4044 sicut
2410 3990 2671 4044 advocato
2693 3999 2747 4044 et
2774 3989 3043 4044 defensori
3067 4004 3185 4044 esse
3205 4003 3482 4044 commen—

1887 4081 2086 4135 datam.
2119 4079 2261 4135 Nihil
2286 4081 2458 4149 magis
2486 4081 2658 4150 diligit
2687 4081 2827 4135 Deus
2853 4081 2907 4134 in
2959 4081 3060 4135 hoc
3088 4083 3286 4134 nmndo
3317 4095 3482 4149 quam

1887 4175 2190 4230 libertatem
2227 4175 2480 4229 Ecclesia:
2504 4190 2633 4230 suae.
2659 4174 2762 4241 Qui
2789 4175 2840 4228 ei
2865 4174 3054 4230 volunt
3079 4189 3184 4229 non
3216 4185 3325 4227 tam
3353 4189 3482 4242 pro-

1890 4269 2045 4324 desse
2067 4283 2230 4337 quam
2261 4267 2553 4331 dominari,
2593 4267 2786 4337 procul
2817 4268 2982 4323 dubio
3037 4269 3145 4324 Deo
3183 4268 3486 4338 probantur

1890 4357 2187 4414 adversari.
2221 4357 2472 4412 Liberam
2504 4357 2620 4413 vult
2664 4372 2786 4414 esse
2833 4359 2974 4413 Deus
3023 4373 3279 4429 sponsam
3305 4372 3480 4420 suam,

1893 4463 1998 4502 non
2027 4447 2301 4502 ancillam.
2326 4448 2428 4515 Qui
2461 4464 2580 4504 eam
2611 4449 2752 4504 sicut
2791 4448 2880 4503 ﬁlii
2908 4458 3138 4503 matrem
3173 4457 3406 4504 tractant
3431 4455 3488 4503 et

1891 4544 2178 4606 honorant,
2224 4557 2353 4597 vere
2387 4558 2445 4597 se
2491 4542 2630 4597 ﬁlios
2673 4543 2790 4613 ejus
2812 4551 2866 4597 et
2899 4542 3038 4597 ﬁlios
3068 4542 3161 4596 Dei
3205 4557 3325 4598 esse
3355 4557 3488 4612 pro-

1895 4633 2042 4686 bant.
2095 4631 2195 4698 Qui
2230 4647 2359 4686 vero
2412 4631 2485 4693 illi
2518 4633 2671 4701 quasi
2720 4632 2948 4687 subdita:
2985 4631 3352 4697 dominantur,
3379 4648 3486 4687 non

1899 4722 2056 4786 ﬁlios,
2097 4723 2190 4778 sed
2218 4722 2425 4779 alienos
2454 4740 2513 4778 se
2551 4722 2778 4787 faciunt,
2812 4732 2866 4780 et
2898 4723 3017 4777 ideo
3044 4721 3191 4791 juste
3221 4724 3287 4776 ab
3316 4724 3489 4778 haere-

1897 4819 2066 4873 ditate
2096 4827 2148 4873 et
2191 4819 2316 4872 dote
2361 4817 2434 4874 illi
2487 4821 2752 4889 promissa
2789 4819 3225 4874 exhaeredantur.
3260 4819 3488 4886 Qualem

1899 4911 2041 4966 illam
2093 4911 2439 4967 constituetis
2491 4911 2545 4964 in
2601 4925 2765 4979 regno
2823 4920 3024 4974 vestro,
3081 4911 3149 4983 in.
3194 4911 3296 4965 hac
3348 4926 3494 4967 nova

1898 5003 2313 5060 resuscitatione
2362 5002 2521 5058 talem
2549 5001 2692 5056 illam
2765 5000 3041 5074 dium
3093 5002 3392 5072 suscipient
3435 5011 3490 5057 et

1896 5097 2189 5150 servabunt
2221 5095 2276 5148 in
2306 5094 2484 5148 futura
2537 5093 2911 5163 generatione.
2944 5094 3097 5159 Quod
3151 5102 3331 5148 autem
3386 5111 3487 5166 ego

1895 5189 2046 5242 vobis
2073 5187 2401 5257 persuadere
2439 5186 2711 5248 desidero,
2736 5200 2833 5239 oro
2861 5184 3032 5239 Deum
3059 5187 3486 5256 omnipotentem

1898 5294 1954 5336 ιιι
1981 5282 2095 5351 ipse
2123 5281 2469 5350 persuadeat,
2519 5289 2578 5336 et
2622 5281 2704 5334 sic
2729 5293 2828 5334 vos
2866 5279 2918 5334 in
2969 5280 3055 5334 via
3108 5283 3484 5336 mandatorum

1895 5390 2115 5430 suorum
2148 5373 2402 5441 deducat,
2429 5382 2485 5429 et
2523 5372 2590 5426 ad
2639 5371 2867 5443 gloriam
2907 5373 3054 5444 regni
3101 5373 3339 5429 caelos-tis
3366 5390 3488 5442 per-

1897 5469 2078 5523 ducat.
2133 5468 2329 5523 Amen.
2368 5466 2678 5522 Remerium
2726 5464 2955 5521 latorem
2986 5469 3352 5537 praesentium,
3395 5469 3488 5536 qui

1896 5573 1953 5614 se
1984 5559 2048 5614 de
2077 5568 2256 5616 vestra
2304 5558 2574 5613 nutritura
2634 5571 2756 5613 esse
2820 5559 3119 5629 cognoscit,
3173 5559 3482 5614 celsitudini

1896 5661 2091 5708 vestrm
2125 5651 2466 5708 commendo.
2518 5650 2586 5704 Et
2619 5649 2757 5720 quia.
2781 5664 2989 5704 mecum
3013 5650 3102 5704 diu
3133 5659 3485 5704 conversatus

1896 5746 1962 5800 de
1992 5745 2151 5800 domo
2175 5754 2382 5810 nostra,
2407 5744 2499 5800 ubi
2531 5758 2587 5798 se
2616 5759 2710 5798 sua
2735 5746 3056 5799 strenuitate
3097 5752 3153 5798 et
3173 5744 3331 5800 bouis
3369 5759 3485 5800 mo-

1893 5840 2046 5896 ribus
2085 5838 2240 5912 valde
2281 5837 2566 5894 amabilem
2599 5836 2746 5902 fecit,
2792 5835 2857 5890 ad
2903 5851 3000 5909 vos
3029 5837 3213 5916 vadit;
3269 5850 3482 5908 precor,

1895 5943 1954 5987 ut
1992 5933 2274 5988 Dominum
2330 5932 2603 5993 dilectum,
2655 5942 2927 6002 quatenus
2977 5917 3116 6001 apud
3154 5947 3251 5987 vos
3286 5929 3485 5987 melius

1897 6025 1971 6083 illi
2000 6027 2092 6097 sit,
2123 6035 2346 6097 propter
2369 6041 2609 6082 amorem
2647 6034 2911 6080 nostrum.
2939 6023 3147 6082 Valete.
