3946 6306
721 435 831 494 207

1287 542 1624 599 EPISTOLA
1665 542 1736 598 Χ.

749 657 974 700 LESBIA“
999 657 1067 697 AD
1095 653 1404 696 ANHELITEII
1441 651 1768 693 Διιιιιιτιεελιι
1807 650 2034 700 ειυερυιι
2061 649 2277 692 SANCTI-

1369 724 1650 764 ιίοιιιιιιεε.

790 810 1076 860 Λκεεωωε
1100 802 1564 874 archiepiscopus,
1607 799 1732 855 lilia:
1756 800 2114 864 charissimre,
2145 801 2304 854 domo

641 943 650 968 δ
717 914 802 954 na:
823 897 1110 952 abbatissa:
1139 897 1405 950 ANHELITI
1435 901 1490 948 et
1538 891 2062 957 sanctimonialibus,
2115 891 2215 947 sub
2240 907 2301 946 ea

715 989 934 1046 Christo
959 986 1368 1050 famulantibus,
1394 985 1622 1040 salutem
1660 994 1714 1040 et
1738 984 2192 1040 benedictionem.

787 1081 845 1138 Si
875 1096 972 1137 vos
997 1081 1227 1135 multum
1249 1095 1354 1134 non
1378 1093 1640 1144 amarem,
1675 1077 1902 1132 multum
1939 1091 2034 1132 vos
2061 1077 2305 1147 increpa-

718 1191 858 1240 rem,
883 1174 1009 1244 quia
1039 1181 1322 1244 postquam
1345 1185 1444 1226 vos
1491 1170 1620 1241 ipsae
1661 1170 1727 1223 ad
1787 1185 1871 1224 me
1914 1168 2163 1222 nuntium
2211 1181 2306 1222 ve-

717 1275 892 1324 strum
941 1265 1188 1332 misistis,
1241 1273 1293 1320 et
1337 1263 1403 1318 de
1451 1261 1542 1316 illo
1593 1269 1807 1317 mortuo
1863 1277 2025 1332 quem
2083 1261 2304 1332 quidam

716 1358 910 1414 volunt
939 1372 1040 1428 pro
1063 1365 1253 1410 sancto
1281 1354 1466 1409 haberi
1491 1351 1618 1422 quid
1649 1353 1802 1408 vobis
1826 1353 2132 1407 faciendum
2163 1359 2310 1408 esset

715 1461 964 1508 nostrum
1026 1449 1308 1508 consilium
1367 1449 1696 1520 requisistis,
1739 1449 1794 1503 in
1835 1448 2064 1503 consilio
2119 1460 2308 1505 nostra

717 1561 826 1602 non
881 1544 1134 1608 stetistis,
1165 1544 1259 1598 sed
1307 1543 1528 1610 insuper
1575 1549 1846 1612 praecepto
1885 1551 2074 1596 nostro
2123 1541 2310 1596 inobe-

716 1639 929 1696 dientes
981 1637 1258 1692 exstititis.
1318 1634 1662 1706 Quapropter
1726 1633 1994 1690 mandans
2044 1634 2305 1704 praecipio

715 1735 870 1791 vobis
905 1740 984 1798 ut,
1020 1730 1066 1786 si
1111 1746 1142 1785 a
1194 1729 1376 1786 divino
1412 1727 1591 1784 officio
1641 1727 1898 1796 suspendi
1948 1741 2052 1782 non
2121 1725 2307 1792 vultis,

713 1841 930 1886 omnem
981 1826 1176 1882 amodo
1224 1826 1490 1882 honorem
1519 1823 1692 1878 cuivis
1738 1829 1928 1878 sancto
1950 1821 2194 1876 debitum
2231 1819 2308 1874 illi

711 1929 930 1978 mortuo
971 1917 1259 1984 auferatis,
1285 1926 1341 1972 et
1365 1917 1413 1972 ei
1448 1929 1548 1971 nec
1577 1915 1904 1970 oblationem
1937 1912 2174 1978 faciatis,
2209 1925 2310 1966 nec
2341 1901 2386 1961 Β

711 2012 912 2068 factam
943 2011 1012 2065 ad
1064 2024 1204 2080 opus
1251 2015 1493 2062 vestrum
1525 2005 1853 2076 suscipiatis.
1879 2002 2078 2058 Filium
2124 2009 2308 2054 autem

710 2103 828 2176 ejus
854 2101 949 2175 qui
979 2102 1046 2158 ad
1077 2099 1322 2158 tumbam
1362 2099 1535 2170 ipsius
1560 2097 1838 2153 decumbit
1873 2105 1929 2152 et
1969 2095 2044 2151 ibi
2069 2102 2313 2150 moratur

716 2211 745 2250 a
774 2195 899 2252 villa
925 2195 1198 2264 depellite,
1227 2206 1332 2248 nec
1357 2191 1408 2246 ei
1438 2190 1673 2261 amplius
1695 2188 1934 2258 aliquam
1980 2186 2112 2242 inibi
2141 2184 2316 2242 facul-

717 2293 885 2342 tatem
915 2284 1168 2340 manendi
1193 2281 1503 2353 relinquite.
1533 2280 1743 2338 Valete.

1285 2395 1620 2452 EPISTOLA
1649 2392 1740 2450 XI.

768 2525 995 2568 Αιιεειιιι
1045 2525 1113 2564 ΔΙ)
1161 2521 1542 2564 ιιιιιιιιιιειιτυιι
1589 2517 2009 2561 οειιοιίιιιεκεειι
2061 2515 2268 2558 EPISCO-

1381 2593 1486 2635 ron
1522 2577 1656 2650 (44).

793 2676 1074 2732 Αιιεειιιυε
1107 2687 1300 2729 servus
1347 2670 1603 2728 Ecclesiae
1631 2669 2061 2734 Cantuariensis,
2113 2665 2318 2722 Hime-

717 2785 894 2829 ιιιιιτο
939 2767 1184 2832 domino,
1223 2773 1280 2820 et
1329 2763 1633 2820 reverendo
1688 2762 2012 2832 coepiscopo
2045 2758 2314 2815 Cenoma-

719 2864 896 2926 nensi,
935 2861 1162 2918 salutem
1193 2857 1547 2929 temporalem
1575 2865 1632 2912 et
1657 2865 1940 2911 aeternam.

791 2958 1012 3012 Litterae
1047 2963 1243 3009 vestrae
1270 2949 1580 3008 sanctitatis
1609 2947 1768 3002 valde
1815 2962 1902 3002 me
1931 2945 2085 3002 vobis
2109 2943 2319 3001 debito-

719 3064 839 3106 rem
901 3046 1154 3108 reddunt,
1209 3059 1316 3100 non
1367 3042 1494 3112 quia
1550 3055 1638 3096 me
1676 3055 1842 3110 supra
1899 3053 1986 3094 me
2031 3038 2315 3105 extollunt,

721 3141 820 3198 sed
845 3139 1102 3211 quoniam
1129 3139 1450 3192 immensam
1474 3133 1780 3190 dilectionis
1807 3149 1935 3205 erga
1969 3147 2056 3188 me
2084 3133 2316 3188 sinceri-

721 3244 892 3290 tatem
913 3231 1228 3287 ostendunt.
1257 3228 1316 3284 Si
1359 3229 1504 3282 enim
1560 3235 1782 3298 propter
1811 3228 1978 3281 Deum
2005 3234 2063 3280 ut
2100 3226 2176 3280 illi
2203 3225 2316 3296 pla-

721 3336 944 3380 ceamus
991 3319 1260 3386 inimicos,
1305 3317 1476 3374 multo
1515 3317 1686 3386 magis
1717 3331 1784 3370 ne
1813 3317 1888 3372 illi
1935 3317 2315 3387 displiceamus

723 3415 950 3486 diligere
979 3413 1236 3469 debemus
1259 3410 1486 3466 amicos.
1527 3408 1870 3480 Quapropter
1895 3409 1938 3463 si
1977 3420 2071 3463 aut
2109 3408 2314 3464 nullam

724 3519 819 3566 aut
842 3509 1108 3564 minorem
1137 3505 1482 3563 dilectionem
1537 3505 1692 3560 vobis
1724 3505 1921 3566 tribuo.
1969 3505 2226 3575 injustum
2262 3505 2314 3558 in

723 3615 845 3658 mea
869 3599 1204 3657 conscientia
1234 3613 1320 3654 me
1363 3596 1574 3667 judico.
1618 3597 1771 3652 Sicut
1816 3597 1980 3668 igitur
2027 3598 2168 3652 hanc
2198 3598 2318 3652 volo

723 3693 901 3749 vitare
957 3691 1296 3762 iniustitiam,
1331 3691 1412 3747 sic
1483 3698 1720 3745 vestram
1775 3690 2024 3760 amplecti
2072 3691 2318 3746 desidero

723 3785 1044 3843 amicitiam.
1073 3786 1270 3841 Fateor
1305 3784 1470 3840 etiam
1498 3783 1621 3853 quia
1647 3781 1693 3836 si
1721 3782 1852 3836 mihi
1877 3791 2021 3838 esset
2041 3783 2315 3852 possibile,

722 3879 912 3935 vos-ad
943 3877 1165 3949 duplum
1191 3891 1354 3947 quam
1385 3889 1472 3929 me
1519 3873 1755 3944 diligatis
1782 3873 2031 3928 deberem
2073 3873 2317 3945 diligere,

721 3971 853 4042 quia
897 3984 998 4025 vos
1041 3985 1130 4025 me
1155 3966 1496 4040 praevenistis
1517 3979 1703 4019 amore
1731 3963 1873 4034 quod
1905 3964 2176 4034 probastis
2207 3981 2323 4018 tnu-

723 4077 877 4119 nere.
909 4059 1066 4124 Nam,
1095 4060 1348 4130 quoniam
1377 4059 1706 4116 immeritum
1742 4055 2030 4122 dilexistis,
2059 4069 2166 4109 non
2217 4056 2319 4108 mi-

725 4175 834 4216 nus
857 4159 1029 4213 debeo
1055 4157 1370 4226 rependere.
1405 4164 1462 4212 et
1489 4156 1632 4212 sicut
1669 4153 1813 4208 datis
1843 4151 2146 4221 exemplum
2203 4159 2323 4204 tan-

727 4249 972 4306 tumdem
999 4248 1170 4318 gratis
1195 4247 1365 4304 debeo
1395 4247 1724 4318 impendere.
1749 4244 2038 4311 Quoniam,
2073 4244 2118 4298 si
2157 4244 2324 4314 signi-

732 4341 940 4398 flcastis
967 4339 1119 4396 vobis
1140 4339 1354 4410 placere
1399 4339 1504 4394 hoc
1523 4340 1668 4409 quod
1697 4338 1764 4392 de
1809 4335 2094 4405 opusculis
2123 4338 2322 4391 nostris

732 4433 969 4498 vidistis,
993 4431 1368 4503 praesumimus
1389 4430 1544 4486 vobis
1573 4431 1787 4485 mittere
1809 4427 2076 4498 quaedam,
2105 4443 2240 4498 quae,
2265 4438 2326 4484 ut

731 4533 890 4598 puto,
923 4525 1161 4581 nondum
1191 4523 1426 4578 vidistis.

1291 4612 1624 4670 EPISTOLA
1651 4611 1764 4668 XII.

893 4725 1119 4766 ANSBLMI
1153 4725 1222 4763 AD
1249 4721 1564 4762 IM'I'HILDEII
1593 4719 1830 4762 REGINAM
1856 4721 2159 4762 Αιισιοιιυιιι.

805 4803 1046 4860 Dominae
1091 4813 1146 4857 et
1201 4799 1326 4854 ﬁliae
1393 4798 1730 4855 charissima:
1796 4798 2068 4854 MATHILDI
2127 4799 2326 4872 regina:

731 4896 1052 4967 Anglorum,
1091 4893 1379 4948 ANSELIUS
1424 4889 1863 4960 archiepiscopus
1891 4888 2219 4954 Cantuariae,
2260 4893 2322 4942 li-

735 4987 886 5041 delcs
948 4983 1246 5050 orationes,
1279 4991 1334 5038 et
1389 4981 1545 5036 ﬁdele
1570 4981 1879 5047 servitium,
1899 4989 1953 5034 et
1985 4981 2320 5036 benedictio-

735 5091 858 5133 nem
891 5076 985 5132 Dei
1013 5083 1069 5131 et
1096 5091 1270 5131 suam.
1513 5141 1520 5148 ,

806 5168 1023 5224 Gratias
1055 5181 1156 5239 ago
1203 5165 1313 5222 Deo
1353 5173 1408 5220 et
1453 5163 1765 5222 celsitudini
1813 5171 2010 5219 vestrae
2039 5179 2138 5234 pro
2184 5165 2326 5220 bona

737 5261 1036 5326 voluntate,
1058 5275 1218 5331 quam
1254 5275 1382 5331 erga
1417 5274 1506 5314 me
1533 5257 1744 5314 habetis
1769 5267 1827 5313 et
1853 5273 1979 5328 erga
2025 5257 2322 5312 Ecclesiam

735 5354 852 5422 Dei,
876 5363 932 5410 et
953 5368 1050 5410 oro
1083 5353 1248 5408 Deum
1275 5351 1724 5424 omnipotentem,
1743 5361 1800 5405 ut
1829 5355 1882 5406 in
1910 5367 2006 5406 sua
2038 5351 2328 5408 dilectione

735 5455 972 5502 vestram
1005 5451 1194 5516 augeat
1226 5443 1591 5506 devotionem,
1625 5451 1679 5496 et
1712 5441 1793 5496 sic
1826 5456 1923 5496 vos
1947 5441 2001 5496 in
2029 5442 2132 5498 hoc
2163 5443 2327 5498 faciat

737 5551 1092 5608 perseverare
1119 5543 1180 5590 ut
1206 5542 1465 5590 aeternam
1514 5533 1583 5588 ab
1607 5547 1674 5587 eo
1697 5532 1978 5602 recipiatis
2005 5536 2324 5592 retributio-

735 5645 878 5686 nem.
909 5629 1022 5687 Oro
1044 5628 1209 5684 etiam
1245 5635 1306 5681 ut
1349 5625 1429 5680 sic
1464 5624 1628 5679 faciat
1661 5634 1897 5682 vestram
1925 5627 2122 5682 bonam
2149 5627 2330 5683 inten-

2354 4643 2400 4699 D
2429 4615 2638 4681 Videte:
2672 4617 3100 4690 CircumsDicite.
3149 4621 3393 4692 exempla
3441 4621 3556 4673 sunt
3597 4609 3638 4662 in

1269 428 1330 485 S.
1365 426 1666 484 ANSELMI
1701 423 2061 484 CANTUAR.
2101 424 2426 484 ARCHIEP.
2471 425 2626 484 OPP.
2659 424 2841 482 PARS
2873 424 2963 482 ΙΙΙ.
2989 457 3058 468 -
3097 425 3476 484 Εριδτοωι.
3634 438 3637 440 ’
3769 430 3809 483 ili

2337 525 2387 583 Α
2414 543 2613 598 tionem
2634 542 2899 614 proficere
2911 527 3183 614 quatenus
3203 558 3302 613 per
3329 559 3421 600 vos
3449 558 3536 600 cor
3559 545 3718 599 Domini
3737 549 3810 600 nostri

2407 633 2552 706 regis
2571 643 2784 690 avertat
2813 650 2842 689 a
2865 635 3109 690 consiliis
3137 635 3436 706 principum
3473 651 3580 707 quae
3603 637 3810 703 reprobate

2407 725 2636 780 consilio
2680 741 2780 780 suo
2836 725 2981 796 quod
3036 725 3092 780 in
3133 733 3395 781 aeternum
3443 736 3632 792 manet,
3667 733 3809 784 adhsz

2407 815 2588 870 faciat.
2647 814 3088 872 Consolationem
3147 826 3204 873 et
3253 818 3650 874 exhortationem
3691 828 3808 873 Vestra

2407 919 2686 979 gratanter
2713 909 2856 965 sicut
2877 925 2908 964 a
2935 909 3154 966 domina
3181 919 3235 966 et
3265 910 3544 966 secundum
3585 909 3711 964 Deum
3737 913 3809 964 amis

2407 1001 2636 1071 accipio,
2669 1003 2796 1073 quia
2817 1003 2884 1059 de
2905 1002 2999 1058 Dei
3029 1003 3318 1060 dilectione
3339 1003 3477 1058 illam
3505 1005 3732 1074 procedere
3747 1007 3809 1058 ints

2413 1090 2543 1162 ligo.
2569 1093 2626 1148 Si
2661 1095 2790 1164 quid
2815 1094 2992 1166 placet
3021 1105 3218 1153 vestra:
3251 1096 3514 1154 dilectioni
3540 1097 3649 1152 mihi
3668 1097 3806 1152 mandari

2407 1182 2568 1240 latori
2614 1187 2964 1256 praesentium
3009 1188 3152 1244 sicut
3181 1188 3314 1244 mihi
3345 1190 3443 1262 ipsi
3463 1189 3577 1245 viva
3600 1204 3700 1243 voce
3725 1204 3806 1243 βαιῇ

2408 1280 2638 1348 potestis
2679 1279 2955 1336 intimare.
3001 1278 3360 1353 Omnipotens
3409 1283 3542 1339 Deus
3580 1298 3724 1338 omnes
3749 1292 3807 1335 acu

2409 1381 2622 1428 vestros
2639 1373 2857 1444 dirigat,
2881 1382 2938 1429 et
2963 1390 3063 1430 vos
3090 1375 3158 1430 ab
3179 1378 3328 1431 omni
3355 1376 3492 1432 malo
3519 1375 3740 1432 custodiat.

2968 1471 3302 1529 EPISTOLA
3331 1473 3466 1530 Xlll.

2588 1577 2812 1618 ANSELIII
2840 1579 2908 1618 AD
2935 1578 3224 1621 ιιοιιειιτωι
3249 1551 3484 1621 Οόκιτιίὶί
3511 1579 3737 1620 FLANDBIE.

2485 1655 2738 1722 Domino,
2803 1664 2860 1710 et
2915 1655 2970 1711 in
3031 1655 3143 1713 Deo
3201 1657 3416 1724 dilecto,
3485 1659 3695 1714 Βοιςειιτιι
3733 1657 3802 1709 eo;

2411 1748 2702 1817 Flandriae,
2735 1749 3044 1816 ANSELIIUS,
3086 1766 3279 1807 servus
3299 1751 3544 1808 Ecclesize
3573 1745 3803 1807 Cantuarius

2415 1843 2600 1900 fideles
2629 1845 2906 1901 orationes
2933 1860 3055 1900 cum
3082 1847 3328 1902 servitio.

2481 1935 2678 1990 Audivi
2715 1934 2839 2004 quia
2890 1937 3154 2004 quosdam
3203 1919 3272 1993 de
3327 1937 3514 1994 vestris
3543 1933 3802 1991 abbatibqu-

2414 2027 2658 2084 cessistis
2685 2025 2919 2097 regulari
2945 2028 3214 2085 electione
3236 2031 3492 2096 ordinari,
3516 2039 3568 2083 ut
3593 2025 3800 2082 investituru

2415 2120 2482 2176 de
2511 2133 2674 2173 manu
2711 2130 2894 2174 vestra
2935 2135 3041 2174 non
3096 2121 3426 2190 acciperent.
3462 2118 3596 2175 Unde
3634 2115 3800 2186 gratia“?!

2413 2209 2527 2264 Deo
2553 2209 2708 2278 cujus
2733 2210 2908 2279 gratia
2935 2225 3032 2264 cor
3053 2219 3294 2266 vestrum
3335 2211 3400 2265 ad
3427 2211 3523 2264 hoc
3550 2205 3664 2277 quod
3693 2197 3802 2266 sibilit

2415 2309 2502 2358 cet
2526 2301 2809 2366 direxerit,
2833 2309 2890 2356 et
2931 2302 3140 2373 gaudeo
3170 2317 3270 2368 pro
3291 2301 3442 2357 vobis
3462 2299 3572 2368 quia
3603 2289 3802 2353 ecclesiam

2417 2397 2682 2452 institutis
2707 2397 2776 2452 ad
2802 2396 3129 2452 Christiana:
3167 2397 3445 2469 religionis
3485 2381 3801 2467 profectumult'r

2419 2490 2566 2544 tibus
2605 2490 2722 2544 sine
2781 2491 3219 2546 contradictione
3273 2491 3482 2545 favetis.
3531 2487 3640 2543 Cum
3665 2472 3800 2538 enini!

2419 2581 2620 2648 facitis,
2653 2598 2759 2638 non
2784 2583 3012 2646 homini,
3051 2584 3145 2638 sed
3177 2584 3292 2640 Deo
3314 2581 3552 2646 obeditis,
3587 2585 3629 2633 et
3654 2587 3717 2626 vos
3732 2575 3800 2620 tera

2417 2683 2474 2728 et
2495 2673 2708 2729 fidelem
2737 2674 2906 2729 lilium
2937 2674 3194 2730 Ecclesiae
3225 2675 3320 2730 Dei
3349 2684 3402 2730 et
3421 2686 3590 2728 verum
3609 2659 3800 2722 Christiana

2417 2763 2704 2820 ostenditis
2739 2773 2792 2820 et
2817 2779 2912 2819 vos
2939 2779 3059 2820 esse
3081 2765 3146 2819 de
3166 2765 3362 2820 ovibus
3385 2765 3536 2820 beato
3559 2757 3786 2818 Petro

2419 2857 2836 2922 commendatis,
2869 2859 2956 2912 cui
2987 2857 3129 2914 Deus
3165 2857 3347 2913 claves
3375 2857 3513 2912 dedit
3547 2849 3666 2922 regni
3688 2841 3800 2898 calari3

2420 2950 2759 3004 monstratis.
2817 2948 3040 3004 Certum
3076 2950 3280 3021 quippe
3324 2957 3406 3006 est
3453 2944 3666 3018 quoniam
3692 2931 3809 3021 quieti

2421 3041 2605 3096 Obedit
2629 3040 2859 3096 Romani
2890 3019 3187 3112 pontificis,
3210 3019 3639 3096 ordinationibus,
3671 3039 3742 3097 qua

2419 3142 2640 3204 propter
2679 3134 2958 3206 religionis
2999 3135 3327 3192 Christiana:
3355 3115 3800 3206 custodiam,inobedi€f‘

2420 3236 2504 3281 est
2539 3227 2785 3298 apostolo
2838 3229 3000 3284 Petro
3052 3229 3206 3298 cujus
3256 3229 3486 3284 vicarius
3509 3235 3598 3290 est,
3640 3229 3707 3273 nec
3731 3207 3809 3300 69”}

2419 3335 2581 3390 grege
2623 3319 2716 3374 illo
2755 3321 2847 3390 qui
2888 3321 2937 3378 ei
2968 3337 2998 3375 a
3029 3321 3139 3377 Deo
3181 3321 3500 3378 commissus
3522 3325 3611 3372 est.
3634 3305 3809 3396 Qum?

2419 3419 2508 3466 tur
2537 3413 2625 3466 ille
2657 3413 2804 3481 {alias
2835 3415 2986 3486 regni
3033 3414 3302 3470 cmlorum
3349 3423 3546 3486 portas,
3573 3406 3668 3476 quia
3690 3408 3746 3466 Pcr

2419 3520 2526 3559 non
2559 3505 2784 3561 intrabit
2813 3522 3042 3577 quarum
3078 3507 3262 3564 claves
3284 3507 3472 3563 Petrus
3491 3487 3800 3584 apostolus

2419 3598 2673 3654 Gaudeas
2698 3572 2881 3670 itaque
2923 3603 3136 3672 gratias
3169 3617 3274 3674 ago
3307 3601 3475 3666 vobis,
3511 3605 3560 3652 et
3600 3601 3673 3645 0m
3696 3587 3730 3634 υί

2421 3693 2687 3747 retribuat
2721 3693 2898 3758 vobis,
2929 3693 3054 3764 quia
3087 3673 3290 3750 bonum
3323 3691 3605 3763 exemplum
3624 3677 3708 3736 aliis
3727 3673 3809 3768 pili?

2420 3785 2581 3854 pibns
2611 3787 2774 3852 datis,
2797 3797 2853 3842 et
2878 3802 3068 3844 omnes
3087 3804 3280 3846 servos
3317 3790 3407 3846 Dei
3440 3789 3532 3844 hoc
3565 3775 3686 3834 modo
3705 3765 3802 3860 uti?

2421 3891 2521 3948 pro
2549 3879 2701 3934 vobis
2733 3880 2976 3936 invitatis
3005 3891 3058 3938 et
3088 3882 3261 3938 Deum
3294 3884 3362 3938 ad
3403 3890 3614 3937 antorem
3638 3849 3802 3948 elauliligﬂ

2423 3980 2666 4028 vestrum
2710 3974 2763 4028 in
2795 3977 2993 4031 vestris
3013 3979 3248 4048 negotiis
3284 3975 3556 4033 invocatis.
3582 3945 3804 4054 Precor.

2424 4079 2542 4130 ero,
2584 4081 2797 4131 moneo,
2831 4047 3183 4138 consulo,iut
3235 4071 3410 4128 fidelis
3443 4067 3613 4124 animat
3649 4047 3804 4144 V95“:

2424 4157 2664 4223 domine,
2695 4171 2750 4213 et
2772 4171 2830 4214 ut
2855 4159 2910 4216 in
2940 4137 3206 4220 Deorvere
3237 4165 3450 4227 dilecte,
3478 4169 3529 4215 ut
3555 4137 3804 4227 nunquam”?

2425 4248 2584 4303 metis
2607 4259 2800 4304 vestrae
2820 4251 3159 4309 celsitudinis
3189 4255 3353 4310 ιιιὶιιιιί
3370 4252 3665 4323 dignitatem,
3682 4233 3709 4287 δί

2427 4338 2520 4392 Dei
2550 4348 2606 4393 et
2643 4342 2836 4398 matris
2859 4353 3056 4398 vestrae
3085 4344 3341 4402 Ecclesiae
3375 4315 3556 4398 amatis
3598 4341 3640 4386 ει
3678 4315 3804 4404 dm}?

2425 4429 2732 4486 libertatem
2761 4450 2775 4498 ;
2821 4448 2921 4488 nec
2951 4437 3154 4504 putetis
3184 4453 3279 4492 vos
3315 4429 3590 4492 humiliari,
3613 4421 3647 4476 Si
3669 4407 3804 4504 εειξηίξὲ

2429 4522 2576 4588 tatis,
2605 4537 2705 4578 nec
2727 4523 2964 4580 credatis
2999 4541 3097 4581 vos
3126 4527 3426 4591 debilitari,
3463 4525 3504 4578 si
3546 4529 3642 4574 eam
3672 4499 3800 4591 τοδοηῗ

2427 4708 2770 4763 considerate
2798 4711 3072 4781 principes
3099 4714 3190 4782 qui
3243 4677 3388 4768 illam
3439 4677 3805 4802 impugnanl

2427 4798 2664 4865 culcant,
2699 4801 2766 4854 ad
2789 4801 2916 4870 quid
2939 4780 3251 4872 proficiunt,
3281 4805 3345 4858 ad
3368 4799 3489 4872 quid
3510 4780 3804 4872 deveniunt-3::

2428 4898 2606 4959 patet,
2659 4906 2765 4946 non
2796 4853 3136 4962 ieget'dictu.
3182 4853 3343 4950 Certe
3374 4853 3471 4962 ιιιιί
3500 4883 3625 4941 illam
3651 4853 3809 4978 gini-ig:

2430 4995 2553 5035 eum
2580 4981 2668 5036 illa
2705 4991 2759 5038 et
2793 4984 2844 5038 in
2885 4983 2970 5038 illa
2996 4985 3462 5056 glorificabuntur.
3493 4979 3617 5034 inter

2429 5089 2526 5128 vos
2559 5083 2613 5129 et
2639 5073 2921 5145 conjugem
2955 5087 3191 5133 vestram
3223 5087 3278 5132 ει
3297 5075 3496 5147 prorem
3523 5064 3706 5120 vestram
3729 5043 3786 5098 aps

2434 5165 2572 5220 senti
2593 5173 2649 5220 et
2670 5165 2724 5218 in
2749 5165 2931 5220 futura
2959 5169 3068 5221 vita
3107 5174 3439 5222 annumeret.
3473 5161 3635 5215 Amen.

2872 5256 3032 5330 431
3066 5257 3398 5315 EPISTOLA
3433 5251 3561 5310 xw.

2872 5311 3032 5330 π-
3066 5311 3132 5313 v
3234 5311 3253 5314 _
3277 5311 3297 5315 ,
3317 5311 3351 5313 ᾖ

2469 5365 2692 5405 nussum
2725 5368 2791 5406 AD
2817 5365 3088 5417 ιιοςειιυιι,
3119 5367 3400 5408 ιιοιιειιτυιι
3431 5345 3656 5424 Αιιοεουξ

2503 5446 2812 5510 Ausstnus,
2843 5447 3016 5517 gratia
3041 5447 3159 5512 Dei,
3191 5443 3604 5516 archiepiscopus

2503 5495 2812 5510 -----η--κ--η,
2843 5495 3016 5517 om-“
3041 5495 3159 5512 ---,
3191 5495 3403 5516 --η---νγ
3434 5495 3449 5497 τ
3520 5495 3532 5507 .
3662 5511 3670 5520 ,

2434 5539 2528 5606 sis,
2559 5539 2780 5596 ROGERO
2810 5539 3018 5606 abbati,
3038 5548 3092 5595 et
3119 5539 3375 5598 Rossnro
3401 5533 3503 5590 filio
3525 5495 3771 5630 οοξηέιιξξιςὲῗ

2443 5585 2528 5606 υ.-.
2560 5585 2777 5596 --νυ-..ν
2810 5585 3018 5606 ww",
3039 5585 3092 5595 ν,
3119 5585 3370 5598 ,ψη-Ψ

2443 5641 2498 5685 et
2525 5631 2646 5686 aliis
2674 5630 2954 5686 monachis
2982 5629 3050 5686 de
3077 5627 3404 5685 monasterio
3432 5611 3592 5679 Sancti
3619 5585 3762 5658 Ebrulti.

2268 5741 2500 5799 ΝΟΤκΕ.

809 5857 922 5928 (ιιι)
949 5851 1250 5924 Responsio
1288 5859 1372 5908 est
1399 5851 1463 5906 ad
1507 5852 1798 5924 Epistolam
1829 5855 1917 5909 161
1953 5854 2045 5910 lib.
2077 5869 2136 5912 ιιι
2169 5865 2222 5911 et
2250 5849 2367 5911 ade

1219 5867 1250 5907 ιι
1288 5859 1372 5908 est
1399 5851 1463 5906 ad
1507 5852 1798 5924 Epistolam
1829 5855 1917 5909 161
1953 5854 2045 5910 lib.
2077 5869 2136 5912 ιιι
2169 5865 2222 5911 et
2250 5849 2316 5910 ad
2343 5856 2622 5930 epistolam
2662 5855 2777 5912 162.
