3946 6306
51 335 182 396 209
1433 338 1555 394 LIB.
1580 335 1670 409 iv,
1706 335 1923 392 EPIST.
1959 333 2117 389 xvn.
3251 336 3357 393 sto

146 451 323 508 Nimis
356 452 533 522 palam
569 458 673 517 est,
704 466 808 507 nec
838 452 1167 508 dissunulari
1200 451 1468 507 ullatenus
1491 459 1671 522 potest
1699 443 1741 497 Δ
1776 459 1960 505 vestro
1985 458 2039 504 et
2065 448 2294 502 aliorum
2327 462 2703 519 episcoporum
2720 448 2812 521 qui
2839 448 2894 505 in
2920 449 3147 507 concilio
3168 449 3357 508 adfue-

56 545 350 613 quomodo
379 545 612 617 ingressi
643 546 777 600 estis
807 544 1114 601 ctenobium
1153 545 1337 600 Sancti
1377 545 1664 613 Edmundi,
1774 552 1899 599 runt
1934 541 2301 600 aoorobentur
2320 539 2547 609 judicio.

55 644 126 689 et
154 652 261 705 qua
289 638 544 692 violentia
572 648 899 708 extorquere
926 636 1197 693 conamini
1219 637 1537 692 electionem
1562 637 1671 691 fra-
2309 634 2639 692 EPISTOLA
2680 636 2822 693 XVI.

58 725 254 780 tribus
294 726 536 794 ejusdem
583 727 836 783 Ecclesiae
870 736 925 782 et
968 743 1250 783 assensum
1290 736 1485 783 vestrae
1526 728 1670 783 inor-
2260 742 2485 781 usum
2526 744 2594 781 AD
2633 745 2873 786 annual.

58 818 279 873 dinataa
337 819 650 876 voluntatis.
704 820 855 887 Quod
912 835 1072 888 quam
1138 820 1458 891 irreligiose,
1508 837 1668 891 quam
1846 832 2164 885 Anssuus,
2205 836 2397 877 servus
2437 822 2690 877 Ecclesia:
2726 823 3165 889 Cantuariensis,
3202 839 3357 881 reve-

60 919 273 965 contra
302 913 683 969 monachicum
716 915 1075 985 propositum,
1118 924 1173 968 et
1201 923 1389 969 contra
1431 914 1670 983 regulam
1777 917 1943 971 rcndo
1981 914 2397 986 archiepiscopo
2422 913 2680 971 Geaanno
2719 914 3074 981 Eboracensi,
3105 916 3355 971 salutem.
3412 919 3422 947 ‘

21 1035 30 1041 -
62 1003 256 1058 sancti
297 1003 602 1071 Benedicti,
628 1021 792 1076 quam
824 1005 1053 1076 professi
1087 1007 1236 1069 estis,
1266 1015 1321 1061 et
1359 1016 1549 1062 contra
1580 1022 1651 1061 sa
1848 1008 2030 1064 Lmtor
2062 1010 2127 1063 de
2153 1018 2337 1064 vestro
2358 1009 2501 1063 bono
2524 1017 2579 1063 et
2604 1008 2855 1080 religioso
2878 1008 3054 1064 studio
3082 1009 3227 1065 circa
3250 1009 3365 1064 cle-
3415 1012 3421 1025 ‘

64 1110 231 1152 cram
263 1096 602 1166 Scripturam
634 1114 755 1168 qua:
794 1098 928 1153 dicit
967 1117 979 1152 :
1026 1097 1196 1153 Nemo
1234 1099 1333 1153 sibi
1372 1101 1531 1153 sumit
1580 1100 1675 1153 ho-
1776 1104 2014 1158 rieornm
2064 1112 2370 1157 vestrorum
2420 1102 2809 1173 integritatem.
2865 1102 2946 1156 Ad
2999 1117 3063 1157 ea
3118 1117 3245 1156 vero
3293 1090 3362 1158 de

62 1206 281 1253 norem,
307 1190 398 1243 sed
426 1192 517 1259 qui
548 1200 768 1245 vocatur
804 1208 835 1245 a
868 1189 975 1245 Deo
1002 1189 1189 1261 (Hebr.
1217 1206 1271 1254 v,
1302 1188 1382 1259 4),
1407 1200 1457 1244 et
1487 1198 1675 1245 contra
1776 1194 1975 1264 quibus
2018 1203 2195 1249 vestra
2242 1194 2530 1265 prudentia
2581 1202 2825 1248 nostrum
2876 1193 3011 1264 petit
3053 1192 3360 1259 consilium,

62 1281 253 1351 ipsum
288 1282 454 1337 Deum
497 1281 733 1347 faciatis,
763 1284 912 1337 videt
944 1283 1058 1354 ipse
1104 1283 1247 1337 Deus
1285 1283 1374 1352 qui
1416 1282 1673 1337 discernit
1780 1286 2083 1356 respondeo
2126 1287 2248 1356 quia
2293 1287 2357 1341 de
2408 1287 2474 1340 iis
2519 1302 2639 1357 qua:
2684 1287 2739 1341 in
2794 1286 3023 1342 concilio
3076 1295 3266 1342 nostro
3308 1294 3366 1341 et

60 1371 222 1426 inter
252 1383 527 1443 pastorem
558 1384 613 1431 et
640 1374 822 1445 lupum
853 1390 1125 1445 rapacem.
1162 1375 1224 1429 Et
1252 1374 1467 1445 quidem
1502 1374 1675 1430 domi-
1777 1377 2222 1448 coepiscoporum
2245 1387 2554 1431 nostrorum
2575 1377 2846 1431 communi
2869 1392 3137 1432 consensu
3160 1384 3365 1432 statuta

62 1483 208 1522 num
245 1484 425 1524 meum
470 1485 653 1538 regem
690 1469 979 1540 prohibere
1012 1484 1222 1539 nequeo
1259 1470 1388 1537 quin
1421 1484 1516 1523 vos
1545 1484 1673 1523 con-
1779 1479 1926 1536 sunt,
1972 1470 2108 1525 nihil
2149 1469 2501 1525 relaxandum
2544 1470 2789 1525 consulo.
2830 1468 2908 1525 De
2956 1470 3021 1524 iis
3069 1479 3247 1524 autem
3298 1469 3366 1523 de

56 1561 271 1616 stituat
293 1578 456 1633 super
480 1571 718 1630 terrena,
742 1562 833 1617 sed
860 1577 1025 1632 super
1056 1562 1265 1616 animas
1290 1571 1512 1632 propter
1540 1575 1675 1631 quas
1779 1563 1975 1633 quibus
1999 1562 2050 1617 in
2081 1562 2269 1617 eodem
2298 1562 2529 1617 concilio
2558 1578 2663 1616 non
2688 1562 3062 1626 tractavimus,
3089 1577 3195 1617 non
3218 1560 3365 1615 enim

59 1654 252 1708 abbas
287 1664 340 1709 et
365 1655 563 1709 dicitur
592 1664 645 1710 et
681 1655 1064 1717 constituitur,
1097 1668 1256 1709 nemo
1286 1663 1459 1724 potest
1487 1666 1676 1723 quem—
1780 1654 1940 1709 simul
1978 1656 2160 1709 omnia
2203 1654 2511 1710 necessaria
2554 1654 2858 1723 potuimus,
2890 1664 2950 1709 ut
2994 1654 3060 1709 de
3095 1653 3368 1708 ablatione

57 1760 246 1815 quam
272 1745 633 1813 constituere,
655 1746 759 1802 nisi
787 1748 983 1817 quibus
1012 1748 1156 1803 Deus
1182 1748 1328 1803 dedit
1352 1756 1674 1817 potestatem
1712 1812 1751 1822 _‘
1780 1751 2189 1822 praebendarum
2228 1760 2356 1805 ante
2396 1749 2534 1804 idem
2572 1748 2866 1804 concilium
2904 1748 3245 1802 venditarum
3267 1790 3281 1814 ,
3312 1756 3369 1803 et

58 1835 289 1907 ligandi
321 1846 486 1907 atque
523 1837 788 1893 solvendi.
819 1838 876 1893 In
912 1853 1036 1894 meo
1059 1839 1293 1909 primatu
1320 1849 1374 1893 et
1404 1836 1675 1907 archiepi-
1710 1812 1754 1867 Β
1781 1812 1847 1897 de
1870 1840 2157 1907 similibus,
2175 1841 2429 1912 quoniam
2450 1857 2553 1896 non
2577 1839 2749 1895 solum
2767 1839 2834 1894 ad
2857 1854 3031 1894 meam
3054 1848 3108 1893 et
3129 1848 3367 1894 vestram

59 1939 311 2000 scopatu
357 1938 442 1985 est
474 1931 564 1985 illa
608 1930 877 1998 Ecclesia,
911 1940 967 1986 et
1002 1931 1219 2001 proprie
1248 1930 1520 2001 pertinent
1559 1928 1676 1997 ejus
1778 1949 2090 2005 personam,
2125 1943 2181 1987 et
2214 1934 2481 1988 ecclesias
2512 1942 2727 1987 nostras
2755 1931 3057 2001 pertinent,
3083 1932 3174 1987 sed
3202 1931 3369 1986 etiam

54 2022 518 2076 consecrationcs
558 2021 623 2075 ad
662 2020 1133 2091 archiepiscOpum
1157 2019 1487 2085 Cantuarite,
1514 2034 1677 2089 quem
1779 2023 1845 2077 ad
1877 2022 2073 2077 multas
2107 2022 2369 2079 ecclesias
2398 2032 2453 2077 et
2481 2037 2761 2094 personas,
2798 2030 2854 2076 et
2880 2021 2934 2075 in
2974 2020 3041 2076 iis
3070 2020 3224 2075 multi
3256 2020 3369 2075 dis-

56 2130 159 2169 me
190 2130 316 2169 esse
341 2132 444 2168 non
471 2114 753 2181 ignoratis.
782 2112 928 2168 Nihil
952 2113 1117 2183 igitur
1139 2128 1326 2167 eorum
1355 2126 1473 2181 quae
1496 2111 1559 2165 ad
1591 2126 1678 2166 me
1778 2112 2045 2177 sentiunt,
2084 2113 2414 2168 conveniens
2461 2112 2594 2167 mihi
2644 2112 2860 2167 videtur
2915 2121 2974 2166 ut
3023 2111 3076 2166 in
3121 2110 3368 2182 proxima

60 2207 360 2279 pertinent
390 2206 552 2261 alicui
586 2215 829 2262 vestrum
871 2221 1109 2276 unquam
1149 2206 1392 2260 concessi
1428 2211 1521 2258 aut
1549 2220 1678 2259 con-

62 2299 213 2354 cedo
237 2313 252 2363 ;
287 2295 397 2351 imo
422 2311 521 2351 oro
546 2295 713 2350 Deum
745 2304 800 2350 et
821 2293 1083 2362 conabor,
1107 2303 1366 2365 quantum
1391 2292 1679 2363 adiuvante

74 2389 198 2443 Deo
230 2395 442 2457 potero,
470 2393 530 2438 ut
563 2386 701 2440 Deus
725 2392 1010 2441 convertat
1043 2398 1139 2439 cor
1163 2382 1367 2438 domini
1402 2383 1506 2437 mei
1538 2381 1681 2453 regis

83 2483 154 2534 ad
183 2481 292 2534 hoc
312 2480 454 2549 quod
480 2477 591 2533 Deo
613 2478 787 2548 magis
802 2478 999 2549 placet,
1022 2486 1073 2532 et
1091 2476 1285 2531 animae
1300 2475 1418 2545 ejus
1430 2473 1675 2545 expedit;

74 2582 135 2627 et
164 2572 330 2627 faciet
357 2588 480 2627 eum
508 2572 788 2642 corrigere
820 2570 1120 2628 secundum
1148 2569 1478 2624 voluntatem
1502 2582 1677 2634 suam,

76 2665 124 2719 si
166 2663 300 2735 quid
334 2672 523 2720 contra
558 2678 678 2720 eam
713 2664 862 2719 facit.
893 2661 1192 2718 Christiani
1230 2661 1363 2715 estis
1392 2660 1490 2715 sub
1520 2658 1680 2715 Chri-

77 2758 264 2811 stiana
297 2757 434 2829 lege,
465 2767 519 2812 et
551 2758 651 2811 sub
679 2756 981 2811 monastica
1008 2754 1349 2825 professione
1373 2767 1469 2807 vos
1497 2752 1682 2806 vivere

74 2850 435 2921 profitemini.
455 2849 512 2906 Si
536 2859 727 2905 contra
752 2850 856 2905 hoc
879 2848 1082 2915 facitis,
1100 2862 1199 2903 nec
1218 2844 1560 2903 Christianos
1583 2858 1684 2899 nec

76 2943 386 2998 monachos
418 2958 513 2998 vos
550 2958 671 2998 esse
701 2952 886 3013 aperte
916 2942 1035 3013 ipso
1062 2954 1225 3011 opere
1253 2937 1514 2993 fatemini.
1546 2936 1681 2992 Cer-

78 3036 356 3091 tissimnm
389 3043 571 3089 autem
596 3042 680 3089 est
711 3034 837 3105 quia
870 3033 913 3089 si
944 3033 999 3087 in
1023 3032 1125 3087 hoc
1152 3030 1530 3102 perseveratis,
1554 3043 1685 3082 con-

74 3138 162 3185 tra
211 3130 530 3199 praedictam
581 3126 971 3198 professionem
1025 3125 1224 3180 facitis.
1276 3123 1467 3179 Moneo
1515 3122 1681 3193 igitur

72 3238 198 3290 vos,
232 3232 297 3278 ut
323 3222 665 3278 Christianos
689 3230 745 3277 et
772 3219 1090 3285 monachos,
1124 3227 1395 3290 quatenus
1430 3231 1525 3271 vos
1560 3215 1682 3286 plus

72 3312 223 3369 Deus
261 3312 454 3369 timere
495 3328 657 3385 quam
709 3311 989 3368 hominem
1034 3308 1374 3373 ostendatis,
1404 3316 1459 3362 et
1497 3306 1565 3361 ab
1606 3306 1686 3360 in-

71 3419 264 3479 coepta
317 3416 677 3477 perversuate
739 3414 1054 3460 constanter
1094 3403 1391 3459 desistatis.
1437 3400 1588 3468 Quod
1632 3398 1679 3453 si

71 3503 262 3571 magis
309 3499 591 3556 adversari
639 3499 751 3556 Deo
788 3497 952 3554 vultis
988 3513 1150 3569 quam
1200 3495 1544 3559 hominibus,
1591 3509 1687 3549 an-

73 3596 277 3651 nuntio
307 3594 465 3649 vobis
494 3592 621 3663 quia
665 3592 808 3648 Deus
851 3590 1232 3647 adversabitur
1269 3588 1554 3644 animabus
1599 3602 1688 3642 ve-

71 3690 225 3743 stris.
267 3687 409 3742 Deus
440 3688 525 3741 cui
563 3687 808 3743 dicitur:
849 3683 965 3738 Tibi
992 3685 1269 3737 derelictus
1335 3692 1410 3736 est
1448 3694 1685 3750 pauper;

77 3782 327 3851 orphano
363 3791 420 3835 tu
444 3784 549 3836 eris
581 3781 798 3851 adjutor
826 3777 1003 3848 (Psal.
1034 3794 1097 3839 x,
1131 3776 1244 3843 Ml,
1274 3776 1388 3845 ipse
1423 3774 1601 3827 videat
1626 3778 1681 3826 et

74 3872 389 3937 intueatur,
442 3871 487 3926 si
534 3886 671 3942 quas
713 3869 1091 3926 tribulationes
1136 3866 1393 3923 fratribus
1438 3863 1679 3934 ejusdem

78 3966 349 4023 Ecclesia:
376 3966 630 4037 deinceps
652 3964 915 4021 feceritis.

562 4094 563 4097 η
646 4056 983 4114 EPISTOLA
1019 4055 1136 4112 XV.

75 4166 315 4206 ANSELII
355 4167 424 4205 AD
463 4164 751 4205 GERARDUII
792 4162 1170 4203 EBORACENSEI
1204 4156 1675 4199 ARCBIEPISCOPUI.

152 4247 471 4310 Anssauus,
525 4242 781 4304 Ecclesiae
835 4238 1244 4297 Cantuariensis
1272 4253 1480 4303 servus,
1524 4252 1678 4291 reve-

74 4335 258 4391 rendo
301 4334 713 4405 archiepiscopo
752 4331 1010 4387 GERARDO
1041 4330 1402 4395 Eboracensi,
1430 4328 1676 4385 salutem.

151 4428 313 4484 Sciat
343 4429 587 4482 charitas
616 4436 797 4482 vestra
833 4426 959 4496 quia
996 4425 1205 4480 litteras
1234 4422 1354 4478 illas
1379 4438 1514 4493 quas
1542 4436 1677 4492 que"

1779 2202 2075 2265 Nativitate
2119 2204 2333 2259 Domini
2371 2214 2559 2260 nostro
2591 2214 2645 2259 et
2670 2205 3113 2275 coepiscoporum
3155 2213 3374 2260 nostro-

1780 2312 1900 2351 rum
1932 2297 2206 2352 communi
2238 2297 2465 2353 consilio
2497 2298 2609 2353 Deo
2641 2297 2882 2353 dictante
2903 2297 3228 2354 sententiam
3251 2313 3371 2354 cer-v

1780 2398 1890 2444 tant
1919 2399 2238 2446 statuamus.

2299 2481 2637 2540 EPISTOLA
2675 2481 2836 2539 XVII.

1901 2588 2127 2629 IIUGONIS
2163 2588 2386 2629 ΑΒΒΑτιε
2424 2586 2797 2629 CLIJNIACENSIS
2834 2589 2902 2628 AD
2940 2588 3245 2630 ANSILIUI.

1853 2666 2177 2722 Dulcissimo
2223 2682 2287 2722 ac
2336 2666 2662 2730 venerabili,
2698 2666 2893 2722 merito
2929 2668 3164 2723 amando
3203 2682 3373 2724 vene-

1784 2756 2061 2829 randoque
2105 2757 2256 2812 Patri
2301 2757 2521 2812 domino
2564 2759 2839 2824 Ausum,
2880 2768 3081 2814 sanctae
3128 2756 3372 2813 Cantua~

1783 2851 1982 2906 riensis
2010 2850 2269 2906 Ecclesiae
2295 2866 2508 2906 summo
2537 2851 2802 2920 pontifici,
2831 2850 3004 2907 frater
3029 2850 3183 2907 Ηυαο
3204 2851 3375 2908 abbas
3422 2874 3423 2877 η

1784 2941 2193 3006 Cluniacensis,
2232 2956 2354 2996 cum
2394 2956 2492 2997 suo
2531 2941 2727 3012 pusillo
2750 2957 2949 3014 grege,
2986 2945 3130 3013 quod
3158 2959 3369 3015 praepa-

1785 3036 1924 3091 ravit
1960 3037 2102 3091 Deus
2133 3035 2488 3105 diligentibus
2513 3050 2573 3089 se
2601 3034 2655 3089 in
2684 3036 2932 3091 veritate.

1857 3129 2145 3197 Quoniam,
2180 3129 2264 3183 vir
2300 3127 2665 3193 sanctissime,
2695 3126 2910 3183 diﬂiciie
2945 3137 3028 3185 est
3059 3138 3242 3201 Optata
3274 3145 3375 3187 nos

1786 3223 1853 3277 ad
1878 3221 2111 3277 invicem
2139 3220 2326 3278 satiari
2358 3220 2668 3290 praesentia,
2698 3219 2782 3274 vel
2807 3228 2990 3274 mutua
3017 3228 3073 3275 et
3099 3219 3373 3291 frequenti

1785 3314 2077 3370 collatione
2123 3314 2288 3369 corda
2334 3321 2520 3367 nostra
2561 3311 2848 3376 delectari,
2900 3312 3100 3367 bonum
3138 3314 3373 3369 arbitra-

1784 3420 1928 3470 mur,
1962 3405 2006 3460 si
2045 3403 2235 3461 saltem
2284 3403 2503 3459 litterali
2544 3403 2857 3459 visitatione
2901 3403 3115 3460 animos
3157 3418 3374 3464 nostros

1785 3511 1885 3565 pro
1928 3505 2169 3567 tempore
2210 3510 2519 3566 pascamus.
2561 3495 2693 3563 Quis
2726 3494 2873 3550 enim
2924 3505 3035 3550 tam
3076 3497 3371 3568 gloriosum

1785 3598 2007 3661 tamque
2034 3589 2371 3659 spiritualem
2396 3590 2606 3645 habens
2630 3590 2684 3645 in
2705 3588 2924 3645 Christo
2948 3590 3205 3661 amicum,
3237 3610 3374 3665 qua-

1782 3678 1889 3735 lem
1916 3695 2011 3735 vos
2032 3680 2210 3735 divina
2233 3681 2391 3737 nobis
2414 3682 2683 3737 concessit
2699 3682 2895 3752 gratia,
2922 3697 3030 3737 non
3046 3686 3375 3745 omnimodis

1784 3782 1934 3839 aptet
1982 3772 2339 3829 saluberrima
2395 3773 2539 3829 illius
2592 3774 2969 3830 recordatione
3022 3778 3259 3832 recreari
3315 3789 3373 3836 et

1787 3862 2019 3919 relevari
2068 3873 2257 3919 sancta
2295 3864 2716 3919 renuntiatione.
2758 3864 2917 3919 Prius
2954 3868 3171 3937 quidem
3207 3884 3374 3939 quam

1784 3956 1982 4012 faciem
2032 3965 2274 4013 vestram
2318 3958 2649 4023 videremus,
2692 3957 2783 4012 ille
2833 3960 3187 4016 suavissimus
3236 3963 3375 4018 odor

1782 4048 1942 4104 bona)
1972 4048 2164 4113 famze,
2191 4064 2355 4107 aures
2382 4058 2601 4104 nostras
2633 4048 3024 4114 reverberans,
3044 4049 3157 4119 jam
3186 4052 3372 4109 dulce-

1783 4136 1910 4192 dine
1938 4153 2035 4192 sua
2061 4147 2307 4193 nostrum
2340 4138 2654 4193 interiorem
2677 4137 2951 4192 hominem
2976 4139 3369 4212 impinguabat.

1782 4230 1853 4283 At
1882 4240 2169 4301 postquam
2206 4241 2443 4286 vestram
2486 4232 2713 4288 hilarem
2753 4240 3101 4305 praesentiam
3141 4250 3375 4294 cernere

1785 4320 1894 4376 Deo
1924 4322 2136 4377 volente
2176 4322 2492 4389 meruimus,
2530 4339 2636 4379 non
2660 4337 2743 4383 est
2769 4326 2930 4385 facile
2959 4329 3105 4386 dictu
3136 4329 3375 4401 qualiter

1787 4422 1929 4469 totus
1951 4414 2106 4470 vobis
2128 4414 2478 4483 adhaesimus,
2497 4426 2789 4488 vestroque
2810 4419 2962 4475 cordi
2984 4420 3141 4491 quasi
3156 4430 3374 4490 partem

78 4524 220 4578 ritur
249 4523 360 4594 legi
392 4531 449 4578 et
488 4521 811 4587 transcribi,
845 4534 946 4575 nec
982 4534 1081 4590 ego
1115 4518 1275 4573 alicui
1305 4517 1546 4580 ostendi,
1580 4530 1677 4572 nec
1706 4546 1754 4606 υ
1782 4510 1959 4564 nostri
1995 4509 2289 4565 univimus.
2328 4508 2528 4565 Verum
2566 4526 2671 4566 non
2714 4514 2828 4569 haec
2867 4523 3051 4570 nostra
3087 4524 3238 4583 sunt,
3272 4517 3371 4573 sed

80 4615 202 4670 dedi
226 4615 319 4670 vel
346 4615 491 4683 misi,
519 4631 619 4670 nec
641 4614 837 4685 aliquis
871 4628 968 4684 per
990 4628 1098 4679 me,
1123 4627 1224 4667 nec
1255 4610 1369 4667 scio
1407 4608 1679 4681 quomodo

80 4704 294 4764 factum
324 4709 394 4763 sit
430 4708 574 4778 quod
604 4708 799 4778 aliquis
828 4722 923 4762 eas
955 4715 1015 4760 ut
1047 4705 1543 4760 transcriberentur
1580 4704 1679 4757 ha-

80 4797 231 4868 buit;
280 4810 335 4857 et
361 4816 484 4857 cum
510 4801 614 4857 hoc
647 4801 751 4873 legi
780 4802 833 4856 in
861 4799 1059 4855 litteris
1084 4798 1282 4853 vestris
1305 4798 1508 4852 factum
1534 4810 1675 4861 esse,

91 4890 225 4946 mihi
273 4891 571 4962 displicuit.
612 4892 680 4947 Et
720 4891 969 4962 quamvis
997 4898 1178 4945 vestra
1216 4888 1501 4959 prudentia
1546 4886 1680 4943 nihil

88 4983 394 5052 suspicetur
407 4985 473 5039 de
488 4999 573 5039 me
584 4984 726 5056 quod
743 4984 1021 5052 dedeceat,
1036 4998 1212 5039 meum
1230 4993 1407 5039 tamen
1422 4991 1503 5037 est
1519 4982 1683 5037 confl-

90 5078 194 5130 teri
219 5087 276 5133 et
297 5094 566 5146 asserere,
593 5079 718 5149 quia
742 5096 846 5135 non
870 5094 994 5134 amo
1015 5076 1397 5134 contumeliam
1418 5085 1678 5141 vestram,

91 5175 185 5220 aut
236 5168 467 5238 alicujus
517 5169 963 5240 coepiscoporum
1014 5183 1283 5233 meorum,
1329 5180 1428 5221 nec
1463 5179 1681 5235 quoquo

90 5259 252 5313 modo
291 5275 377 5316 res
424 5276 485 5317 se
529 5261 727 5316 habeat
766 5260 832 5315 de
876 5260 1070 5315 litteris
1114 5258 1240 5324 illis,
1272 5258 1537 5313 mendacii
1583 5271 1681 5312 vos

94 5353 399 5419 arguendos
435 5353 708 5408 existimo.
748 5351 883 5407 Cum
918 5360 1097 5407 autem
1127 5351 1317 5420 loquar
1345 5350 1519 5414 vobis,
1557 5364 1684 5404 cum

94 5436 139 5491 si
181 5443 311 5510 quid
363 5445 605 5501 rescribo
655 5460 760 5499 non
794 5443 1015 5507 sufﬁcit,
1048 5443 1165 5496 viva
1216 5456 1349 5497 voce
1394 5456 1554 5510 spero
1594 5455 1683 5495 me

97 5532 499 5593 satisfacturum
528 5554 669 5607 esse,
702 5538 828 5609 quia
860 5552 960 5591 nec
982 5550 1082 5607 ego
1106 5534 1158 5588 in
1189 5534 1291 5588 hac
1316 5549 1375 5588 re
1405 5530 1683 5601 culpabilis

100 5636 241 5693 sum,
267 5646 365 5686 nec
388 5648 415 5685 a
442 5631 633 5703 legatis
656 5632 861 5687 nostris
883 5630 1062 5701 aliqua
1081 5627 1326 5683 immissa
1352 5635 1435 5682 est
1455 5625 1679 5681 falsitas.

99 5712 341 5787 Capitula
356 5724 568 5780 concilii
590 5724 928 5781 solummodo
952 5723 1126 5786 mitto,
1142 5721 1266 5791 quia
1287 5718 1682 5774 sententiarum

103 5819 289 5869 eorum
322 5816 691 5885 expositiones
734 5816 866 5874 nulli
917 5814 1043 5871 volo
1081 5810 1476 5877 transcribere,
1511 5810 1683 5865 donec

1784 4603 1925 4658 illius
1969 4602 2062 4673 qui
2099 4604 2270 4673 spirat
2311 4603 2400 4659 ubi
2429 4604 2545 4658 vult
2574 4604 2758 4676 (Joan.
2798 4620 2883 4674 tn,
2914 4605 2994 4677 8).
3024 4606 3129 4677 Ipsi
3163 4608 3372 4679 gratias

1784 4695 2031 4765 agimus,
2064 4695 2239 4764 ipsum
2270 4710 2559 4750 exoramus
2594 4704 2652 4751 ut
2683 4712 2821 4767 quos
2858 4697 2926 4751 ita
2961 4699 3144 4767 junxit
3176 4700 3232 4753 in
3266 4700 3371 4755 hac

1781 4788 1915 4853 vita,
1948 4802 2053 4842 non
2080 4787 2361 4857 permittat
2391 4789 2634 4860 separari
2675 4789 2729 4844 in
2755 4789 2965 4844 omlesti
3007 4791 3199 4859 gloria.
3230 4790 3369 4846 Per-

1781 4879 2068 4949 pendimus
2113 4880 2246 4933 satis
2296 4894 2393 4933 vos
2436 4878 2631 4934 multas
2673 4887 2727 4933 et
2764 4896 2957 4947 graves
2993 4891 3280 4950 postquam
3335 4897 3370 4937 a
3421 4890 3430 4926 ῖ

1782 4971 1938 5027 nobis
1965 4971 2295 5028 discessistis
2322 4972 2609 5044 pertulisse
2636 4972 2958 5029 anxietates.
2987 4976 3054 5031 Et
3092 4991 3138 5030 si
3177 4976 3370 5032 volun-
3398 4978 3431 5009 ·’

1785 5076 1867 5122 tas
1885 5078 2030 5123 esset
2056 5068 2252 5122 summi
2276 5067 2636 5138 dispositoris,
2670 5066 2873 5123 scimus
2897 5083 2994 5125 vos
3024 5069 3370 5126 desiderasse

1783 5161 1952 5216 multo
1996 5161 2168 5229 magis
2210 5177 2331 5216 cum
2379 5160 2545 5216 Maria
2600 5161 2789 5217 sedere
2814 5162 2883 5216 ad
2939 5161 3104 5233 pedes
3152 5162 3367 5219 Domini

1785 5252 1936 5324 (Luc.
1965 5268 2025 5315 x,
2042 5250 2132 5320 59)
2156 5249 2381 5321 ejusque
2405 5252 2606 5305 vultum
2632 5251 3006 5323 contemplari,
3031 5269 3192 5325 quam
3215 5253 3369 5310 labo—

1785 5356 1906 5397 rare
1945 5340 2304 5397 ministrando
2338 5356 2463 5396 cum
2508 5340 2715 5397 Martha
2759 5342 2934 5413 (ibid.,
2975 5343 3091 5413 40).
3138 5342 3369 5400 Verum-

1786 5445 1964 5490 tamen
1990 5434 2116 5506 quia
2143 5442 2383 5505 potestas
2412 5434 2647 5489 hominis
2668 5450 2775 5491 non
2804 5444 2889 5491 est
2910 5435 2964 5491 in
2990 5451 3152 5491 manu
3174 5435 3367 5507 ipsius,

1784 5528 1910 5583 date
1944 5544 2163 5583 manum
2202 5527 2464 5582 voluntati
2494 5526 2662 5595 illius,
2692 5528 2782 5584 cui
2810 5537 2896 5585 est
2927 5544 3055 5584 cura
3095 5529 3162 5584 de
3189 5527 3369 5598 vobis,

1784 5622 1984 5691 quique
2010 5620 2137 5689 luce
2167 5618 2367 5675 clarius
2407 5618 2557 5673 novit
2589 5619 2720 5689 quid
2761 5620 2832 5675 sit
2869 5620 3022 5675 vobis
3070 5619 3364 5676 salubrius.

1784 5713 1841 5767 In
1875 5729 1941 5768 eo
1970 5720 2141 5767 totam
2178 5725 2326 5781 spem
2362 5719 2595 5766 vestram
2630 5712 2902 5781 reponite,
2943 5713 3011 5767 ab
3042 5712 3157 5783 ipso
3200 5713 3368 5767 virtu-

1787 5816 1891 5863 tem
1916 5816 1969 5862 et
1988 5803 2445 5876 perseverantiam
2470 5803 2697 5875 qumrite
2724 5812 2988 5875 quantum
3024 5804 3142 5862 fieri
3162 5811 3368 5877 potest,
