3946 6306
528 233 631 290 911

533 347 751 423 patiens
778 346 843 404 ad
881 343 1085 401 omnia.
1129 344 1284 399 Adsit
1312 341 1464 396 vobis
1489 340 1577 394 ille
1607 339 1696 408 qui
1727 337 1854 392 nulli
1887 350 2122 405 unquam
2153 321 2203 377 Α

538 438 709 502 defuit
739 438 794 492 in
822 437 940 506 ipso
970 435 1232 505 speranti.
1267 432 1372 492 Sed
1407 447 1504 487 cur
1536 445 1635 485 nos
1663 428 1896 498 imperiti
1929 442 2122 496 aquam

538 534 595 589 in
640 546 788 586 mare
828 529 1143 595 deferimus,
1173 528 1297 582 dum
1335 524 1676 596 sanctitatem
1710 531 1942 584 vestram
1973 518 2124 590 quasi
2175 579 2178 584 _

541 625 737 679 docere
780 618 1204 692 przesumimus‘i
1246 615 1363 672 Non
1428 617 1707 680 docemus,
1750 614 1844 668 sed
1893 628 2126 682 praecor-

541 715 734 770 dialem
785 713 1016 766 amicum
1075 719 1324 776 nostrum
1379 707 1648 771 consolari
1697 704 1974 770 volumus;
2026 704 2129 756 hoc

542 817 753 866 tantum.
795 821 986 860 secure
1022 804 1302 868 addentes.
1341 802 1465 871 quia
1510 801 1704 855 domus
1756 796 2128 865 Cluniacensis

539 896 731 966 ancilla
779 907 957 962 vestra
1006 895 1056 947 in
1094 894 1205 958 vita
1258 901 1314 948 et
1357 901 1530 959 morte
1577 900 1770 948 vestra:
1810 905 1914 956 non
1960 888 2130 942 deerit

537 988 805 1054 servituti.
839 986 1036 1056 Filium
1075 995 1255 1042 autem
1285 993 1528 1055 nostrum
1562 982 1819 1037 domnum
1849 979 2126 1049 Gotridum

536 1082 824 1137 sacristam
842 1080 910 1132 ad
925 1089 1109 1149 partes
1127 1078 1265 1148 illas,
1290 1080 1433 1140 sicut
1455 1079 1518 1132 ab
1544 1078 1660 1147 ipso
1677 1075 1865 1132 melius
1879 1074 2125 1137 audietis,
2176 1116 2181 1124 .

539 1170 877 1242 destinantes
916 1179 1106 1234 vestrae
1148 1170 1529 1236 commendare
1564 1168 1872 1240 paternitati
1909 1182 2129 1224 Necesse

538 1277 647 1334 non
681 1261 1035 1322 arbitrantur,
1066 1261 1319 1332 qttoniam
1358 1277 1478 1326 cum
1507 1261 1670 1334 432
1700 1261 1906 1331 magnis
1936 1259 2131 1328 saepius

540 1355 752 1414 referre
779 1357 916 1426 solet
954 1363 1169 1426 quantae
1205 1354 1490 1410 charitatis
1519 1354 1805 1409 consilium
1842 1353 2132 1408 auxilium-

541 1460 648 1515 que
669 1446 717 1499 ei
745 1446 795 1498 in
834 1446 1110 1517 praeterito
1137 1461 1280 1516 anno
1307 1444 1628 1510 contulistis.
1657 1443 1765 1512 Nec
1790 1444 1963 1512 solum
1994 1444 2128 1514 ipse,
2178 1487 2183 1494 .

541 1541 638 1606 sed
671 1550 726 1595 et
755 1556 944 1610 omnes
972 1540 1172 1606 fratres
1193 1540 1362 1596 nostri
1399 1555 1494 1610 per
1523 1551 1760 1600 vestram
1788 1549 2129 1596 transeuntes

543 1815 648 1870 tias
681 1817 1053 1886 persolventes
1089 1816 1369 1885 humiliter
1409 1818 1643 1888 petimus
1672 1826 1729 1872 ut
1760 1833 1854 1889 per
1885 1817 2025 1881 hunc
2063 1817 2130 1876 ad

540 1924 639 1962 nos
665 1919 989 1979 remeantem
1008 1919 1249 1964 vestrum
1268 1923 1408 1974 esse,
1428 1918 1778 1979 vestrumque
1800 1908 1957 1974 velle,
1978 1909 2131 1965 nobis

541 2001 815 2058 insinuare
839 2001 1168 2071 dignemini,
1199 2011 1258 2056 ιιι
1287 2001 1526 2072 gaudere
1559 2002 1825 2071 possimus
1854 2018 1974 2058 cum
2003 2017 2131 2072 gau-

541 2091 701 2145 dente
733 2102 784 2152 et
809 2107 931 2146 cum
960 2091 1193 2156 dolente,
1222 2091 1364 2160 quod
1386 2091 1732 2161 omnipotens
1762 2093 1900 2146 Deus
1925 2099 2134 2146 avertat.
2180 2135 2184 2140 .

541 2201 572 2238 a
627 2185 807 2247 vobis,
855 2196 913 2238 ut
948 2184 1041 2238 ﬁlii
1092 2183 1498 2239 condoleamus.
1551 2183 1738 2239 Gratia
1783 2183 1874 2239 Dei
1925 2191 1978 2238 et
2027 2197 2131 2252 pax

540 2277 846 2343 vobiscum,
877 2286 1032 2347 pater
1066 2277 1319 2348 gloriose.
1350 2275 1622 2344 Memento
1647 2275 1815 2330 nostri
1846 2275 1897 2330 in
1931 2271 2134 2330 sanctis

543 2370 882 2424 orationibus
920 2371 1131 2425 vestris.

1057 2461 1389 2528 EPI$TOLA
1434 2461 1620 2522 XVIII.

543 2570 770 2624 mssast
788 2571 855 2618 AD
870 2571 1118 2622 necessu
1135 2570 1517 2618 Lucnoutatvssit
1534 2569 1982 2618 Αιιοιιιεριεοορωι
1997 2554 2129 2626 (45).

609 2648 852 2716 Domino
885 2650 1202 2715 revereudo,
1227 2658 1277 2706 et
1307 2648 1454 2710 Patri
1485 2649 1777 2719 diligendo,
1808 2647 2009 2710 i-tecoat
2038 2661 2132 2708 ve-

543 2740 776 2806 nerabili
802 2742 1016 2812 primati
1039 2741 1410 2811 Lugdunensi,
1433 2743 1718 2803 Aasscuus
1746 2739 2130 2800 scrvusEccle-

543 2831 641 2902 sia:
680 2830 1109 2902 Cantuartensis,
1149 2833 1292 2904 quod
1337 2847 1550 2901 servus,
1590 2833 1735 2903 quod
1786 2833 1950 2900 ﬁlius,
1993 2831 2135 2902 quod

545 2933 692 2985 totus
721 2942 872 2984 8008.

1013 228 1072 285 S.
1098 225 1405 283 -ANSELMI
1466 219 1813 280 CANTUAR.
1855 217 2175 276 ARCHIEP.
2217 216 2368 274 OPP.
2411 216 2592 273 PARS
2641 217 2726 272 ιιι.
2752 211 3234 272 —-EPlSTOLIE.

2180 1581 2185 1595 ι
2234 1545 2494 1600 auxilium
2561 1544 2893 1604 commoneri
2973 1541 3337 1606 desideratis,

540 1633 904 1701 prteseutiam,
937 1634 1220 1703 plurimam
1257 1642 1451 1690 vestrm
1493 1634 1799 1690 sanctitatis
1834 1634 2129 1703 pradicant
2159 1671 2205 1736 Β

543 1725 885 1797 charitatem.
927 1724 1102 1796 Super
1127 1725 1342 1795 quibus,
1371 1735 1602 1795 quantas
1627 1725 1980 1794 prtevalcmus
2006 1741 2129 1796 gra--
2160 1724 2183 1768 Ἴ

2762 332 3094 389 EPISTOLA
3140 331 3278 386 XIX.

2441 445 2664 490 ANSELIH
2691 442 2763 485 ἈΒ
2790 441 2985 486 ωΑῐιυη
3009 449 3056 488 S.
3081 444 3258 489 JACOBI
3285 439 3589 490 ειιιεοοιδιτιι

2302 522 2468 582 Duco
2498 523 2791 580 rever-endo
2820 524 3003 583 Sancti
3025 524 3212 581 Jacobi
3231 523 3492 593 episcopo
3521 520 3842 586 Anssuns,

2231 633 2420 676 servus
2440 617 2699 678 Ecclesiae
2720 617 3149 686 Cantuariensis,
3175 619 3364 691 gratia:
3385 633 3669 689 superna:
3696 617 3842 672 auxi-

2230 710 2360 766 lium
2391 720 2447 768 et
2471 713 2920 769 consolationem.
3183 717 3186 720 ’

2299 804 2435 860 Cum
2479 820 2695 874 semper
2735 821 2833 862 nos
2873 805 3168 866 Christiani
3211 804 3443 860 invicem
3492 803 3846 875 congauderc
3902 791 3903 858 ι

2232 898 2523 955 debeamus
2568 909 2623 954 et
2659 900 2968 967 condolere,
3021 911 3147 960 tunc
3188 902 3379 971 utique
3422 900 3696 955 maxime
3739 915 3843 953 cum

2231 990 2645 1059 prosperitatem
2709 1000 2764 1046 et
2823 990 3210 1046 exaltationem
3275 987 3745 1046 Christianitatis
3805 1000 3844 1042 et

2232 1080 2613 1136 adversitatem
2639 1082 2706 1136 ad
2729 1081 2972 1150 ejusdem
2998 1081 3430 1137 humiliationem
3448 1080 3843 1149 cognoscimus

2232 1172 2548 1240 pertinere;
2601 1173 2766 1230 vestri
2815 1172 3000 1242 itaque
3048 1172 3260 1228 timoris
3308 1181 3473 1240 atque
3526 1170 3762 1224 doloris
3793 1186 3842 1224 et

2232 1264 2428 1319 litteris
2465 1266 2662 1321 vestris
2699 1280 2920 1321 causam
2967 1273 3358 1335 cognoscentes
3388 1308 3397 1324 .
3431 1264 3594 1317 unde
3631 1263 3841 1323 timetis,

2233 1355 2357 1412 inde
2415 1356 2687 1422 timemus,
2743 1365 2799 1412 et
2842 1356 2984 1426 quod
3038 1355 3255 1424 doletis,
3305 1355 3528 1424 pariter
3580 1352 3840 1408 dolemus.

2233 1449 2368 1517 Quia
2398 1449 2596 1508 milites
2640 1459 2854 1506 nostros
2885 1460 3072 1508 contra
3104 1449 3443 1506 Sarracenos
3475 1447 3557 1503 ad
3611 1458 3840 1502 vestras:

3421 1541 3695 1596 libenter
3770 1557 3841 1610 pro
3902 1553 3903 1610 ξ

2233 1636 2639 1705 opportunitate
2675 1646 2861 1691 nostra
2899 1649 2994 1690 eos
3016 1630 3518 1695 commonebimus,
3548 1640 3612 1686 et
3644 1632 3721 1686 ad
3744 1631 3843 1686 sui»
3902 1655 3903 1706 ᾖ

2235 1735 2546 1783 veuttonem
2571 1728 3011 1785 Christianorum
3034 1725 3533 1798 commovebimus.
3557 1724 3682 1780 Sed
3711 1740 3842 1779 nove—
3902 1724 3903 1784 ξ

2233 1806 2304 1876 rit
2327 1822 2588 1878 sanctitas
2614 1829 2796 1876 vestra
2829 1821 2956 1890 quia
2983 1833 3208 1890 regnum
3238 1817 3557 1889 Anglorum
3589 1816 3840 1872 bellorum

2235 1926 2430 1972 contra
2455 1931 2512 1970 se
2546 1915 2783 1986 undique
2808 1913 3144 1984 surgentium
3170 1912 3359 1968 nuntio
3385 1910 3513 1966 fere
3530 1912 3842 1980 quotidiana
3891 1949 3898 1978 ί

2233 2020 2645 2074 commovetur,
2689 2007 2832 2063 unde
2878 2010 3011 2063 satis
3069 2020 3260 2060 vereor
3309 2019 3376 2060 ne
3421 2005 3743 2076 contingat
3775 2021 3844 2057 nas
3893 1993 3900 2030 ί

2234 2117 2332 2172 pro
2372 2101 2524 2156 vobis
2560 2101 2740 2154 minus
2775 2099 3070 2170 prodesse,
3104 2096 3230 2167 quia
3265 2096 3424 2151 nobis
3465 2096 3684 2152 hostes
3724 2099 3844 2150 tinis
3895 2121 3900 2172 ξ

2236 2211 2357 2252 mus
2393 2197 2608 2251 obesse.
2637 2193 2770 2248 Nam
2811 2195 2936 2248 dum
2974 2193 3205 2263 quisque
3252 2200 3412 2246 curat
3445 2191 3609 2244 tueri
3647 2193 3843 2260 propria
3895 2191 3903 2268 El

2236 2290 2416 2346 minus
2449 2298 2628 2357 pctest
2655 2301 2849 2342 curare
2892 2285 3219 2342 communia.
3248 2281 3609 2338 Conabimur
3665 2293 3842 2346 tamen,

2237 2382 2352 2438 Deo
2402 2389 2695 2444 annuente,
2730 2381 2832 2434 hoc
2888 2378 3103 2434 eﬁicere
3154 2377 3463 2431 orationum
3523 2377 3842 2440 devotione,

2239 2477 2381 2546 quod
2433 2491 2538 2530 non
2595 2474 2838 2530 valemus
2883 2472 3112 2527 militum
3154 2469 3498 2525 collectione.
3561 2472 3844 2541 Speratms

2239 2578 2420 2625 autem
2452 2569 2504 2622 in
2527 2565 2903 2623 misericordia
2930 2564 3022 2618 Dei
3046 2563 3173 2634 quia
3198 2578 3304 2626 non
3331 2562 3628 2633 relinquet
3658 2567 3842 2634 virgam

2238 2671 2586 2732 peccatorum
2613 2674 2775 2730 super
2807 2668 3010 2712 sortem
3031 2655 3301 2724 justorum
3338 2652 3523 2724 (P-saI.
3561 2673 3762 2720 cxxrv,

2240 2769 2416 2824 neque
2451 2753 2625 2808 tradet
2665 2752 2855 2806 bestiis
2890 2749 3102 2806 animas
3143 2748 3472 2804 conﬁtentes
3521 2751 3644 2805 sibi
3691 2749 3842 2821 (Psel.

2239 2864 2433 2912 Lxxm,
2472 2847 2548 2918 9).
2591 2844 2948 2914 Omnipotens
2985 2844 3130 2898 Deus
3167 2843 3382 2913 adjutor
3422 2842 3478 2896 in
3521 2853 3842 2912 opportuni-

2241 2943 2465 3005 tatibus,
2501 2939 2554 2993 iu
2590 2937 2944 2992 tribulatione
2972 2936 3148 3006 (Paul.
3184 2952 3260 3002 ix,
3291 2935 3404 3007 10),
3436 2936 3753 2990 subveniat
3776 2951 3843 2988 vc-

614 3019 910 3075 Gaudendo
948 3021 1153 3092 gratias
1183 3021 1396 3091 agimus
1436 3019 1570 3085 Deo,
1600 3028 1656 3076 et
1691 3019 1895 3090 gratias
1923 3023 2132 3090 agendo

2246 3034 2322 3090 bis
2378 3031 2675 3088 secundum
2739 3029 3124 3085 necessitatem
3188 3036 3382 3082 vestra).
3451 3026 3837 3082 tribulationis

545 3111 846 3182 gaudemus
885 3113 1011 3181 quia
1065 3113 1240 3182 pietas
1289 3110 1469 3170 divina
1513 3120 1755 3172 vestrmn
1805 3110 2132 3182 desiderium

543 3204 802 3270 visitandi
831 3204 1010 3260 locum
1043 3205 1095 3260 in
1138 3219 1246 3274 quo
1286 3203 1433 3262 salus
1470 3211 1656 3274 nostra
1703 3212 1994 3272 procurata
2031 3212 2132 3271 est,

546 3296 888 3366 adimplet/it,
915 3305 970 3359 et
993 3312 1091 3358 nos
1119 3297 1185 3358 de
1215 3296 1392 3354 reditu
1413 3309 1596 3354 veStro
1620 3305 1675 3356 et
1700 3295 1768 3358 de
1789 3295 1964 3352 salute
1987 3296 2138 3352 vobis

545 3389 807 3456 restituta
856 3389 1170 3453 lmtiﬁcavit.
1216 3390 1435 3450 Gratias
1465 3405 1681 3461 quoque
1725 3392 1902 3446 refero
1943 3399 2140 3446 vestra:

546 3477 898 3550 pateruitati,
944 3493 1050 3543 non
1098 3478 1271 3542 solum
1327 3493 1424 3548 pro
1472 3478 1810 3556 multimodis
1862 3478 2139 3535 beneﬁciis

549 3570 684 3644 mihi
737 3557 1016 3642 impensis,
1043 3587 1232 3632 verum
1275 3573 1440 3634 etiam
1476 3587 1574 3643 pro
1612 3571 1941 3632 indeﬁcienti
2000 3571 2139 3626 bona

547 3660 853 3734 voluntate,
895 3678 1015 3734 qua:
1062 3679 1148 3730 me
1187 3674 1413 3734 paterna
1451 3663 1818 3728 sollicitudine
1854 3671 1909 3724 et
1945 3662 2141 3720 litteris

549 3754 664 3827 suis
685 3757 908 3820 visitare
930 3766 987 3814 et
1007 3758 1074 3823 ad
1095 3758 1289 3821 eadem
1312 3757 1577 3818 beneﬁcia
1601 3760 1913 3827 repetenda.
1937 3758 1983 3820 si
2008 3772 2142 3828 opus

549 3848 641 3914 sit,
672 3863 778 3910 non
807 3859 984 3916 cessat
1013 3850 1256 3907 visitare.
1289 3849 1494 3918 Quibus
1529 3851 1684 3908 bouis
1715 3851 1973 3920 quoniam
2010 3851 2143 3908 nihil

549 3957 650 4014 ego
673 3944 915 4014 cogitare
937 3959 1078 4014 queo
1103 3945 1246 4014 quod
1268 3945 1472 4015 possim
1499 3959 1937 4016 recompensare,
1975 3945 2142 4002 Deum

548 4039 974 4109 omnipotentem
1004 4055 1105 4110 pro
1147 4038 1302 4110 cujus
1328 4055 1516 4097 amore
1561 4040 1664 4095 hoc
1706 4038 1905 4106 facitis,
1939 4049 2143 4110 quanto

549 4129 744 4196 aiIectu
773 4148 991 4202 possum
1025 4149 1144 4200 oro,
1183 4143 1242 4190 ut
1279 4135 1394 4205 ipse
1421 4134 1573 4190 vobis
1605 4134 1858 4205 dignetur
1887 4150 2140 4190 remune-

549 4239 698 4290 rare.
749 4225 1005 4284 Nostrum
1054 4243 1176 4285 esse
1223 4231 1380 4298 quate
1426 4231 1497 4285 sit
1541 4230 1596 4284 in
1635 4229 1858 4300 Anglia,
1903 4229 2143 4290 charitas

548 4325 734 4380 vestra
779 4319 1125 4376 desiderabat
1172 4335 1270 4390 per
1323 4323 1583 4392 scriptum
1633 4337 1992 4393 cognoscere,
2047 4323 2143 4377 sed

2236 3127 2406 3196 Amen
2419 3165 2433 3180 .

2791 3218 3126 3274 EPISTOLA
3171 3217 3290 3273 XX.

2240 3330 2465 3372 ANSBLMI
2518 3329 2586 3369 AD
2640 3327 2988 3368 GUILLELIUM
3038 3324 3506 3366 ROTHOMAGENSBM
3576 3325 3838 3367 Απειιιεηο

2932 3397 3157 3438 θεοιιυυ.

2310 3501 2540 3570 Domino
2569 3505 2623 3553 et
2658 3497 2804 3552 Patri
2845 3497 3196 3561 Genusum,
3230 3493 3535 3550 reverenda
3584 3494 3840 3563 archiepi-

2243 3605 2410 3660 scopo
2469 3587 2941 3660 Rothomagensi,
3003 3587 3289 3642 Ansscuus
3341 3599 3538 3642 servus
3594 3585 3838 3641 Ecclesia:

2242 3682 2674 3740 Cantuariensis.
2705 3680 2958 3736 salutem.

2313 3775 2501 3830 Clamo
2531 3783 2585 3828 et
2615 3786 2816 3841 queror
2847 3772 2913 3826 ad
2959 3786 3077 3838 vos,
3118 3779 3173 3826 et
3222 3771 3290 3824 ad
3320 3785 3415 3826 vos
3451 3779 3508 3824 et
3548 3773 3627 3827 ad
3668 3786 3840 3828 omnes

2243 3869 2526 3938 episcopos
2547 3876 2604 3920 et
2638 3865 2865 3920 abbates
2890 3872 2946 3918 et
2976 3873 3144 3918 totam
3175 3863 3475 3919 Ecclesiam
3513 3862 3839 3920 Northman-

2243 3961 2347 4014 nise
2391 3976 2487 4029 pro
2534 3975 2621 4014 me
2663 3968 2716 4013 et
2757 3974 2853 4028 pro
2897 3961 3324 4033 congregatione
3368 3957 3626 4015 ecclesiae
3671 3960 3838 4016 Sam-ti

2243 4053 2513 4110 Edmundi
2557 4068 2676 4122 quae
2712 4063 2795 4107 est
2834 4054 2887 4108 in
2932 4051 3146 4124 Anglia,
3177 4053 3244 4107 de
3285 4052 3482 4107 abbate
3522 4053 3838 4108 monasterii

2244 4144 2429 4202 Sancti
2466 4143 2668 4198 Ebrulﬁ
2696 4145 2842 4213 quod
2866 4153 2950 4198 est
2979 4145 3034 4198 in
3065 4143 3486 4206 Northmannia,
3512 4153 3574 4196 et
3611 4155 3840 4198 vestram

2243 4247 2371 4308 peto
2394 4235 2687 4306 justitiam.
2715 4238 2936 4307 injuria,
2966 4253 3127 4308 quam
3157 4235 3315 4292 nobis
3345 4238 3508 4292 nimis
3533 4238 3840 4294 inordinate
3902 4249 3903 4314 ι

2246 4329 2375 4384 fecit
2409 4329 2460 4384 in
2502 4328 2717 4400 Anglia,
2756 4340 2952 4400 printer
2980 4329 3292 4400 Opinionem
3331 4343 3493 4398 quam
3530 4330 3608 4385 de
3634 4330 3732 4383 illo
3761 4331 3840 4383 ha-

550 4409 761 4480 legatus
785 4421 966 4468 vester
993 4411 1206 4481 plenius
1226 4414 1380 4470 vobis
1402 4415 1524 4470 viva
1549 4429 1682 4470 voce
1705 4429 1867 4484 quam
1895 4429 1996 4486 ego
2013 4413 2143 4469 scri-
2167 4409 2217 4470 D
2244 4423 2522 4488 bebamus,
2548 4424 2663 4478 lucc
2693 4432 2795 4479 est.
2825 4423 3086 4479 Juvenem
3116 4423 3404 4494 quemdam
3434 4421 3612 4476 ﬁlium
3640 4421 3843 4478 comitis

548 4502 729 4566 bendo
776 4504 974 4573 poterit
1025 4505 1332 4562 ostendere.
1377 4505 1490 4561 Hoc
1542 4516 1747 4561 tantum
1807 4507 1926 4562 dico
1975 4507 2137 4576 quia,

549 4596 766 4666 quando
813 4613 971 4668 spero
1019 4614 1167 4670 ineas
1213 4601 1568 4656 adversitates
1629 4601 1914 4656 mitescere
1943 4639 1959 4664 ,
2015 4610 2140 4656 tunc

549 4693 724 4762 magis
768 4695 946 4749 sentio
990 4710 1087 4754 eas
1133 4695 1510 4751 exardescere.
1560 4695 1696 4751 Tota
1740 4697 1880 4750 enim
1935 4713 2020 4752 me
2057 4698 2140 4753 vis

547 4785 776 4857 Anglitc,
809 4803 932 4842 cum
963 4787 1113 4844 solus
1142 4789 1213 4844 ibi
1246 4790 1371 4854 sim,
1399 4790 1617 4848 molitur
1646 4789 1981 4857 subvertere,
2012 4793 2136 4862 quia

548 4890 637 4931 me
667 4879 734 4932 ab
772 4879 1082 4946 obcdieptia
1127 4879 1272 4936 sedis
1310 4881 1621 4950 apostolica:
1659 4896 1763 4936 non
1801 4882 1942 4937 valet
1983 4897 2140 4938 aver-

549 4974 696 5032 tere;
750 4969 815 5024 ad
873 4973 1017 5040 quod
1073 4972 1237 5027 etiam
1296 4973 1398 5042 ipsi
1438 4973 1672 5043 episcopi
1720 4989 1843 5029 cum
1897 4989 2021 5045 rege
2063 4976 2141 5031 sic

549 5070 783 5116 aestuant
812 5073 872 5117 ut
899 5067 1060 5120 etiam
1084 5065 1532 5123 consecrationes
1559 5082 1680 5136 quae
1704 5068 1918 5123 nonnisi
1957 5068 2023 5122 ad
2055 5083 2141 5124 me

549 5156 848 5225 per-tinent,
890 5159 934 5212 si
964 5161 1035 5216 sit
1072 5162 1161 5230 qui
1194 5161 1324 5217 velit
1362 5163 1640 5234 accipere,
1672 5161 1772 5234 ipsi
1813 5178 2141 5233 pra-sumere

549 5261 661 5301 non
704 5256 965 5304 metuant.
1009 5250 1360 5321 Omnipotens
1402 5254 1664 5311 Dominus
1707 5266 1940 5311 vestram
1985 5259 2142 5313 nobis

548 5341 930 5407 paternitatem
960 5343 1014 5398 in
1041 5345 1214 5414 gratia
1238 5361 1335 5403 sua
1358 5349 1448 5404 diu
1471 5360 1756 5406 conservet
1785 5350 2132 5408 incolumem.

489 5510 494 5516 _
546 5427 742 5492 Arnen.

2247 4513 2494 4586 Hugonis
2542 4515 2611 4569 de
2650 4515 2868 4579 Cestre,
2917 4515 3084 4572 nimis
3132 4525 3411 4571 carentem
3464 4515 3769 4583 prudentia
3805 4522 3845 4568 et

2245 4609 2480 4665 utilitate
2517 4619 2574 4670 et
2607 4611 2898 4668 virtutibus
2927 4611 2993 4664 ad
3031 4611 3245 4670 abbatis
3278 4607 3697 4678 pertinentibus
3741 4625 3847 4680 per.

2245 4719 2454 4770 sonam,
2488 4721 2584 4774 per
2611 4713 2936 4774 potestatem
2974 4705 3176 4775 regiam
3212 4703 3440 4774 ingessit
3470 4703 3524 4756 in
3552 4704 3846 4759 ecclesiam

2247 4793 2433 4850 Sancti
2463 4795 2731 4850 Edmundi
2763 4811 2885 4849 cum
2927 4796 3118 4858 armis,
3151 4793 3458 4860 monachis,
3491 4804 3779 4863 quantum
3805 4797 3848 4848 ia

2245 4887 2378 4958 ipsis
2405 4895 2542 4953 erat,
2578 4887 2959 4944 recusantibus
2985 4894 3042 4942 et
3077 4885 3624 4951 contradicentibus,
3655 4896 3717 4942 et
3746 4903 3851 4941 ous-

2245 4980 2376 5035 nino
2429 4979 2548 5036 sine
2596 4990 2781 5036 nostra
2824 4979 3209 5044 concessione,
3248 4979 3315 5034 ad
3357 4993 3520 5047 quem
3573 4981 3852 5047 pertinent

2245 5087 2436 5128 omnes
2465 5072 2705 5141 ejusdem
2743 5074 2991 5131 ecclesiae
3027 5073 3496 5130 consecrationes.
3523 5071 3636 5139 Qui
3673 5075 3750 5129 ibi
3785 5075 3854 5128 ni-

2246 5165 2380 5219 titur
2403 5176 2730 5237 extorquere
2778 5166 2847 5221 ab
2887 5168 3020 5237 ipsis
3057 5167 3342 5226 monachis
3377 5167 3764 5224 obedientiam
3810 5174 3855 5220 et

2245 5256 2593 5325 electionem,
2615 5268 2671 5314 et
2693 5267 2752 5314 ut
2776 5260 2990 5314 animas
3011 5276 3137 5314 suas
3159 5259 3544 5316 commendent
3571 5259 3659 5314 illi
3681 5269 3854 5316 custo-

2246 5350 2493 5417 diendas,
2535 5353 2625 5422 qui
2664 5368 2826 5422 quam
2866 5369 2973 5408 non
3014 5353 3241 5409 idoneus
3279 5352 3347 5406 ad
3394 5353 3499 5406 hoc
3533 5352 3639 5421 sit,
3673 5364 3854 5426 aperte

2247 5446 2615 5518 cognoscitur,
2655 5447 2786 5518 quia
2820 5448 2935 5518 ipse
2969 5462 3238 5519 nusquam
3273 5446 3394 5502 sine
3421 5445 3648 5504 laterna
3681 5461 3743 5505 et
3765 5463 3854 5504 cu-

2072 5584 2301 5668 new.

617 5701 734 5778 (65)
759 5702 853 5763 Est
882 5709 1159 5781 responsio
1185 5709 1252 5768 ad
1280 5709 1440 5788 epist.
1469 5709 1538 5766 64
1558 5707 1652 5766 lii).
1689 5729 1778 5768 ιιι.
