3946 6306
107 271 202 331 215

1291 253 1418 310 LIB.
1462 253 1553 320 IV,
1576 249 1792 308 EPIST.
1817 246 1988 306 XXIV

3275 240 3382 294 2M

111 357 297 449 studia,
324 390 488 453 atque
514 387 806 450 antequam
829 375 894 432 ad
924 380 1025 432 hoc
1048 385 1438 440 assumeretur,
1465 372 1566 428 sibi
1595 369 1692 440 ipsi

1808 362 2075 423 Ecclesiae,
2108 361 2305 430 quibus
2336 374 2434 431 pro
2465 366 2618 429 parte
2654 355 2928 414 invehitur
2961 355 3382 429 privignus,pro

113 480 447 538 credebatur.
488 476 688 530 Precor
721 473 885 543 igitur
921 480 981 525 ut
1014 469 1266 524 eumdem
1311 468 1558 522 abbatem
1598 480 1692 518 au-

113 575 356 631 ctoritate
386 580 569 627 vestra
613 568 939 624 monachum
972 579 1126 619 suum
1166 575 1424 618 revocare
1463 559 1690 630 cogatis,

118 679 172 727 et
216 665 500 722 ecclesiam
532 679 692 734 quam
745 659 928 729 inique
964 655 1244 727 Opprimit,
1295 654 1439 710 velut
1489 671 1518 706 a
1569 651 1693 720 lupo

119 774 310 829 rapace
348 766 403 812 et
431 771 557 812 oves
591 756 934 824 dispergente
963 748 1227 812 liberetis,
1269 761 1337 801 ne
1364 761 1462 800 nos
1491 742 1693 813 aliquid

119 866 276 920 super
314 849 638 904 monachum
670 855 911 900 vestrum
953 856 1154 899 nostrae
1198 838 1540 896 auctoritatis
1568 851 1694 893 cen-

119 952 256 1010 Sum,
279 952 458 998 vestra
483 947 749 1004 cessante,
777 937 955 992 facere
983 952 1263 1007 cogamur.
1297 933 1506 988 Valete.

629 1029 969 1084 EPISTOLA
1012 1028 1154 1083 XXI.

291 1142 517 1182 ANSBLMI
560 1141 627 1180 AD
658 1107 905 1186 ειὲειιωι
932 1140 1000 1180 ΕΤ
1028 1138 1180 1180 111105
1205 1135 1501 1178 ΠΟΝΑΕΗΟΞ.

187 1219 457 1274 Ausstuus
491 1219 960 1287 archiepiscopus,
1013 1215 1271 1270 fratribus
1307 1222 1360 1268 et
1408 1211 1532 1266 filiis
1567 1210 1694 1264 cha-

111 1312 340 1368 rissimis
363 1353 378 1377 ,
410 1312 579 1382 priori
614 1312 850 1376 Eueno,
898 1319 951 1367 et
995 1309 1115 1364 aliis
1146 1307 1426 1363 monachis
1458 1302 1693 1359 cmuobli

111 1403 295 1462 Sancti
329 1406 618 1471 Edmuudi,
652 1406 880 1461 salutem
912 1413 965 1458 et
997 1400 1426 1457 benedictionem
1450 1397 1565 1453 Dei.

179 1498 443 1553 Misereor
475 1508 529 1551 et
577 1499 881 1567 compatior
921 1493 1174 1550 charitati
1214 1501 1412 1547 vestra:
1445 1491 1497 1545 in
1536 1489 1694 1560 longa

103 1597 158 1648 et
218 1591 386 1645 nimia
439 1590 793 1646 tribulatione
856 1588 1148 1643 laboranti.
1202 1584 1269 1640 Et
1320 1593 1472 1638 tanto
1523 1583 1696 1652 magis

99 1679 448 1738 affectuosius
487 1683 591 1738 hoc
628 1683 790 1746 facio,
823 1691 1030 1753 quanto
1068 1694 1165 1734 vos
1198 1693 1301 1731 non
1335 1692 1432 1746 pro
1467 1673 1695 1730 terrenas

100 1777 180 1830 rei
232 1777 556 1845 cupiditate,
597 1781 691 1831 sed
733 1791 828 1846 pro
865 1773 1073 1844 justitia
1117 1768 1362 1826 tribulari
1391 1767 1695 1822 considero.

95 1865 320 1922 Justitia
347 1869 489 1924 cnim
516 1878 620 1934 est,
650 1870 776 1938 quia
804 1884 908 1921 non
934 1877 1123 1921 contra
1159 1865 1401 1919 ordinem
1433 1875 1694 1928 vestrum,

95 1975 210 2016 non
245 1971 432 2016 contra
456 1960 699 2033 regulam
732 1961 788 2015 S.
820 1960 1122 2024 Benedicti,
1147 1973 1254 2010 non
1287 1969 1476 2012 contra
1513 1965 1698 2012 aucto:-

89 2054 321 2108 ritatem
361 2054 588 2108 aliortun
637 2063 947 2108 sanctorum
987 2053 1242 2118 Patrum,
1277 2068 1378 2107 nec
1426 2052 1541 2107 sine
1570 2065 1702 2105 cou-

96 2135 224 2200 silio
258 2160 444 2199 eorum
479 2161 509 2199 a
537 2146 733 2216 quibus
760 2144 1034 2216 religionis
1071 2147 1309 2215 regimen
1337 2155 1384 2199 et
1411 2142 1697 2198 consilium.

98 2249 424 2308 exspectare
449 2241 679 2307 debetis,
732 2241 979 2295 abbatem
1033 2239 1196 2294 vultis
1238 2238 1504 2308 accipere.
1554 2236 1699 2303 Qua-

96 2339 332 2402 propter
371 2330 414 2385 si
457 2341 677 2401 propter
718 2331 823 2385 hoc
861 2330 1300 2402 perturbationes
1341 2339 1393 2383 et
1423 2326 1699 2382 molestias

91 2419 372 2489 patimini,
410 2420 615 2474 videbit
646 2421 788 2492 Deus
816 2421 906 2490 qui
936 2420 1117 2476 omnia
1157 2419 1296 2474 mala
1327 2429 1418 2474 aut
1449 2416 1698 2488 corrigit,

101 2521 197 2564 aut
231 2511 410 2581 punit,
444 2521 499 2565 et
519 2511 659 2566 bona
689 2512 858 2566 nutrit
889 2521 941 2567 et
965 2510 1260 2575 confortat,
1288 2519 1341 2564 et
1372 2509 1520 2565 dabit
1546 2508 1701 2563 vobis

100 2602 531 2658 consolationem
583 2617 738 2658 suam
789 2618 1030 2676 congruo
1072 2613 1315 2673 tempore
1359 2601 1450 2670 qui
1489 2601 1701 2671 adjdtor

105 2702 194 2750 est
219 2696 274 2750 in
297 2695 791 2766 opportunitatibus
814 2697 867 2750 in
899 2695 1250 2750 tribulatione
1275 2692 1448 2764 (Psat.
1478 2709 1555 2757 ix,
1591 2691 1699 2762 10),

93 2786 144 2845 si
177 2799 357 2846 tamen
383 2788 582 2862 flagella
599 2789 776 2844 Patris
806 2790 1075 2844 sustinere
1100 2787 1378 2844 humiliter
1393 2787 1700 2852 volueritis,

92 2889 149 2936 et
182 2880 237 2935 in
266 2895 361 2950 spe
387 2881 774 2936 misericordia;
801 2882 917 2952 ejus
949 2896 1054 2934 non
1082 2879 1413 2936 defeceritis.
1446 2877 1526 2934 Ad
1551 2879 1699 2934 illum

86 2973 332 3030 clamate
361 2991 467 3029 non
498 2973 671 3029 solum
696 2976 924 3040 orando,
965 2973 1058 3029 sed
1093 2984 1148 3029 et
1177 2974 1342 3028 vitam
1368 2981 1608 3029 vestram
1645 2973 1697 3028 in

88 3069 376 3124 mandatis
397 3067 514 3138 ejus
535 3077 590 3122 et
615 3068 668 3121 iu
686 3068 898 3122 ordinis
920 3068 1089 3122 vestri
1113 3068 1358 3123 custodia
1386 3077 1499 3122 toto
1515 3070 1698 3133 corde,

90 3167 211 3215 toto
242 3170 471 3222 conatu,
508 3158 560 3212 in
598 3160 744 3214 omni
777 3159 896 3214 loco
921 3168 976 3214 et
1015 3158 1066 3213 in
1105 3159 1251 3214 omni
1299 3168 1539 3231 tempore
1580 3173 1699 3214 ser-

81 3239 513 3308 vando.Gravis
539 3265 622 3308 est
647 3253 939 3328 aliquando
965 3262 1019 3307 et
1041 3255 1250 3323 ingrata
1276 3255 1326 3308 in
1355 3255 1700 3310 tribulatione

81 3345 442 3420 patientibus
480 3349 773 3419 verborum
817 3345 935 3400 sine
977 3345 1085 3402 alio
1137 3346 1338 3400 auxilio
1380 3347 1698 3416 consolatio,

81 3437 184 3493 sed
221 3454 339 3493 non
373 3439 532 3493 debet
565 3439 670 3495 hoc
696 3455 817 3494 esse
844 3440 1016 3495 servis
1045 3441 1162 3506 Dei,
1196 3441 1284 3511 qui
1320 3457 1467 3512 spem
1495 3450 1699 3497 certam

78 3529 309 3585 habent
329 3530 378 3584 in
403 3531 536 3595 Deo,
555 3531 680 3604 quia
705 3543 910 3604 quanto
933 3530 1106 3604 major
1125 3543 1209 3588 est
1232 3532 1526 3601 tribulatio,
1552 3543 1702 3588 tanto

81 3623 283 3696 major
351 3625 604 3694 sequitur
655 3625 931 3696 patientia:
988 3627 1290 3698 retributio.
1351 3627 1703 3698 Omnipotens

75 3717 238 3798 Deus
264 3733 368 3773 sua
401 3733 495 3773 vos
533 3717 774 3794 laetiticet
808 3719 1199 3789 consolatione,
1241 3730 1298 3776 et
1336 3722 1390 3776 in
1427 3723 1702 3794 prosperis

77 3822 139 3868 et
173 3814 233 3868 in
264 3811 517 3867 adversis
543 3827 641 3867 sua
673 3828 768 3870 vos
792 3829 1008 3885 semper
1032 3823 1278 3888 protegat
1300 3815 1700 3870 benedictione.

522 3925 702 4015 433A
724 3926 1056 3990 EPISTOLA
1104 3926 1265 3998 xxu.

154 4034 406 4076 ANSELII
445 4035 514 4074 AD
553 4033 896 4075 GUILLELIIUI
939 4035 1399 4076 ROTHOIIAGENSEM
1442 4035 1632 4086 ARCHI-

748 4106 1037 4148 EPISCOPUM

155 4184 418 4241 Domino
451 4191 504 4237 et
543 4182 693 4238 Patri
726 4183 1028 4246 reverendo
1062 4183 1404 4248 GUILLELuo,
1437 4180 1706 4249 archiepi-

68 4289 268 4345 scopo
336 4267 788 4350 Rothomagensi,
849 4269 1170 4335 ANSELIIUS,
1221 4255 1409 4327 servus
1455 4270 1707 4328 Ecclesiae

67 4366 544 4432 Cantuariensis,
579 4355 701 4420 eum
746 4358 980 4420 assiduis
1028 4363 1365 4422 orationibus
1406 4365 1560 4420 ﬁdele
1593 4379 1706 4419 ser-

66 4461 325 4514 vitium.
601 4509 603 4511 ,
1121 4453 1126 4456 ’

151 4553 282 4608 Pro
327 4548 520 4618 injuria
571 4558 623 4604 et
653 4550 1117 4620 oppressionibus,
1149 4567 1245 4626 pro
1275 4551 1700 4623 gravaminibus,

66 4661 183 4717 pro
216 4642 604 4698 destructione
647 4642 892 4716 ecclesiae
943 4642 1000 4697 S.
1050 4642 1315 4700 Edmundi
1365 4644 1592 4700 clamavi
1638 4643 1706 4699 ad

67 4731 498 4810 pateruitatem
525 4744 787 4796 vestram,
815 4745 871 4790 et
904 4736 1140 4791 nondum
1175 4737 1470 4791 exaudistis
1503 4737 1704 4792 clamo-

70 4815 206 4885 rem
265 4837 544 4895 nostrum,
589 4838 920 4900 conquestus
973 4845 1110 4893 sum,
1162 4839 1216 4885 et
1270 4829 1506 4885 nondum
1559 4829 1704 4885 sensi

67 4919 550 4992 compassionem
614 4931 873 4975 vestram.
930 4919 1266 4975 Promisistis
1323 4936 1416 4975 vos
1470 4920 1705 4975 facturos

65 5012 236 5088 quod
277 5027 603 5088 rogaveram
633 5011 698 5067 de
747 5011 1034 5067 monachis
1063 5012 1376 5084 monasterii
1410 5010 1467 5065 S.
1505 5011 1705 5065 lihrulfi

63 5110 173 5188 qui
202 5107 542 5179 praedictam
556 5106 839 5161 ecclesiam
856 5116 1105 5176 gravant,
1127 5106 1378 5177 spoliant,
1396 5107 1703 5172 destruunt,

68 5200 178 5256 sed
244 5197 428 5253 nimis
489 5207 732 5266 moratur
788 5197 1012 5252 effectus
1049 5197 1424 5270 promissionis
1471 5207 1703 5263 vestra),

68 5295 280 5352 adhuc
317 5290 500 5346 clamo
524 5290 715 5345 intimo
744 5289 944 5344 doloris
967 5292 1128 5344 corde
1155 5301 1380 5360 cogente
1407 5307 1503 5360 pro
1528 5306 1612 5343 me
1641 5290 1707 5342 ad

69 5388 254 5454 cujus
300 5385 585 5454 propriam
617 5399 802 5438 curam
848 5384 1084 5456 pertinet
1120 5382 1208 5437 illa
1245 5381 1496 5448 ecclesia,
1525 5391 1579 5434 et
1609 5396 1708 5452 pro

72 5471 384 5546 fratribus
413 5473 502 5542 qui
538 5471 589 5527 in
618 5461 682 5527 ea
711 5485 1102 5548 conversantur
1132 5491 1146 5538 ;
1187 5483 1406 5544 propter
1439 5474 1628 5536 Deum,
1661 5471 1705 5527 si

66 5571 278 5626 zelum
308 5565 410 5620 Dei
443 5566 671 5632 habetis,
717 5568 761 5622 si
801 5567 1156 5638 episcopalem
1190 5566 1444 5642 pietatem
1475 5565 1706 5634 habetis,

68 5658 250 5737 rogo,
322 5658 582 5728 obsecro,
635 5663 702 5719 ad
751 5663 978 5737 vestigia
1029 5672 1206 5718 vestra
1253 5669 1431 5716 mente
1460 5674 1544 5716 me
1583 5675 1708 5732 pro-

70 5773 323 5842 sterno,
371 5760 698 5828 Succurrite,
745 5761 1078 5818 miseremini
1125 5760 1384 5844 orphanis
1427 5768 1485 5816 et.
1535 5755 1709 5819 viduae

1795 467 2012 530 pastore
2061 456 2238 526 lupus,
2283 471 2379 525 pro
2411 455 2633 508 ductore
2660 468 2854 516 caecus,
2906 467 3002 523 pro
3043 454 3385 506 (1001010110-

1797 552 1961 616 scius,
1993 564 2091 621 pro
2119 550 2316 602 abbate
2347 548 2431 602 fur
2461 558 2514 602 et
2547 547 2704 616 latro,
2753 549 2879 618 quia
2927 561 3033 600 non
3074 546 3243 600 intrat
3287 558 3384 615 per

1795 646 2016 702 ostium.
2045 642 2318 696 Revocate
2347 643 2646 696 monachos
2670 652 2900 710 vestros,
2935 639 3162 695 liberate
3189 654 3288 694 nos
3317 637 3385 692 ab

1795 736 2243 809 oppressionibus
2275 751 2486 791 eorum.
2529 735 2716 791 Facite
2759 745 2818 789 ut
2862 736 3030 790 abbas
3066 732 3386 789 monasterii

1798 831 1856 888 S.
1912 829 2116 885 Ebrulli
2157 837 2375 884 revocet
2421 829 2719 883 monachos
2750 843 2897 890 suos,
2927 843 3064 897 quos
3090 835 3279 882 contra
3313 825 3388 879 Ie-

1796 938 1914 994 gem
1952 923 2044 978 Dei
2089 930 2143 977 et
2185 923 2430 977 ordinem
2478 935 2633 976 suum
2665 921 2716 975 in
2755 919 3040 975 ecclesiam
3071 919 3386 988 praedictam

1798 1016 2045 1088 ingessit,
2068 1027 2122 1073 et
2152 1031 2242 1072 res
2281 1014 2524 1085 ejusdem
2569 1014 2814 1071 ecclesiae
2851 1029 2988 1083 quas
3017 1013 3143 1068 inde
3165 1012 3388 1068 abstulit

1799 1108 2066 1178 sacrilega
2095 1107 2308 1177 rapina,
2346 1105 2494 1173 juste
2526 1106 2798 1161 restituat.
2850 1103 3038 1159 Valete
3077 1115 3134 1158 et
3162 1117 3386 1158 succur-

1800 1199 1924 1265 rite,
1960 1214 2172 1269 precor,
2213 1198 2485 1254 festinate.

2311 1307 2647 1365 EPISTOLA
2685 1307 2871 1363 XXIII.

1797 1441 2026 1482 susum
2061 1442 2129 1480 ,11)
2168 1441 2476 1490 1111111111το11,
2513 1439 2812 1489 2011011011,
2846 1439 3150 1488 1110011011,
3187 1438 3388 1479 PHILIP-

2187 1512 2310 1562 PIIK,
2351 1511 2670 1551 BERNARDUM
2709 1513 2777 1550 ET
2817 1510 2986 1550 ALIOS.

1868 1611 2153 1667 Auseruus
2181 1610 2586 1666 Cantuariensis
2620 1609 3076 1680 archiepisc0pus,
3129 1607 3387 1661 llonsuro

1727 1737 1776 1796 Β
1803 1701 2009 1767 comiti,
2041 1712 2093 1756 et
2133 1701 2290 1755 fratri
2340 1698 2454 1768 ejus
2499 1699 2752 1754 Eaxuuro
2784 1698 2994 1762 comiti,
3032 1707 3084 1750 et
3135 1697 3388 1752 Ranuuro

1803 1810 1870 1858 ne
1901 1793 2130 1858 Mon'ruo
2176 1792 2344 1859 Mam,
2394 1805 2447 1848 et
2490 1793 2743 1848 Pmurro
2789 1807 2856 1846 nr.
2897 1806 3142 1853 1111110811,
3175 1791 3390 1844 01131111-

1802 1902 1976 1962 manu
1996 1902 2063 1940 ne
2087 1885 2234 1942 Novo
2261 1885 2537 1947 MERCATO,
2571 1894 2624 1938 et
2650 1884 2769 1938 aliis
2796 1884 2885 1954 qui
2914 1893 3087 1940 terras
3115 1881 3311 1937 habent
3336 1883 3389 1936 iu

1801 1981 2113 2049 epis-cepam
2164 1979 2482 2049 degentibus
2512 1974 2759 2032 Vaill‘ridi
2791 1977 3046 2048 episcopi,
3102 1975 3290 2030 amicis
3339 1984 3392 2032 ct

1804 2074 1930 2146 filiis
1962 2076 2012 2130 in
2058 2075 2167 2130 Deo
2199 2074 2561 2144 cliarissimis,
2592 2071 2820 2129 salutem
2862 2080 2917 2127 et
2956 2070 3388 2128 benedictionem

1801 2166 1916 2234 Dei.

1819 2241 1822 2243 ’
1873 2257 2132 2325 Quamvis
2168 2273 2262 2312 vos
2293 2256 2394 2326 ipsi
2423 2255 2638 2312 solliciti
2672 2269 2792 2310 esse
2824 2253 3066 2309 debeatis
3107 2252 3173 2307 de
3217 2252 3392 2324 salute

1799 2359 2002 2414 vestra,
2034 2346 2100 2412 ad
2134 2362 2218 2402 me
2251 2356 2428 2401 tamen
2475 2345 2712 2413 pertinet
2760 2353 2819 2400 ut
2864 2357 2961 2397 vos
3005 2345 3070 2397 ad
3123 2343 3222 2397 hoc
3251 2344 3394 2413 quod

1800 2456 1899 2495 vos
1929 2440 2083 2495 decet
2111 2455 2296 2504 coram
2335 2438 2444 2494 Deo
2473 2448 2528 2493 et
2574 2438 2862 2505 animabus
2906 2437 3102 2493 vestris
3155 2436 3392 2504 expedit,

1801 2532 2032 2604 excitem
2072 2532 2245 2600 amica
2276 2531 2675 2600 exhortatione,
2710 2540 2764 2586 et
2800 2530 3019 2586 invitem
3051 2538 3276 2602 paterna
3307 2529 3396 2584 ad-

1802 2623 2123 2686 monitione.
2169 2621 2372 2677 Precor
2415 2622 2599 2692 itaque
2627 2639 2724 2688 vos
2763 2631 2821 2676 ut
2862 2623 3085 2684 amicos.
3115 2630 3167 2676 et
3200 2637 3399 2676 consu-

1803 2711 1964 2782 lendo
2000 2726 2192 2767 moneo
2216 2720 2273 2765 ut
2303 2711 2443 2768 filios
2469 2712 2717 2784 dilectos,
2746 2719 3014 2781 quatenus
3043 2711 3239 2766 dilecto
3263 2710 3398 2766 Wil-

1803 2802 1946 2858 frido
1976 2803 2229 2874 episcopo
2280 2803 2347 2858 de
2403 2803 2604 2860 Sancto
2659 2803 2853 2868 David,
2886 2811 3107 2872 propter
3135 2804 3396 2857 honorem

1802 2906 2045 2968 vestrum
2074 2908 2130 2951 et
2159 2911 2380 2970 propter
2417 2896 2731 2966 religionem
2761 2895 3144 2957 Christianam,
3180 2909 3398 2954 omnem

1807 2989 2169 3054 reverentiam
2216 2998 2271 3043 et
2319 2989 2684 3058 obedientiam
2734 3004 2854 3060 quae
2903 2989 3158 3058 episcopo
3198 2988 3251 3042 in
3300 3003 3398 3046 suo

1804 3081 2122 3151 episcopatu
2167 3080 2394 3149 debetur
2420 3097 2543 3142 cum
2574 3095 2760 3136 amore
2788 3081 3117 3145 exhibeatis,
3157 3088 3211 3134 et
3252 3094 3399 3149 qua:-

1805 3190 2020 3242 cunque
2073 3173 2367 3245 episcopali
2427 3174 2782 3242 dispositione
2841 3175 2958 3229 ﬁeri
3011 3175 3228 3239 debent,
3283 3173 3400 3242 ejus

1805 3267 2032 3323 consilio
2061 3265 2291 3322 faciatis.
2326 3265 2416 3322 Sic
2439 3268 2580 3322 enim
2610 3281 2704 3321 vos
2731 3267 2874 3337 ipsos
2901 3275 3026 3321 aute
3059 3269 3223 3323 Deum
3249 3266 3396 3320 exal-

1805 3357 2010 3424 tabitis,
2047 3358 2091 3412 si
2130 3373 2224 3413 vos
2268 3357 2523 3429 religiosa
2555 3357 2862 3414 humilitate
2910 3359 3164 3428 episcopo
3193 3369 3398 3426 vestro,

1804 3447 1948 3504 sicut
1976 3448 2118 3503 Deus
2168 3448 2458 3510 ordinavit,
2517 3447 2882 3520 subjeceritis.
2939 3449 3003 3502 Et
3052 3448 3097 3504 si
3133 3450 3185 3504 in
3219 3449 3399 3520 aliquo

1805 3556 1992 3601 vestro
2017 3546 2244 3602 consilio
2270 3561 2405 3616 opus
2435 3544 2714 3610 habuerit,
2741 3553 3020 3616 promptos
3041 3559 3138 3599 vos
3162 3545 3402 3600 111111111-

1806 3622 2015 3706 Stianos
2068 3636 2238 3706 bonos
2296 3637 2573 3700 inveniat,
2630 3645 2900 3706 quatenus
2953 3634 3096 3689 Deus
3145 3635 3296 3689 vobis
3345 3634 3399 3689 in

1805 3732 2059 3788 omnibus
2116 3730 2539 3786 necessitatibus
2587 3729 2786 3784 vestris
2836 3729 3206 3784 subveniendo
3244 3730 3401 3784 retri-

1808 3823 1958 3900 buat.
1993 3823 2107 3878 Hoc
2134 3839 2351 3895 quoque
2389 3824 2623 3878 maxime
2655 3835 2851 3899 moneo
2882 3829 2938 3875 et
2980 3822 3223 3890 consulo,
3270 3822 3400 3892 quia

1805 3915 1960 3970 vobis
1985 3914 2138 3968 valde
2187 3915 2553 3969 necessarium
2605 3927 2708 3979 est,
2751 3915 2795 3968 si
2854 3913 3022 3966 Deum
3064 3927 3171 3965 non
3227 3913 3392 3984 vultis

1807 4004 2098 4067 olleudere,
2125 4013 2185 4057 ut
2208 4005 2250 4058 si
2280 4012 2454 4058 terras
2478 4014 2572 4058 aut
2594 4005 2856 4071 decimas,
2885 4013 2977 4058 aut
3002 4005 3282 4069 ecclesias,
3307 4011 3402 4059 aut

1809 4095 2011 4164 aliquid
2047 4096 2188 4164 quod
2224 4096 2289 4149 ad
2322 4095 2610 4150 ecclesiam
2641 4093 2760 4164 ejus
2787 4095 3155 4152 ecclesiastica
3180 4098 3402 4152 rectitu-

1810 4187 1932 4241 dine
1968 4185 2225 4262 pertinet,
2263 4186 2481 4254 tenetis,
2525 4194 2582 4252 ut
2615 4186 2842 4240 reddere
2881 4200 3102 4256 propter
3148 4189 3399 4248 timorem

1809 4264 1903 4330 Dei
1937 4275 2174 4330 studiose
2209 4276 2430 4330 curetis.
2474 4275 2606 4330 Nam
2637 4288 2846 4348 certum
2889 4288 2973 4332 est
3017 4280 3270 4350 quoniam
3303 4279 3396 4349 qui

1810 4367 1979 4432 Deum
2022 4367 2354 4434 exhaeredat,
2399 4366 2481 4422 vel
2512 4356 2770 4424 ecclesias
2817 4367 2933 4439 ejus
2962 4370 3013 4424 in
3057 4371 3160 4426 hac
3194 4372 3323 4438 vita,
3355 4372 3398 4425 si

1738 4467 1783 4522 D
1810 4461 1927 4516 sine
1956 4461 2274 4530 poenitentia
2317 4467 2372 4514 et
2413 4460 2793 4516 emendatione
2844 4462 3095 4525 moritur,
3155 4477 3188 4528 a
3239 4477 3400 4532 regno

1807 4551 1904 4607 Dei
1943 4554 2323 4607 exhacredatur
2376 4554 2428 4606 in
2495 4552 2674 4606 futura
2703 4553 2836 4606 vita.
2867 4552 3225 4622 Omnipotens
3258 4553 3399 4607 Deus

1808 4644 1888 4702 sic
1913 4660 2006 4699 vos
2035 4647 2124 4700 det
2155 4647 2270 4700 haec
2311 4653 2366 4698 et
2394 4644 2498 4698 alia
2542 4644 2682 4699 bona
2724 4645 2776 4698 in
2808 4646 2910 4699 hoc
2935 4645 3130 4699 saeculo
3161 4645 3394 4714 operari,

1807 4747 1868 4794 ut
1907 4754 2002 4812 vos
2025 4738 2192 4795 faciat
2221 4741 2286 4812 de
2323 4738 2480 4793 beata
2510 4738 2874 4795 retributione
2904 4740 2957 4793 in
2987 4747 3252 4792 aeternum
3280 4736 3396 4808 glo-

1808 4835 1887 4892 ria
1897 4836 1965 4890 ri.

2319 4925 2657 5002 EPISTOLA
2694 4923 2887 4988 XXIV.

1880 5035 2105 5076 ANSELMI
2143 5035 2211 5074 AD
2250 5023 2534 5094 110οε11⁵11111
2571 5030 2969 5088 ΝΟΒΤΗΙᾹΝΝΙᾷ
3019 5030 3322 5092 ΡΒΙΝΟΠἚΠ.

1882 5113 1990 5166 Sno
2018 5111 2257 5176 domino,
2301 5120 2355 5166 et
2387 5111 2554 5166 totius
2593 5106 3000 5181 Northmannlze
3028 5108 3257 5180 principi
3288 5109 3398 5167 lio-

1808 5219 2019 5270 nsnro,
2069 5205 2349 5258 AnssLuus
2404 5218 2592 5258 servus
2646 5201 2902 5273 Ecclesiae
2950 5201 3391 5270 Carduariensis,

1811 5296 1965 5366 fidele
1997 5294 2275 5350 servitium
2308 5308 2427 5347 cum
2466 5292 2824 5348 orationibus.

1883 5386 2126 5454 Qualiter
2191 5386 2420 5440 domnus
2481 5384 2798 5442 Guillelmus
2851 5385 3055 5442 electus
3110 5385 3396 5456 episcopus

1809 5479 2203 5562 Wintuniensis
2230 5477 2298 5532 de
2339 5478 2531 5548 Anglia
2557 5480 2768 5545 exierit,
2814 5494 2918 5534 11011
2966 5487 3049 5535 est
3094 5494 3231 5550 opus
3257 5480 3397 5534 scri-

1809 5559 1986 5650 bemo
2007 5573 2292 5628 ostendere
2329 5571 2582 5642 quoniam
2608 5559 2707 5643 per
2745 5573 2917 5641 ipsum
2945 5581 3000 5627 et
3023 5587 3119 5642 per
3142 5572 3277 5627 alios
3305 5571 3398 5642 qui

1813 5682 1926 5723 rem
1979 5667 2147 5736 ipsam
2199 5672 2532 5735 cognoscunt
2568 5661 2813 5732 poteritis
2851 5661 3083 5718 discere.
3119 5659 3225 5717 Sed
3257 5677 3396 5733 quo—

1811 5760 1957 5839 niam
1990 5760 2055 5814 ad
2107 5775 2191 5813 me
2223 5756 2456 5813 maxime
2495 5755 2734 5828 pertinet
2778 5753 2856 5809 illi
2903 5753 3308 5826 eompatiendo,
3337 5759 3395 5808 et
