3946 6306
573 307 681 365 215

1111 319 1170 368 b.
1211 315 1512 367 AIVbELMl
1538 315 1711 368 DAN]
1729 315 1887 369 bAR.
1918 311 2236 376 ARCHIEP.
2265 314 2413 372 OPP.
2445 315 2624 372 PARS
2657 315 2742 372 Ill.
2777 346 2844 356 —
2882 313 3258 374 EPISTOLIE.

3748 310 3845 370 216

577 440 676 492 per
711 439 797 478 me
831 438 885 478 et
914 441 1010 494 per
1058 425 1212 488 alios,
1256 432 1515 494 quantum
1545 438 1786 494 possum,
1818 425 1957 481 sicut
1988 425 2157 483 debeo
2185 429 2232 486 A
2257 443 2379 483 nem
2428 437 2482 484 et
2537 428 2940 494 remissionem,
2999 437 3056 483 et
3102 427 3410 482 orationum
3458 440 3719 484 mearum
3746 467 3764 493 ,
3805 411 3842 481 si

574 514 886 580 subvenire,
908 531 1100 586 precor
1123 514 1497 572 celsitudinem
1526 525 1760 570 vestram
1791 516 1834 571 si
1861 516 1988 586 quid
2014 518 2155 588 apud

573 617 692 657 eam
722 605 872 660 valeo
897 607 1037 676 quod
1068 607 1259 662 deceat
1292 606 1608 676 impetrare,
1633 617 1896 678 quatenus
1925 609 1976 663 in
2006 608 2155 666 vobis

572 696 713 751 sicut
745 697 905 752 homo
933 708 1112 754 vester
1139 709 1195 753 et
1235 700 1376 754 sicut
1401 699 1478 753 illi
1516 700 1841 771 cognoscitis
1878 701 2156 772 expedire,

571 788 830 845 auxilium
859 799 915 846 et
943 792 1234 847 consilium
1262 807 1383 846 cum
1407 808 1592 849 amore
1615 793 1873 849 inveniat.

1090 905 1426 962 EPISTOLA
1467 906 1638 962 XXV.

633 1011 864 1051 ΑΝεεωίι
916 1012 984 1050 ΔΙ)
1025 1012 1369 1055 ϐυιιιειιιυιι
1410 1014 1872 1056 ΒΟΤΗΟΙΔΟΕΝεΕΙ
1909 1015 2100 1056 Ληουι-

1210 1085 1524 1126 Εριεοορυιί.

649 1157 882 1212 Domino
920 1167 975 1214 et
1013 1159 1164 1215 Patri
1193 1160 1528 1232 Gurusruo,
1574 1165 1864 1220 revereudo
1891 1162 2160 1233 archiepi-

571 1260 738 1316 scopo
765 1246 1211 1322 Rothomagensi,
1233 1254 1516 1310 Ansnwus
1537 1270 1726 1310 servus
1748 1254 1999 1310 Ecclesia:
2025 1253 2166 1311 Can-

573 1345 888 1411 tuariensis,
921 1347 1108 1402 ﬁdeles
1139 1348 1415 1405 orationes
1441 1366 1565 1406 cum
1605 1351 1849 1406 servitio.

643 1436 777 1491 Cum
818 1453 1032 1508 semper
1055 1441 1295 1510 gaudere
1323 1451 1376 1496 et
1407 1442 1517 1498 Deo
1551 1444 1755 1512 gratias
1779 1457 1940 1515 agere
1971 1443 2166 1498 debea-

576 1542 717 1592 mus,
745 1529 959 1598 quoties
993 1545 1179 1586 servos
1219 1531 1313 1586 Dei
1350 1531 1576 1602 gloriam
1611 1533 1793 1587 mundi
1839 1548 1937 1602 pro
1966 1532 2165 1588 Christi

579 1635 766 1676 amore
793 1630 1139 1678 contemnere
1183 1623 1449 1690 videmus,
1495 1639 1598 1680 nec
1649 1624 1756 1680 ulla
1792 1625 2047 1680 violentia
2075 1631 2169 1679 aut

572 1712 954 1770 blandimentis
981 1730 1012 1768 a
1041 1715 1368 1770 rectitudine
1414 1731 1573 1786 posse
1611 1717 1877 1788 separari,
1908 1725 2034 1772 tunc
2055 1717 2163 1771 uti-

571 1819 677 1873 que
703 1805 804 1860 hoc
833 1807 1067 1861 maxime
1091 1805 1272 1863 facere
1309 1808 1588 1876 debemus,
1621 1824 1743 1864 cum
1773 1809 1826 1862 in
1852 1807 1974 1863 ﬁliis
1999 1816 2054 1863 et
2083 1807 2158 1863 fa-
2188 1783 2236 1844 Β

568 1895 872 1952 miliaribus
899 1899 1103 1954 nostris
1133 1899 1238 1953 hoc
1269 1899 1649 1970 cognoscimus
1684 1899 1919 1971 operari.
1946 1899 2159 1967 Quanta

570 1998 752 2045 autem
776 1992 999 2056 virtute,
1029 2003 1230 2062 quanta
1257 1994 1563 2049 constantia
1591 1994 1820 2051 domnus
1844 1995 2160 2052 Guillelmus

570 2080 714 2137 ﬁlius
741 2092 942 2149 vester,
975 2093 1026 2138 et
1067 2085 1243 2154 gratia
1279 2095 1459 2140 vestra
1505 2095 1706 2149 noster,
1739 2102 1896 2157 quem
1937 2087 2158 2142 canoni-

571 2186 696 2226 cum
728 2184 783 2227 et
809 2174 1075 2229 decanum
1122 2173 1380 2230 Ecclesiae
1413 2185 1604 2230 vestrae
1633 2175 1862 2232 electum
1905 2174 2161 2231 canonice

574 2265 888 2337 episcOpum
917 2267 1316 2325 Wintoniensis
1343 2269 1600 2326 Ecclesiae
1650 2270 1809 2326 nobis
1839 2267 2161 2325 charitative

571 2359 946 2424 concessistis,
996 2361 1461 2416 consecrationem
1511 2361 1578 2416 ab
1627 2361 1695 2418 iis
1741 2377 1772 2416 a
1802 2361 1998 2432 quibus
2039 2375 2159 2416 eam

572 2448 713 2505 sicut
755 2449 1083 2507 offerebatur
1117 2453 1358 2522 recipere
1404 2468 1514 2509 non
1545 2453 1740 2508 debeat
1774 2453 2058 2523 respuerit,
2105 2461 2163 2510 et

572 2542 846 2608 quomodo
872 2553 1093 2613 propter
1125 2542 1227 2599 hoc
1256 2544 1417 2599 rebus
1449 2543 1564 2600 suis
1585 2543 1846 2614 spoliatus
1872 2553 1926 2600 et
1953 2544 2020 2600 de
2045 2543 2161 2599 An-

573 2634 680 2704 glia
705 2636 957 2707 expulsus
997 2637 1089 2703 sit,
1118 2636 1317 2692 nullius
1355 2638 1561 2708 scripto
1603 2637 1798 2693 melius
1851 2653 2013 2708 quam
2043 2636 2161 2706 ejus

573 2725 697 2782 viva
731 2742 880 2793 voce,
910 2735 966 2783 et
989 2743 1176 2784 eorum
1214 2729 1454 2799 quicum
1480 2727 1594 2795 illo,
1633 2728 1850 2799 quando
1875 2728 1990 2784 haec
2019 2727 2159 2784 facta

573 2825 723 2883 sunt,
769 2816 1076 2882 adfuerunt.
1124 2819 1426 2890 paternitas
1448 2828 1630 2876 vestra
1657 2835 1986 2891 cognoscere
2011 2828 2163 2889 pote-

571 2910 668 2964 rit.
700 2909 830 2978 Quae
853 2926 958 2974 res,
988 2920 1251 2982 quantum
1283 2912 1336 2967 in
1367 2911 1484 2982 ipso
1513 2919 1618 2978 est,
1652 2920 1758 2966 tam
1788 2910 2000 2966 fortiter
2019 2909 2160 2966 facta

571 3012 679 3069 est,
698 3013 917 3074 tamque
941 3005 1148 3074 patenti
1173 3005 1458 3061 honestate
1479 3019 1538 3061 se
1557 3003 1869 3060 manifestat
1886 3013 1944 3059 ut
1965 3003 2162 3060 nullius

572 3095 840 3151 relatione
878 3097 946 3150 ad
978 3096 1191 3152 laudem
1220 3095 1337 3166 ejus
1365 3097 1547 3168 augeri
1578 3098 1767 3154 valeat.
1802 3098 2158 3168 Quapropter,
2193 3138 2236 3198 α

574 3189 825 3260 quamvis
876 3198 1062 3244 nostra
1105 3204 1265 3260 prece
1308 3190 1593 3261 prudentia
1619 3200 1800 3247 vestra
1845 3205 1957 3247 non
1985 3199 2163 3263 egeat,

578 3288 760 3335 tamen
790 3295 857 3336 ex
890 3281 1066 3337 cordis
1097 3280 1429 3336 abundantia
1455 3281 1684 3337 obsecro
1706 3291 1766 3337 ut
1789 3297 1911 3338 eum
1937 3282 2165 3353 benigne

573 3369 718 3424 sicut
754 3369 923 3426 ﬁlium
964 3380 1204 3428 vestrum
1250 3381 1306 3426 et
1350 3387 1528 3428 meum
1556 3388 1654 3444 pro
1673 3371 1884 3442 justitia
1912 3373 2164 3428 exsulan-

577 3468 688 3514 tem
724 3462 1012 3532 suscipiat,
1041 3471 1204 3534 atque
1232 3475 1354 3517 cum
1386 3478 1573 3519 amore
1601 3471 1656 3517 et
1688 3463 1895 3518 honore
1932 3463 1980 3517 ei
2007 3462 2163 3517 auxi-

575 3551 709 3608 lium
739 3569 899 3610 suum
937 3564 993 3610 et
1018 3557 1328 3622 consilium,
1376 3556 1466 3612 ubi
1518 3569 1608 3612 res
1652 3555 1853 3623 exiget,
1886 3553 2159 3609 exhibeat.

575 3643 712 3701 Aliis
741 3661 954 3717 quoque
1003 3647 1148 3716 quod
1176 3647 1242 3702 ab
1271 3646 1366 3702 illo
1395 3647 1462 3702 de
1509 3647 1614 3702 hac
1654 3661 1714 3702 re
1742 3645 2044 3700 reverentia
2073 3658 2167 3700 ve-

576 3748 694 3792 stra
737 3739 944 3804 audiet,
973 3753 1167 3796 secure
1205 3754 1304 3810 pro
1342 3739 1570 3795 veritate
1598 3745 1849 3804 testetur,
1883 3745 1940 3792 et
1977 3752 2071 3792 eos
2096 3735 2167 3792 ad

576 3829 697 3899 ejus
732 3844 974 3886 amorem
1021 3839 1078 3885 et
1113 3831 1374 3887 honorem
1422 3830 1564 3886 sicut
1598 3830 1799 3886 meruit
1825 3829 2164 3885 exhortetur.

572 3921 778 3981 Valete.

1092 4015 1427 4072 EPISTOLA
1466 4013 1658 4070 XXVI.

841 4125 1064 4166 ANSELII
1099 4126 1168 4165 AD
1207 4123 1655 4166 ROGERlUﬂ-SUUI
1694 4122 1918 4164 Δὶίιϐυὶί.

647 4203 955 4269 Assswus,
1005 4202 1476 4272 archiepiscopus.
1530 4198 1704 4255 amico
1758 4212 1858 4255 suo
1900 4197 2164 4268 Rocstuo,

578 4294 809 4349 salutem
838 4293 1380 4350 et’benedictionem.

649 4372 820 4457 Vulgo
846 4384 985 4440 solet
1021 4383 1126 4440 dici
1173 4385 1299 4455 quia
1329 4382 1557 4447 amicus,
1607 4381 1756 4436 velut
1811 4379 2075 4446 medicus,
2107 4379 2164 4435 in

577 4479 904 4534 necessitate
925 4477 1208 4548 probatur.
1243 4474 1358 4531 Hoc
1389 4475 1510 4531 ideo
1535 4475 1658 4530 dico
1686 4473 1813 4544 quia
1837 4472 1883 4528 si
1913 4487 2042 4528 vera
2065 4470 2166 4527 fuit

580 4570 819 4625 amicitia
846 4585 1009 4640 quam
1031 4568 1234 4624 domno
1261 4565 1551 4623 Guillelmo
1597 4567 1771 4622 electo
1817 4567 2069 4636 episcopo
2108 4565 2164 4621 in

575 4663 937 4734 prosperitate
984 4662 1334 4730 ostendistis,
1384 4676 1531 4716 nunc
1573 4661 1872 4732 apparebit,
1931 4668 1987 4714 et
2012 4675 2166 4716 amor

577 4756 683 4810 erit
710 4756 1051 4811 constantior
1095 4753 1217 4828 [al.,
1251 4752 1425 4823 major
1467 4753 1571 4809 erit
1609 4762 1663 4807 et
1707 4750 2066 4826 constantior]
2111 4753 2164 4808 in

580 4845 774 4915 majori
799 4846 1144 4902 necessitate.
1173 4844 1256 4900 Ad
1287 4843 1430 4914 quod
1461 4843 1505 4900 si
1528 4857 1720 4914 preces
1751 4852 1948 4899 nostrae
1971 4851 2026 4897 et
2048 4858 2164 4898 mo-

576 4939 714 4994 nitio
745 4948 934 4993 nostra
961 4935 1116 4992 bona:
1148 4935 1412 4991 voluntati
1453 4943 1649 4990 vestrae
1695 4944 1922 5005 possunt
1962 4933 2165 5004 aliquid

580 5030 801 5094 addere,
846 5029 1074 5083 obsecro
1107 5035 1168 5080 ut
1207 5035 1427 5097 propter
1470 5027 1810 5082 honestatem
1840 5033 2077 5081 vestram
2110 5032 2167 5079 et

577 5131 802 5194 propter
838 5133 1078 5175 amorem
1115 5127 1358 5174 vestrum
1388 5119 1441 5173 in
1485 5119 1551 5174 iis
1577 5133 1698 5189 qua:
1729 5119 1992 5173 hactenus
2027 5117 2167 5172 bene

577 5226 636 5272 et
674 5215 930 5282 ﬁdeliter,
959 5211 1108 5269 illum
1137 5213 1442 5283 adjuvando
1474 5213 1678 5270 fecistis
1721 5229 1828 5268 non
1873 5209 2162 5274 deﬁciatis,

577 5309 673 5368 sed
702 5317 906 5381 quanto
949 5309 1120 5379 magis
1146 5308 1292 5364 illum
1331 5310 1571 5380 indigere
1599 5309 1841 5372 cernitis,
1871 5317 2021 5362 tanto
2052 5315 2166 5361 stu-

579 5403 787 5460 diosius
816 5403 1152 5459 strenuitatis
1199 5413 1393 5460 vestra:
1425 5401 1683 5457 auxilium
1731 5399 1805 5453 illi
1844 5398 2161 5454 exhibeatis.

577 5492 743 5568 5.34
781 5495 933 5563 Quod
958 5495 1003 5552 si
1035 5493 1293 5560 feceritis,
1317 5503 1373 5550 et
1393 5511 1478 5550 me
1509 5495 1742 5549 amicqu
1770 5501 2009 5545 vestrum
2034 5490 2166 5545 ami-

577 5599 781 5657 ciorem
820 5600 972 5656 vobis
1004 5600 1264 5667 reddetis,
1299 5606 1351 5652 et
1387 5597 1680 5652 amicitiam
1718 5602 1954 5650 vestram
1989 5589 2165 5647 omni-

573 5693 677 5749 bus
705 5711 894 5752 veram
923 5707 1043 5751 esse
1061 5691 1383 5750 ostendetis.
1411 5689 1617 5744 Valete.
1646 5687 1998 5759 Omnipotens
2021 5686 2163 5742 Deus

577 5787 780 5844 tribuat
824 5787 922 5843 tibi
969 5785 1212 5841 omnium
1247 5790 1596 5855 peccatorum
1621 5790 1839 5840 tuorum
1864 5778 2161 5837 absolutio—
2209 5837 2214 5843 _

2257 520 2385 589 quid
2421 518 2618 586 valent,
2652 519 2705 573 in
2732 533 2857 572 vera
2885 517 3151 572 charitate
3183 515 3687 587 participationem.

2753 605 3088 663 EPISTOLA
3128 605 3340 662 XXVII.

2293 717 2514 758 ANSELMI
2557 717 2622 755 AD
2665 717 2914 757 ιιΑιειιωί
2953 714 3490 756 WATEBFORDIENSEI
3527 713 3839 756 εριεεονσκ.

2329 795 2631 859 Ακεεωωε,
2685 792 3124 864 archiepiscopus
3183 792 3519 860 Cautuariaa,
3573 791 3766 848 amico
3803 803 3842 847 et
3891 789 3894 810 ⁵

2261 887 2579 957 coepiscopo
2597 885 2819 941 MALCHO
2836 883 3306 952 Waterfordiensi,
3329 884 3566 940 salutem
3596 893 3664 940 et
3700 885 3843 941 bene-

2262 977 2570 1034 dictionem.

2332 1070 2525 1125 Audivi
2562 1069 2704 1140 quod
2731 1069 2960 1125 domnus
2991 1067 3212 1124 Samuel
3242 1067 3534 1139 episcopus
3556 1065 3844 1122 Dublinea-

2263 1163 2339 1219 sis
2368 1161 2659 1218 monachos
2685 1161 2928 1218 ecclesias
2967 1161 3210 1217 Dublina:
3247 1169 3342 1215 aut
3381 1158 3539 1216 nulla
3568 1169 3680 1215 aut
3705 1175 3842 1230 pam
3891 1227 3896 1242 '

2265 1261 2552 1317 occasione
2581 1260 2746 1328 ejicit,
2784 1275 2885 1315 nec
2918 1274 3018 1330 pro
3049 1258 3154 1314 ulla
3190 1257 3595 1324 satisfactione,
3636 1257 3759 1313 vult
3785 1275 3848 1312 re-

2267 1355 2468 1424 cipere,
2495 1362 2548 1408 et
2587 1354 2714 1422 quia
2752 1361 2943 1407 contra
2971 1351 3414 1408 consuetudinem
3452 1364 3700 1405 crucem
3743 1349 3846 1404 facit

2267 1445 2468 1516 gestari
2504 1455 2628 1500 ante
2655 1459 2714 1500 se
2743 1444 2796 1498 in
2825 1443 3040 1508 itinere,
3079 1451 3133 1498 et
3159 1443 3286 1512 quia
3319 1457 3408 1497 res
3433 1441 3710 1496 ecclesia:
3734 1440 3846 1495 illius

2269 1536 2338 1592 ab
2359 1535 2762 1606 archiepiscopo
2790 1534 3094 1589 Lanfranco
3114 1535 3267 1588 datas
3291 1533 3437 1588 velut
3465 1531 3748 1603 proprias
3767 1531 3848 1586 dit-

2271 1629 2480 1686 tribuit.
2524 1629 2600 1682 De
2647 1628 2713 1682 iis
2737 1627 2987 1682 omnibus
3016 1625 3089 1680 illi
3119 1633 3334 1680 nostras
3356 1623 3519 1678 mitto
3555 1622 3849 1688 litteras,et

2268 1719 2467 1791 populo
2497 1717 2733 1787 ejusdem
2762 1716 2994 1772 civitatis
3024 1717 3242 1781 mando,
3275 1723 3332 1770 ut
3356 1713 3764 1784 praedictarum
3787 1727 3848 1766 re-

2262 1825 2382 1866 rum
2405 1808 2836 1864 distributionem
2876 1807 3180 1878 prohibeat.
3233 1805 3298 1860 Et
3325 1804 3598 1875 quoniam
3635 1821 3752 1859 non
3788 1805 3847 1857 in-

2261 1901 2418 1959 venio
2447 1916 2542 1973 per
2567 1915 2726 1972 quem
2773 1900 2984 1956 litteras
3029 1908 3243 1955 nostras
3280 1898 3356 1953 illi
3397 1898 3592 1967 aptius
3629 1898 3847 1959 mittam.

2261 2009 2455 2066 precor
2484 1993 2880 2049 fraternitatem
2912 2000 3173 2056 vestram,
3205 1997 3473 2060 quatenus
3505 2003 3616 2044 eas
3670 1988 3749 2042 illi
3783 2001 3851 2057 per

2261 2085 2600 2157 praesentiam
2627 2092 2858 2140 vestram
2903 2081 3232 2146 exhibeatis;
3266 2091 3319 2134 et
3361 2094 3485 2134 eum
3521 2079 3844 2134 charitatire

2261 2179 2381 2234 viva
2412 2193 2544 2233 voce
2577 2185 2636 2232 ut
2662 2174 2944 2230 monitioni
2981 2181 3181 2228 nostra:
3221 2187 3382 2242 quam
3433 2169 3514 2225 illi
3575 2171 3848 2226 scribimus

2261 2284 2541 2328 assensum
2573 2269 2810 2343 praebeat
2839 2266 3075 2339 rogando
3104 2273 3160 2321 et
3185 2264 3525 2322 consulendo
3570 2265 3845 2323 moneatis.

2263 2360 2474 2420 Valete.

2749 2446 3082 2505 EPISTOLA
3123 2444 3357 2502 XXVIII.

2331 2562 2556 2604 ANSELHI
2592 2561 2662 2601 AD
2699 2557 3041 2601 ουιιιιειιιωι
3089 2554 3564 2597 ROTHOILGENSEI
3604 2557 3794 2598 AnLrIl‘

2902 2627 3212 2670 EPISCOPUH.

2338 2732 2567 2790 Domino
2605 2739 2660 2786 et
2688 2728 2839 2785 Patri
2868 2726 3167 2783 reverendo
3201 2722 3623 2794 archiepiscopo
3665 2726 3842 2780 Rotbo-
3891 2743 3896 2784 ε

2263 2823 2504 2894 magensi
2524 2821 2857 2887 Genusum,
2884 2819 3190 2884 Asssuus,
3219 2829 3412 2872 servus
3432 2812 3715 2872 Ecclesiae
3739 2815 3842 2871 Can-

2265 2915 2574 2981 tuariensis,
2606 2915 2750 2984 quod
2774 2910 2914 2982 patri
2946 2910 3108 2966 ﬁlius.

2336 3007 2591 3075 Quamvis
2637 3005 2885 3062 dominus
2921 3003 3096 3060 Guido
3135 3001 3275 3057 lator
3322 3002 3694 3072 praesentium
3741 3001 3838 3057 olis

2267 3101 2424 3156 nobis
2445 3108 2502 3154 ut
2524 3098 2743 3155 domino
2766 3107 2820 3153 et
2844 3095 2984 3168 patri
3023 3093 3276 3151 familiari
3303 3093 3519 3157 notitia,
3555 3103 3620 3149 ut
3650 3096 3750 3159 ait,
3772 3093 3838 3146 ad—

2268 3190 2507 3257 hzeserit,
2546 3198 2724 3244 tamen
2767 3187 2894 3258 quia
2947 3187 3096 3242 novit
3139 3193 3346 3255 quanta
3390 3184 3540 3238 inter
3567 3199 3675 3239 vos
3702 3194 3756 3238 et
3781 3196 3840 3236 me

2266 3289 2454 3335 mutua
2481 3279 2552 3334 sit
2585 3277 2823 3344 dilectio,
2874 3275 3072 3331 nostris
3100 3273 3296 3329 litteris
3343 3281 3544 3328 vestrae
3585 3288 3840 3328 commea-

2253 3373 2382 3439 .dari
2422 3372 2558 3442 petit
2604 3369 2899 3426 sanctitati.
2947 3366 3095 3423 Sciat
3140 3365 3304 3438 igitur
3325 3374 3507 3420 vestra
3557 3368 3843 3434 paternus

2265 3464 2393 3535 quia
2414 3478 2539 3518 cum
2570 3472 2755 3517 nostra
2787 3457 3025 3515 amicitia
3054 3467 3109 3512 et
3135 3455 3355 3512 licentia
3397 3454 3545 3510 redit
3572 3456 3647 3511 de
3672 3455 3840 3523 Anglia

2265 3554 2320 3611 in
2360 3553 2808 3610 Northmanniam
2833 3551 2900 3605 ad
2937 3564 3091 3606 suam
3134 3546 3454 3603 Ecclesiam.
3480 3545 3648 3613 Quod
3677 3558 3843 3618 praetr

2266 3655 2328 3701 ut
2352 3646 2494 3716 apud
2536 3658 2888 3714 quoscunque
2920 3657 3055 3711 opus
3083 3639 3247 3695 fuerit
3273 3650 3456 3695 vestra
3491 3648 3742 3693 testetur
3769 3654 3842 3690 au—

2265 3723 2511 3794 claritas.
2538 3734 2738 3790 Precor
2766 3733 2930 3788 etiam
2953 3740 3012 3786 ut
3036 3731 3127 3786 ubi
3155 3737 3341 3786 vestro
3365 3729 3600 3785 consilio
3630 3739 3696 3785 et
3719 3729 3844 3784 auri-

2265 3831 2339 3888 lio
2367 3830 2595 3902 eguerit,
2625 3828 2920 3884 secundum
2968 3827 3111 3898 quod
3140 3835 3378 3882 vestram
3409 3825 3570 3881 decet
3598 3841 3842 3881 reveren-

2268 3924 2433 3990 tiam,
2483 3921 2549 3977 ad
2599 3919 2827 3978 salutem
2877 3919 3072 3975 animae
3116 3933 3228 3975 suae
3254 3924 3568 3990 promptum
3598 3917 3840 3974 inveniat

2269 4013 2474 4071 Valete.

2777 4099 3114 4158 EPISTOLA
3159 4099 3354 4157 XXIX.

2544 4209 2770 4252 ANSILIII
2807 4211 2876 4250 AD
2913 4209 3231 4252 GONDULFUI
3267 4207 3588 4249 EPISCOPUI.

2342 4290 2656 4356 Ansssuus,
2706 4287 3148 4360 archiepiscopus
3173 4326 3192 4355 ,
3251 4285 3552 4342 reverendo
3604 4285 3845 4356 episeopa

2267 4382 2575 4452 Gonnusro,
2603 4382 2854 4439 salutem.

2195 4506 2245 4567 ο
2338 4477 2534 4567 Notum
2580 4477 2652 4533 sit
2697 4475 2975 4532 dilectioni
2999 4483 3204 4567 vestra:
3229 4474 3377 4547 quod
3409 4473 3590 4543 gratia
3646 4473 3751 4530 Dei
3777 4486 3848 4525 τοι

2270 4569 2400 4626 stris
2423 4566 2840 4640 suffragantibus
2872 4566 3210 4623 orationibus
3251 4580 3418 4621 sanus
3445 4579 3569 4620 sum
3598 4574 3665 4619 et
3699 4574 3850 4632 usque

2270 4663 2337 4719 ad
2366 4662 2652 4720 Carrotum
2678 4660 2905 4717 Romam
2937 4661 3162 4716 tendens
3184 4659 3304 4716 sine
3327 4657 3756 4729 perturbatione
3779 4653 3851 4711 iri.

2271 4757 2388 4826 Quo
2415 4771 2536 4812 cum
2562 4755 2953 4826 pervenissem,
2975 4762 3032 4808 et
3053 4768 3085 4809 a
3106 4752 3171 4807 D.
3194 4751 3490 4817 comitissa,
3517 4759 3576 4805 et
3601 4751 3853 4822 episcopo

2269 4847 2566 4904 honoriﬁce
2593 4854 2877 4916 susceptus
2913 4845 3157 4911 fuissem,
3190 4844 3372 4900 mirati
3417 4850 3550 4899 sunt
3583 4843 3748 4913 quod
3779 4836 3853 4894 υἱ

2270 4942 2322 4997 in
2352 4950 2596 5013 tempore
2626 4950 2734 4995 tam
2760 4938 3123 5010 periculosum
3159 4937 3265 4992 iter
3297 4935 3688 5008 peragendum
3733 4932 3852 4989 arri-
3897 4932 3899 5026 ξ

2268 5033 2528 5104 puissem.
2567 5032 2987 5087 Aﬂirmaverunt
3015 5029 3283 5100 siquidem
3319 5027 3464 5100 quod
3490 5042 3598 5082 nec
3625 5025 3856 5082 Roma!

2267 5125 2455 5182 videre
2494 5125 2538 5181 si
2579 5133 2816 5194 coeptum
2853 5124 2957 5179 iter
3007 5131 3269 5188 tenerem,
3311 5134 3414 5176 nec
3462 5118 3736 5189 ulterius,
3768 5129 3859 5190 pr:

2268 5216 2436 5273 nimia
2466 5215 2567 5271 loci
2600 5215 2914 5272 inﬁrmitate
2959 5213 3154 5270 caloris
3189 5212 3438 5283 angustia
3483 5211 3683 5265 redire
3733 5208 3862 5263 vah-

2269 5324 2405 5364 rem.
2433 5309 2568 5365 Tale
2595 5322 2912 5380 quocunque
2959 5321 3080 5363 esse
3115 5306 3218 5362 hoc
3249 5306 3302 5360 in
3338 5315 3588 5373 tempore
3631 5319 3741 5358 me
3777 5303 3863 5356 ita

2269 5417 2452 5473 agere,
2487 5419 2551 5459 ac
2580 5403 2625 5460 si
2658 5403 2789 5458 mihi
2818 5403 3048 5459 licenter
3079 5409 3310 5457 mortem
3336 5396 3532 5454 vellera
3563 5399 3863 5454 asciscere.

2268 5496 2509 5553 Consilio
2596 5497 2778 5567 itaque
2839 5511 3027 5551 eorum
3112 5503 3168 5549 et
3235 5491 3474 5548 omnium
3548 5489 3863 5545 auricon

2267 5604 2512 5645 meorum
2553 5589 2607 5644 in
2639 5597 2852 5659 tempus
2883 5602 3182 5659 congruum
3210 5586 3316 5642 iter
3336 5579 3609 5654 agendum
3653 5580 3864 5640 distuli,

2267 5693 2325 5740 et
2351 5683 2404 5740 in
2433 5681 2826 5737 Northmaunia
2851 5690 3262 5754 exspectaturus
3281 5678 3512 5733 Beccum
3548 5673 3730 5730 redii.
3776 5672 3865 5726 De-

2267 5780 2380 5835 bita
2405 5777 2570 5837 ῑπῑιιιι·
2596 5780 2721 5825 mea
2745 5782 2869 5841 qua}
2894 5773 2950 5830 in
2981 5773 3168 5844 Anglia
3199 5769 3388 5837 debeo,
3413 5782 3610 5838 precor
3635 5775 3710 5821 et
3737 5761 3867 5820 mul-
