3946 6306
206 364 312 421 Si?

1428 368 1543 426 LIB.
1583 369 1672 435 IV,
1696 368 1913 426 EPIST.
1938 371 2146 428 XXXII.

3366 355 3471 417 2I8

210 492 327 538 tum
371 498 565 553 precor
598 492 656 538 ιιι
684 480 931 548 solvatis,
978 493 1033 539 et
1088 485 1353 554 reliquum
1408 486 1550 556 quod
1593 486 1793 542 trahere
1822 470 1868 527 Α
1899 486 2041 541 fectu
2075 486 2357 556 gaudeam,
2396 494 2451 542 et
2481 497 2533 541 tu
2565 487 2631 542 de
2673 502 2793 543 mea
2828 484 3008 540 laetitia
3042 480 3298 554 gaudeas.
3318 477 3470 535 Vale.

208 576 441 645 potestis
483 576 549 630 de
588 576 723 630 meis
760 574 1061 630 redditibus
1087 589 1181 644 per
1204 574 1529 630 Ansfredum
1558 592 1790 645 praesen-

213 676 323 722 tem
375 670 621 722 nuntium
668 684 830 738 quam
881 669 1042 723 citius
1092 669 1319 739 potestis
1360 669 1491 723 tnilti
1545 670 1791 725 mittatis.

211 754 550 813 Solutionem
596 758 901 814 Romescoti
937 773 1107 829 usque
1142 759 1209 812 ad
1263 758 1460 813 festum
1493 759 1664 815 sancti
1696 760 1795 815 Mi-

209 849 417 905 chaelis
439 848 651 903 differre
672 852 917 919 potestis.
940 849 1291 920 Eleemosyna
1313 864 1443 905 vero
1467 866 1532 904 ne
1558 851 1795 922 aliquam

212 942 492 1011 penuriam
525 942 781 1011 patiatur,
831 942 1120 1012 prudentia
1152 951 1331 997 vestra
1373 943 1634 1012 invigilet.
1687 943 1797 1000 Go-

212 1034 422 1090 defrido
454 1035 520 1089 de
547 1034 823 1104 Mellinges
852 1035 1014 1091 dicite
1046 1045 1105 1089 ut
1126 1035 1410 1092 Guillelmo
1441 1037 1548 1091 ﬁlio
1575 1054 1671 1093 suo
1703 1038 1795 1095 det

208 1140 281 1182 xx
334 1127 530 1181 solidos
575 1128 939 1182 denariorum.
992 1126 1279 1184 Cuillelmo
1335 1130 1444 1184 ﬁlio
1496 1129 1683 1186 Hionis
1722 1148 1793 1186 xx

208 1231 425 1271 marcas
452 1217 685 1288 argenti,
717 1226 771 1273 et
800 1217 1011 1274 Albrito
1042 1234 1078 1272 tt
1115 1218 1181 1272 ad
1228 1219 1574 1274 festivitatem
1608 1220 1664 1275 S.
1696 1220 1795 1275 Mi-

203 1306 410 1361 chaelis
435 1307 651 1363 dabitis.
689 1306 854 1364 Orate
882 1324 978 1378 pro
1006 1325 1091 1364 me
1136 1316 1193 1364 ut
1239 1309 1381 1367 Deus
1420 1327 1507 1366 me
1558 1322 1613 1367 ct
1642 1322 1793 1369 actus

108 1392 123 1425 ³
204 1415 358 1454 meos
388 1401 603 1472 dirigat,
631 1412 683 1457 et
709 1403 761 1456 in
780 1402 1117 1472 beneplacito
1143 1419 1241 1459 suo
1266 1406 1331 1459 ad
1360 1406 1590 1460 salutem
1617 1422 1789 1461 meam

203 1499 262 1545 et
288 1492 530 1545 omnium
579 1492 709 1546 mihi
754 1493 1167 1548 commissorum
1219 1493 1490 1563 disponat.
1546 1492 1792 1549 Salutate

204 1581 346 1637 ﬁlios
380 1593 433 1637 et
466 1582 661 1639 fratres
702 1596 917 1640 nostros
956 1594 1156 1641 nostrae
1191 1596 1245 1640 et
1274 1594 1469 1639 vestrae
1495 1600 1792 1658 congrega-

200 1674 387 1733 tionis.

719 1768 1055 1827 EPISTOLA
1090 1769 1259 1825 XXX.

498 1880 723 1919 ANSELII
767 1879 835 1919 AD
874 1880 1189 1920 ιιΑτιιιιιιειι
1227 1879 1482 1921 REGINAI.

276 1972 606 2029 Reverendte
645 1976 879 2032 dominae
912 1993 1023 2033 sua:
1064 1976 1332 2033 MATHILDI
1367 1978 1618 2049 gloriosae
1651 1993 1789 2047 regr-

200 2081 309 2131 nze,
340 2069 627 2124 Ausauus
654 2070 1117 2141 archiepiscopus,
1148 2069 1335 2125 fideles
1362 2072 1636 2126 orationes
1662 2086 1786 2125 cum

198 2155 345 2211 ﬁdeli
377 2159 624 2224 servitio,
651 2170 707 2214 et
731 2160 1161 2217 benedictionem
1186 2160 1305 2228 Dei,
1332 2169 1389 2217 et
1414 2175 1587 2227 suam,
1617 2177 1787 2231 quan-

201 2255 311 2301 tum
344 2257 539 2318 potest.

272 2336 487 2394 Gratias
532 2355 633 2411 ago
671 2356 898 2413 magnas
941 2351 1207 2414 susceptae
1263 2352 1459 2401 vestrm
1483 2343 1784 2415 largitioni,

202 2431 296 2485 sed
326 2432 493 2487 multo
527 2435 762 2504 majores
804 2446 1007 2492 sancta:
1034 2452 1198 2507 quam
1241 2453 1369 2507 erga
1415 2452 1504 2492 me
1543 2453 1659 2491 sum
1690 2452 1790 2492 ex-

199 2532 386 2591 pertus
416 2524 715 2581 dilectioni.
749 2525 895 2594 Quas
925 2530 1183 2599 quoniam
1212 2529 1457 2600 cerporis
1488 2528 1664 2584 ofﬁcio
1687 2543 1780 2583 ne-

204 2628 345 2683 queo
367 2630 645 2687 peragere,
672 2620 853 2676 cordis
870 2619 1064 2677 at't‘ectu
1089 2621 1245 2691 cupio
1261 2621 1632 2676 indesinenter
1659 2635 1784 2690 per-

207 2705 437 2773 solvere,
466 2708 729 2778 siquidem
766 2720 1245 2782 quantumcunque
1271 2712 1340 2769 sit
1374 2711 1565 2766 Vestra
1595 2725 1786 2781 corpo-

202 2796 333 2853 ralis
358 2801 631 2868 absentia;
675 2804 939 2859 removeri
969 2816 1144 2859 tamen
1180 2804 1367 2875 nequit
1395 2819 1425 2858 a
1455 2813 1635 2859 mente
1664 2818 1784 2857 mea

200 2890 375 2946 ﬁdelis
413 2891 717 2950 dilectionis
748 2904 943 2950 vestrae
972 2896 1278 2966 prudentia.
1322 2894 1665 2966 Quapropter
1686 2896 1783 2951 de-

196 2981 505 3039 sideranter
529 3001 647 3051 oro,
692 2996 748 3042 et
794 2990 1001 3042 orando
1055 2988 1305 3044 desidero
1354 2996 1411 3044 ut
1463 2988 1604 3044 Deus
1641 2988 1784 3059 quod

198 3089 300 3146 ego
323 3091 418 3147 per
459 3094 544 3133 me
575 3094 683 3134 non
706 3081 876 3145 valeo,
908 3080 1023 3150 ipse
1053 3082 1207 3137 vobis
1250 3097 1350 3153 pro
1380 3097 1465 3137 me
1496 3082 1781 3148 retribuat,

196 3177 253 3222 et
283 3180 545 3238 quantum
603 3172 705 3227 scit
752 3174 1026 3242 expedire,
1060 3190 1211 3229 suam
1262 3190 1388 3247 erga
1423 3190 1520 3229 vos
1547 3174 1786 3230 dilectio—
1809 3184 1855 3245 ο

196 3274 323 3315 nem
363 3270 420 3316 et
463 3272 698 3318 vestram
749 3279 876 3336 erga
924 3281 982 3321 se
1029 3266 1291 3337 perﬁciat.
1332 3266 1545 3335 Quanto
1588 3266 1784 3322 aﬂ‘ectu

193 3339 419 3422 possunt
451 3364 505 3409 et
527 3366 789 3426 quantum
816 3358 880 3412 de
906 3358 1230 3413 celsitudine
1252 3368 1431 3414 vestra
1462 3359 1623 3414 audio
1647 3374 1785 3429 pra:-

192 3462 431 3516 sumere,
460 3467 668 3521 precor,
695 3453 941 3519 obsecro,
972 3457 1237 3526 supplico,
1277 3455 1511 3510 ﬁdeliter
1538 3454 1780 3521 consulo,

194 3550 256 3596 ut
289 3541 652 3599 Ecclesiarum
702 3546 906 3614 Angliae
934 3548 1053 3617 paci
1092 3557 1148 3602 et
1192 3547 1359 3617 quieti
1392 3547 1563 3618 pietas
1602 3558 1782 3601 vestra

193 3640 432 3698 studeat.
471 3648 525 3692 et
557 3639 790 3693 maxime
822 3640 947 3695 ﬁliis
975 3656 1162 3696 earum
1212 3640 1651 3696 imbecillioribus
1683 3640 1785 3694 mi-

192 3743 403 3801 nusque
450 3733 781 3802 potentibus,
832 3732 885 3788 in
924 3734 1361 3789 tribulationibus
1407 3735 1521 3790 suis
1547 3742 1601 3789 et
1627 3734 1785 3790 deso-

190 3816 503 3887 lationibus,
532 3822 688 3893 quasi
730 3822 989 3894 orphanis
1036 3823 1239 3880 Christi
1277 3824 1583 3889 subveniat,
1614 3832 1667 3879 et
1713 3824 1781 3880 ad

194 3912 603 3971 similitudinem
628 3916 950 3989 evangelica:
975 3916 1185 3988 gallinae
1208 3916 1328 3973 illos
1351 3917 1449 3973 sub
1470 3917 1569 3974 alis
1591 3917 1783 3973 doceat

190 4007 547 4076 protectionis
585 4022 696 4063 sua:
718 4008 1029 4063 consoletur
1050 4018 1105 4063 et
1131 4008 1330 4064 foveat.
1374 4007 1572 4064 Unctio
1606 4007 1781 4063 sancti

190 4097 430 4167 Spiritus
466 4113 564 4154 vos
609 4098 661 4152 in
689 4099 943 4154 omnibus
974 4101 1185 4165 doceat,
1219 4110 1275 4155 et
1302 4116 1423 4170 quas
1463 4100 1564 4156 sibi
1610 4100 1782 4171 magis

190 4187 413 4258 placent
447 4198 502 4243 et
527 4189 680 4244 vobis
707 4190 1005 4259 expediunt
1032 4192 1377 4261 persuadeat,
1409 4201 1463 4247 et
1492 4202 1615 4262 post
1648 4203 1785 4248 tem-

189 4279 381 4352 porale
408 4295 633 4345 regnum
662 4281 731 4337 ad
758 4290 1019 4336 aeternum
1047 4282 1331 4351 perducat.

696 4416 1036 4474 EPISTOLA
1076 4417 1270 4474 XXXI.

504 4526 726 4567 ANSELII
766 4529 835 4567 Αι)
873 4526 1155 4567 Διιεειιιωί
1193 4526 1466 4567 ΝΕΡΟΤΕΙ.

258 4633 565 4699 Αιιεεωιιιε,
592 4631 1052 4702 archiepiscopus,
1084 4633 1352 4700 Assumo,
1378 4646 1543 4687 carne
1573 4633 1775 4703 nepoti,

188 4724 479 4784 dilectione
531 4724 641 4780 ﬁlio
682 4740 779 4779 suo
819 4724 1160 4792 charissima,
1212 4724 1439 4781 salutem
1476 4737 1530 4779 et
1558 4725 1779 4781 benedi-

183 4819 423 4875 ctionem
458 4818 573 4883 Dei,
605 4826 660 4872 et
691 4831 868 4872 suam.

257 4909 523 4975 Quoniam
557 4908 903 4980 singulariter
933 4914 984 4963 te
1030 4908 1174 4962 inter
1217 4921 1408 4962 omnes
1449 4906 1777 4975 consangui-

185 5016 318 5060 neos
344 5019 495 5059 meos
522 5002 709 5073 diligo,
746 5014 805 5057 ut
850 5000 1106 5073 proﬁcias
1134 5015 1319 5057 coram
1362 5002 1472 5055 Deo
1507 5009 1560 5055 et
1588 5014 1774 5056 coram

180 5095 438 5152 omnibus
468 5095 737 5152 desidero.
771 5094 1113 5165 Quapropter
1137 5108 1331 5149 moneo
1359 5102 1411 5149 te
1432 5102 1486 5149 et
1516 5092 1774 5164 praecipio

185 5189 306 5257 tibi,
338 5188 480 5245 sicut
525 5188 636 5243 ﬁlio
662 5188 1037 5253 dilectissimo,
1084 5196 1352 5257 quatenus
1404 5188 1473 5242 ad
1522 5190 1625 5243 hoc
1672 5200 1773 5256 pro

183 5297 293 5353 quo
330 5290 381 5337 te
421 5282 473 5336 in
512 5280 703 5352 Anglia
740 5279 919 5335 dimisi
961 5280 1189 5336 sollicite
1224 5279 1488 5350 perﬁcere
1530 5280 1767 5347 studeas,

182 5382 238 5428 et
266 5373 469 5429 nullum
501 5385 710 5445 tempus
743 5372 794 5427 in
827 5372 1106 5429 otiositate
1139 5382 1403 5429 transeas.
1443 5374 1499 5428 In
1532 5372 1766 5427 declina-

184 5466 329 5520 tione
359 5473 413 5519 et
445 5466 646 5521 virtute
694 5464 1063 5536 grammatica:
1106 5464 1476 5533 cognoscenda
1532 5463 1769 5517 maxime

183 5558 424 5626 intende,
453 5558 505 5612 in
531 5559 840 5624 dictamine,
868 5565 922 5611 et
951 5556 1073 5628 plus
1098 5557 1151 5611 in
1176 5571 1333 5625 prosa
1356 5571 1518 5625 quam
1547 5556 1599 5610 in
1644 5570 1768 5611 ver-

183 5648 335 5704 sibus
366 5658 419 5705 te
450 5664 662 5705 exerce.
708 5648 883 5719 Super
919 5649 1101 5705 omnia
1133 5663 1313 5703 mores
1356 5656 1412 5704 et
1452 5656 1606 5704 actus
1648 5656 1765 5704 tuos

181 5756 365 5798 coram
402 5743 729 5813 hominibus,
766 5752 819 5798 et
847 5758 942 5799 cor
973 5753 1123 5798 tuum
1161 5758 1342 5799 coram
1388 5742 1500 5799 Deo
1528 5745 1758 5813 custodi,

1897 579 2008 634 Deo
2036 594 2234 649 corpus
2255 588 2309 635 et
2336 580 2573 634 animam
2608 589 2753 634 tuam
2780 574 3118 634 commenda.

2290 736 2451 809 435
2495 735 2830 792 EPISTOLA
2874 733 3088 790 XXXII.

1894 908 2119 948 ANSBLIII
2166 908 2233 947 AD
2286 907 2610 949 ERNULPIIUH
2643 905 2875 946 PRIOREI
2906 906 2975 945 ΕΤ
3021 902 3171 945 Αιιοε
3210 899 3473 943 εεοιεειε

2466 977 2905 1018 οΑΝτυΑιιιεΝειε.

1965 1101 2246 1157 Ausatuus
2308 1102 2778 1173 archiepiscopus,
2830 1098 3061 1155 dominis
3113 1098 3372 1153 fratribus
3422 1106 3473 1151 et

1894 1194 2019 1250 ﬁliis
2058 1196 2171 1249 suis
2209 1194 2562 1257 charissimis,
2609 1194 2807 1249 domno
2848 1192 3016 1262 priori
3072 1191 3391 1252 Easunruo,
3422 1196 3475 1243 et

1894 1283 2014 1339 aliis
2045 1286 2143 1339 sub
2187 1283 2276 1339 illo
2324 1285 2375 1338 in
2433 1284 2631 1338 Christi
2671 1282 2910 1338 Ecclesia
2941 1278 3321 1335 Cantuariensi
3360 1278 3472 1332 Deo

1893 1378 2280 1441 servientibus,
2313 1378 2507 1431 divinze
2531 1376 2715 1447 gratia:
2746 1384 2797 1431 et
2826 1371 3220 1431 benedictionis
3247 1369 3475 1427 consilio

1893 1483 2105 1537 semper
2130 1467 2240 1537 regi
2280 1476 2334 1521 et
2354 1466 2647 1522 consolari.

1962 1578 2181 1633 Priores
2210 1578 2416 1633 litteras
2446 1594 2475 1632 a
2499 1586 2677 1633 vestra
2702 1577 3039 1633 fraternitate
3060 1574 3299 1631 directas
3323 1573 3477 1628 laetus

1892 1672 2124 1740 suscepi,
2154 1672 2278 1742 quia
2308 1688 2403 1743 per
2432 1672 2611 1727 omnia
2643 1687 2737 1727 vos
2766 1680 2966 1737 vestra,
2995 1669 3088 1725 Dei
3120 1667 3474 1740 prolectione,

1893 1766 1946 1821 in
1976 1769 2335 1838 prosperitate
2366 1783 2587 1823 manere
2610 1766 2925 1837 perlitteras
2947 1763 3183 1835 episcopi
3210 1761 3477 1818 Roﬂ‘ensis

1890 1870 1945 1916 et
1972 1876 2068 1931 per
2088 1876 2274 1915 earum
2304 1859 2529 1915 latorem
2551 1860 2750 1930 accepi.
2778 1859 2948 1925 Quam
2976 1856 3213 1910 laetitiam
3241 1854 3340 1909 etsi
3368 1868 3475 1908 non

1893 1952 2116 2006 nmltum
2150 1951 2340 2006 litterae
2374 1960 2664 2021 sequentes
2693 1950 3172 2011 conturbaverunt,
3210 1946 3476 2018 aliquate-

1891 2058 1993 2098 nus
2040 2052 2215 2099 tamen
2242 2044 2712 2099 obnubilaverunt.
2767 2043 2841 2097 De
2890 2043 3033 2113 regis
3062 2055 3295 2111 namque
3334 2040 3474 2111 peti-

1891 2136 2055 2201 tione,
2079 2152 2236 2205 quam
2271 2136 2590 2197 mandastis.
2646 2150 2752 2190 non
2811 2150 3001 2205 parum
3052 2134 3282 2188 miratus
3331 2148 3475 2199 sum,

1889 2228 1982 2283 sed
2008 2229 2149 2299 quod
2176 2227 2306 2282 nihil
2338 2228 2453 2283 sine
2476 2236 2662 2282 nostro
2689 2226 2936 2291 consilio,
2968 2226 3107 2281 sicut
3135 2224 3292 2280 vobis
3321 2225 3478 2279 decet

1886 2318 2087 2385 facere,
2104 2317 2370 2383 voluistis,
2394 2327 2449 2372 et
2484 2317 2741 2388 praecepti
2766 2317 2936 2372 nostri
2962 2332 3246 2371 ~memores
3276 2314 3477 2381 fuistis,

1888 2413 2108 2485 gavisus
2156 2428 2296 2467 sum.
2328 2414 2525 2467 Potens
2553 2422 2637 2467 est
2664 2413 2807 2467 enim
2833 2412 2975 2466 Deus
3003 2411 3205 2479 regiam
3231 2409 3478 2465 volunta-

1889 2515 1995 2562 tem
2029 2506 2097 2562 ab
2118 2507 2265 2562 omni
2315 2507 2706 2578 indignatione,
2739 2522 2900 2576 quam
2930 2506 3034 2561 hac
3060 2506 3346 2561 occasione
3381 2504 3478 2558 ad-

1887 2614 2101 2653 versum
2152 2613 2251 2654 nos
2275 2599 2421 2654 nasci
2458 2598 2681 2665 timetis,
2710 2606 2976 2663 avertere,
3009 2614 3131 2653 cum
3185 2612 3283 2654 vos
3328 2607 3478 2652 recte

1888 2698 1944 2745 et
1972 2690 2219 2746 ordinate
2248 2689 2431 2746 facere
2458 2691 2780 2759 conspiciet,
2834 2700 2925 2745 aut
2955 2690 3001 2745 si
3041 2692 3143 2746 hoc
3182 2690 3255 2745 illi
3297 2690 3478 2745 facere

1887 2798 1993 2837 non
2026 2782 2310 2852 placuerit,
2350 2794 2405 2839 et
2435 2783 2637 2853 aliquid
2671 2782 2793 2837 inde
2815 2783 2966 2838 vobis
3014 2792 3202 2838 contra
3231 2782 3477 2837 volunta-

1888 2881 1993 2927 tem
2010 2884 2267 2941 vestram,
2286 2874 2429 2943 quod
2454 2883 2662 2929 avertat
2680 2874 2850 2929 Deus!
2873 2874 3179 2944 contigerit,
3195 2873 3331 2929 certi
3354 2888 3477 2929 esse

1886 2965 2093 3021 debetis
2121 2966 2249 3035 quia
2274 2966 2467 3021 melius
2490 2975 2573 3021 est
2602 2967 2712 3036 pati
2742 2966 2949 3037 aliquid
2977 2964 3473 3038 propterjustitiarn

1885 3057 1987 3110 sub
2012 3056 2101 3110 Dei
2143 3056 2512 3112 consolatione
2541 3073 2703 3127 quam
2734 3057 2935 3128 aliquid
2958 3055 3139 3114 facere
3166 3058 3476 3115 inordinate

1886 3146 1939 3201 in
1966 3146 2082 3217 ejus
2102 3144 2420 3203 oﬁ‘ensioue.
2451 3146 2527 3202 De
2569 3146 2673 3203 hoc
2702 3147 2867 3218 igitur
2914 3147 3008 3202 Dei
3038 3148 3470 3219 dispositionem,

1887 3239 1975 3294 cui
2002 3256 2088 3294 me
2132 3250 2186 3297 et
2212 3256 2307 3296 vos
2340 3250 2396 3296 et
2421 3241 2601 3296 omnia
2654 3249 2838 3295 nostra
2883 3242 3243 3308 commendo,
3283 3257 3476 3312 exspe-

1885 3331 2066 3397 ctabo,
2095 3342 2150 3387 et
2176 3331 2316 3387 sicut
2356 3332 2705 3388 consuluistis
2737 3332 2849 3404 regi
2878 3347 2977 3403 per
3005 3335 3363 3388 reverendam
3417 3343 3473 3389 et

1886 3420 2119 3475 amicum
2172 3432 2416 3477 nostrum
2466 3422 2778 3493 episcopum
2828 3420 3132 3479 Rotfensem
3187 3432 3248 3479 ut
3300 3433 3472 3480 totum

1884 3512 2250 3585 episc0patum
2289 3526 2531 3570 nostrum
2564 3514 2619 3570 in
2652 3531 2783 3587 pace
2803 3524 2860 3570 et
2907 3516 3092 3586 quiete
3141 3530 3470 3586 permanere

1884 3606 2167 3674 permittat
2192 3606 2334 3662 sicut
2380 3608 2512 3662 mihi
2556 3609 2826 3679 promisit.
2885 3608 3179 3665 mandabo.
3226 3608 3377 3677 Quod
3424 3608 3473 3665 si

1882 3698 2023 3753 Deus
2049 3708 2102 3754 et
2132 3708 2314 3755 votum
2348 3714 2527 3756 meum
2564 3709 2620 3756 et
2641 3712 2882 3757 vestrum
2934 3715 3031 3756 sua
3062 3701 3237 3773 gratia
3290 3702 3475 3773 dispo-

1884 3794 2078 3861 suerit,
2108 3794 2204 3849 Dei
2235 3795 2494 3866 pietatem
2525 3794 2774 3862 laudate,
2809 3805 2867 3851 et
2911 3796 2957 3851 si
3004 3796 3160 3850 aliter
3208 3795 3467 3859 evenerit,

1883 3890 2142 3961 quidquid
2171 3891 2302 3946 illud
2331 3890 2421 3957 sit,
2453 3906 2550 3962 per
2571 3890 3018 3961 qualemcunque
3044 3889 3291 3944 nuntium
3310 3929 3327 3956 ,
3356 3890 3474 3945 ubi-

1882 3997 2095 4052 cunque
2123 3982 2247 4049 sim,
2286 3983 2561 4038 mandate.
2600 3982 2800 4037 Contra
2846 3982 2965 4036 haec
2993 3991 3047 4035 et
3067 3990 3254 4036 contra
3292 3980 3474 4035 omnia

1882 4073 2111 4128 adversa
2143 4088 2240 4129 vos
2262 4072 2430 4127 armis
2453 4072 2679 4140 iustitia:
2709 4088 2738 4125 a
2762 4071 2967 4127 dextris
2988 4079 3044 4126 et
3066 4086 3097 4125 a
3121 4069 3359 4126 sinistris
3382 4078 3475 4124 ar?

1882 4174 2052 4231 mate,
2082 4164 2251 4219 Deum
2280 4165 2485 4228 timete,
2515 4179 2731 4234 semper
2758 4179 2883 4219 eum
2903 4170 3227 4233 praesentem
3257 4161 3471 4232 publice

1883 4266 1939 4314 et
1959 4265 2189 4325 secrete,
2221 4266 2277 4312 et
2304 4271 2402 4312 vos
2452 4255 2527 4311 illi
2554 4267 2851 4328 praesentes
2897 4255 3152 4326 cogitate.
3209 4253 3470 4312 Ordinem

1883 4357 2122 4405 vestrum
2146 4348 2484 4405 emendando
2523 4348 2880 4419 cogitationes
2905 4355 2961 4402 et
2983 4356 3135 4401 actus
3156 4356 3369 4401 vestros
3415 4344 3470 4399 in

1884 4442 2032 4497 omni
2064 4442 2371 4498 innocentia
2401 4441 2699 4507 custodite;
2728 4450 2784 4496 et
2809 4441 2886 4497 sic
2915 4442 3056 4496 Deus
3109 4440 3263 4495 vobis
3291 4438 3473 4494 omnia

1807 4555 1857 4614 ι)
1886 4537 2267 4608 cooperabitur
2296 4535 2349 4590 in
2378 4536 2575 4591 bonum
2609 4532 2779 4607 (Rom.
2805 4549 2925 4599 vttt,
2956 4533 3132 4605 28),et
3154 4532 3260 4587 erit
3282 4532 3467 4586 vobis-

1882 4646 2005 4687 cum
2063 4629 2177 4684 sive
2209 4630 2262 4684 in
2292 4643 2425 4699 pace
2463 4631 2578 4684 sive
2607 4629 2661 4682 in
2705 4627 3144 4683 tribulationibus
3168 4666 3183 4693 ,
3219 4625 3469 4682 onmibus

1881 4727 2075 4784 diebus
2101 4728 2227 4782 vitae
2257 4736 2472 4783 vestrae.
2498 4728 2574 4783 De
2602 4726 2779 4783 reditu
2814 4740 2935 4781 meo
2960 4724 3014 4779 in
3044 4722 3289 4793 Angliam
3320 4730 3471 4776 ante-

1878 4836 2039 4890 quam
2062 4822 2202 4891 quod
2231 4821 2427 4891 incmpi
2451 4821 2723 4891 perﬁciam
2750 4821 2814 4876 de
2838 4834 2945 4889 quo
2968 4817 3104 4873 mihi
3147 4815 3467 4881 mandastis,

1878 4912 2130 4969 dominus
2152 4922 2337 4970 noster
2364 4928 2456 4967 rex
2483 4913 2615 4968 nihil
2645 4913 2776 4967 mihi
2810 4911 3103 4974 mandavit,
3126 4910 3221 4964 sed
3253 4916 3462 4963 tantum

1876 5006 2298 5077 prosperitatem
2327 5014 2382 5060 et
2418 5004 2752 5059 hilaritatem
2798 5016 2951 5057 suam
2972 5040 2987 5065 ,
3020 5000 3160 5056 sicut
3195 4998 3339 5055 ﬁdeli
3365 5012 3464 5055 suo

1874 5107 1931 5153 et
1957 5100 2334 5170 congaudenti,
2374 5114 2474 5169 per
2516 5097 2727 5151 litteras
2781 5093 3071 5150 intimavit.
3109 5092 3465 5164 Omnipotens

1875 5193 2019 5247 Deus
2050 5200 2105 5247 et
2139 5192 2191 5247 in
2231 5191 2505 5262 prosperis
2542 5200 2597 5244 et
2623 5191 2675 5245 in
2703 5187 2945 5243 adversis
2972 5202 3135 5258 super
3162 5202 3261 5242 vos
3310 5196 3363 5243 et
3402 5186 3459 5242 in

1872 5296 1970 5336 vos
2000 5296 2153 5335 suam
2178 5280 2418 5337 eﬁ‘undat
2438 5279 2885 5339 benedictionem,
2910 5288 2965 5333 et
2987 5294 3261 5349 nunquam
3292 5277 3464 5350 patia-

1875 5382 1965 5426 tur
1986 5387 2015 5427 a
2064 5372 2218 5427 vobis
2242 5388 2395 5426 suam
2418 5372 2613 5426 deesse
2637 5369 3085 5426 consolationem.
3118 5368 3339 5425 Gratias
3361 5385 3464 5441 ago

1871 5467 2071 5523 domno
2099 5466 2266 5538 priori
2318 5476 2373 5520 et
2401 5465 2652 5521 omnibus
2702 5464 2859 5520 vobis
2907 5479 3003 5534 pro
3059 5462 3352 5518 dilectione
3406 5476 3464 5521 et

1868 5558 2148 5616 beneﬁciis
2195 5574 2317 5630 qua:
2352 5557 2533 5628 nepoti
2566 5572 2687 5613 meo
2731 5566 2953 5627 propter
2978 5570 3223 5611 amorem
3280 5571 3462 5611 meum

1868 5652 2199 5722 impenditis.
2275 5651 2534 5720 Quamvis
2597 5650 2741 5705 enim
2802 5651 2904 5705 hoc
2986 5664 3091 5704 non
3168 5647 3458 5714 dubitem,

1865 5745 1981 5816 ipse
2013 5753 2193 5804 tamen
2222 5744 2335 5803 suis
2354 5745 2555 5805 litteris
2579 5747 2685 5805 hoc
2710 5744 2842 5803 mihi
2874 5758 3070 5815 magno
3105 5741 3302 5799 aﬁ‘ectu
3334 5742 3463 5800 inti~

182 5845 471 5911 quatenus,
502 5853 627 5897 cum
663 5837 776 5899 Deo
804 5848 1080 5897 annuente
1103 5847 1156 5897 te
1181 5837 1388 5907 videro,
1420 5838 1488 5897 de
1516 5846 1609 5897 tuo
1635 5853 1759 5911 pro-
1863 5846 2053 5898 mavrt.
