4014 6304
477 198 581 258 219

977 316 1310 376 EPISTOLA
1361 321 1452 374 xx
1463 321 1595 376 χιιι.
1873 387 1876 392 ,

614 421 841 464 ANSELMI
869 424 936 464 AD
961 425 1274 467 GONDULFIIH
1301 428 1577 469 ROFENSEM
1613 431 1928 472 EPISCOPUM.

553 497 835 556 Ansewns
876 504 1314 579 archiepiscopus
1364 507 1537 562 amico
1587 524 1686 566 suo
1743 511 2061 576 reverendo,

476 581 772 644 Gounncro
793 593 1045 662 episcopo
1071 579 1316 662 Rol‘ensi,
1345 589 1596 653 salutem.

545 680 624 736 De
653 683 822 738 salute
842 695 892 740 et
919 690 1280 757 prosperitate
1307 701 1490 748 nostra
1539 693 1866 762 perlatores
1917 712 2064 767 pra:-

475 776 712 830 sentium
744 791 1072 848 cognoscere
1103 785 1356 852 potestis,
1383 793 1609 854 propter
1649 792 1792 854 quod
1823 789 1966 842 exivi
1997 790 2062 844 de

470 867 682 940 Anglia,
711 883 970 938 quantum
1007 891 1247 946 possum,
1307 881 1596 954 adjuvante
1635 883 1769 948 Deo,
1815 899 1914 954 per
1975 901 2090 940 mea

469 959 669 1030 ipsum,
700 979 824 1033 qma
849 977 1006 1022 auter
1054 985 1160 1024 non
1204 971 1359 1028 video
1397 990 1482 1030 me
1535 991 1710 1045 posse,
1747 990 1913 1031 conor
1941 989 2059 1046 per-

471 1050 656 1108 ﬁcere.
732 1055 950 1114 Gratias
1021 1076 1122 1132 ago
1193 1075 1383 1120 vestrae
1449 1065 1604 1120 bona!
1677 1065 1939 1122 voluntati
2004 1075 2058 1122 et

469 1144 845 1215 sollicitudini,
877 1152 1002 1221 quia
1043 1155 1174 1210 mihi
1235 1173 1407 1228 nuper
1451 1160 1505 1214 in
1549 1161 1872 1216 necessitate
1937 1175 2058 1216 suc-

467 1243 740 1299 curristis.
773 1245 906 1300 Nam
927 1249 992 1304 de
1009 1266 1218 1307 cccxxx
1249 1255 1448 1310 mareis
1479 1257 1684 1328 argenti
1709 1272 1842 1325 quas
1867 1255 1962 1312 tuli
1988 1257 2056 1312 de
2097 1301 2100 1304 «

464 1329 682 1404 Anglia,
721 1352 824 1392 non
851 1340 1112 1396 habebam
1139 1345 1240 1399 nisi
1275 1361 1432 1413 x-xw,
1479 1347 1697 1416 quando
1751 1348 1852 1402 hoc
1909 1351 2054 1417 quod

465 1441 641 1496 nuper
665 1431 904 1496 misistis,
941 1437 1182 1506 suscepi;
1221 1439 1446 1492 multum
1511 1456 1746 1511 namque
1791 1440 1914 1511 plus
1965 1457 2054 1496 tne

463 1534 685 1578 necesse
719 1533 802 1580 est
821 1531 1129 1597 expendere
1177 1547 1342 1602 quam
1389 1535 1666 1602 putabam.
1722 1535 1797 1590 De
1851 1536 2051 1592 nostris

463 1615 625 1670 rebus
656 1621 780 1686 quia
803 1637 908 1688 non
949 1626 1118 1692 magis
1145 1625 1195 1678 in
1254 1641 1340 1680 me
1380 1641 1542 1695 quam
1576 1627 1631 1682 in
1655 1628 1806 1684 vobis
1834 1629 2048 1684 conﬁdo

1001 205 1058 261 S.
1107 204 1406 262 ANSELMI
1446 207 1795 266 CANTUAR.
1829 207 2036 266 ARClll

2177 209 2326 268 OPP.
2359 211 2542 270 PARS
2572 213 2656 272 lli.
2703 252 2771 262 —
2801 221 3184 284 EPISTOLE.

3643 237 3749 311 ego

2097 317 2144 374 Α
2172 336 2450 406 exemplar
2479 339 2786 398 litterarum
2840 359 2978 416 quas
3015 349 3124 418 regi
3159 347 3319 404 mitto
3373 349 3526 408 vobis
3580 363 3722 414 trans

2169 427 2346 484 mitto.

2659 549 2996 612 EPISTOLA
3039 553 3258 614 XXXV.

2629 659 2856 701 ΔΝδΕιιιι
2913 661 2980 700 AD
3040 663 3282 706 EUKDEH.

2235 752 2520 810 ANSELIIUS
2578 759 3025 832 archiepiscopus
3059 803 3073 830 ,
3137 767 3436 822 reverenda
3476 782 3734 842 ,eptscopt

2163 843 2451 904 Gonnum-‘0
2466 891 2480 914 ,
2535 852 2788 906 salutem.

2234 939 2466 997 Litteras
2514 944 2716 1000 domini
2755 950 2922 1004 nostri
2984 951 3126 1022 regis
3158 955 3390 1022 suscepi,
3437 955 3490 1010 in
3531 953 3744 1026 quibus,

2161 1031 2302 1086 sicut
2331 1034 2498 1102 scitis,
2535 1039 2783 1106 promisit
2813 1041 2940 1096 mihi
2999 1045 3124 1112 quia
3177 1057 3301 1116 post
3351 1048 3557 1103 curiam
3617 1051 3746 1106 mihi

2160 1127 2529 1193 responderet.
2563 1129 2757 1186 Mando
2779 1147 2908 1204 ergo
2937 1135 3190 1191 eharitati
3225 1151 3415 1195 vestrae
3445 1151 3502 1195 ut
3533 1141 3600 1196 ad
3627 1158 3746 1198 eum

2157 1227 2226 1268 ex
2262 1227 2442 1272 nostra
2477 1231 2630 1290 parte
2653 1225 2814 1290 eatis,
2867 1237 2921 1280 et
2969 1227 3162 1284 dicatis
3197 1231 3274 1284 ita
3307 1249 3320 1284 :
3348 1232 3590 1300 Domine,
3657 1250 3746 1289 ar-

2158 1309 2536 1382 chiepiscopus
2563 1315 2969 1376 Cantuariensis
2993 1327 3211 1379 mandat
3242 1328 3394 1382 vobis
3424 1328 3579 1385 fidele
3631 1346 3748 1387 ser-

2154 1401 2342 1456 vitium
2371 1405 2509 1459 sicut
2544 1407 2762 1465 domino
2801 1421 2855 1466 et
2885 1415 3000 1484 regi
3027 1431 3146 1480 suo,
3195 1427 3246 1472 et
3287 1423 3562 1477 mandavit
3617 1424 3746 1479 mihi

2155 1500 2214 1546 ut
2243 1494 2558 1551 reducerem
2611 1502 2762 1556 vobis
2809 1504 2876 1558 ad
2927 1509 3244 1563 memoriam
3281 1521 3567 1580 quatenus,
3613 1515 3749 1570 sicut

2155 1585 2286 1640 mihi
2312 1591 2626 1653 mandastis,
2647 1597 3037 1665 respondeatis.
3065 1599 3216 1667 Quod
3235 1603 3277 1658 si
3301 1606 3411 1675 ipse
3428 1619 3745 1676 responsum

461 1715 520 1761 et
538 1680 776 1768 vestam
813 1683 936 1768 mm
973 1680 1165 1770 norm“
1207 1680 1542 1773 voiumjnén‘l‘
2085 1687 2127 1748 Β
2155 1689 2312 1731 suum
2338 1680 2468 1734 mihi
2493 1683 2749 1739 mandare
2773 1689 3111 1766 volneritper
3131 1695 3363 1764 sigillum
3388 1702 3748 1762 suum,bene.

1081 1751 1165 1770 ulla
1214 1751 1570 1786 vutullhltuul,
1631 1751 1686 1776 ιιι
1739 1751 1852 1787 uua,
1909 1751 1922 1774 ἒ

459 1811 692 1870 oportet,
725 1808 1042 1864 custodiatis
1069 1819 1122 1864 ct
1147 1812 1413 1878 tractetis,
1441 1813 1552 1868 seio
1581 1815 1706 1884 quia
1752 1830 1912 1884 prece
1953 1830 2049 1870 no-

458 1900 570 1948 stra
605 1910 710 1966 non
737 1896 1002 1970 indigetis.
1035 1900 1254 1958 Gratias
1281 1905 1465 1974 itaque
1514 1922 1681 1973 agens
1723 1907 1786 1962 de
1819 1907 1885 1962 iis
1926 1923 2047 1978 qua:

455 1983 659 2052 fecistis
689 1998 742 2046 et
770 1989 970 2058 facitis,
1007 2011 1136 2065 rogo
1177 2005 1253 2058 ut,
1282 1996 1424 2052 sicut
1453 2013 1627 2068 nuper
1659 1998 1794 2052 mihi
1845 1999 2044 2054 subve-

453 2077 634 2144 nistis,
666 2080 742 2136 ita
787 2083 840 2138 in
877 2084 1140 2154 futurum,
1167 2090 1510 2158 quameitius
1536 2091 1762 2158 potestis
1786 2131 1800 2154 ,
1847 2091 2047 2146 subve-

451 2171 638 2236 niatis,
671 2175 932 2233 mittendo
962 2180 1006 2234 si
1034 2181 1162 2250 quid
1195 2183 1259 2236 de
1289 2183 1567 2252 praaterito
1594 2199 1736 2238 anno
1759 2183 1822 2238 de
1847 2185 2047 2240 nostris

454 2265 756 2324 retlditibus
779 2270 1012 2336 habetis,
1036 2283 1090 2328 et
1113 2275 1378 2346 quidquid
1417 2277 1484 2332 de
1508 2275 1710 2340 futuro,
1739 2279 2038 2352 precando,

449 2362 742 2427 monendo,
759 2373 814 2418 et
829 2367 1206 2424 necessitatem
1224 2383 1394 2424 meam
1413 2371 1768 2429 ostendendo.
1786 2387 1816 2424 a
1835 2387 2044 2440 praepo-

450 2451 570 2506 sitis
591 2457 794 2512 nostris
821 2459 1074 2530 colligere
1097 2463 1343 2530 potestis.
1383 2464 1460 2520 De
1514 2463 1842 2536 pauperibus
1904 2481 2040 2534 quos

450 2547 591 2614 apud
631 2548 986 2608 Cantuariam
1031 2571 1254 2624 pascere
1287 2558 1478 2622 debeo,
1523 2574 1654 2629 rogo
1703 2560 1930 2614 multntn
1975 2575 2043 2614 ne

450 2639 616 2695 ullam
647 2647 926 2712 patiantur
953 2650 1211 2722 inopiam.
1255 2652 1408 2720 Quod
1457 2653 1586 2708 tnihi
1633 2655 1932 2710 mandastis
1975 2656 2042 2710 de

450 2737 594 2788 terra
639 2747 822 2792 nostra
846 2741 912 2794 de
939 2742 1208 2814 ltoginges
1235 2745 1467 2800 libenter
1487 2746 1720 2816 accipio,
1755 2761 1855 2800 nec
1875 2745 2038 2802 aliam

445 2838 608 2894 quam
635 2843 720 2884 me
751 2833 982 2902 rogastis
1002 2833 1204 2890 habere
1225 2837 1582 2901 voluntatem,
1621 2837 1813 2892 habeo.
1845 2836 2038 2892 Audivi

446 2923 586 2989 quod
614 2922 767 2994 llngo
793 2925 935 2982 illius
965 2928 1216 2992 Mabilite,
1247 2940 1446 2986 terram
1475 2949 1638 3002 quam
1664 2933 1782 2988 sine
1812 2933 1918 2986 ulla
1944 2933 2039 2988 do-

445 3014 668 3068 natione
690 3031 811 3071 eum
839 3019 1102 3075 hactenus
1125 3033 1312 3078 tenere
1357 3024 1601 3092 permisi,
1635 3024 1748 3078 vult
1776 3025 2032 3080 vendere.
2065 3045 2110 3106 ο

444 3103 738 3164 Prohibete
763 3111 942 3182 itaque
967 3129 1034 3168 ne
1066 3115 1180 3183 ipse
1210 3125 1306 3170 aut
1329 3115 1529 3186 aliquis
1569 3117 1710 3171 alius
1735 3117 1940 3186 aliquid
1971 3117 2038 3172 de

445 3206 593 3254 terra
625 3213 808 3257 nostra
836 3204 1052 3272 vendat,
1093 3217 1188 3261 aut
1215 3209 1400 3279 aliquo
1429 3210 1588 3264 modo
1633 3210 1916 3280 impediat,
1942 3211 2038 3268 sed

444 3293 626 3346 omnia
659 3295 798 3350 sicut
825 3311 887 3351 ea
927 3301 1108 3358 dimisi
1161 3313 1539 3370 permaneant,
1571 3304 1746 3358 donec
1792 3305 2031 3358 redeam.

445 3380 692 3440 Salutate
725 3388 864 3444 lilios
899 3404 1114 3446 nostros
1153 3401 1208 3446 et
1251 3393 1409 3458 filias,
1441 3405 1496 3452 et
1521 3405 1579 3448 ut
1608 3406 1766 3451 orent
1805 3411 1904 3465 pro
1951 3411 2038 3451 me

443 3491 564 3532 oro.
615 3479 844 3538 Radull'o
894 3483 1004 3538 lilio
1035 3484 1338 3557 Herengodi
1391 3489 1484 3557 qui
1511 3503 1730 3544 mecum
1757 3486 1882 3555 fuit,
1909 3487 2038 3544 date

444 3582 664 3626 centum
690 3574 909 3631 solidos.

943 3669 1274 3728 EPISTOLA
1319 3671 1560 3730 XXXIV.

938 3777 1164 3820 ANSELMI
1193 3782 1220 3819 Α
1230 3783 1260 3820 ἰ)
1295 3782 1538 3823 ΕυΙΙΒΕΙ.

512 3851 834 3920 Ansewns,
893 3858 1335 3930 archiepiscopus
1366 3899 1382 3926 ,
1435 3861 1734 3918 reverendo
1783 3861 2034 3932 episcopo

440 3940 661 3999 Refend
691 3933 1275 4016 Geanuwo,’salutem.

511 4035 614 4092 Ubi
651 4047 702 4092 et
735 4041 967 4110 qualiter
992 4047 1094 4097 sim
1121 4057 1218 4114 per
1247 4047 1600 4114 praesentium
1645 4046 1876 4103 latorem
1935 4063 2033 4104 au-

440 4127 624 4197 dietis,
649 4147 748 4185 cur
777 4143 959 4189 autem
1011 4137 1076 4190 ad
1131 4151 1373 4207 praesens
1407 4139 1459 4194 in
1497 4139 1746 4211 Angliam
1783 4155 1889 4194 non
1945 4154 2028 4196 re-

439 4219 596 4274 deam
618 4237 684 4275 ex
709 4221 908 4280 litteris
923 4241 1058 4296 quas
1083 4229 1194 4296 regi
1211 4230 1386 4292 mitto,
1400 4245 1730 4300 cognoscere
1757 4231 2029 4301 poteritis.

441 4311 637 4368 Mando
661 4325 840 4372 autem
871 4321 1024 4374 vobis
1052 4331 1110 4375 ut
1139 4335 1261 4376 eum
1289 4323 1520 4378 fideliter
1549 4340 1618 4378 ex
1663 4335 1848 4380 nostra
1877 4335 2032 4396 parte

2155 1767 2212 1824 Si
2239 1781 2417 1827 autem
2445 1789 2542 1844 per
2566 1775 2774 1834 litteras
2811 1795 2939 1837 snas
2985 1785 3216 1841 noluerit
3261 1792 3608 1860 respondere,
3655 1809 3747 1848 vos

2152 1879 2250 1934 per
2277 1865 2486 1922 litteras
2509 1879 2719 1926 vestras
2741 1874 2872 1930 mihi
2899 1881 3150 1936 mandate
3171 1883 3430 1954 quidquid
3459 1889 3750 1956 responde-

2152 1957 2243 2012 rit.
2271 1958 2426 2026 Quod
2455 1962 2499 2016 si
2534 1964 2714 2019 adhuc
2741 1967 2792 2021 in
2824 1968 2988 2025 alium
3029 1977 3322 2031 terminum
3373 1979 3604 2035 voluerit
3647 1983 3748 2038 dil-

2151 2049 2296 2106 ferre
2335 2068 2676 2124 responsum,
2703 2061 2966 2132 accipiam
2997 2067 3330 2136 dilationem,
3355 2083 3412 2128 et
3441 2074 3609 2128 alium
3635 2085 3746 2130 ter-

2151 2145 2354 2200 minum
2395 2153 2785 2221 reSpondendi;
2819 2158 2862 2211 si
2891 2173 2978 2212 me
3017 2160 3234 2216 interim
3285 2165 3555 2232 saisitum,
3609 2169 3750 2224 sicut

2149 2251 2297 2291 eram
2321 2241 2538 2308 quando
2573 2246 2716 2301 exivi
2762 2247 2828 2303 de
2887 2249 3101 2322 Anglia,
3160 2256 3490 2323 permiserit,
3545 2267 3606 2312 ut
3657 2275 3748 2315 vos

2147 2329 2279 2385 mihi
2311 2333 2376 2388 de
2411 2335 2576 2392 rebus
2605 2341 2808 2395 nostris
2840 2343 3054 2399 mittere
3083 2348 3324 2416 possitis,
3359 2351 3500 2406 sicut
3545 2354 3746 2409 mando

2147 2433 2203 2479 et
2241 2429 2528 2484 mandabo.
2561 2429 2618 2486 Si
2649 2445 2830 2489 autem
2880 2451 2965 2492 me
2995 2439 3296 2496 dissaiserit
3335 2453 3394 2498 nt
3424 2453 3632 2502 nostra:
3663 2463 3776 2503 res

2147 2535 2254 2574 non
2295 2521 2402 2576 sint
2432 2523 2484 2578 in
2512 2541 2630 2604 mea
2661 2538 2946 2598 potestate,
2981 2531 3147 2588 dicite
3168 2535 3218 2590 ei
3241 2537 3368 2605 quia
3419 2555 3519 2610 ego
3567 2540 3746 2596 nullas

2146 2613 2395 2671 inducias
2420 2619 2646 2688 accipio,
2679 2625 2774 2678 sed
2803 2623 2876 2680 ita
2919 2639 3006 2680 me
3043 2627 3254 2684 habebo
3282 2631 3422 2685 sicut
3441 2632 3612 2706 ‘36
3636 2636 3744 2706 epi-

2145 2723 2342 2778 scopus
2372 2713 2700 2780 dissaisitus,
2727 2719 2848 2772 sine
2866 2718 3072 2789 judicio
3093 2737 3201 2791 quo
3225 2725 3516 2796 episcopus
3545 2729 3736 2782 dlSaal~

2144 2801 2240 2856 siri
2269 2802 2483 2859 debeat.
2517 2805 2574 2862 Si
2601 2825 2726 2864 vero
2767 2821 2826 2864 et
2849 2816 3178 2882 respondere
3201 2818 3454 2882 voluerit,
3476 2829 3531 2875 et
3561 2830 3744 2876 tamen

2143 2907 2232 2946 me
2255 2895 2498 2952 saisitum
2530 2914 2634 2953 non
2675 2902 2964 2968 dimiserit,
2995 2919 3312 2977 responsum
3345 2927 3412 2966 ne
3435 2913 3741 2970 reticentis.

2141 2986 2236 3039 sed
2271 2995 2450 3042 tamen
2475 2991 2576 3046 hoe.
2604 2992 2776 3062 ipsum
2803 2998 2944 3064 quod
2966 2997 3074 3051 dixi
3099 2999 3222 3068 quia
3255 3017 3343 3056 me
3367 3003 3580 3060 habebo
3603 3006 3744 3062 sicut

2142 3077 2426 3150 episcopus
2461 3084 2767 3141 dissaisitus
2805 3088 3164 3158 sinejudicio,
3197 3109 3262 3147 ne
3293 3096 3538 3152 taeeatis.
3575 3099 3746 3170 Regi-

2141 3187 2288 3236 nam,
2337 3184 2398 3230 ut
2444 3175 2716 3234 dominam
2771 3191 2825 3236 et
2877 3183 3040 3238 tiliam
3079 3185 3458 3244 charissimam
3509 3189 3748 3248 dulciter

2142 3263 2393 3320 salutate.

2627 3383 2964 3442 EPISTOLA
3005 3389 3246 3448 XXXVI.

2205 3484 2430 3526 ANSELIII
2463 3489 2530 3527 AD
2571 3489 2874 3534 BALDUINUH
2901 3495 3076 3536 REGEM
3119 3499 3670 3547 HIEROSOLYHITANUH

2209 3569 2506 3640 Bannumo,
2541 3577 2712 3646 gratia
2745 3579 2837 3633 Dei
2867 3579 2978 3648 regi
3004 3579 3456 3654 Jerosolymitano
3477 3627 3492 3653 ,
3517 3585 3744 3641 domino

2140 3661 2498 3736 chariSsimo,
2567 3670 2886 3739 Anseuws,
2943 3673 3070 3729 licet
3123 3677 3409 3748 indignus.
3467 3671 3744 3751 archiepi-

2138 3749 2334 3826 scopus
2389 3759 2820 3830 Cantuariensis,
2853 3767 2933 3822 sic
2964 3781 3192 3838 regnare
3247 3783 3410 3840 super
3432 3769 3741 3826 Jerusalem

2140 3857 2414 3906 terrenam
2456 3853 2506 3907 in
2533 3855 2635 3910 hac
2657 3858 2790 3925 vita,
2819 3865 2876 3914 ut
2902 3869 3088 3930 regnet
3119 3859 3172 3914 in
3196 3857 3498 3918 Jerusalem
3527 3863 3741 3920 caelesti

2139 3939 2192 4014 in
2231 3939 2411 3996 futura
2441 3945 2577 4002 vita.

2209 4037 2466 4108 Quamvis
2498 4043 2589 4097 Dei
2617 4043 2758 4100 dono
2783 4047 3068 4110 scientiam
3102 4049 3354 4124 habeatis
3401 4067 3522 4124 qua:
3576 4055 3740 4110 vobis

2137 4134 2205 4187 ad
2236 4136 2373 4190 bene
2397 4137 2708 4204 vivendum,
2729 4139 3020 4212 adjuvante
3041 4143 3170 4208 Deo,
3193 4145 3366 4218 possit
3385 4143 3656 4214 subicere,
3688 4157 3742 4203 et

2137 4222 2264 4280 licet
2286 4229 2454 4284 sciam
2487 4231 2540 4284 in
2571 4233 2724 4288 vobis
2747 4235 2943 4288 bonam
2976 4251 3098 4292 esse
3133 4239 3490 4308 voluntatem,
3548 4251 3740 4297 tamen

2138 4321 2282 4391 cogit
2311 4338 2395 4378 me
2421 4324 2750 4381 abundantia
2777 4329 3081 4385 dilectionis
3129 4348 3292 4401 quam
3323 4349 3452 4404 erga
3499 4351 3596 4390 vos
3637 4337 3741 4391 ha-

439 4407 704 4472 salutetis,
751 4419 806 4466 et
859 4413 1094 4484 sigillum
1138 4426 1408 4484 nostrum,
1457 4419 1600 4486 quod
1643 4417 1798 4474 vobis
1851 4421 2028 4475 nuntii
2061 4405 2116 4465 Ῑ)
2139 4413 2262 4476 beo,
2287 4423 2344 4468 Ill
2375 4415 2441 4470 de
2473 4425 2580 4470 tam
2613 4417 2771 4490 longe
2801 4419 3002 4490 aliquid
3035 4423 3272 4479 scribam
3294 4435 3490 4480 vestra:
3509 4429 3738 4483 celsitu-

437 4503 609 4556 nostri
641 4504 791 4570 dant,
823 4511 962 4577 quod
1001 4511 1050 4564 ei
1085 4513 1261 4576 mitto,
1294 4511 1364 4566 illi
1397 4511 1558 4576 detis,
1589 4520 1668 4577 et,
1701 4511 1746 4567 si
1777 4511 1854 4566 illi
1903 4512 2025 4580 pla-

439 4595 610 4651 cuerit
637 4613 734 4667 per
763 4599 969 4656 litteras
999 4603 1128 4658 mihi
1161 4605 1489 4675 respondere
1509 4645 1524 4670 ,
1575 4603 1693 4658 illas
1744 4605 1876 4658 mihi
1931 4621 2027 4676 per

437 4699 757 4759 praesentem
787 4693 1024 4764 legatum
1055 4697 1272 4750 mlttite.
1323 4697 1478 4764 Quod
1509 4696 1556 4752 si
1587 4697 1841 4760 noluerit,
1871 4697 2024 4766 quid-

436 4784 564 4854 quid
591 4789 928 4856 responderit
955 4791 1156 4844 vestris
1189 4789 1388 4843 litteris
1415 4789 1548 4843 mihi
1587 4790 1864 4844 mandate.
1935 4787 2026 4848 Si-

435 4877 622 4948 gillum
670 4890 849 4936 autem
897 4893 1141 4936 nostrum
1191 4897 1299 4936 non
1347 4882 1502 4952 prius
1553 4883 1670 4953 regi
1723 4882 2024 4938 ostendatis

435 4985 598 5042 quam
628 4972 947 5028 Guillelmns
971 4975 1036 5028 de
1069 4973 1398 5030 Warelwast
1423 4975 1610 5030 veniet
1661 4974 1716 5029 in
1745 4975 2019 5046 Angliam,

433 5071 490 5120 et
511 5065 688 5121 eidem
717 5065 1007 5121 Guillelmo
1027 5068 1336 5138 exemplum
1377 5067 1686 5123 litterarum
1716 5083 1852 5139 quas
1906 5068 2022 5139 regi

433 5158 625 5226 mitto,
653 5169 863 5214 secrete
897 5161 1222 5216 ostendatis.
1265 5161 1457 5218 Videte
1512 5163 1679 5218 etiam
1731 5171 1790 5218 ut
1839 5161 2022 5218 nullus

431 5259 634 5321 prmter
677 5254 852 5321 ipsum
894 5254 998 5309 nisi
1026 5256 1176 5324 prior
1225 5267 1414 5312 noster
1464 5258 1614 5314 solus
1667 5257 1806 5313 sciat
1871 5257 2018 5326 ipsas

432 5341 664 5406 litteras,
691 5353 982 5414 antequam
1013 5348 1125 5416 regi
1157 5349 1372 5404 dentur.
1406 5349 1708 5420 Postquam
1757 5363 1888 5403 vero
1921 5363 2018 5402 rex

432 5435 554 5490 illas
590 5439 927 5508 cognoverit,
961 5441 1232 5513 episcopis
1288 5453 1344 5499 et
1392 5444 1513 5500 aliis
1556 5457 1652 5498 eas
1717 5441 2014 5505 notilicate,

432 5527 674 5599 reginam
704 5543 771 5584 ex
804 5541 989 5588 nostra
1039 5543 1193 5605 parte
1235 5536 1550 5594 dulcissime
1599 5534 1834 5592 salutate
1869 5531 2012 5604 (46),

2133 4505 2267 4560 dini.
2285 4504 2439 4560 Sicut
2465 4507 2608 4562 enim
2637 4510 2778 4578 ignis
2795 4513 3004 4570 ardens
3027 4525 3190 4574 vento
3205 4519 3382 4590 magis
3395 4521 3736 4588 accenditur,

2133 4598 2208 4653 ita
2241 4599 2379 4655 bona
2413 4601 2659 4658 voluntas
2693 4609 2868 4672 amica
2899 4608 3218 4680 monitione,
3246 4621 3307 4666 ut
3363 4613 3482 4682 plus
3525 4613 3739 4682 ferveat

2133 4693 2424 4756 excitatur.
2480 4694 2665 4764 Scitis,
2695 4699 2766 4752 mi
2799 4699 3120 4770 charissima
3171 4705 3413 4772 domine,
3469 4708 3737 4784 quoniam

2129 4786 2406 4841 civitatem
2437 4785 2733 4844 Jerusalem
2759 4801 2816 4846 et
2843 4802 2970 4847 ante
3024 4793 3314 4852 adventant
3343 4796 3558 4852 Domini
3593 4808 3648 4854 et
3679 4799 3738 4856 in

2133 4879 2249 4949 ipso
2277 4881 2396 4950 ejus
2421 4882 2659 4940 adventu
2690 4884 2854 4956 elegit
2875 4887 3015 4942 Deus
3045 4888 3202 4956 quasi
3231 4889 3512 4960 propriam
3541 4891 3648 4948 sibi
3677 4899 3736 4946 et

2133 4971 2458 5030 familiarem
2488 4976 2554 5032 de
2588 4984 2701 5040 toto
2747 4979 2968 5036 mundo.
3029 4979 3106 5036 Ex
3157 4981 3274 5050 ipsa
3321 4984 3466 5038 enim
3509 4983 3737 5042 fuerunt

2133 5069 2298 5142 primi
2342 5085 2498 5140 reges
2525 5087 2664 5140 quos
2690 5073 2954 5134 Don‘iinus
2977 5075 3197 5142 dilexit;
3229 5093 3296 5132 ex
3341 5078 3458 5148 ipsa
3507 5077 3736 5136 fuerunt

2129 5163 2429 5234 prophetae,
2452 5166 2504 5222 in
2529 5165 2646 5234 ipsa
2675 5164 2778 5222 fuit
2800 5168 3014 5238 propria
3047 5169 3237 5226 domus
3263 5168 3450 5238 Dei,et
3472 5179 3734 5226 sanetua—
3807 5207 3812 5214 -

2131 5256 2212 5312 ria
2243 5257 2392 5328 ejus;
2437 5257 2508 5314 ibi
2540 5259 2684 5318 facta
2713 5270 2798 5318 est
2839 5273 3030 5320 nostra
3083 5264 3408 5334 redemptio,
3465 5265 3540 5322 ibi
3591 5281 3730 5324 con-

2129 5359 2378 5408 versatus
2424 5360 2506 5410 est
2542 5353 2658 5410 Rex
2719 5370 2937 5426 regum;
3001 5357 3126 5412 inde
3187 5373 3284 5428 per
3324 5368 3495 5416 totum
3559 5377 3732 5417 num.

2128 5438 2256 5496 dum
2309 5441 2504 5498 diffusa
2539 5453 2622 5500 est
2671 5445 2821 5504 salus
2861 5448 3080 5510 humani
3122 5451 3359 5523 generis.
3406 5451 3733 5510 Considerot

2127 5533 2295 5606 igitur
2315 5545 2494 5596 vestra
2515 5539 2782 5600 celsitudo
2813 5557 2981 5620 quam
3009 5546 3262 5604 eminens
3295 5546 3475 5618 gratia
3511 5545 3606 5602 Dei
3628 5545 3729 5620 sit,

1939 5637 2172 5702 NOTAE.

502 5725 621 5804 (46)
643 5729 709 5788 γ.
729 5727 897 5804 Epist.
923 5731 994 5792 83
1020 5733 1116 5792 lib.
1136 5749 1214 5792 ιιι.
