  <div class='ocr_page' id='page_1' title='image "/cluster/home/n/w/nwhite01/storage/ocr_20150623/159/hvd.32044024236648/118.png"; bbox 0 0 4014 6304; ppageno 0'>
   <div class='ocr_carea' id='block_1_1' title="bbox 225 219 325 279">
    <p class='ocr_par' dir='ltr' id='par_1_1' title="bbox 225 219 325 279">
     <span class='ocr_line' id='line_1_1' title="bbox 225 219 325 279; baseline 0.01 -1"><span class='ocrx_word' id='word_1_1' title='bbox 225 219 325 279; x_wconf 73' lang='grc'><strong>221</strong></span> 
     </span>
    </p>
   </div>
   <div class='ocr_carea' id='block_1_2' title="bbox 1476 226 2124 295">
    <p class='ocr_par' dir='ltr' id='par_1_2' title="bbox 1476 226 2124 295">
     <span class='ocr_line' id='line_1_2' title="bbox 1476 226 2124 295; baseline 0.008 -12"><span class='ocrx_word' id='word_1_2' title='bbox 1476 226 1602 284; x_wconf 89' lang='lat' dir='ltr'><strong>LIB.</strong></span> <span class='ocrx_word' id='word_1_3' title='bbox 1630 227 1718 295; x_wconf 87' lang='lat' dir='ltr'><strong>IV,</strong></span> <span class='ocrx_word' id='word_1_4' title='bbox 1760 227 1979 288; x_wconf 87' lang='lat' dir='ltr'><strong>EPIST.</strong></span> <span class='ocrx_word' id='word_1_5' title='bbox 2011 228 2124 288; x_wconf 81' lang='lat' dir='ltr'><strong>XL.</strong></span> 
     </span>
    </p>
   </div>
   <div class='ocr_carea' id='block_1_3' title="bbox 3402 238 3511 298">
    <p class='ocr_par' dir='ltr' id='par_1_3' title="bbox 3402 238 3511 298">
     <span class='ocr_line' id='line_1_3' title="bbox 3402 238 3511 298; baseline 0 0"><span class='ocrx_word' id='word_1_6' title='bbox 3402 238 3511 298; x_wconf 73' lang='grc'><strong>222</strong></span> 
     </span>
    </p>
   </div>
   <div class='ocr_carea' id='block_1_4' title="bbox 224 322 3509 417">
    <p class='ocr_par' dir='ltr' id='par_1_4' title="bbox 224 322 3509 417">
     <span class='ocr_line' id='line_1_4' title="bbox 224 322 3509 417; baseline 0.006 -28"><span class='ocrx_word' id='word_1_7' title='bbox 224 336 371 408; x_wconf 80' lang='lat' dir='ltr'><strong>quod</strong></span> <span class='ocrx_word' id='word_1_8' title='bbox 411 353 507 392; x_wconf 90' lang='lat' dir='ltr'><strong>vos</strong></span> <span class='ocrx_word' id='word_1_9' title='bbox 559 338 610 393; x_wconf 92' lang='lat' dir='ltr'><strong>in</strong></span> <span class='ocrx_word' id='word_1_10' title='bbox 655 338 756 395; x_wconf 89' lang='lat' dir='ltr'><strong>bac</strong></span> <span class='ocrx_word' id='word_1_11' title='bbox 803 339 1024 397; x_wconf 81' lang='lat' dir='ltr'><strong>civitate</strong></span> <span class='ocrx_word' id='word_1_12' title='bbox 1064 349 1250 414; x_wconf 80' lang='lat' dir='ltr'><strong>regem</strong></span> <span class='ocrx_word' id='word_1_13' title='bbox 1305 355 1425 399; x_wconf 87' lang='lat' dir='ltr'><strong>esse</strong></span> <span class='ocrx_word' id='word_1_14' title='bbox 1466 343 1721 412; x_wconf 87' lang='lat' dir='ltr'><strong>voluerit;</strong></span> <span class='ocrx_word' id='word_1_15' title='bbox 1763 359 1818 400; x_wconf 89' lang='lat' dir='ltr'><strong>ct</strong></span> <span class='ocrx_word' id='word_1_16' title='bbox 1847 351 2066 413; x_wconf 69' lang='lat' dir='ltr'><strong>Abere,</strong></span> <span class='ocrx_word' id='word_1_17' title='bbox 2094 362 2202 403; x_wconf 87' lang='lat' dir='ltr'><strong>non</strong></span> <span class='ocrx_word' id='word_1_18' title='bbox 2242 322 2552 417; x_wconf 71' lang='lat' dir='ltr'><strong>habebatis,</strong></span> <span class='ocrx_word' id='word_1_19' title='bbox 2579 357 2636 406; x_wconf 89' lang='lat' dir='ltr'><strong>et</strong></span> <span class='ocrx_word' id='word_1_20' title='bbox 2660 348 2966 408; x_wconf 66' lang='lat' dir='ltr'><strong>ideo&#39;mitto</strong></span> <span class='ocrx_word' id='word_1_21' title='bbox 2991 366 3086 409; x_wconf 88' lang='lat' dir='ltr'><strong>eas</strong></span> <span class='ocrx_word' id='word_1_22' title='bbox 3121 351 3294 410; x_wconf 81' lang='lat' dir='ltr'><strong>vobis.</strong></span> <span class='ocrx_word' id='word_1_23' title='bbox 3323 353 3509 412; x_wconf 79' lang='lat' dir='ltr'><strong>Ouini.-</strong></span> 
     </span>
    </p>
   </div>
   <div class='ocr_carea' id='block_1_5' title="bbox 222 431 1817 504">
    <p class='ocr_par' dir='ltr' id='par_1_5' title="bbox 222 431 1817 504">
     <span class='ocr_line' id='line_1_5' title="bbox 222 431 1817 504; baseline 0.007 -21"><span class='ocrx_word' id='word_1_24' title='bbox 222 442 434 501; x_wconf 88' lang='lat' dir='ltr'><strong>quanto</strong></span> <span class='ocrx_word' id='word_1_25' title='bbox 473 431 693 499; x_wconf 76' lang='lat' dir='ltr'><strong>aﬂ&#39;ectu,</strong></span> <span class='ocrx_word' id='word_1_26' title='bbox 745 444 953 504; x_wconf 87' lang='lat' dir='ltr'><strong>quanto</strong></span> <span class='ocrx_word' id='word_1_27' title='bbox 993 437 1174 492; x_wconf 89' lang='lat' dir='ltr'><strong>studio</strong></span> <span class='ocrx_word' id='word_1_28' title='bbox 1213 452 1271 502; x_wconf 87' lang='lat' dir='ltr'><strong>se</strong></span> <span class='ocrx_word' id='word_1_29' title='bbox 1334 437 1528 496; x_wconf 90' lang='lat' dir='ltr'><strong>debeat</strong></span> <span class='ocrx_word' id='word_1_30' title='bbox 1587 439 1817 496; x_wconf 86' lang='lat' dir='ltr'><strong>subdere</strong></span> 
     </span>
    </p>
   </div>
   <div class='ocr_carea' id='block_1_6' title="bbox 223 522 1816 599">
    <p class='ocr_par' dir='ltr' id='par_1_6' title="bbox 223 522 1816 599">
     <span class='ocr_line' id='line_1_6' title="bbox 223 522 1816 599; baseline 0.006 -22"><span class='ocrx_word' id='word_1_31' title='bbox 223 522 487 578; x_wconf 81' lang='lat' dir='ltr'><strong>voluntati</strong></span> <span class='ocrx_word' id='word_1_32' title='bbox 513 525 603 580; x_wconf 88' lang='lat' dir='ltr'><strong>Dei</strong></span> <span class='ocrx_word' id='word_1_33' title='bbox 628 535 681 580; x_wconf 90' lang='lat' dir='ltr'><strong>et</strong></span> <span class='ocrx_word' id='word_1_34' title='bbox 707 526 823 596; x_wconf 83' lang='lat' dir='ltr'><strong>ejus</strong></span> <span class='ocrx_word' id='word_1_35' title='bbox 844 527 1067 588; x_wconf 80' lang='lat' dir='ltr'><strong>servitio</strong></span> <span class='ocrx_word' id='word_1_36' title='bbox 1090 544 1180 584; x_wconf 79' lang='lat' dir='ltr'><strong>rex</strong></span> <span class='ocrx_word' id='word_1_37' title='bbox 1199 545 1361 599; x_wconf 85' lang='lat' dir='ltr'><strong>quem</strong></span> <span class='ocrx_word' id='word_1_38' title='bbox 1382 529 1469 586; x_wconf 87' lang='lat' dir='ltr'><strong>ille</strong></span> <span class='ocrx_word' id='word_1_39' title='bbox 1494 530 1567 585; x_wconf 85' lang='lat' dir='ltr'><strong>ibi</strong></span> <span class='ocrx_word' id='word_1_40' title='bbox 1610 530 1816 594; x_wconf 82' lang='lat' dir='ltr'><strong>consti-</strong></span> 
     </span>
    </p>
   </div>
   <div class='ocr_carea' id='block_1_7' title="bbox 222 613 1815 700">
    <p class='ocr_par' dir='ltr' id='par_1_7' title="bbox 222 613 1815 700">
     <span class='ocr_line' id='line_1_7' title="bbox 222 613 1815 700; baseline 0.006 -32"><span class='ocrx_word' id='word_1_41' title='bbox 222 615 340 670; x_wconf 85' lang='lat' dir='ltr'><strong>tuit.</strong></span> <span class='ocrx_word' id='word_1_42' title='bbox 363 613 567 672; x_wconf 84' lang='lat' dir='ltr'><strong>Precor</strong></span> <span class='ocrx_word' id='word_1_43' title='bbox 585 619 985 688; x_wconf 80' lang='lat' dir='ltr'><strong>ergo,obsecro,</strong></span> <span class='ocrx_word' id='word_1_44' title='bbox 1020 635 1234 686; x_wconf 86' lang='lat' dir='ltr'><strong>moneo,</strong></span> <span class='ocrx_word' id='word_1_45' title='bbox 1251 631 1308 677; x_wconf 93' lang='lat' dir='ltr'><strong>nt</strong></span> <span class='ocrx_word' id='word_1_46' title='bbox 1332 621 1640 685; x_wconf 88' lang='lat' dir='ltr'><strong>Dominum.</strong></span> <span class='ocrx_word' id='word_1_47' title='bbox 1659 632 1716 700; x_wconf 81' lang='lat' dir='ltr'><strong>ut</strong></span> <span class='ocrx_word' id='word_1_48' title='bbox 1735 623 1815 678; x_wconf 90' lang='lat' dir='ltr'><strong>di-</strong></span> 
     </span>
    </p>
   </div>
   <div class='ocr_carea' id='block_1_8' title="bbox 220 703 1814 782">
    <p class='ocr_par' dir='ltr' id='par_1_8' title="bbox 220 703 1814 782">
     <span class='ocr_line' id='line_1_8' title="bbox 220 703 1814 782; baseline 0.007 -23"><span class='ocrx_word' id='word_1_49' title='bbox 220 703 446 770; x_wconf 83' lang='lat' dir='ltr'><strong>lectum,</strong></span> <span class='ocrx_word' id='word_1_50' title='bbox 483 719 749 776; x_wconf 91' lang='lat' dir='ltr'><strong>quatenus</strong></span> <span class='ocrx_word' id='word_1_51' title='bbox 787 717 841 764; x_wconf 82' lang='lat' dir='ltr'><strong>et</strong></span> <span class='ocrx_word' id='word_1_52' title='bbox 891 717 1128 768; x_wconf 88' lang='lat' dir='ltr'><strong>vestram</strong></span> <span class='ocrx_word' id='word_1_53' title='bbox 1173 721 1484 782; x_wconf 77' lang='lat' dir='ltr'><strong>personam,</strong></span> <span class='ocrx_word' id='word_1_54' title='bbox 1527 722 1581 768; x_wconf 91' lang='lat' dir='ltr'><strong>et</strong></span> <span class='ocrx_word' id='word_1_55' title='bbox 1623 728 1814 770; x_wconf 88' lang='lat' dir='ltr'><strong>oumcs</strong></span> 
     </span>
    </p>
   </div>
   <div class='ocr_carea' id='block_1_9' title="bbox 219 797 1814 878">
    <p class='ocr_par' dir='ltr' id='par_1_9' title="bbox 219 797 1814 878">
     <span class='ocr_line' id='line_1_9' title="bbox 219 797 1814 878; baseline 0.008 -26"><span class='ocrx_word' id='word_1_56' title='bbox 219 797 371 878; x_wconf 85' lang='lat' dir='ltr'><strong>vobis</strong></span> <span class='ocrx_word' id='word_1_57' title='bbox 395 801 644 856; x_wconf 86' lang='lat' dir='ltr'><strong>subditos</strong></span> <span class='ocrx_word' id='word_1_58' title='bbox 667 803 745 856; x_wconf 89' lang='lat' dir='ltr'><strong>sic</strong></span> <span class='ocrx_word' id='word_1_59' title='bbox 779 818 964 872; x_wconf 79' lang='lat' dir='ltr'><strong>regere</strong></span> <span class='ocrx_word' id='word_1_60' title='bbox 993 807 1289 866; x_wconf 89' lang='lat' dir='ltr'><strong>secundum</strong></span> <span class='ocrx_word' id='word_1_61' title='bbox 1333 807 1499 876; x_wconf 79' lang='lat' dir='ltr'><strong>legem</strong></span> <span class='ocrx_word' id='word_1_62' title='bbox 1544 816 1599 862; x_wconf 89' lang='lat' dir='ltr'><strong>et</strong></span> <span class='ocrx_word' id='word_1_63' title='bbox 1624 809 1814 874; x_wconf 83' lang='lat' dir='ltr'><strong>volun-</strong></span> 
     </span>
    </p>
   </div>
   <div class='ocr_carea' id='block_1_10' title="bbox 220 889 1812 974">
    <p class='ocr_par' dir='ltr' id='par_1_10' title="bbox 220 889 1812 974">
     <span class='ocr_line' id='line_1_10' title="bbox 220 889 1812 974; baseline 0.007 -32"><span class='ocrx_word' id='word_1_64' title='bbox 220 896 388 952; x_wconf 84' lang='lat' dir='ltr'><strong>tatem</strong></span> <span class='ocrx_word' id='word_1_65' title='bbox 425 889 518 944; x_wconf 84' lang='lat' dir='ltr'><strong>Dei</strong></span> <span class='ocrx_word' id='word_1_66' title='bbox 547 893 827 962; x_wconf 78' lang='lat' dir='ltr'><strong>studeatis,</strong></span> <span class='ocrx_word' id='word_1_67' title='bbox 856 905 913 948; x_wconf 92' lang='lat' dir='ltr'><strong>nt</strong></span> <span class='ocrx_word' id='word_1_68' title='bbox 952 895 1185 950; x_wconf 88' lang='lat' dir='ltr'><strong>luciduut</strong></span> <span class='ocrx_word' id='word_1_69' title='bbox 1220 897 1522 970; x_wconf 70' lang='lat' dir='ltr'><strong>exemplum</strong></span> <span class='ocrx_word' id='word_1_70' title='bbox 1562 899 1812 974; x_wconf 81' lang='lat' dir='ltr'><strong>omnibus</strong></span> 
     </span>
    </p>
   </div>
   <div class='ocr_carea' id='block_1_11' title="bbox 215 985 1806 1060">
    <p class='ocr_par' dir='ltr' id='par_1_11' title="bbox 215 985 1806 1060">
     <span class='ocr_line' id='line_1_11' title="bbox 215 985 1806 1060; baseline 0.006 -20"><span class='ocrx_word' id='word_1_71' title='bbox 215 985 438 1055; x_wconf 74' lang='lat' dir='ltr'><strong>regibus</strong></span> <span class='ocrx_word' id='word_1_72' title='bbox 480 995 638 1044; x_wconf 74' lang='lat' dir='ltr'><strong>terra:</strong></span> <span class='ocrx_word' id='word_1_73' title='bbox 699 989 752 1042; x_wconf 92' lang='lat' dir='ltr'><strong>in</strong></span> <span class='ocrx_word' id='word_1_74' title='bbox 792 989 898 1044; x_wconf 89' lang='lat' dir='ltr'><strong>vita</strong></span> <span class='ocrx_word' id='word_1_75' title='bbox 957 1004 1136 1046; x_wconf 86' lang='lat' dir='ltr'><strong>vestra</strong></span> <span class='ocrx_word' id='word_1_76' title='bbox 1179 992 1486 1060; x_wconf 69' lang='lat' dir='ltr'><strong>prmbeatis.</strong></span> <span class='ocrx_word' id='word_1_77' title='bbox 1535 992 1806 1048; x_wconf 86' lang='lat' dir='ltr'><strong>Dominus</strong></span> 
     </span>
    </p>
   </div>
   <div class='ocr_carea' id='block_1_12' title="bbox 215 1077 1811 1151">
    <p class='ocr_par' dir='ltr' id='par_1_12' title="bbox 215 1077 1811 1151">
     <span class='ocr_line' id='line_1_12' title="bbox 215 1077 1811 1151; baseline 0.006 -19"><span class='ocrx_word' id='word_1_78' title='bbox 215 1086 403 1135; x_wconf 78' lang='lat' dir='ltr'><strong>uester</strong></span> <span class='ocrx_word' id='word_1_79' title='bbox 440 1077 600 1134; x_wconf 85' lang='lat' dir='ltr'><strong>Jesus</strong></span> <span class='ocrx_word' id='word_1_80' title='bbox 621 1079 868 1138; x_wconf 77' lang='lat' dir='ltr'><strong>Christus</strong></span> <span class='ocrx_word' id='word_1_81' title='bbox 897 1082 978 1138; x_wconf 89' lang='lat' dir='ltr'><strong>sic</strong></span> <span class='ocrx_word' id='word_1_82' title='bbox 1019 1093 1207 1151; x_wconf 82' lang='lat' dir='ltr'><strong>regnet</strong></span> <span class='ocrx_word' id='word_1_83' title='bbox 1230 1084 1282 1140; x_wconf 90' lang='lat' dir='ltr'><strong>in</strong></span> <span class='ocrx_word' id='word_1_84' title='bbox 1323 1085 1491 1140; x_wconf 91' lang='lat' dir='ltr'><strong>corde</strong></span> <span class='ocrx_word' id='word_1_85' title='bbox 1535 1095 1714 1140; x_wconf 88' lang='lat' dir='ltr'><strong>vestro</strong></span> <span class='ocrx_word' id='word_1_86' title='bbox 1756 1094 1811 1140; x_wconf 93' lang='lat' dir='ltr'><strong>ct</strong></span> 
     </span>
    </p>
   </div>
   <div class='ocr_carea' id='block_1_13' title="bbox 215 1170 1806 1244">
    <p class='ocr_par' dir='ltr' id='par_1_13' title="bbox 215 1170 1806 1244">
     <span class='ocr_line' id='line_1_13' title="bbox 215 1170 1806 1244; baseline 0.003 -18"><span class='ocrx_word' id='word_1_87' title='bbox 215 1170 268 1226; x_wconf 89' lang='lat' dir='ltr'><strong>in</strong></span> <span class='ocrx_word' id='word_1_88' title='bbox 291 1174 554 1242; x_wconf 84' lang='lat' dir='ltr'><strong>Operibus</strong></span> <span class='ocrx_word' id='word_1_89' title='bbox 577 1175 793 1237; x_wconf 90' lang='lat' dir='ltr'><strong>vestris,</strong></span> <span class='ocrx_word' id='word_1_90' title='bbox 822 1185 877 1234; x_wconf 89' lang='lat' dir='ltr'><strong>ut</strong></span> <span class='ocrx_word' id='word_1_91' title='bbox 905 1191 998 1229; x_wconf 88' lang='lat' dir='ltr'><strong>vos</strong></span> <span class='ocrx_word' id='word_1_92' title='bbox 1021 1190 1142 1229; x_wconf 90' lang='lat' dir='ltr'><strong>cum</strong></span> <span class='ocrx_word' id='word_1_93' title='bbox 1175 1191 1301 1244; x_wconf 78' lang='lat' dir='ltr'><strong>rege</strong></span> <span class='ocrx_word' id='word_1_94' title='bbox 1340 1176 1509 1232; x_wconf 82' lang='lat' dir='ltr'><strong>David</strong></span> <span class='ocrx_word' id='word_1_95' title='bbox 1559 1187 1806 1234; x_wconf 87' lang='lat' dir='ltr'><strong>anteces-</strong></span> 
     </span>
    </p>
   </div>
   <div class='ocr_carea' id='block_1_14' title="bbox 213 1267 1809 1339">
    <p class='ocr_par' dir='ltr' id='par_1_14' title="bbox 213 1267 1809 1339">
     <span class='ocr_line' id='line_1_14' title="bbox 213 1267 1809 1339; baseline 0.001 -18"><span class='ocrx_word' id='word_1_96' title='bbox 213 1279 336 1321; x_wconf 87' lang='lat' dir='ltr'><strong>sore</strong></span> <span class='ocrx_word' id='word_1_97' title='bbox 363 1275 550 1322; x_wconf 88' lang='lat' dir='ltr'><strong>vestro</strong></span> <span class='ocrx_word' id='word_1_98' title='bbox 580 1267 632 1322; x_wconf 94' lang='lat' dir='ltr'><strong>iu</strong></span> <span class='ocrx_word' id='word_1_99' title='bbox 662 1268 801 1326; x_wconf 58' lang='lat' dir='ltr'><strong>caelo</strong></span> <span class='ocrx_word' id='word_1_100' title='bbox 824 1269 939 1323; x_wconf 93' lang='lat' dir='ltr'><strong>sine</strong></span> <span class='ocrx_word' id='word_1_101' title='bbox 966 1268 1070 1326; x_wconf 90' lang='lat' dir='ltr'><strong>ﬁne</strong></span> <span class='ocrx_word' id='word_1_102' title='bbox 1095 1270 1350 1339; x_wconf 80' lang='lat' dir='ltr'><strong>regnetis.</strong></span> <span class='ocrx_word' id='word_1_103' title='bbox 1369 1271 1564 1325; x_wconf 86' lang='lat' dir='ltr'><strong>Amen.</strong></span> <span class='ocrx_word' id='word_1_104' title='bbox 1600 1269 1809 1338; x_wconf 76' lang='lat' dir='ltr'><strong>Scitote</strong></span> 
     </span>
    </p>
   </div>
   <div class='ocr_carea' id='block_1_15' title="bbox 213 1357 1807 1432">
    <p class='ocr_par' dir='ltr' id='par_1_15' title="bbox 213 1357 1807 1432">
     <span class='ocr_line' id='line_1_15' title="bbox 213 1357 1807 1432; baseline 0.006 -24"><span class='ocrx_word' id='word_1_105' title='bbox 213 1357 336 1425; x_wconf 83' lang='lat' dir='ltr'><strong>quia</strong></span> <span class='ocrx_word' id='word_1_106' title='bbox 364 1359 606 1425; x_wconf 84' lang='lat' dir='ltr'><strong>quotidie</strong></span> <span class='ocrx_word' id='word_1_107' title='bbox 631 1375 729 1429; x_wconf 87' lang='lat' dir='ltr'><strong>pro</strong></span> <span class='ocrx_word' id='word_1_108' title='bbox 759 1359 907 1414; x_wconf 89' lang='lat' dir='ltr'><strong>vobis</strong></span> <span class='ocrx_word' id='word_1_109' title='bbox 937 1376 1054 1423; x_wconf 91' lang='lat' dir='ltr'><strong>oro,</strong></span> <span class='ocrx_word' id='word_1_110' title='bbox 1097 1361 1347 1432; x_wconf 82' lang='lat' dir='ltr'><strong>quamvis</strong></span> <span class='ocrx_word' id='word_1_111' title='bbox 1373 1361 1507 1417; x_wconf 84' lang='lat' dir='ltr'><strong>viles</strong></span> <span class='ocrx_word' id='word_1_112' title='bbox 1542 1363 1652 1419; x_wconf 90' lang='lat' dir='ltr'><strong>sint</strong></span> <span class='ocrx_word' id='word_1_113' title='bbox 1683 1379 1807 1418; x_wconf 89' lang='lat' dir='ltr'><strong>ora-</strong></span> 
     </span>
    </p>
   </div>
   <div class='ocr_carea' id='block_1_16' title="bbox 214 1449 574 1507">
    <p class='ocr_par' dir='ltr' id='par_1_16' title="bbox 214 1449 574 1507">
     <span class='ocr_line' id='line_1_16' title="bbox 214 1449 574 1507; baseline 0.011 -5"><span class='ocrx_word' id='word_1_114' title='bbox 214 1449 388 1504; x_wconf 90' lang='lat' dir='ltr'><strong>tiones</strong></span> <span class='ocrx_word' id='word_1_115' title='bbox 419 1467 574 1507; x_wconf 67' lang='lat' dir='ltr'><strong>mete.</strong></span> 
     </span>
    </p>
   </div>
   <div class='ocr_carea' id='block_1_17' title="bbox 702 1544 1322 1604">
    <p class='ocr_par' dir='ltr' id='par_1_17' title="bbox 702 1544 1322 1604">
     <span class='ocr_line' id='line_1_17' title="bbox 702 1544 1322 1604; baseline 0 -4"><span class='ocrx_word' id='word_1_116' title='bbox 702 1544 1037 1602; x_wconf 80' lang='lat' dir='ltr'><strong>EPISTOLA</strong></span> <span class='ocrx_word' id='word_1_117' title='bbox 1061 1547 1322 1604; x_wconf 77' lang='lat' dir='ltr'><strong>XXXVII.</strong></span> 
     </span>
    </p>
   </div>
   <div class='ocr_carea' id='block_1_18' title="bbox 497 1651 1529 1698">
    <p class='ocr_par' dir='ltr' id='par_1_18' title="bbox 497 1651 1529 1698">
     <span class='ocr_line' id='line_1_18' title="bbox 497 1651 1529 1698; baseline 0.001 -9"><span class='ocrx_word' id='word_1_118' title='bbox 497 1651 724 1692; x_wconf 67' lang='grc' dir='ltr'>Λιιεεωιι</span> <span class='ocrx_word' id='word_1_119' title='bbox 761 1653 828 1692; x_wconf 76' lang='grc' dir='ltr'><strong>ΑΒ</strong></span> <span class='ocrx_word' id='word_1_120' title='bbox 852 1655 1166 1698; x_wconf 62' lang='grc' dir='ltr'>κλτηιωειι</span> <span class='ocrx_word' id='word_1_121' title='bbox 1188 1656 1529 1696; x_wconf 71' lang='grc' dir='ltr'><strong>οοιιιτιεεω.</strong></span> 
     </span>
    </p>
   </div>
   <div class='ocr_carea' id='block_1_19' title="bbox 1921 441 3512 523">
    <p class='ocr_par' dir='ltr' id='par_1_19' title="bbox 1921 441 3512 523">
     <span class='ocr_line' id='line_1_19' title="bbox 1921 441 3512 523; baseline 0.006 -25"><span class='ocrx_word' id='word_1_122' title='bbox 1921 452 2116 510; x_wconf 89' lang='lat' dir='ltr'><strong>potens</strong></span> <span class='ocrx_word' id='word_1_123' title='bbox 2136 441 2279 499; x_wconf 88' lang='lat' dir='ltr'><strong>Deus</strong></span> <span class='ocrx_word' id='word_1_124' title='bbox 2302 459 2398 500; x_wconf 89' lang='lat' dir='ltr'><strong>sua</strong></span> <span class='ocrx_word' id='word_1_125' title='bbox 2428 461 2520 502; x_wconf 84' lang='lat' dir='ltr'><strong>vos</strong></span> <span class='ocrx_word' id='word_1_126' title='bbox 2564 460 2781 516; x_wconf 83' lang='lat' dir='ltr'><strong>semper</strong></span> <span class='ocrx_word' id='word_1_127' title='bbox 2828 445 3202 504; x_wconf 86' lang='lat' dir='ltr'><strong>benedictione</strong></span> <span class='ocrx_word' id='word_1_128' title='bbox 3254 458 3406 523; x_wconf 84' lang='lat' dir='ltr'><strong>regat</strong></span> <span class='ocrx_word' id='word_1_129' title='bbox 3456 460 3512 508; x_wconf 92' lang='lat' dir='ltr'><strong>et</strong></span> 
     </span>
    </p>
   </div>
   <div class='ocr_carea' id='block_1_20' title="bbox 1919 544 2189 607">
    <p class='ocr_par' dir='ltr' id='par_1_20' title="bbox 1919 544 2189 607">
     <span class='ocr_line' id='line_1_20' title="bbox 1919 544 2189 607; baseline 0.007 -19"><span class='ocrx_word' id='word_1_130' title='bbox 1919 544 2189 607; x_wconf 68' lang='lat' dir='ltr'><strong>protegat.</strong></span> 
     </span>
    </p>
   </div>
   <div class='ocr_carea' id='block_1_21' title="bbox 2381 631 3048 702">
    <p class='ocr_par' dir='ltr' id='par_1_21' title="bbox 2381 631 3048 702">
     <span class='ocr_line' id='line_1_21' title="bbox 2381 631 3048 702; baseline 0.004 -16"><span class='ocrx_word' id='word_1_131' title='bbox 2381 631 2716 690; x_wconf 82' lang='lat' dir='ltr'><strong>EPISTOLA</strong></span> <span class='ocrx_word' id='word_1_132' title='bbox 2762 633 3048 702; x_wconf 72' lang='lat' dir='ltr'><strong>XXXVIII.</strong></span> 
     </span>
    </p>
   </div>
   <div class='ocr_carea' id='block_1_22' title="bbox 1944 739 3487 802">
    <p class='ocr_par' dir='ltr' id='par_1_22' title="bbox 1944 739 3487 802">
     <span class='ocr_line' id='line_1_22' title="bbox 1944 739 3487 802; baseline 0.006 -23"><span class='ocrx_word' id='word_1_133' title='bbox 1944 739 2227 786; x_wconf 63' lang='grc' dir='ltr'>ιιλεειιᾼιιε</span> <span class='ocrx_word' id='word_1_134' title='bbox 2290 740 2438 782; x_wconf 72' lang='grc' dir='ltr'><strong>ΡΔΡᾸΞ</strong></span> <span class='ocrx_word' id='word_1_135' title='bbox 2513 744 2551 782; x_wconf 86' lang='lat' dir='ltr'>ll</span> <span class='ocrx_word' id='word_1_136' title='bbox 2628 743 2696 782; x_wconf 77' lang='lat' dir='ltr'><strong>AD</strong></span> <span class='ocrx_word' id='word_1_137' title='bbox 2757 744 3046 786; x_wconf 70' lang='lat' dir='ltr'><strong>GERARDUI</strong></span> <span class='ocrx_word' id='word_1_138' title='bbox 3109 745 3487 802; x_wconf 60' lang='lat' dir='ltr'><strong>BBOBACENSFI</strong></span> 
     </span>
    </p>
   </div>
   <div class='ocr_carea' id='block_1_23' title="bbox 2554 815 2869 864">
    <p class='ocr_par' dir='ltr' id='par_1_23' title="bbox 2554 815 2869 864">
     <span class='ocr_line' id='line_1_23' title="bbox 2554 815 2869 864; baseline 0.006 -12"><span class='ocrx_word' id='word_1_139' title='bbox 2554 815 2869 864; x_wconf 75' lang='lat' dir='ltr'><strong>Episcoruu.</strong></span> 
     </span>
    </p>
   </div>
   <div class='ocr_carea' id='block_1_24' title="bbox 1985 877 3508 968">
    <p class='ocr_par' dir='ltr' id='par_1_24' title="bbox 1985 877 3508 968">
     <span class='ocr_line' id='line_1_24' title="bbox 1985 877 3508 968; baseline 0.008 -25"><span class='ocrx_word' id='word_1_140' title='bbox 1985 889 2800 961; x_wconf 65' lang='lat' dir='ltr'><strong>Psscnsusepiscopus,servus</strong></span> <span class='ocrx_word' id='word_1_141' title='bbox 2826 877 3105 968; x_wconf 73' lang='lat' dir='ltr'><strong>servorum</strong></span> <span class='ocrx_word' id='word_1_142' title='bbox 3125 894 3508 968; x_wconf 73' lang='lat' dir='ltr'><strong>Dei,Gentaoo</strong></span> 
     </span>
    </p>
   </div>
   <div class='ocr_carea' id='block_1_25' title="bbox 1917 963 2904 1052">
    <p class='ocr_par' dir='ltr' id='par_1_25' title="bbox 1917 980 2548 1052">
     <span class='ocr_line' id='line_1_25' title="bbox 1917 980 2548 1052; baseline 0.003 -18"><span class='ocrx_word' id='word_1_143' title='bbox 1917 980 2242 1036; x_wconf 81' lang='lat' dir='ltr'><strong>Eboracensi</strong></span> <span class='ocrx_word' id='word_1_144' title='bbox 2273 983 2548 1052; x_wconf 80' lang='lat' dir='ltr'><strong>episcopo.</strong></span> 
     </span>
    </p>
   </div>
   <div class='ocr_carea' id='block_1_26' title="bbox 1986 1072 3507 1143">
    <p class='ocr_par' dir='ltr' id='par_1_26' title="bbox 1986 1072 3507 1143">
     <span class='ocr_line' id='line_1_26' title="bbox 1986 1072 3507 1143; baseline 0.007 -18"><span class='ocrx_word' id='word_1_145' title='bbox 1986 1072 2140 1127; x_wconf 85' lang='lat' dir='ltr'><strong>Sedis</strong></span> <span class='ocrx_word' id='word_1_146' title='bbox 2188 1073 2496 1143; x_wconf 62' lang='lat' dir='ltr'><strong>apostolicae</strong></span> <span class='ocrx_word' id='word_1_147' title='bbox 2546 1073 2856 1142; x_wconf 75' lang='lat' dir='ltr'><strong>benignitas</strong></span> <span class='ocrx_word' id='word_1_148' title='bbox 2938 1083 3043 1130; x_wconf 88' lang='lat' dir='ltr'><strong>etc.</strong></span> <span class='ocrx_word' id='word_1_149' title='bbox 3112 1073 3238 1132; x_wconf 83' lang='lat' dir='ltr'><strong>Vide</strong></span> <span class='ocrx_word' id='word_1_150' title='bbox 3288 1080 3343 1134; x_wconf 86' lang='lat' dir='ltr'><strong>in</strong></span> <span class='ocrx_word' id='word_1_151' title='bbox 3400 1079 3507 1136; x_wconf 85' lang='lat' dir='ltr'><strong>Pa-</strong></span> 
     </span>
    </p>
   </div>
   <div class='ocr_carea' id='block_1_27' title="bbox 1914 1147 2587 1242">
    <p class='ocr_par' dir='ltr' id='par_1_27' title="bbox 1914 1147 2587 1242">
     <span class='ocr_line' id='line_1_27' title="bbox 1914 1147 2587 1242; baseline 0.003 -24"><span class='ocrx_word' id='word_1_152' title='bbox 1914 1147 2161 1219; x_wconf 79' lang='lat' dir='ltr'><strong>sclmlill</strong></span> <span class='ocrx_word' id='word_1_153' title='bbox 2198 1168 2266 1242; x_wconf 74' lang='lat' dir='ltr'><strong>ad</strong></span> <span class='ocrx_word' id='word_1_154' title='bbox 2299 1185 2389 1222; x_wconf 85' lang='lat' dir='ltr'><strong>an.</strong></span> <span class='ocrx_word' id='word_1_155' title='bbox 2429 1167 2587 1222; x_wconf 87' lang='lat' dir='ltr'><strong>Ill8.</strong></span> 
     </span>
    </p>
   </div>
   <div class='ocr_carea' id='block_1_28' title="bbox 2403 1258 2996 1315">
    <p class='ocr_par' dir='ltr' id='par_1_28' title="bbox 2403 1258 2996 1315">
     <span class='ocr_line' id='line_1_28' title="bbox 2403 1258 2996 1315; baseline 0.002 -2"><span class='ocrx_word' id='word_1_156' title='bbox 2403 1258 2734 1315; x_wconf 82' lang='lat' dir='ltr'><strong>EPISTOLA</strong></span> <span class='ocrx_word' id='word_1_157' title='bbox 2776 1259 2996 1315; x_wconf 80' lang='lat' dir='ltr'><strong>XXXIX</strong></span> 
     </span>
    </p>
   </div>
   <div class='ocr_carea' id='block_1_29' title="bbox 2375 1370 3043 1411">
    <p class='ocr_par' dir='ltr' id='par_1_29' title="bbox 2375 1370 3043 1411">
     <span class='ocr_line' id='line_1_29' title="bbox 2375 1370 3043 1411; baseline 0.004 -3"><span class='ocrx_word' id='word_1_158' title='bbox 2375 1370 2593 1409; x_wconf 75' lang='lat' dir='ltr'><strong>GIDARDI</strong></span> <span class='ocrx_word' id='word_1_159' title='bbox 2631 1372 2699 1410; x_wconf 81' lang='lat' dir='ltr'><strong>AD</strong></span> <span class='ocrx_word' id='word_1_160' title='bbox 2737 1372 3043 1411; x_wconf 59' lang='lat' dir='ltr'><strong>ANSELMUMs</strong></span> 
     </span>
    </p>
   </div>
   <div class='ocr_carea' id='block_1_30' title="bbox 1985 1445 3505 1515">
    <p class='ocr_par' dir='ltr' id='par_1_30' title="bbox 1985 1445 3505 1515">
     <span class='ocr_line' id='line_1_30' title="bbox 1985 1445 3505 1515; baseline 0.007 -16"><span class='ocrx_word' id='word_1_161' title='bbox 1985 1445 2126 1500; x_wconf 91' lang='lat' dir='ltr'><strong>Patri</strong></span> <span class='ocrx_word' id='word_1_162' title='bbox 2157 1446 2619 1504; x_wconf 72' lang='lat' dir='ltr'><strong>tlilcctoAnsuuo</strong></span> <span class='ocrx_word' id='word_1_163' title='bbox 2649 1448 2786 1504; x_wconf 91' lang='lat' dir='ltr'><strong>ﬁlius</strong></span> <span class='ocrx_word' id='word_1_164' title='bbox 2815 1449 3116 1515; x_wconf 68' lang='lat' dir='ltr'><strong>thanous,</strong></span> <span class='ocrx_word' id='word_1_165' title='bbox 3150 1452 3430 1508; x_wconf 88' lang='lat' dir='ltr'><strong>servitium</strong></span> <span class='ocrx_word' id='word_1_166' title='bbox 3453 1461 3505 1509; x_wconf 90' lang='lat' dir='ltr'><strong>et</strong></span> 
     </span>
    </p>
   </div>
   <div class='ocr_carea' id='block_1_31' title="bbox 1913 1536 2297 1594">
    <p class='ocr_par' dir='ltr' id='par_1_31' title="bbox 1913 1536 2297 1594">
     <span class='ocr_line' id='line_1_31' title="bbox 1913 1536 2297 1594; baseline 0.003 -2"><span class='ocrx_word' id='word_1_167' title='bbox 1913 1536 2297 1594; x_wconf 83' lang='lat' dir='ltr'><strong>obedientiam.</strong></span> 
     </span>
    </p>
   </div>
   <div class='ocr_carea' id='block_1_32' title="bbox 1983 1627 3503 1707">
    <p class='ocr_par' dir='ltr' id='par_1_32' title="bbox 1983 1627 3503 1707">
     <span class='ocr_line' id='line_1_32' title="bbox 1983 1627 3503 1707; baseline 0.007 -26"><span class='ocrx_word' id='word_1_168' title='bbox 1983 1627 2218 1684; x_wconf 82' lang='lat' dir='ltr'><strong>Mentem</strong></span> <span class='ocrx_word' id='word_1_169' title='bbox 2273 1631 2521 1687; x_wconf 80' lang='lat' dir='ltr'><strong>veritatis</strong></span> <span class='ocrx_word' id='word_1_170' title='bbox 2557 1634 2784 1689; x_wconf 89' lang='lat' dir='ltr'><strong>amicam</strong></span> <span class='ocrx_word' id='word_1_171' title='bbox 2842 1650 3037 1692; x_wconf 74' lang='lat' dir='ltr'><strong>cavere</strong></span> <span class='ocrx_word' id='word_1_172' title='bbox 3071 1645 3280 1707; x_wconf 87' lang='lat' dir='ltr'><strong>oportet</strong></span> <span class='ocrx_word' id='word_1_173' title='bbox 3331 1653 3397 1693; x_wconf 90' lang='lat' dir='ltr'><strong>ne</strong></span> <span class='ocrx_word' id='word_1_174' title='bbox 3453 1638 3503 1692; x_wconf 92' lang='lat' dir='ltr'><strong>in</strong></span> 
     </span>
    </p>
   </div>
   <div class='ocr_carea' id='block_1_33' title="bbox 280 1721 1794 1805">
    <p class='ocr_par' dir='ltr' id='par_1_33' title="bbox 280 1725 1794 1797">
     <span class='ocr_line' id='line_1_33' title="bbox 280 1725 1794 1797; baseline 0.008 -21"><span class='ocrx_word' id='word_1_175' title='bbox 280 1725 793 1788; x_wconf 68' lang='lat' dir='ltr'><strong>Assaeuus,servus</strong></span> <span class='ocrx_word' id='word_1_176' title='bbox 818 1728 1070 1792; x_wconf 68' lang='lat' dir='ltr'><strong>Ecclesia:</strong></span> <span class='ocrx_word' id='word_1_177' title='bbox 1098 1730 1523 1797; x_wconf 74' lang='lat' dir='ltr'><strong>dantuaricnsis,</strong></span> <span class='ocrx_word' id='word_1_178' title='bbox 1553 1732 1794 1796; x_wconf 71' lang='lat' dir='ltr'><strong>dominre,</strong></span> 
     </span>
    </p>
   </div>
   <div class='ocr_carea' id='block_1_34' title="bbox 1906 1721 3503 1805">
    <p class='ocr_par' dir='ltr' id='par_1_34' title="bbox 1911 1728 3503 1805">
     <span class='ocr_line' id='line_1_34' title="bbox 1911 1728 3503 1805; baseline 0.003 -25"><span class='ocrx_word' id='word_1_179' title='bbox 1911 1740 2098 1780; x_wconf 88' lang='lat' dir='ltr'><strong>eorum</strong></span> <span class='ocrx_word' id='word_1_180' title='bbox 2123 1729 2449 1782; x_wconf 85' lang='lat' dir='ltr'><strong>sententiam</strong></span> <span class='ocrx_word' id='word_1_181' title='bbox 2473 1728 2631 1805; x_wconf 78' lang='lat' dir='ltr'><strong>facile</strong></span> <span class='ocrx_word' id='word_1_182' title='bbox 2659 1730 2815 1784; x_wconf 89' lang='lat' dir='ltr'><strong>cedat</strong></span> <span class='ocrx_word' id='word_1_183' title='bbox 2846 1745 2984 1800; x_wconf 88' lang='lat' dir='ltr'><strong>quos</strong></span> <span class='ocrx_word' id='word_1_184' title='bbox 3014 1732 3079 1785; x_wconf 90' lang='lat' dir='ltr'><strong>ad</strong></span> <span class='ocrx_word' id='word_1_185' title='bbox 3135 1733 3503 1786; x_wconf 84' lang='lat' dir='ltr'><strong>tuentiemltnu</strong></span> 
     </span>
    </p>
   </div>
   <div class='ocr_carea' id='block_1_35' title="bbox 209 1818 1806 1894">
    <p class='ocr_par' dir='ltr' id='par_1_35' title="bbox 209 1818 1806 1894">
     <span class='ocr_line' id='line_1_35' title="bbox 209 1818 1806 1894; baseline 0.009 -26"><span class='ocrx_word' id='word_1_186' title='bbox 209 1828 260 1872; x_wconf 88' lang='lat' dir='ltr'><strong>et</strong></span> <span class='ocrx_word' id='word_1_187' title='bbox 286 1819 444 1872; x_wconf 89' lang='lat' dir='ltr'><strong>matri</strong></span> <span class='ocrx_word' id='word_1_188' title='bbox 495 1820 548 1872; x_wconf 91' lang='lat' dir='ltr'><strong>in</strong></span> <span class='ocrx_word' id='word_1_189' title='bbox 600 1818 736 1883; x_wconf 87' lang='lat' dir='ltr'><strong>Deo,</strong></span> <span class='ocrx_word' id='word_1_190' title='bbox 783 1822 1072 1878; x_wconf 68' lang='lat' dir='ltr'><strong>comitissa:</strong></span> <span class='ocrx_word' id='word_1_191' title='bbox 1141 1823 1452 1886; x_wconf 73' lang='lat' dir='ltr'><strong>MATHILDI,</strong></span> <span class='ocrx_word' id='word_1_192' title='bbox 1520 1829 1806 1894; x_wconf 66' lang='lat' dir='ltr'><strong>praesentis</strong></span> 
     </span>
    </p>
   </div>
   <div class='ocr_carea' id='block_1_36' title="bbox 208 1913 1806 1990">
    <p class='ocr_par' dir='ltr' id='par_1_36' title="bbox 208 1913 1806 1990">
     <span class='ocr_line' id='line_1_36' title="bbox 208 1913 1806 1990; baseline 0.009 -25"><span class='ocrx_word' id='word_1_193' title='bbox 208 1913 334 1966; x_wconf 69' lang='lat' dir='ltr'><strong>vita:</strong></span> <span class='ocrx_word' id='word_1_194' title='bbox 373 1914 632 1968; x_wconf 89' lang='lat' dir='ltr'><strong>continua</strong></span> <span class='ocrx_word' id='word_1_195' title='bbox 683 1925 736 1969; x_wconf 90' lang='lat' dir='ltr'><strong>ct</strong></span> <span class='ocrx_word' id='word_1_196' title='bbox 783 1915 1036 1972; x_wconf 89' lang='lat' dir='ltr'><strong>diuturna</strong></span> <span class='ocrx_word' id='word_1_197' title='bbox 1083 1917 1250 1972; x_wconf 61' lang='lat' dir='ltr'><strong>laetari</strong></span> <span class='ocrx_word' id='word_1_198' title='bbox 1325 1921 1705 1990; x_wconf 81' lang='lat' dir='ltr'><strong>prosperitate,</strong></span> <span class='ocrx_word' id='word_1_199' title='bbox 1751 1932 1806 1982; x_wconf 91' lang='lat' dir='ltr'><strong>ct</strong></span> 
     </span>
    </p>
   </div>
   <div class='ocr_carea' id='block_1_37' title="bbox 206 2003 1230 2078">
    <p class='ocr_par' dir='ltr' id='par_1_37' title="bbox 206 2003 1230 2078">
     <span class='ocr_line' id='line_1_37' title="bbox 206 2003 1230 2078; baseline 0.009 -20"><span class='ocrx_word' id='word_1_200' title='bbox 206 2003 405 2059; x_wconf 72' lang='lat' dir='ltr'><strong>futurae</strong></span> <span class='ocrx_word' id='word_1_201' title='bbox 429 2007 652 2075; x_wconf 89' lang='lat' dir='ltr'><strong>perenni</strong></span> <span class='ocrx_word' id='word_1_202' title='bbox 685 2009 919 2078; x_wconf 84' lang='lat' dir='ltr'><strong>gaudere</strong></span> <span class='ocrx_word' id='word_1_203' title='bbox 949 2008 1230 2066; x_wconf 77' lang='lat' dir='ltr'><strong>felicitate.</strong></span> 
     </span>
    </p>
   </div>
   <div class='ocr_carea' id='block_1_38' title="bbox 275 2097 1803 2172">
    <p class='ocr_par' dir='ltr' id='par_1_38' title="bbox 275 2097 1803 2172">
     <span class='ocr_line' id='line_1_38' title="bbox 275 2097 1803 2172; baseline 0.005 -22"><span class='ocrx_word' id='word_1_204' title='bbox 275 2097 600 2152; x_wconf 82' lang='lat' dir='ltr'><strong>Cclsitndini</strong></span> <span class='ocrx_word' id='word_1_205' title='bbox 635 2109 828 2153; x_wconf 78' lang='lat' dir='ltr'><strong>vestra:</strong></span> <span class='ocrx_word' id='word_1_206' title='bbox 870 2101 1073 2170; x_wconf 76' lang='lat' dir='ltr'><strong>gratias</strong></span> <span class='ocrx_word' id='word_1_207' title='bbox 1116 2117 1282 2172; x_wconf 80' lang='lat' dir='ltr'><strong>agere</strong></span> <span class='ocrx_word' id='word_1_208' title='bbox 1304 2101 1446 2169; x_wconf 89' lang='lat' dir='ltr'><strong>volo,</strong></span> <span class='ocrx_word' id='word_1_209' title='bbox 1500 2105 1591 2160; x_wconf 86' lang='lat' dir='ltr'><strong>sed</strong></span> <span class='ocrx_word' id='word_1_210' title='bbox 1624 2107 1803 2166; x_wconf 91' lang='lat' dir='ltr'><strong>condi.</strong></span> 
     </span>
    </p>
   </div>
   <div class='ocr_carea' id='block_1_39' title="bbox 205 2193 1802 2271">
    <p class='ocr_par' dir='ltr' id='par_1_39' title="bbox 205 2193 1802 2271">
     <span class='ocr_line' id='line_1_39' title="bbox 205 2193 1802 2271; baseline 0.006 -25"><span class='ocrx_word' id='word_1_211' title='bbox 205 2207 338 2262; x_wconf 85' lang='lat' dir='ltr'><strong>gnas</strong></span> <span class='ocrx_word' id='word_1_212' title='bbox 376 2194 589 2252; x_wconf 88' lang='lat' dir='ltr'><strong>meritis</strong></span> <span class='ocrx_word' id='word_1_213' title='bbox 611 2193 728 2263; x_wconf 86' lang='lat' dir='ltr'><strong>ejus</strong></span> <span class='ocrx_word' id='word_1_214' title='bbox 747 2197 992 2252; x_wconf 81' lang='lat' dir='ltr'><strong>scribere</strong></span> <span class='ocrx_word' id='word_1_215' title='bbox 1034 2213 1140 2252; x_wconf 90' lang='lat' dir='ltr'><strong>non</strong></span> <span class='ocrx_word' id='word_1_216' title='bbox 1189 2198 1360 2252; x_wconf 87' lang='lat' dir='ltr'><strong>valeo.</strong></span> <span class='ocrx_word' id='word_1_217' title='bbox 1409 2199 1616 2270; x_wconf 79' lang='lat' dir='ltr'><strong>Quippe</strong></span> <span class='ocrx_word' id='word_1_218' title='bbox 1659 2195 1802 2271; x_wconf 82' lang='lat' dir='ltr'><strong>quod</strong></span> 
     </span>
    </p>
   </div>
   <div class='ocr_carea' id='block_1_40' title="bbox 202 2287 1802 2359">
    <p class='ocr_par' dir='ltr' id='par_1_40' title="bbox 202 2287 1802 2359">
     <span class='ocr_line' id='line_1_40' title="bbox 202 2287 1802 2359; baseline 0.006 -21"><span class='ocrx_word' id='word_1_219' title='bbox 202 2301 310 2340; x_wconf 86' lang='lat' dir='ltr'><strong>non</strong></span> <span class='ocrx_word' id='word_1_220' title='bbox 353 2287 523 2343; x_wconf 89' lang='lat' dir='ltr'><strong>semel</strong></span> <span class='ocrx_word' id='word_1_221' title='bbox 569 2297 814 2353; x_wconf 87' lang='lat' dir='ltr'><strong>tantum,</strong></span> <span class='ocrx_word' id='word_1_222' title='bbox 859 2289 954 2344; x_wconf 90' lang='lat' dir='ltr'><strong>sed</strong></span> <span class='ocrx_word' id='word_1_223' title='bbox 993 2287 1238 2359; x_wconf 84' lang='lat' dir='ltr'><strong>pluribus</strong></span> <span class='ocrx_word' id='word_1_224' title='bbox 1279 2291 1487 2346; x_wconf 89' lang='lat' dir='ltr'><strong>vicibus</strong></span> <span class='ocrx_word' id='word_1_225' title='bbox 1532 2305 1618 2346; x_wconf 89' lang='lat' dir='ltr'><strong>me</strong></span> <span class='ocrx_word' id='word_1_226' title='bbox 1660 2293 1802 2348; x_wconf 86' lang='lat' dir='ltr'><strong>Deus</strong></span> 
     </span>
    </p>
   </div>
   <div class='ocr_carea' id='block_1_41' title="bbox 203 2378 1798 2449">
    <p class='ocr_par' dir='ltr' id='par_1_41' title="bbox 203 2378 1798 2449">
     <span class='ocr_line' id='line_1_41' title="bbox 203 2378 1798 2449; baseline 0.005 -17"><span class='ocrx_word' id='word_1_227' title='bbox 203 2392 300 2446; x_wconf 86' lang='lat' dir='ltr'><strong>per</strong></span> <span class='ocrx_word' id='word_1_228' title='bbox 335 2393 431 2432; x_wconf 89' lang='lat' dir='ltr'><strong>vos</strong></span> <span class='ocrx_word' id='word_1_229' title='bbox 452 2378 712 2434; x_wconf 89' lang='lat' dir='ltr'><strong>liberavit</strong></span> <span class='ocrx_word' id='word_1_230' title='bbox 749 2381 818 2436; x_wconf 87' lang='lat' dir='ltr'><strong>de</strong></span> <span class='ocrx_word' id='word_1_231' title='bbox 840 2389 1110 2449; x_wconf 85' lang='lat' dir='ltr'><strong>potestate</strong></span> <span class='ocrx_word' id='word_1_232' title='bbox 1154 2381 1498 2436; x_wconf 87' lang='lat' dir='ltr'><strong>inimicorum</strong></span> <span class='ocrx_word' id='word_1_233' title='bbox 1555 2399 1798 2445; x_wconf 82' lang='lat' dir='ltr'><strong>nieorum</strong></span> 
     </span>
    </p>
   </div>
   <div class='ocr_carea' id='block_1_42' title="bbox 203 2471 1800 2540">
    <p class='ocr_par' dir='ltr' id='par_1_42' title="bbox 203 2471 1800 2540">
     <span class='ocr_line' id='line_1_42' title="bbox 203 2471 1800 2540; baseline 0.002 -15"><span class='ocrx_word' id='word_1_234' title='bbox 203 2471 635 2540; x_wconf 77' lang='lat' dir='ltr'><strong>exspectantium</strong></span> <span class='ocrx_word' id='word_1_235' title='bbox 662 2481 722 2526; x_wconf 82' lang='grc' dir='ltr'><strong>ιιι</strong></span> <span class='ocrx_word' id='word_1_236' title='bbox 767 2473 818 2528; x_wconf 90' lang='lat' dir='ltr'><strong>in</strong></span> <span class='ocrx_word' id='word_1_237' title='bbox 843 2487 1037 2528; x_wconf 90' lang='lat' dir='ltr'><strong>manus</strong></span> <span class='ocrx_word' id='word_1_238' title='bbox 1074 2471 1286 2530; x_wconf 91' lang='lat' dir='ltr'><strong>illorum</strong></span> <span class='ocrx_word' id='word_1_239' title='bbox 1329 2474 1600 2536; x_wconf 86' lang='lat' dir='ltr'><strong>caderem,</strong></span> <span class='ocrx_word' id='word_1_240' title='bbox 1645 2473 1800 2530; x_wconf 89' lang='lat' dir='ltr'><strong>valde</strong></span> 
     </span>
    </p>
   </div>
   <div class='ocr_carea' id='block_1_43' title="bbox 200 2565 1797 2638">
    <p class='ocr_par' dir='ltr' id='par_1_43' title="bbox 200 2565 1797 2638">
     <span class='ocr_line' id='line_1_43' title="bbox 200 2565 1797 2638; baseline 0.003 -18"><span class='ocrx_word' id='word_1_241' title='bbox 200 2579 456 2634; x_wconf 80' lang='lat' dir='ltr'><strong>magnum</strong></span> <span class='ocrx_word' id='word_1_242' title='bbox 482 2566 803 2622; x_wconf 88' lang='lat' dir='ltr'><strong>benelicium</strong></span> <span class='ocrx_word' id='word_1_243' title='bbox 827 2581 1114 2637; x_wconf 80' lang='lat' dir='ltr'><strong>cognosco.</strong></span> <span class='ocrx_word' id='word_1_244' title='bbox 1133 2565 1238 2624; x_wconf 87' lang='lat' dir='ltr'><strong>Sed</strong></span> <span class='ocrx_word' id='word_1_245' title='bbox 1254 2583 1374 2622; x_wconf 89' lang='lat' dir='ltr'><strong>cum</strong></span> <span class='ocrx_word' id='word_1_246' title='bbox 1399 2567 1615 2624; x_wconf 84' lang='lat' dir='ltr'><strong>intueor</strong></span> <span class='ocrx_word' id='word_1_247' title='bbox 1637 2585 1797 2638; x_wconf 88' lang='lat' dir='ltr'><strong>quam</strong></span> 
     </span>
    </p>
   </div>
   <div class='ocr_carea' id='block_1_44' title="bbox 198 2653 1797 2727">
    <p class='ocr_par' dir='ltr' id='par_1_44' title="bbox 198 2653 1797 2727">
     <span class='ocr_line' id='line_1_44' title="bbox 198 2653 1797 2727; baseline 0.004 -18"><span class='ocrx_word' id='word_1_248' title='bbox 198 2653 464 2726; x_wconf 82' lang='lat' dir='ltr'><strong>benigno,</strong></span> <span class='ocrx_word' id='word_1_249' title='bbox 491 2673 653 2726; x_wconf 90' lang='lat' dir='ltr'><strong>quam</strong></span> <span class='ocrx_word' id='word_1_250' title='bbox 697 2658 804 2727; x_wconf 92' lang='lat' dir='ltr'><strong>pio,</strong></span> <span class='ocrx_word' id='word_1_251' title='bbox 831 2674 994 2727; x_wconf 86' lang='lat' dir='ltr'><strong>quam</strong></span> <span class='ocrx_word' id='word_1_252' title='bbox 1037 2668 1288 2714; x_wconf 89' lang='lat' dir='ltr'><strong>materno</strong></span> <span class='ocrx_word' id='word_1_253' title='bbox 1338 2658 1533 2716; x_wconf 80' lang='lat' dir='ltr'><strong>aﬂ&#39;ectu</strong></span> <span class='ocrx_word' id='word_1_254' title='bbox 1595 2660 1797 2716; x_wconf 85' lang='lat' dir='ltr'><strong>factum</strong></span> 
     </span>
    </p>
   </div>
   <div class='ocr_carea' id='block_1_45' title="bbox 199 2748 1792 2823">
    <p class='ocr_par' dir='ltr' id='par_1_45' title="bbox 199 2748 1792 2823">
     <span class='ocr_line' id='line_1_45' title="bbox 199 2748 1792 2823; baseline 0.002 -20"><span class='ocrx_word' id='word_1_255' title='bbox 199 2748 468 2813; x_wconf 83' lang='lat' dir='ltr'><strong>sit,multo</strong></span> <span class='ocrx_word' id='word_1_256' title='bbox 509 2751 679 2821; x_wconf 85' lang='lat' dir='ltr'><strong>magis</strong></span> <span class='ocrx_word' id='word_1_257' title='bbox 702 2751 829 2806; x_wconf 91' lang='lat' dir='ltr'><strong>illud</strong></span> <span class='ocrx_word' id='word_1_258' title='bbox 859 2767 1020 2820; x_wconf 90' lang='lat' dir='ltr'><strong>quam</strong></span> <span class='ocrx_word' id='word_1_259' title='bbox 1045 2750 1286 2822; x_wconf 77' lang='lat' dir='ltr'><strong>proferre</strong></span> <span class='ocrx_word' id='word_1_260' title='bbox 1311 2756 1512 2822; x_wconf 91' lang='lat' dir='ltr'><strong>possim</strong></span> <span class='ocrx_word' id='word_1_261' title='bbox 1538 2754 1792 2823; x_wconf 76' lang='lat' dir='ltr'><strong>intelligo.</strong></span> 
     </span>
    </p>
   </div>
   <div class='ocr_carea' id='block_1_46' title="bbox 199 2841 1798 2916">
    <p class='ocr_par' dir='ltr' id='par_1_46' title="bbox 199 2841 1798 2916">
     <span class='ocr_line' id='line_1_46' title="bbox 199 2841 1798 2916; baseline 0.004 -21"><span class='ocrx_word' id='word_1_262' title='bbox 199 2841 313 2896; x_wconf 84' lang='lat' dir='ltr'><strong>Non</strong></span> <span class='ocrx_word' id='word_1_263' title='bbox 342 2844 491 2898; x_wconf 88' lang='lat' dir='ltr'><strong>enim</strong></span> <span class='ocrx_word' id='word_1_264' title='bbox 515 2843 762 2901; x_wconf 78' lang='lat' dir='ltr'><strong>oblivisci</strong></span> <span class='ocrx_word' id='word_1_265' title='bbox 808 2860 1026 2914; x_wconf 88' lang='lat' dir='ltr'><strong>possmn</strong></span> <span class='ocrx_word' id='word_1_266' title='bbox 1077 2861 1239 2914; x_wconf 88' lang='lat' dir='ltr'><strong>quam</strong></span> <span class='ocrx_word' id='word_1_267' title='bbox 1286 2846 1517 2902; x_wconf 86' lang='lat' dir='ltr'><strong>sollicita</strong></span> <span class='ocrx_word' id='word_1_268' title='bbox 1549 2861 1711 2916; x_wconf 80' lang='lat' dir='ltr'><strong>prece</strong></span> <span class='ocrx_word' id='word_1_269' title='bbox 1743 2855 1798 2902; x_wconf 88' lang='lat' dir='ltr'><strong>et</strong></span> 
     </span>
    </p>
   </div>
   <div class='ocr_carea' id='block_1_47' title="bbox 199 2936 1794 3014">
    <p class='ocr_par' dir='ltr' id='par_1_47' title="bbox 199 2936 1794 3014">
     <span class='ocr_line' id='line_1_47' title="bbox 199 2936 1794 3014; baseline 0.004 -26"><span class='ocrx_word' id='word_1_270' title='bbox 199 2936 580 2992; x_wconf 87' lang='lat' dir='ltr'><strong>obsecratione</strong></span> <span class='ocrx_word' id='word_1_271' title='bbox 617 2938 746 3008; x_wconf 77' lang='lat' dir='ltr'><strong>mihi</strong></span> <span class='ocrx_word' id='word_1_272' title='bbox 786 2951 884 3008; x_wconf 85' lang='lat' dir='ltr'><strong>per</strong></span> <span class='ocrx_word' id='word_1_273' title='bbox 933 2937 1159 2994; x_wconf 73' lang='lat' dir='ltr'><strong>fratrem</strong></span> <span class='ocrx_word' id='word_1_274' title='bbox 1211 2946 1266 2993; x_wconf 86' lang='lat' dir='ltr'><strong>et</strong></span> <span class='ocrx_word' id='word_1_275' title='bbox 1319 2939 1487 3014; x_wconf 81' lang='lat' dir='ltr'><strong>ﬁlium</strong></span> <span class='ocrx_word' id='word_1_276' title='bbox 1546 2948 1794 2994; x_wconf 84' lang='lat' dir='ltr'><strong>nostrum</strong></span> 
     </span>
    </p>
   </div>
   <div class='ocr_carea' id='block_1_48' title="bbox 199 3027 1791 3103">
    <p class='ocr_par' dir='ltr' id='par_1_48' title="bbox 199 3027 1791 3103">
     <span class='ocr_line' id='line_1_48' title="bbox 199 3027 1791 3103; baseline 0.004 -22"><span class='ocrx_word' id='word_1_277' title='bbox 199 3027 570 3086; x_wconf 77' lang='lat' dir='ltr'><strong>Alexandrum</strong></span> <span class='ocrx_word' id='word_1_278' title='bbox 608 3030 912 3094; x_wconf 77' lang='lat' dir='ltr'><strong>mandastis</strong></span> <span class='ocrx_word' id='word_1_279' title='bbox 944 3042 1001 3086; x_wconf 94' lang='lat' dir='ltr'><strong>ut</strong></span> <span class='ocrx_word' id='word_1_280' title='bbox 1031 3031 1177 3102; x_wconf 84' lang='lat' dir='ltr'><strong>nullo</strong></span> <span class='ocrx_word' id='word_1_281' title='bbox 1204 3031 1363 3088; x_wconf 90' lang='lat' dir='ltr'><strong>modo</strong></span> <span class='ocrx_word' id='word_1_282' title='bbox 1391 3047 1589 3103; x_wconf 89' lang='lat' dir='ltr'><strong>corpus</strong></span> <span class='ocrx_word' id='word_1_283' title='bbox 1615 3049 1791 3090; x_wconf 90' lang='lat' dir='ltr'><strong>meum</strong></span> 
     </span>
    </p>
   </div>
   <div class='ocr_carea' id='block_1_49' title="bbox 198 3115 1793 3190">
    <p class='ocr_par' dir='ltr' id='par_1_49' title="bbox 198 3115 1793 3190">
     <span class='ocr_line' id='line_1_49' title="bbox 198 3115 1793 3190; baseline 0.006 -21"><span class='ocrx_word' id='word_1_284' title='bbox 198 3115 288 3170; x_wconf 91' lang='lat' dir='ltr'><strong>ulli</strong></span> <span class='ocrx_word' id='word_1_285' title='bbox 311 3133 396 3176; x_wconf 76' lang='lat' dir='ltr'><strong>ex;</strong></span> <span class='ocrx_word' id='word_1_286' title='bbox 421 3133 642 3176; x_wconf 85' lang='lat' dir='ltr'><strong>ouerem</strong></span> <span class='ocrx_word' id='word_1_287' title='bbox 677 3119 939 3190; x_wconf 82' lang='lat' dir='ltr'><strong>periculo,</strong></span> <span class='ocrx_word' id='word_1_288' title='bbox 970 3131 1027 3178; x_wconf 91' lang='lat' dir='ltr'><strong>et</strong></span> <span class='ocrx_word' id='word_1_289' title='bbox 1050 3131 1256 3190; x_wconf 91' lang='lat' dir='ltr'><strong>quanto</strong></span> <span class='ocrx_word' id='word_1_290' title='bbox 1280 3123 1460 3180; x_wconf 78' lang='lat' dir='ltr'><strong>SllltIiO</strong></span> <span class='ocrx_word' id='word_1_291' title='bbox 1486 3122 1793 3184; x_wconf 82' lang='lat' dir='ltr'><strong>hominibus</strong></span> 
     </span>
    </p>
   </div>
   <div class='ocr_carea' id='block_1_50' title="bbox 197 3212 1793 3286">
    <p class='ocr_par' dir='ltr' id='par_1_50' title="bbox 197 3212 1793 3286">
     <span class='ocr_line' id='line_1_50' title="bbox 197 3212 1793 3286; baseline 0.006 -25"><span class='ocrx_word' id='word_1_292' title='bbox 197 3212 396 3268; x_wconf 79' lang='lat' dir='ltr'><strong>vestris</strong></span> <span class='ocrx_word' id='word_1_293' title='bbox 422 3213 724 3270; x_wconf 81' lang='lat' dir='ltr'><strong>mandastis</strong></span> <span class='ocrx_word' id='word_1_294' title='bbox 749 3222 808 3270; x_wconf 88' lang='lat' dir='ltr'><strong>ut</strong></span> <span class='ocrx_word' id='word_1_295' title='bbox 832 3229 919 3272; x_wconf 86' lang='lat' dir='ltr'><strong>me</strong></span> <span class='ocrx_word' id='word_1_296' title='bbox 943 3230 1050 3274; x_wconf 87' lang='lat' dir='ltr'><strong>non</strong></span> <span class='ocrx_word' id='word_1_297' title='bbox 1077 3217 1292 3278; x_wconf 85' lang='lat' dir='ltr'><strong>minori.</strong></span> <span class='ocrx_word' id='word_1_298' title='bbox 1320 3217 1427 3274; x_wconf 90' lang='lat' dir='ltr'><strong>imo</strong></span> <span class='ocrx_word' id='word_1_299' title='bbox 1449 3217 1491 3272; x_wconf 87' lang='lat' dir='ltr'><strong>si</strong></span> <span class='ocrx_word' id='word_1_300' title='bbox 1519 3216 1634 3271; x_wconf 89' lang='lat' dir='ltr'><strong>ﬁeri</strong></span> <span class='ocrx_word' id='word_1_301' title='bbox 1669 3231 1793 3286; x_wconf 88' lang='lat' dir='ltr'><strong>pos-</strong></span> 
     </span>
    </p>
   </div>
   <div class='ocr_carea' id='block_1_51' title="bbox 197 3304 1792 3378">
    <p class='ocr_par' dir='ltr' id='par_1_51' title="bbox 197 3304 1792 3378">
     <span class='ocr_line' id='line_1_51' title="bbox 197 3304 1792 3378; baseline 0.004 -20"><span class='ocrx_word' id='word_1_302' title='bbox 197 3312 303 3368; x_wconf 84' lang='lat' dir='ltr'><strong>set,</strong></span> <span class='ocrx_word' id='word_1_303' title='bbox 332 3304 527 3374; x_wconf 84' lang='lat' dir='ltr'><strong>majori</strong></span> <span class='ocrx_word' id='word_1_304' title='bbox 554 3321 684 3364; x_wconf 90' lang='lat' dir='ltr'><strong>cura</strong></span> <span class='ocrx_word' id='word_1_305' title='bbox 727 3321 892 3376; x_wconf 86' lang='lat' dir='ltr'><strong>quam</strong></span> <span class='ocrx_word' id='word_1_306' title='bbox 929 3316 1168 3364; x_wconf 87' lang='lat' dir='ltr'><strong>vestram</strong></span> <span class='ocrx_word' id='word_1_307' title='bbox 1213 3323 1503 3378; x_wconf 83' lang='lat' dir='ltr'><strong>personam</strong></span> <span class='ocrx_word' id='word_1_308' title='bbox 1546 3309 1792 3377; x_wconf 86' lang='lat' dir='ltr'><strong>suscipe-</strong></span> 
     </span>
    </p>
   </div>
   <div class='ocr_carea' id='block_1_52' title="bbox 200 3399 1782 3470">
    <p class='ocr_par' dir='ltr' id='par_1_52' title="bbox 200 3399 1782 3470">
     <span class='ocr_line' id='line_1_52' title="bbox 200 3399 1782 3470; baseline 0.003 -20"><span class='ocrx_word' id='word_1_309' title='bbox 200 3407 339 3458; x_wconf 88' lang='lat' dir='ltr'><strong>rent,</strong></span> <span class='ocrx_word' id='word_1_310' title='bbox 366 3407 427 3452; x_wconf 90' lang='lat' dir='ltr'><strong>et</strong></span> <span class='ocrx_word' id='word_1_311' title='bbox 452 3414 559 3454; x_wconf 89' lang='lat' dir='ltr'><strong>non</strong></span> <span class='ocrx_word' id='word_1_312' title='bbox 585 3415 680 3468; x_wconf 88' lang='lat' dir='ltr'><strong>per</strong></span> <span class='ocrx_word' id='word_1_313' title='bbox 699 3399 1029 3464; x_wconf 85' lang='lat' dir='ltr'><strong>breviorem,</strong></span> <span class='ocrx_word' id='word_1_314' title='bbox 1051 3399 1147 3456; x_wconf 85' lang='lat' dir='ltr'><strong>sed</strong></span> <span class='ocrx_word' id='word_1_315' title='bbox 1179 3415 1275 3470; x_wconf 86' lang='lat' dir='ltr'><strong>per</strong></span> <span class='ocrx_word' id='word_1_316' title='bbox 1321 3400 1572 3464; x_wconf 87' lang='lat' dir='ltr'><strong>tutiorem</strong></span> <span class='ocrx_word' id='word_1_317' title='bbox 1618 3400 1782 3465; x_wconf 80' lang='lat' dir='ltr'><strong>viam,</strong></span> 
     </span>
    </p>
   </div>
   <div class='ocr_carea' id='block_1_53' title="bbox 195 3488 1788 3559">
    <p class='ocr_par' dir='ltr' id='par_1_53' title="bbox 195 3488 1788 3559">
     <span class='ocr_line' id='line_1_53' title="bbox 195 3488 1788 3559; baseline 0.003 -19"><span class='ocrx_word' id='word_1_318' title='bbox 195 3503 367 3557; x_wconf 86' lang='lat' dir='ltr'><strong>usque</strong></span> <span class='ocrx_word' id='word_1_319' title='bbox 397 3488 464 3543; x_wconf 88' lang='lat' dir='ltr'><strong>ad</strong></span> <span class='ocrx_word' id='word_1_320' title='bbox 508 3489 855 3550; x_wconf 82' lang='lat' dir='ltr'><strong>securitatem</strong></span> <span class='ocrx_word' id='word_1_321' title='bbox 880 3490 1232 3554; x_wconf 80' lang='lat' dir='ltr'><strong>deducerent.</strong></span> <span class='ocrx_word' id='word_1_322' title='bbox 1259 3489 1411 3557; x_wconf 83' lang='lat' dir='ltr'><strong>Quod</strong></span> <span class='ocrx_word' id='word_1_323' title='bbox 1455 3489 1532 3546; x_wconf 88' lang='lat' dir='ltr'><strong>illi</strong></span> <span class='ocrx_word' id='word_1_324' title='bbox 1568 3489 1788 3559; x_wconf 79' lang='lat' dir='ltr'><strong>quidem</strong></span> 
     </span>
    </p>
   </div>
   <div class='ocr_carea' id='block_1_54' title="bbox 195 3579 1794 3654">
    <p class='ocr_par' dir='ltr' id='par_1_54' title="bbox 195 3579 1794 3654">
     <span class='ocr_line' id='line_1_54' title="bbox 195 3579 1794 3654; baseline 0.001 -20"><span class='ocrx_word' id='word_1_325' title='bbox 195 3579 430 3640; x_wconf 84' lang='lat' dir='ltr'><strong>ﬁdeliter</strong></span> <span class='ocrx_word' id='word_1_326' title='bbox 453 3581 774 3642; x_wconf 72' lang='lat' dir='ltr'><strong>eﬁ‘ecerunt.</strong></span> <span class='ocrx_word' id='word_1_327' title='bbox 791 3589 1088 3648; x_wconf 80' lang='lat' dir='ltr'><strong>secundum</strong></span> <span class='ocrx_word' id='word_1_328' title='bbox 1110 3585 1254 3654; x_wconf 75' lang='lat' dir='ltr'><strong>Quod</strong></span> <span class='ocrx_word' id='word_1_329' title='bbox 1275 3592 1514 3642; x_wconf 89' lang='lat' dir='ltr'><strong>vestram</strong></span> <span class='ocrx_word' id='word_1_330' title='bbox 1545 3583 1794 3650; x_wconf 77' lang='lat' dir='ltr'><strong>volunta-</strong></span> 
     </span>
    </p>
   </div>
   <div class='ocr_carea' id='block_1_55' title="bbox 195 3674 1790 3748">
    <p class='ocr_par' dir='ltr' id='par_1_55' title="bbox 195 3674 1790 3748">
     <span class='ocr_line' id='line_1_55' title="bbox 195 3674 1790 3748; baseline 0.003 -22"><span class='ocrx_word' id='word_1_331' title='bbox 195 3681 301 3728; x_wconf 82' lang='lat' dir='ltr'><strong>tem</strong></span> <span class='ocrx_word' id='word_1_332' title='bbox 351 3687 751 3744; x_wconf 87' lang='lat' dir='ltr'><strong>cognoverunt.</strong></span> <span class='ocrx_word' id='word_1_333' title='bbox 791 3678 987 3736; x_wconf 86' lang='lat' dir='ltr'><strong>Cordis</strong></span> <span class='ocrx_word' id='word_1_334' title='bbox 1032 3678 1254 3748; x_wconf 85' lang='lat' dir='ltr'><strong>quidem</strong></span> <span class='ocrx_word' id='word_1_335' title='bbox 1307 3677 1411 3734; x_wconf 89' lang='lat' dir='ltr'><strong>mei</strong></span> <span class='ocrx_word' id='word_1_336' title='bbox 1453 3674 1681 3742; x_wconf 70' lang='lat' dir='ltr'><strong>aﬁ‘ectus</strong></span> <span class='ocrx_word' id='word_1_337' title='bbox 1723 3676 1790 3732; x_wconf 86' lang='lat' dir='ltr'><strong>ad</strong></span> 
     </span>
    </p>
   </div>
   <div class='ocr_carea' id='block_1_56' title="bbox 194 3767 1793 3845">
    <p class='ocr_par' dir='ltr' id='par_1_56' title="bbox 194 3767 1793 3845">
     <span class='ocr_line' id='line_1_56' title="bbox 194 3767 1793 3845; baseline 0.001 -25"><span class='ocrx_word' id='word_1_338' title='bbox 194 3767 465 3845; x_wconf 82' lang='lat' dir='ltr'><strong>agendum</strong></span> <span class='ocrx_word' id='word_1_339' title='bbox 489 3769 696 3839; x_wconf 82' lang='lat' dir='ltr'><strong>gratias</strong></span> <span class='ocrx_word' id='word_1_340' title='bbox 727 3787 833 3827; x_wconf 90' lang='lat' dir='ltr'><strong>non</strong></span> <span class='ocrx_word' id='word_1_341' title='bbox 857 3770 1062 3838; x_wconf 81' lang='lat' dir='ltr'><strong>deﬁcit,</strong></span> <span class='ocrx_word' id='word_1_342' title='bbox 1090 3771 1185 3834; x_wconf 84' lang='lat' dir='ltr'><strong>sed</strong></span> <span class='ocrx_word' id='word_1_343' title='bbox 1210 3784 1271 3824; x_wconf 90' lang='lat' dir='ltr'><strong>os</strong></span> <span class='ocrx_word' id='word_1_344' title='bbox 1295 3779 1350 3824; x_wconf 90' lang='lat' dir='ltr'><strong>et</strong></span> <span class='ocrx_word' id='word_1_345' title='bbox 1386 3767 1560 3839; x_wconf 85' lang='lat' dir='ltr'><strong>stylus</strong></span> <span class='ocrx_word' id='word_1_346' title='bbox 1581 3769 1647 3822; x_wconf 88' lang='lat' dir='ltr'><strong>ad</strong></span> <span class='ocrx_word' id='word_1_347' title='bbox 1670 3782 1793 3837; x_wconf 80' lang='lat' dir='ltr'><strong>pro-</strong></span> 
     </span>
    </p>
   </div>
   <div class='ocr_carea' id='block_1_57' title="bbox 194 3856 1790 3930">
    <p class='ocr_par' dir='ltr' id='par_1_57' title="bbox 194 3856 1790 3930">
     <span class='ocr_line' id='line_1_57' title="bbox 194 3856 1790 3930; baseline 0.002 -18"><span class='ocrx_word' id='word_1_348' title='bbox 194 3856 479 3918; x_wconf 77' lang='lat' dir='ltr'><strong>ferendum</strong></span> <span class='ocrx_word' id='word_1_349' title='bbox 503 3863 645 3929; x_wconf 89' lang='lat' dir='ltr'><strong>quod</strong></span> <span class='ocrx_word' id='word_1_350' title='bbox 686 3877 782 3918; x_wconf 91' lang='lat' dir='ltr'><strong>eor</strong></span> <span class='ocrx_word' id='word_1_351' title='bbox 818 3862 1003 3927; x_wconf 85' lang='lat' dir='ltr'><strong>sentit,</strong></span> <span class='ocrx_word' id='word_1_352' title='bbox 1050 3877 1154 3924; x_wconf 86' lang='lat' dir='ltr'><strong>non</strong></span> <span class='ocrx_word' id='word_1_353' title='bbox 1203 3859 1424 3928; x_wconf 80' lang='lat' dir='ltr'><strong>sufﬁcit.</strong></span> <span class='ocrx_word' id='word_1_354' title='bbox 1463 3859 1614 3926; x_wconf 85' lang='lat' dir='ltr'><strong>Quod</strong></span> <span class='ocrx_word' id='word_1_355' title='bbox 1657 3873 1790 3930; x_wconf 77' lang='lat' dir='ltr'><strong>ergo</strong></span> 
     </span>
    </p>
   </div>
   <div class='ocr_carea' id='block_1_58' title="bbox 195 3953 1841 4025">
    <p class='ocr_par' dir='ltr' id='par_1_58' title="bbox 195 3953 1841 4025">
     <span class='ocr_line' id='line_1_58' title="bbox 195 3953 1841 4025; baseline 0.001 -19"><span class='ocrx_word' id='word_1_356' title='bbox 195 3967 292 4022; x_wconf 87' lang='lat' dir='ltr'><strong>ego</strong></span> <span class='ocrx_word' id='word_1_357' title='bbox 315 3969 427 4010; x_wconf 90' lang='lat' dir='ltr'><strong>non</strong></span> <span class='ocrx_word' id='word_1_358' title='bbox 452 3969 693 4024; x_wconf 85' lang='lat' dir='ltr'><strong>possunt,</strong></span> <span class='ocrx_word' id='word_1_359' title='bbox 728 3957 895 4016; x_wconf 88' lang='lat' dir='ltr'><strong>Deum</strong></span> <span class='ocrx_word' id='word_1_360' title='bbox 921 3971 1018 4020; x_wconf 82' lang='lat' dir='ltr'><strong>oro</strong></span> <span class='ocrx_word' id='word_1_361' title='bbox 1042 3965 1101 4010; x_wconf 92' lang='lat' dir='ltr'><strong>ut</strong></span> <span class='ocrx_word' id='word_1_362' title='bbox 1144 3955 1258 4025; x_wconf 90' lang='lat' dir='ltr'><strong>ipse</strong></span> <span class='ocrx_word' id='word_1_363' title='bbox 1297 3953 1451 4008; x_wconf 87' lang='lat' dir='ltr'><strong>vobis</strong></span> <span class='ocrx_word' id='word_1_364' title='bbox 1491 3953 1762 4014; x_wconf 87' lang='lat' dir='ltr'><strong>retribuat</strong></span> <span class='ocrx_word' id='word_1_365' title='bbox 1837 3957 1841 3961; x_wconf 83' lang='lat'><strong><em>&#39;</em></strong></span> 
     </span>
    </p>
   </div>
   <div class='ocr_carea' id='block_1_59' title="bbox 194 4045 1780 4126">
    <p class='ocr_par' dir='ltr' id='par_1_59' title="bbox 194 4045 1780 4126">
     <span class='ocr_line' id='line_1_59' title="bbox 194 4045 1780 4126; baseline 0.002 -27"><span class='ocrx_word' id='word_1_366' title='bbox 194 4053 248 4100; x_wconf 89' lang='lat' dir='ltr'><strong>et</strong></span> <span class='ocrx_word' id='word_1_367' title='bbox 284 4061 382 4102; x_wconf 88' lang='lat' dir='ltr'><strong>vos</strong></span> <span class='ocrx_word' id='word_1_368' title='bbox 411 4046 479 4104; x_wconf 89' lang='lat' dir='ltr'><strong>ab</strong></span> <span class='ocrx_word' id='word_1_369' title='bbox 501 4046 752 4122; x_wconf 81' lang='lat' dir='ltr'><strong>omnibus</strong></span> <span class='ocrx_word' id='word_1_370' title='bbox 793 4049 1028 4126; x_wconf 76' lang='lat' dir='ltr'><strong>inimicis</strong></span> <span class='ocrx_word' id='word_1_371' title='bbox 1061 4048 1307 4124; x_wconf 83' lang='lat' dir='ltr'><strong>corporis</strong></span> <span class='ocrx_word' id='word_1_372' title='bbox 1349 4056 1405 4116; x_wconf 82' lang='lat' dir='ltr'><strong>et</strong></span> <span class='ocrx_word' id='word_1_373' title='bbox 1460 4045 1655 4102; x_wconf 74' lang='lat' dir='ltr'><strong>anima:</strong></span> <span class='ocrx_word' id='word_1_374' title='bbox 1688 4045 1780 4114; x_wconf 81' lang='lat' dir='ltr'><strong>de-</strong></span> 
     </span>
    </p>
   </div>
   <div class='ocr_carea' id='block_1_60' title="bbox 192 4134 1787 4207">
    <p class='ocr_par' dir='ltr' id='par_1_60' title="bbox 192 4134 1787 4207">
     <span class='ocr_line' id='line_1_60' title="bbox 192 4134 1787 4207; baseline 0.003 -18"><span class='ocrx_word' id='word_1_375' title='bbox 192 4134 522 4202; x_wconf 80' lang='lat' dir='ltr'><strong>fendens,ad</strong></span> <span class='ocrx_word' id='word_1_376' title='bbox 550 4139 760 4200; x_wconf 87' lang='lat' dir='ltr'><strong>beatam</strong></span> <span class='ocrx_word' id='word_1_377' title='bbox 773 4147 1100 4204; x_wconf 55' lang='lat' dir='ltr'><strong>etaternatn</strong></span> <span class='ocrx_word' id='word_1_378' title='bbox 1125 4137 1475 4194; x_wconf 88' lang='lat' dir='ltr'><strong>securitatem</strong></span> <span class='ocrx_word' id='word_1_379' title='bbox 1501 4137 1787 4207; x_wconf 85' lang='lat' dir='ltr'><strong>perducat.</strong></span> 
     </span>
    </p>
   </div>
   <div class='ocr_carea' id='block_1_61' title="bbox 190 4226 1784 4302">
    <p class='ocr_par' dir='ltr' id='par_1_61' title="bbox 190 4226 1784 4302">
     <span class='ocr_line' id='line_1_61' title="bbox 190 4226 1784 4302; baseline 0.001 -20"><span class='ocrx_word' id='word_1_380' title='bbox 190 4226 378 4287; x_wconf 73' lang='lat' dir='ltr'><strong>Sancti</strong></span> <span class='ocrx_word' id='word_1_381' title='bbox 405 4229 662 4288; x_wconf 84' lang='lat' dir='ltr'><strong>desiderii</strong></span> <span class='ocrx_word' id='word_1_382' title='bbox 699 4232 862 4293; x_wconf 78' lang='lat' dir='ltr'><strong>vestri</strong></span> <span class='ocrx_word' id='word_1_383' title='bbox 895 4232 948 4287; x_wconf 93' lang='lat' dir='ltr'><strong>in</strong></span> <span class='ocrx_word' id='word_1_384' title='bbox 978 4232 1143 4287; x_wconf 88' lang='lat' dir='ltr'><strong>corde</strong></span> <span class='ocrx_word' id='word_1_385' title='bbox 1185 4246 1310 4286; x_wconf 92' lang='lat' dir='ltr'><strong>meo</strong></span> <span class='ocrx_word' id='word_1_386' title='bbox 1339 4246 1560 4302; x_wconf 86' lang='lat' dir='ltr'><strong>semper</strong></span> <span class='ocrx_word' id='word_1_387' title='bbox 1619 4247 1784 4288; x_wconf 88' lang='lat' dir='ltr'><strong>servo</strong></span> 
     </span>
    </p>
   </div>
   <div class='ocr_carea' id='block_1_62' title="bbox 188 4321 1866 4394">
    <p class='ocr_par' dir='ltr' id='par_1_62' title="bbox 188 4321 1866 4394">
     <span class='ocr_line' id='line_1_62' title="bbox 188 4321 1866 4394; baseline 0.002 -20"><span class='ocrx_word' id='word_1_388' title='bbox 188 4321 530 4386; x_wconf 86' lang='lat' dir='ltr'><strong>memoriam.</strong></span> <span class='ocrx_word' id='word_1_389' title='bbox 578 4339 686 4392; x_wconf 86' lang='lat' dir='ltr'><strong>quo</strong></span> <span class='ocrx_word' id='word_1_390' title='bbox 716 4324 784 4388; x_wconf 81' lang='lat' dir='ltr'><strong>ad</strong></span> <span class='ocrx_word' id='word_1_391' title='bbox 805 4332 1179 4394; x_wconf 87' lang='lat' dir='ltr'><strong>contemptum</strong></span> <span class='ocrx_word' id='word_1_392' title='bbox 1205 4323 1388 4392; x_wconf 83' lang='lat' dir='ltr'><strong>mundi</strong></span> <span class='ocrx_word' id='word_1_393' title='bbox 1422 4339 1518 4394; x_wconf 80' lang='lat' dir='ltr'><strong>cor</strong></span> <span class='ocrx_word' id='word_1_394' title='bbox 1540 4335 1781 4378; x_wconf 88' lang='lat' dir='ltr'><strong>vestrum</strong></span> <span class='ocrx_word' id='word_1_395' title='bbox 1860 4359 1866 4365; x_wconf 90' lang='lat'><strong><em>-</em></strong></span> 
     </span>
    </p>
   </div>
   <div class='ocr_carea' id='block_1_63' title="bbox 1911 1816 3504 1890">
    <p class='ocr_par' dir='ltr' id='par_1_63' title="bbox 1911 1816 3504 1890">
     <span class='ocr_line' id='line_1_63' title="bbox 1911 1816 3504 1890; baseline 0.004 -20"><span class='ocrx_word' id='word_1_396' title='bbox 1911 1816 2139 1886; x_wconf 86' lang='lat' dir='ltr'><strong>impellit.</strong></span> <span class='ocrx_word' id='word_1_397' title='bbox 2163 1819 2240 1871; x_wconf 88' lang='lat' dir='ltr'><strong>vel</strong></span> <span class='ocrx_word' id='word_1_398' title='bbox 2271 1819 2473 1882; x_wconf 76' lang='lat' dir='ltr'><strong>odium,</strong></span> <span class='ocrx_word' id='word_1_399' title='bbox 2506 1819 2588 1873; x_wconf 85' lang='lat' dir='ltr'><strong>vel</strong></span> <span class='ocrx_word' id='word_1_400' title='bbox 2621 1835 2790 1882; x_wconf 83' lang='lat' dir='ltr'><strong>auter,</strong></span> <span class='ocrx_word' id='word_1_401' title='bbox 2835 1820 2918 1875; x_wconf 87' lang='lat' dir='ltr'><strong>vel</strong></span> <span class='ocrx_word' id='word_1_402' title='bbox 2970 1823 3217 1890; x_wconf 66' lang='lat' dir='ltr'><strong>quaedam</strong></span> <span class='ocrx_word' id='word_1_403' title='bbox 3261 1837 3398 1876; x_wconf 85' lang='lat' dir='ltr'><strong>vana</strong></span> <span class='ocrx_word' id='word_1_404' title='bbox 3450 1830 3504 1876; x_wconf 87' lang='lat' dir='ltr'><strong>et</strong></span> 
     </span>
    </p>
   </div>
   <div class='ocr_carea' id='block_1_64' title="bbox 1909 1899 3506 1996">
    <p class='ocr_par' dir='ltr' id='par_1_64' title="bbox 1909 1899 3506 1996">
     <span class='ocr_line' id='line_1_64' title="bbox 1909 1899 3506 1996; baseline 0.004 -27"><span class='ocrx_word' id='word_1_405' title='bbox 1909 1915 2055 1970; x_wconf 84' lang='lat' dir='ltr'><strong>iners</strong></span> <span class='ocrx_word' id='word_1_406' title='bbox 2082 1915 2132 1970; x_wconf 91' lang='lat' dir='ltr'><strong>in</strong></span> <span class='ocrx_word' id='word_1_407' title='bbox 2152 1918 2457 1972; x_wconf 89' lang='lat' dir='ltr'><strong>mentiendo</strong></span> <span class='ocrx_word' id='word_1_408' title='bbox 2481 1917 2746 1994; x_wconf 81' lang='lat' dir='ltr'><strong>voluntas.</strong></span> <span class='ocrx_word' id='word_1_409' title='bbox 2772 1918 2813 1988; x_wconf 71' lang='lat' dir='ltr'><strong>ii</strong></span> <span class='ocrx_word' id='word_1_410' title='bbox 2841 1899 3220 1996; x_wconf 32' lang='lat' dir='ltr'><strong>sunt‘quorum</strong></span> <span class='ocrx_word' id='word_1_411' title='bbox 3248 1921 3506 1996; x_wconf 59' lang='lat' dir='ltr'><strong>segnities</strong></span> 
     </span>
    </p>
   </div>
   <div class='ocr_carea' id='block_1_65' title="bbox 1908 1993 3501 2088">
    <p class='ocr_par' dir='ltr' id='par_1_65' title="bbox 1908 1993 3501 2088">
     <span class='ocr_line' id='line_1_65' title="bbox 1908 1993 3501 2088; baseline 0.009 -30"><span class='ocrx_word' id='word_1_412' title='bbox 1908 2020 2028 2058; x_wconf 88' lang='lat' dir='ltr'><strong>cum</strong></span> <span class='ocrx_word' id='word_1_413' title='bbox 2056 2007 2121 2060; x_wconf 83' lang='lat' dir='ltr'><strong>ad</strong></span> <span class='ocrx_word' id='word_1_414' title='bbox 2151 2006 2282 2060; x_wconf 84' lang='lat' dir='ltr'><strong>nihil</strong></span> <span class='ocrx_word' id='word_1_415' title='bbox 2312 2007 2594 2062; x_wconf 89' lang='lat' dir='ltr'><strong>honestum</strong></span> <span class='ocrx_word' id='word_1_416' title='bbox 2622 1993 2898 2088; x_wconf 63' lang='lat' dir='ltr'><strong>essurgat,</strong></span> <span class='ocrx_word' id='word_1_417' title='bbox 2945 2013 3158 2088; x_wconf 73' lang='lat' dir='ltr'><strong>invidia:</strong></span> <span class='ocrx_word' id='word_1_418' title='bbox 3195 1993 3390 2084; x_wconf 39' lang='lat' dir='ltr'><strong>&#39;ignem</strong></span> <span class='ocrx_word' id='word_1_419' title='bbox 3446 2014 3501 2074; x_wconf 89' lang='lat' dir='ltr'><strong>in</strong></span> 
     </span>
    </p>
   </div>
   <div class='ocr_carea' id='block_1_66' title="bbox 1908 2084 3502 2180">
    <p class='ocr_par' dir='ltr' id='par_1_66' title="bbox 1908 2084 3502 2180">
     <span class='ocr_line' id='line_1_66' title="bbox 1908 2084 3502 2180; baseline 0.008 -30"><span class='ocrx_word' id='word_1_420' title='bbox 1908 2095 2039 2168; x_wconf 84' lang='lat' dir='ltr'><strong>ipsis</strong></span> <span class='ocrx_word' id='word_1_421' title='bbox 2064 2098 2300 2162; x_wconf 88' lang='lat' dir='ltr'><strong>incendit</strong></span> <span class='ocrx_word' id='word_1_422' title='bbox 2324 2101 2582 2172; x_wconf 81' lang='lat' dir='ltr'><strong>adversus</strong></span> <span class='ocrx_word' id='word_1_423' title='bbox 2612 2116 2706 2156; x_wconf 86' lang='lat' dir='ltr'><strong>eos</strong></span> <span class='ocrx_word' id='word_1_424' title='bbox 2731 2084 2830 2180; x_wconf 82' lang='lat' dir='ltr'><strong>qui</strong></span> <span class='ocrx_word' id='word_1_425' title='bbox 2855 2084 3079 2159; x_wconf 84' lang='lat' dir='ltr'><strong>honeste</strong></span> <span class='ocrx_word' id='word_1_426' title='bbox 3109 2084 3317 2158; x_wconf 84' lang='lat' dir='ltr'><strong>vivunt.</strong></span> <span class='ocrx_word' id='word_1_427' title='bbox 3377 2105 3502 2162; x_wconf 88' lang='lat' dir='ltr'><strong>Scio</strong></span> 
     </span>
    </p>
   </div>
   <div class='ocr_carea' id='block_1_67' title="bbox 1907 2189 3498 2264">
    <p class='ocr_par' dir='ltr' id='par_1_67' title="bbox 1907 2189 3498 2264">
     <span class='ocr_line' id='line_1_67' title="bbox 1907 2189 3498 2264; baseline 0.008 -23"><span class='ocrx_word' id='word_1_428' title='bbox 1907 2189 2030 2258; x_wconf 87' lang='lat' dir='ltr'><strong>quia</strong></span> <span class='ocrx_word' id='word_1_429' title='bbox 2087 2189 2351 2259; x_wconf 83' lang='lat' dir='ltr'><strong>ejusmodi</strong></span> <span class='ocrx_word' id='word_1_430' title='bbox 2410 2191 2656 2264; x_wconf 75' lang='lat' dir='ltr'><strong>homines</strong></span> <span class='ocrx_word' id='word_1_431' title='bbox 2705 2194 2872 2247; x_wconf 89' lang='lat' dir='ltr'><strong>animi</strong></span> <span class='ocrx_word' id='word_1_432' title='bbox 2938 2196 3101 2250; x_wconf 86' lang='lat' dir='ltr'><strong>vestri</strong></span> <span class='ocrx_word' id='word_1_433' title='bbox 3157 2195 3498 2254; x_wconf 81' lang='lat' dir='ltr'><strong>dulcedinem</strong></span> 
     </span>
    </p>
   </div>
   <div class='ocr_carea' id='block_1_68' title="bbox 1905 2285 3501 2368">
    <p class='ocr_par' dir='ltr' id='par_1_68' title="bbox 1905 2285 3501 2368">
     <span class='ocr_line' id='line_1_68' title="bbox 1905 2285 3501 2368; baseline 0.006 -33"><span class='ocrx_word' id='word_1_434' title='bbox 1905 2297 2147 2337; x_wconf 86' lang='lat' dir='ltr'><strong>amaram</strong></span> <span class='ocrx_word' id='word_1_435' title='bbox 2180 2285 2311 2340; x_wconf 90' lang='lat' dir='ltr'><strong>mihi</strong></span> <span class='ocrx_word' id='word_1_436' title='bbox 2340 2285 2518 2364; x_wconf 81' lang='lat' dir='ltr'><strong>facere</strong></span> <span class='ocrx_word' id='word_1_437' title='bbox 2549 2285 2815 2366; x_wconf 84' lang='lat' dir='ltr'><strong>nituntur.</strong></span> <span class='ocrx_word' id='word_1_438' title='bbox 2848 2287 3072 2368; x_wconf 80' lang='lat' dir='ltr'><strong>Accedit</strong></span> <span class='ocrx_word' id='word_1_439' title='bbox 3100 2287 3167 2342; x_wconf 86' lang='lat' dir='ltr'><strong>ad</strong></span> <span class='ocrx_word' id='word_1_440' title='bbox 3219 2289 3322 2342; x_wconf 89' lang='lat' dir='ltr'><strong>hoc</strong></span> <span class='ocrx_word' id='word_1_441' title='bbox 3357 2289 3501 2360; x_wconf 86' lang='lat' dir='ltr'><strong>quod</strong></span> 
     </span>
    </p>
   </div>
   <div class='ocr_carea' id='block_1_69' title="bbox 1906 2381 3497 2453">
    <p class='ocr_par' dir='ltr' id='par_1_69' title="bbox 1906 2381 3497 2453">
     <span class='ocr_line' id='line_1_69' title="bbox 1906 2381 3497 2453; baseline 0.003 -20"><span class='ocrx_word' id='word_1_442' title='bbox 1906 2389 2094 2440; x_wconf 83' lang='lat' dir='ltr'><strong>noster</strong></span> <span class='ocrx_word' id='word_1_443' title='bbox 2123 2381 2278 2436; x_wconf 89' lang='lat' dir='ltr'><strong>labor</strong></span> <span class='ocrx_word' id='word_1_444' title='bbox 2302 2381 2590 2453; x_wconf 77' lang='lat' dir='ltr'><strong>aliquando</strong></span> <span class='ocrx_word' id='word_1_445' title='bbox 2615 2383 2821 2453; x_wconf 77' lang='lat' dir='ltr'><strong>pigrior</strong></span> <span class='ocrx_word' id='word_1_446' title='bbox 2852 2381 2953 2436; x_wconf 82' lang='lat' dir='ltr'><strong>fuit</strong></span> <span class='ocrx_word' id='word_1_447' title='bbox 2985 2399 3145 2453; x_wconf 90' lang='lat' dir='ltr'><strong>quam</strong></span> <span class='ocrx_word' id='word_1_448' title='bbox 3188 2383 3406 2439; x_wconf 85' lang='lat' dir='ltr'><strong>deceret</strong></span> <span class='ocrx_word' id='word_1_449' title='bbox 3445 2385 3497 2437; x_wconf 92' lang='lat' dir='ltr'><strong>iu</strong></span> 
     </span>
    </p>
   </div>
   <div class='ocr_carea' id='block_1_70' title="bbox 1904 2451 3500 2542">
    <p class='ocr_par' dir='ltr' id='par_1_70' title="bbox 1904 2451 3500 2542">
     <span class='ocr_line' id='line_1_70' title="bbox 1904 2451 3500 2542; baseline 0.001 -18"><span class='ocrx_word' id='word_1_450' title='bbox 1904 2485 2065 2525; x_wconf 78' lang='lat' dir='ltr'><strong>CauSa</strong></span> <span class='ocrx_word' id='word_1_451' title='bbox 2105 2472 2194 2524; x_wconf 87' lang='lat' dir='ltr'><strong>Dei</strong></span> <span class='ocrx_word' id='word_1_452' title='bbox 2220 2481 2274 2524; x_wconf 92' lang='lat' dir='ltr'><strong>et</strong></span> <span class='ocrx_word' id='word_1_453' title='bbox 2304 2451 2506 2526; x_wconf 82' lang='lat' dir='ltr'><strong>vestra.</strong></span> <span class='ocrx_word' id='word_1_454' title='bbox 2720 2472 2824 2526; x_wconf 88' lang='lat' dir='ltr'><strong>Sed</strong></span> <span class='ocrx_word' id='word_1_455' title='bbox 2857 2451 3122 2528; x_wconf 30' lang='lat' dir='ltr'><strong>absit&#39;boc</strong></span> <span class='ocrx_word' id='word_1_456' title='bbox 3143 2489 3172 2525; x_wconf 72' lang='grc' dir='ltr'>ει</span> <span class='ocrx_word' id='word_1_457' title='bbox 3207 2489 3324 2536; x_wconf 89' lang='lat' dir='ltr'><strong>me,</strong></span> <span class='ocrx_word' id='word_1_458' title='bbox 3359 2471 3500 2528; x_wconf 88' lang='lat' dir='ltr'><strong>absit</strong></span> 
     </span>
    </p>
   </div>
   <div class='ocr_carea' id='block_1_71' title="bbox 1904 2564 3498 2642">
    <p class='ocr_par' dir='ltr' id='par_1_71' title="bbox 1904 2564 3498 2642">
     <span class='ocr_line' id='line_1_71' title="bbox 1904 2564 3498 2642; baseline 0.001 -24"><span class='ocrx_word' id='word_1_459' title='bbox 1904 2565 2006 2618; x_wconf 89' lang='lat' dir='ltr'><strong>hoc</strong></span> <span class='ocrx_word' id='word_1_460' title='bbox 2037 2565 2105 2618; x_wconf 90' lang='lat' dir='ltr'><strong>ab</strong></span> <span class='ocrx_word' id='word_1_461' title='bbox 2127 2579 2213 2628; x_wconf 90' lang='lat' dir='ltr'><strong>ea,</strong></span> <span class='ocrx_word' id='word_1_462' title='bbox 2239 2580 2344 2634; x_wconf 91' lang='lat' dir='ltr'><strong>qua</strong></span> <span class='ocrx_word' id='word_1_463' title='bbox 2379 2565 2529 2640; x_wconf 80' lang='lat' dir='ltr'><strong>vobs</strong></span> <span class='ocrx_word' id='word_1_464' title='bbox 2549 2565 2798 2642; x_wconf 73' lang='lat' dir='ltr'><strong>adhaereo</strong></span> <span class='ocrx_word' id='word_1_465' title='bbox 2830 2564 3138 2632; x_wconf 87' lang='lat' dir='ltr'><strong>dilectione,</strong></span> <span class='ocrx_word' id='word_1_466' title='bbox 3173 2574 3230 2618; x_wconf 91' lang='lat' dir='ltr'><strong>ut</strong></span> <span class='ocrx_word' id='word_1_467' title='bbox 3268 2579 3297 2618; x_wconf 91' lang='lat' dir='ltr'><strong>a</strong></span> <span class='ocrx_word' id='word_1_468' title='bbox 3339 2566 3498 2619; x_wconf 87' lang='lat' dir='ltr'><strong>modo</strong></span> 
     </span>
    </p>
   </div>
   <div class='ocr_carea' id='block_1_72' title="bbox 1903 2655 3498 2727">
    <p class='ocr_par' dir='ltr' id='par_1_72' title="bbox 1903 2655 3498 2727">
     <span class='ocr_line' id='line_1_72' title="bbox 1903 2655 3498 2727; baseline 0 -18"><span class='ocrx_word' id='word_1_469' title='bbox 1903 2657 2051 2710; x_wconf 88' lang='lat' dir='ltr'><strong>verbi</strong></span> <span class='ocrx_word' id='word_1_470' title='bbox 2080 2655 2174 2710; x_wconf 90' lang='lat' dir='ltr'><strong>Dei</strong></span> <span class='ocrx_word' id='word_1_471' title='bbox 2207 2657 2258 2710; x_wconf 93' lang='lat' dir='ltr'><strong>in</strong></span> <span class='ocrx_word' id='word_1_472' title='bbox 2295 2673 2403 2727; x_wconf 90' lang='lat' dir='ltr'><strong>quo</strong></span> <span class='ocrx_word' id='word_1_473' title='bbox 2424 2657 2687 2726; x_wconf 83' lang='lat' dir='ltr'><strong>laboratis</strong></span> <span class='ocrx_word' id='word_1_474' title='bbox 2720 2658 2977 2725; x_wconf 87' lang='lat' dir='ltr'><strong>usquead</strong></span> <span class='ocrx_word' id='word_1_475' title='bbox 3008 2657 3259 2712; x_wconf 68' lang='lat' dir='ltr'><strong>exsiliunt</strong></span> <span class='ocrx_word' id='word_1_476' title='bbox 3285 2671 3370 2709; x_wconf 93' lang='lat' dir='ltr'><strong>me</strong></span> <span class='ocrx_word' id='word_1_477' title='bbox 3404 2660 3498 2709; x_wconf 90' lang='lat' dir='ltr'><strong>ad-</strong></span> 
     </span>
    </p>
   </div>
   <div class='ocr_carea' id='block_1_73' title="bbox 1895 2750 3498 2822">
    <p class='ocr_par' dir='ltr' id='par_1_73' title="bbox 1895 2750 3498 2822">
     <span class='ocr_line' id='line_1_73' title="bbox 1895 2750 3498 2822; baseline 0.002 -21"><span class='ocrx_word' id='word_1_478' title='bbox 1895 2751 2133 2822; x_wconf 79' lang='lat' dir='ltr'><strong>jutorem</strong></span> <span class='ocrx_word' id='word_1_479' title='bbox 2167 2767 2272 2805; x_wconf 91' lang='lat' dir='ltr'><strong>non</strong></span> <span class='ocrx_word' id='word_1_480' title='bbox 2303 2750 2582 2804; x_wconf 82' lang='lat' dir='ltr'><strong>habeatis!</strong></span> <span class='ocrx_word' id='word_1_481' title='bbox 2615 2751 2670 2806; x_wconf 83' lang='lat' dir='ltr'><strong>Si</strong></span> <span class='ocrx_word' id='word_1_482' title='bbox 2705 2752 2846 2804; x_wconf 81' lang='lat' dir='ltr'><strong>enim</strong></span> <span class='ocrx_word' id='word_1_483' title='bbox 2874 2767 2994 2804; x_wconf 87' lang='lat' dir='ltr'><strong>eam</strong></span> <span class='ocrx_word' id='word_1_484' title='bbox 3039 2752 3168 2805; x_wconf 90' lang='lat' dir='ltr'><strong>mihi</strong></span> <span class='ocrx_word' id='word_1_485' title='bbox 3193 2750 3498 2805; x_wconf 86' lang='lat' dir='ltr'><strong>dilectionis</strong></span> 
     </span>
    </p>
   </div>
   <div class='ocr_carea' id='block_1_74' title="bbox 1903 2844 3496 2922">
    <p class='ocr_par' dir='ltr' id='par_1_74' title="bbox 1903 2844 3496 2922">
     <span class='ocr_line' id='line_1_74' title="bbox 1903 2844 3496 2922; baseline 0 -24"><span class='ocrx_word' id='word_1_486' title='bbox 1903 2847 2225 2898; x_wconf 78' lang='lat' dir='ltr'><strong>suavitatem</strong></span> <span class='ocrx_word' id='word_1_487' title='bbox 2253 2845 2481 2918; x_wconf 77' lang='lat' dir='ltr'><strong>reddere</strong></span> <span class='ocrx_word' id='word_1_488' title='bbox 2510 2845 2790 2922; x_wconf 80' lang='lat' dir='ltr'><strong>noveritis,</strong></span> <span class='ocrx_word' id='word_1_489' title='bbox 2823 2860 2987 2914; x_wconf 86' lang='lat' dir='ltr'><strong>quam</strong></span> <span class='ocrx_word' id='word_1_490' title='bbox 3045 2860 3188 2915; x_wconf 68' lang='lat' dir='ltr'><strong>sazpe</strong></span> <span class='ocrx_word' id='word_1_491' title='bbox 3241 2845 3293 2898; x_wconf 89' lang='lat' dir='ltr'><strong>in</strong></span> <span class='ocrx_word' id='word_1_492' title='bbox 3342 2844 3496 2898; x_wconf 85' lang='lat' dir='ltr'><strong>vobis</strong></span> 
     </span>
    </p>
   </div>
   <div class='ocr_carea' id='block_1_75' title="bbox 1899 2919 3492 3007">
    <p class='ocr_par' dir='ltr' id='par_1_75' title="bbox 1899 2919 3492 3007">
     <span class='ocr_line' id='line_1_75' title="bbox 1899 2919 3492 3007; baseline 0 -15"><span class='ocrx_word' id='word_1_493' title='bbox 1899 2939 2087 2992; x_wconf 89' lang='lat' dir='ltr'><strong>multis</strong></span> <span class='ocrx_word' id='word_1_494' title='bbox 2115 2949 2169 2993; x_wconf 91' lang='lat' dir='ltr'><strong>et</strong></span> <span class='ocrx_word' id='word_1_495' title='bbox 2200 2939 2411 3007; x_wconf 72' lang='lat' dir='ltr'><strong>magnis</strong></span> <span class='ocrx_word' id='word_1_496' title='bbox 2442 2939 2602 2992; x_wconf 89' lang='lat' dir='ltr'><strong>rebus</strong></span> <span class='ocrx_word' id='word_1_497' title='bbox 2639 2919 2893 3007; x_wconf 80' lang='lat' dir='ltr'><strong>expertus</strong></span> <span class='ocrx_word' id='word_1_498' title='bbox 2919 2953 3071 3000; x_wconf 85' lang='lat' dir='ltr'><strong>smn,</strong></span> <span class='ocrx_word' id='word_1_499' title='bbox 3099 2938 3262 2992; x_wconf 87' lang='lat' dir='ltr'><strong>lldutn</strong></span> <span class='ocrx_word' id='word_1_500' title='bbox 3296 2952 3382 2990; x_wconf 89' lang='lat' dir='ltr'><strong>me</strong></span> <span class='ocrx_word' id='word_1_501' title='bbox 3437 2946 3492 2992; x_wconf 89' lang='lat' dir='ltr'><strong>et</strong></span> 
     </span>
    </p>
   </div>
   <div class='ocr_carea' id='block_1_76' title="bbox 1899 3028 3491 3111">
    <p class='ocr_par' dir='ltr' id='par_1_76' title="bbox 1899 3028 3491 3111">
     <span class='ocr_line' id='line_1_76' title="bbox 1899 3028 3491 3111; baseline -0.002 -23"><span class='ocrx_word' id='word_1_502' title='bbox 1899 3049 2115 3102; x_wconf 84' lang='lat' dir='ltr'><strong>servum</strong></span> <span class='ocrx_word' id='word_1_503' title='bbox 2145 3045 2200 3090; x_wconf 89' lang='lat' dir='ltr'><strong>et</strong></span> <span class='ocrx_word' id='word_1_504' title='bbox 2231 3035 2282 3090; x_wconf 93' lang='lat' dir='ltr'><strong>iu</strong></span> <span class='ocrx_word' id='word_1_505' title='bbox 2314 3035 2530 3088; x_wconf 68' lang='lat' dir='ltr'><strong>Christo</strong></span> <span class='ocrx_word' id='word_1_506' title='bbox 2557 3048 2878 3088; x_wconf 86' lang='lat' dir='ltr'><strong>conservum</strong></span> <span class='ocrx_word' id='word_1_507' title='bbox 2911 3043 3072 3111; x_wconf 87' lang='lat' dir='ltr'><strong>atque</strong></span> <span class='ocrx_word' id='word_1_508' title='bbox 3098 3033 3150 3086; x_wconf 91' lang='lat' dir='ltr'><strong>in</strong></span> <span class='ocrx_word' id='word_1_509' title='bbox 3183 3033 3347 3087; x_wconf 88' lang='lat' dir='ltr'><strong>verbo</strong></span> <span class='ocrx_word' id='word_1_510' title='bbox 3374 3028 3491 3110; x_wconf 61' lang='lat' dir='ltr'><strong>eius</strong></span> 
     </span>
    </p>
   </div>
   <div class='ocr_carea' id='block_1_77' title="bbox 1897 3127 3492 3202">
    <p class='ocr_par' dir='ltr' id='par_1_77' title="bbox 1897 3127 3492 3202">
     <span class='ocr_line' id='line_1_77' title="bbox 1897 3127 3492 3202; baseline -0.002 -21"><span class='ocrx_word' id='word_1_511' title='bbox 1897 3127 2321 3196; x_wconf 73' lang='lat' dir='ltr'><strong>collaborantem</strong></span> <span class='ocrx_word' id='word_1_512' title='bbox 2347 3127 2633 3198; x_wconf 75' lang='lat' dir='ltr'><strong>habebitis.</strong></span> <span class='ocrx_word' id='word_1_513' title='bbox 2652 3127 3103 3202; x_wconf 73' lang='lat' dir='ltr'><strong>Negligentinrem</strong></span> <span class='ocrx_word' id='word_1_514' title='bbox 3129 3135 3304 3202; x_wconf 84' lang='lat' dir='ltr'><strong>tamen</strong></span> <span class='ocrx_word' id='word_1_515' title='bbox 3327 3139 3492 3202; x_wconf 76' lang='lat' dir='ltr'><strong>quam</strong></span> 
     </span>
    </p>
   </div>
   <div class='ocr_carea' id='block_1_78' title="bbox 1896 3217 3488 3294">
    <p class='ocr_par' dir='ltr' id='par_1_78' title="bbox 1896 3217 3488 3294">
     <span class='ocr_line' id='line_1_78' title="bbox 1896 3217 3488 3294; baseline -0.003 -20"><span class='ocrx_word' id='word_1_516' title='bbox 1896 3223 2196 3291; x_wconf 87' lang='lat' dir='ltr'><strong>oportuerit</strong></span> <span class='ocrx_word' id='word_1_517' title='bbox 2228 3225 2277 3292; x_wconf 83' lang='lat' dir='ltr'><strong>in</strong></span> <span class='ocrx_word' id='word_1_518' title='bbox 2304 3221 2404 3276; x_wconf 91' lang='lat' dir='ltr'><strong>hac</strong></span> <span class='ocrx_word' id='word_1_519' title='bbox 2455 3236 2618 3294; x_wconf 80' lang='lat' dir='ltr'><strong>causa</strong></span> <span class='ocrx_word' id='word_1_520' title='bbox 2669 3235 2753 3274; x_wconf 79' lang='lat' dir='ltr'><strong>me</strong></span> <span class='ocrx_word' id='word_1_521' title='bbox 2786 3220 3008 3280; x_wconf 79' lang='lat' dir='ltr'><strong>fecerat,</strong></span> <span class='ocrx_word' id='word_1_522' title='bbox 3035 3219 3178 3290; x_wconf 89' lang='lat' dir='ltr'><strong>quod</strong></span> <span class='ocrx_word' id='word_1_523' title='bbox 3209 3217 3488 3288; x_wconf 78' lang='lat' dir='ltr'><strong>negligen-</strong></span> 
     </span>
    </p>
   </div>
   <div class='ocr_carea' id='block_1_79' title="bbox 1899 3307 3489 3388">
    <p class='ocr_par' dir='ltr' id='par_1_79' title="bbox 1899 3307 3489 3388">
     <span class='ocr_line' id='line_1_79' title="bbox 1899 3307 3489 3388; baseline -0.001 -23"><span class='ocrx_word' id='word_1_524' title='bbox 1899 3312 2003 3372; x_wconf 86' lang='lat' dir='ltr'><strong>tius</strong></span> <span class='ocrx_word' id='word_1_525' title='bbox 2025 3328 2186 3383; x_wconf 85' lang='lat' dir='ltr'><strong>quam</strong></span> <span class='ocrx_word' id='word_1_526' title='bbox 2217 3312 2488 3376; x_wconf 81' lang='lat' dir='ltr'><strong>decuisset</strong></span> <span class='ocrx_word' id='word_1_527' title='bbox 2545 3327 2639 3386; x_wconf 77' lang='lat' dir='ltr'><strong>vos</strong></span> <span class='ocrx_word' id='word_1_528' title='bbox 2687 3311 2739 3365; x_wconf 93' lang='lat' dir='ltr'><strong>in</strong></span> <span class='ocrx_word' id='word_1_529' title='bbox 2782 3311 3126 3388; x_wconf 77' lang='lat' dir='ltr'><strong>tribulatione</strong></span> <span class='ocrx_word' id='word_1_530' title='bbox 3184 3324 3300 3364; x_wconf 89' lang='lat' dir='ltr'><strong>mea</strong></span> <span class='ocrx_word' id='word_1_531' title='bbox 3354 3307 3489 3364; x_wconf 80' lang='lat' dir='ltr'><strong>mihi</strong></span> 
     </span>
    </p>
   </div>
   <div class='ocr_carea' id='block_1_80' title="bbox 1895 3402 3488 3477">
    <p class='ocr_par' dir='ltr' id='par_1_80' title="bbox 1895 3402 3488 3477">
     <span class='ocr_line' id='line_1_80' title="bbox 1895 3402 3488 3477; baseline -0.003 -19"><span class='ocrx_word' id='word_1_532' title='bbox 1895 3419 2239 3474; x_wconf 85' lang='lat' dir='ltr'><strong>cpmpassum</strong></span> <span class='ocrx_word' id='word_1_533' title='bbox 2271 3403 2474 3458; x_wconf 88' lang='lat' dir='ltr'><strong>audivi.</strong></span> <span class='ocrx_word' id='word_1_534' title='bbox 2498 3403 2664 3474; x_wconf 80' lang='lat' dir='ltr'><strong>Amor</strong></span> <span class='ocrx_word' id='word_1_535' title='bbox 2698 3413 2878 3476; x_wconf 86' lang='lat' dir='ltr'><strong>tamen</strong></span> <span class='ocrx_word' id='word_1_536' title='bbox 2913 3402 3001 3458; x_wconf 89' lang='lat' dir='ltr'><strong>ille</strong></span> <span class='ocrx_word' id='word_1_537' title='bbox 3057 3416 3285 3472; x_wconf 74' lang='lat' dir='ltr'><strong>magnus</strong></span> <span class='ocrx_word' id='word_1_538' title='bbox 3326 3414 3488 3477; x_wconf 86' lang='lat' dir='ltr'><strong>quem</strong></span> 
     </span>
    </p>
   </div>
   <div class='ocr_carea' id='block_1_81' title="bbox 1894 3493 3489 3567">
    <p class='ocr_par' dir='ltr' id='par_1_81' title="bbox 1894 3493 3489 3567">
     <span class='ocr_line' id='line_1_81' title="bbox 1894 3493 3489 3567; baseline -0.001 -18"><span class='ocrx_word' id='word_1_539' title='bbox 1894 3510 2021 3566; x_wconf 79' lang='lat' dir='ltr'><strong>erga</strong></span> <span class='ocrx_word' id='word_1_540' title='bbox 2059 3513 2155 3552; x_wconf 89' lang='lat' dir='ltr'><strong>vos</strong></span> <span class='ocrx_word' id='word_1_541' title='bbox 2199 3497 2392 3564; x_wconf 83' lang='lat' dir='ltr'><strong>habeo.</strong></span> <span class='ocrx_word' id='word_1_542' title='bbox 2442 3497 2639 3567; x_wconf 85' lang='lat' dir='ltr'><strong>ubique</strong></span> <span class='ocrx_word' id='word_1_543' title='bbox 2686 3512 2810 3564; x_wconf 89' lang='lat' dir='ltr'><strong>cum</strong></span> <span class='ocrx_word' id='word_1_544' title='bbox 2860 3495 3216 3550; x_wconf 78' lang='lat' dir='ltr'><strong>familiaribus</strong></span> <span class='ocrx_word' id='word_1_545' title='bbox 3271 3493 3406 3548; x_wconf 85' lang='lat' dir='ltr'><strong>meis</strong></span> <span class='ocrx_word' id='word_1_546' title='bbox 3434 3503 3489 3548; x_wconf 89' lang='lat' dir='ltr'><strong>et</strong></span> 
     </span>
    </p>
   </div>
   <div class='ocr_carea' id='block_1_82' title="bbox 1895 3588 3486 3664">
    <p class='ocr_par' dir='ltr' id='par_1_82' title="bbox 1895 3588 3486 3664">
     <span class='ocr_line' id='line_1_82' title="bbox 1895 3588 3486 3664; baseline 0 -22"><span class='ocrx_word' id='word_1_547' title='bbox 1895 3591 2111 3654; x_wconf 76' lang='lat' dir='ltr'><strong>vestris,</strong></span> <span class='ocrx_word' id='word_1_548' title='bbox 2138 3599 2192 3646; x_wconf 85' lang='lat' dir='ltr'><strong>ct</strong></span> <span class='ocrx_word' id='word_1_549' title='bbox 2218 3604 2361 3662; x_wconf 76' lang='lat' dir='ltr'><strong>saepe</strong></span> <span class='ocrx_word' id='word_1_550' title='bbox 2387 3591 2438 3645; x_wconf 93' lang='lat' dir='ltr'><strong>in</strong></span> <span class='ocrx_word' id='word_1_551' title='bbox 2487 3590 2672 3662; x_wconf 81' lang='lat' dir='ltr'><strong>auditu</strong></span> <span class='ocrx_word' id='word_1_552' title='bbox 2717 3588 2859 3660; x_wconf 88' lang='lat' dir='ltr'><strong>regis</strong></span> <span class='ocrx_word' id='word_1_553' title='bbox 2889 3588 3284 3660; x_wconf 88' lang='lat' dir='ltr'><strong>et0ptimatum</strong></span> <span class='ocrx_word' id='word_1_554' title='bbox 3336 3588 3486 3664; x_wconf 62' lang='lat' dir='ltr'><strong>regni</strong></span> 
     </span>
    </p>
   </div>
   <div class='ocr_carea' id='block_1_83' title="bbox 1895 3682 3486 3758">
    <p class='ocr_par' dir='ltr' id='par_1_83' title="bbox 1895 3682 3486 3758">
     <span class='ocr_line' id='line_1_83' title="bbox 1895 3682 3486 3758; baseline -0.002 -20"><span class='ocrx_word' id='word_1_555' title='bbox 1895 3699 1954 3748; x_wconf 81' lang='lat' dir='ltr'><strong>se</strong></span> <span class='ocrx_word' id='word_1_556' title='bbox 1982 3685 2236 3740; x_wconf 86' lang='lat' dir='ltr'><strong>ostendit.</strong></span> <span class='ocrx_word' id='word_1_557' title='bbox 2267 3684 2398 3752; x_wconf 68' lang='lat' dir='ltr'><strong>Quae</strong></span> <span class='ocrx_word' id='word_1_558' title='bbox 2427 3685 2498 3746; x_wconf 89' lang='lat' dir='ltr'><strong>sit</strong></span> <span class='ocrx_word' id='word_1_559' title='bbox 2527 3698 2654 3758; x_wconf 76' lang='lat' dir='ltr'><strong>erga</strong></span> <span class='ocrx_word' id='word_1_560' title='bbox 2697 3697 2783 3748; x_wconf 89' lang='lat' dir='ltr'><strong>me</strong></span> <span class='ocrx_word' id='word_1_561' title='bbox 2838 3691 3018 3752; x_wconf 77' lang='lat' dir='ltr'><strong>vestra</strong></span> <span class='ocrx_word' id='word_1_562' title='bbox 3066 3682 3313 3737; x_wconf 86' lang='lat' dir='ltr'><strong>voluntas</strong></span> <span class='ocrx_word' id='word_1_563' title='bbox 3334 3721 3348 3746; x_wconf 90' lang='lat'><strong>,</strong></span> <span class='ocrx_word' id='word_1_564' title='bbox 3403 3692 3486 3735; x_wconf 90' lang='lat' dir='ltr'><strong>ta-</strong></span> 
     </span>
    </p>
   </div>
   <div class='ocr_carea' id='block_1_84' title="bbox 1894 3761 3486 3846">
    <p class='ocr_par' dir='ltr' id='par_1_84' title="bbox 1894 3761 3486 3846">
     <span class='ocr_line' id='line_1_84' title="bbox 1894 3761 3486 3846; baseline -0.003 -18"><span class='ocrx_word' id='word_1_565' title='bbox 1894 3775 2018 3840; x_wconf 85' lang='lat' dir='ltr'><strong>citis</strong></span> <span class='ocrx_word' id='word_1_566' title='bbox 2045 3775 2232 3830; x_wconf 88' lang='lat' dir='ltr'><strong>itidem</strong></span> <span class='ocrx_word' id='word_1_567' title='bbox 2266 3776 2579 3846; x_wconf 83' lang='lat' dir='ltr'><strong>nominibus</strong></span> <span class='ocrx_word' id='word_1_568' title='bbox 2609 3761 2810 3830; x_wconf 86' lang='lat' dir='ltr'><strong>nostris</strong></span> <span class='ocrx_word' id='word_1_569' title='bbox 2843 3773 2976 3830; x_wconf 91' lang='lat' dir='ltr'><strong>mihi</strong></span> <span class='ocrx_word' id='word_1_570' title='bbox 3000 3773 3242 3828; x_wconf 88' lang='lat' dir='ltr'><strong>scribere</strong></span> <span class='ocrx_word' id='word_1_571' title='bbox 3269 3787 3372 3828; x_wconf 93' lang='lat' dir='ltr'><strong>non</strong></span> <span class='ocrx_word' id='word_1_572' title='bbox 3403 3771 3486 3842; x_wconf 87' lang='lat' dir='ltr'><strong>pi-</strong></span> 
     </span>
    </p>
   </div>
   <div class='ocr_carea' id='block_1_85' title="bbox 1907 3865 2192 3936">
    <p class='ocr_par' dir='ltr' id='par_1_85' title="bbox 1907 3865 2192 3936">
     <span class='ocr_line' id='line_1_85' title="bbox 1907 3865 2192 3936; baseline -0.004 -17"><span class='ocrx_word' id='word_1_573' title='bbox 1907 3865 2192 3936; x_wconf 63' lang='lat' dir='ltr'><strong>vritemiui.</strong></span> 
     </span>
    </p>
   </div>
   <div class='ocr_carea' id='block_1_86' title="bbox 2451 3953 2945 4012">
    <p class='ocr_par' dir='ltr' id='par_1_86' title="bbox 2451 3953 2945 4012">
     <span class='ocr_line' id='line_1_86' title="bbox 2451 3953 2945 4012; baseline -0.006 -1"><span class='ocrx_word' id='word_1_574' title='bbox 2451 3953 2789 4012; x_wconf 77' lang='lat' dir='ltr'><strong>EPISTOLA</strong></span> <span class='ocrx_word' id='word_1_575' title='bbox 2834 3953 2945 4010; x_wconf 82' lang='lat' dir='ltr'><strong>XL.</strong></span> 
     </span>
    </p>
   </div>
   <div class='ocr_carea' id='block_1_87' title="bbox 2228 4060 3120 4124">
    <p class='ocr_par' dir='ltr' id='par_1_87' title="bbox 2228 4060 3120 4124">
     <span class='ocr_line' id='line_1_87' title="bbox 2228 4060 3120 4124; baseline -0.002 -24"><span class='ocrx_word' id='word_1_576' title='bbox 2228 4062 2455 4104; x_wconf 71' lang='lat' dir='ltr'><strong>ANSELIH</strong></span> <span class='ocrx_word' id='word_1_577' title='bbox 2479 4063 2547 4100; x_wconf 76' lang='lat' dir='ltr'><strong>AD</strong></span> <span class='ocrx_word' id='word_1_578' title='bbox 2578 4061 2857 4104; x_wconf 68' lang='lat' dir='ltr'><strong>ERNULFUI</strong></span> <span class='ocrx_word' id='word_1_579' title='bbox 2886 4060 3120 4124; x_wconf 41' lang='lat' dir='ltr'><strong>PRIOREIl</strong></span> 
     </span>
    </p>
   </div>
   <div class='ocr_carea' id='block_1_88' title="bbox 1964 4137 3482 4211">
    <p class='ocr_par' dir='ltr' id='par_1_88' title="bbox 1964 4137 3482 4211">
     <span class='ocr_line' id='line_1_88' title="bbox 1964 4137 3482 4211; baseline 0 -19"><span class='ocrx_word' id='word_1_580' title='bbox 1964 4154 2249 4196; x_wconf 59' lang='lat' dir='ltr'><strong>assumtus</strong></span> <span class='ocrx_word' id='word_1_581' title='bbox 2275 4141 2715 4211; x_wconf 83' lang='lat' dir='ltr'><strong>archiepiscOpus</strong></span> <span class='ocrx_word' id='word_1_582' title='bbox 2763 4139 2982 4209; x_wconf 85' lang='lat' dir='ltr'><strong>domino</strong></span> <span class='ocrx_word' id='word_1_583' title='bbox 3032 4137 3200 4210; x_wconf 81' lang='lat' dir='ltr'><strong>priori</strong></span> <span class='ocrx_word' id='word_1_584' title='bbox 3231 4137 3482 4208; x_wconf 69' lang='lat' dir='ltr'><strong>EastJLro</strong></span> 
     </span>
    </p>
   </div>
   <div class='ocr_carea' id='block_1_89' title="bbox 1891 4231 2838 4289">
    <p class='ocr_par' dir='ltr' id='par_1_89' title="bbox 1891 4231 2838 4289">
     <span class='ocr_line' id='line_1_89' title="bbox 1891 4231 2838 4289; baseline -0.004 -1"><span class='ocrx_word' id='word_1_585' title='bbox 1891 4232 2119 4288; x_wconf 88' lang='lat' dir='ltr'><strong>salutem</strong></span> <span class='ocrx_word' id='word_1_586' title='bbox 2167 4245 2220 4289; x_wconf 91' lang='lat' dir='ltr'><strong>et</strong></span> <span class='ocrx_word' id='word_1_587' title='bbox 2254 4232 2689 4288; x_wconf 85' lang='lat' dir='ltr'><strong>benedictionem</strong></span> <span class='ocrx_word' id='word_1_588' title='bbox 2724 4231 2838 4288; x_wconf 89' lang='lat' dir='ltr'><strong>Dci.</strong></span> 
     </span>
    </p>
   </div>
   <div class='ocr_carea' id='block_1_90' title="bbox 1959 4309 3479 4398">
    <p class='ocr_par' dir='ltr' id='par_1_90' title="bbox 1959 4309 3479 4398">
     <span class='ocr_line' id='line_1_90' title="bbox 1959 4309 3479 4398; baseline -0.001 -17"><span class='ocrx_word' id='word_1_589' title='bbox 1959 4325 2310 4394; x_wconf 78' lang='lat' dir='ltr'><strong>Bcncfecistis</strong></span> <span class='ocrx_word' id='word_1_590' title='bbox 2363 4309 2487 4398; x_wconf 83' lang='lat' dir='ltr'><strong>quia</strong></span> <span class='ocrx_word' id='word_1_591' title='bbox 2536 4326 2589 4380; x_wconf 91' lang='lat' dir='ltr'><strong>in</strong></span> <span class='ocrx_word' id='word_1_592' title='bbox 2623 4325 2820 4392; x_wconf 82' lang='lat' dir='ltr'><strong>litteris</strong></span> <span class='ocrx_word' id='word_1_593' title='bbox 2853 4323 3045 4380; x_wconf 86' lang='lat' dir='ltr'><strong>vestris</strong></span> <span class='ocrx_word' id='word_1_594' title='bbox 3075 4324 3220 4394; x_wconf 91' lang='lat' dir='ltr'><strong>quod</strong></span> <span class='ocrx_word' id='word_1_595' title='bbox 3278 4324 3479 4382; x_wconf 89' lang='lat' dir='ltr'><strong>sentie-</strong></span> 
     </span>
    </p>
   </div>
   <div class='ocr_carea' id='block_1_91' title="bbox 189 4411 3479 4490">
    <p class='ocr_par' dir='ltr' id='par_1_91' title="bbox 189 4411 3479 4490">
     <span class='ocr_line' id='line_1_91' title="bbox 189 4411 3479 4490; baseline 0.001 -24"><span class='ocrx_word' id='word_1_596' title='bbox 189 4411 430 4480; x_wconf 85' lang='lat' dir='ltr'><strong>aphelat,</strong></span> <span class='ocrx_word' id='word_1_597' title='bbox 456 4415 553 4472; x_wconf 88' lang='lat' dir='ltr'><strong>sed</strong></span> <span class='ocrx_word' id='word_1_598' title='bbox 581 4414 710 4470; x_wconf 91' lang='lat' dir='ltr'><strong>illud</strong></span> <span class='ocrx_word' id='word_1_599' title='bbox 733 4425 923 4471; x_wconf 87' lang='lat' dir='ltr'><strong>saneta</strong></span> <span class='ocrx_word' id='word_1_600' title='bbox 976 4424 1034 4470; x_wconf 90' lang='lat' dir='ltr'><strong>et</strong></span> <span class='ocrx_word' id='word_1_601' title='bbox 1075 4415 1412 4480; x_wconf 82' lang='lat' dir='ltr'><strong>necessaria.</strong></span> <span class='ocrx_word' id='word_1_602' title='bbox 1449 4431 1610 4486; x_wconf 90' lang='lat' dir='ltr'><strong>quam</strong></span> <span class='ocrx_word' id='word_1_603' title='bbox 1653 4431 1783 4488; x_wconf 75' lang='lat' dir='ltr'><strong>ergo</strong></span> <span class='ocrx_word' id='word_1_604' title='bbox 1820 4431 1864 4486; x_wconf 84' lang='grc' dir='ltr'>ι)</span> <span class='ocrx_word' id='word_1_605' title='bbox 1893 4418 2033 4472; x_wconf 90' lang='lat' dir='ltr'><strong>batis</strong></span> <span class='ocrx_word' id='word_1_606' title='bbox 2061 4417 2192 4474; x_wconf 92' lang='lat' dir='ltr'><strong>mihi</strong></span> <span class='ocrx_word' id='word_1_607' title='bbox 2218 4418 2534 4490; x_wconf 87' lang='lat' dir='ltr'><strong>scripsistis.</strong></span> <span class='ocrx_word' id='word_1_608' title='bbox 2567 4418 2674 4472; x_wconf 63' lang='lat' dir='ltr'><strong>Nos</strong></span> <span class='ocrx_word' id='word_1_609' title='bbox 2694 4431 2910 4488; x_wconf 84' lang='lat' dir='ltr'><strong>quoque</strong></span> <span class='ocrx_word' id='word_1_610' title='bbox 2940 4415 3171 4486; x_wconf 87' lang='lat' dir='ltr'><strong>idipsum</strong></span> <span class='ocrx_word' id='word_1_611' title='bbox 3215 4415 3479 4472; x_wconf 88' lang='lat' dir='ltr'><strong>sentimus</strong></span> 
     </span>
    </p>
   </div>
   <div class='ocr_carea' id='block_1_92' title="bbox 191 4508 1778 4580">
    <p class='ocr_par' dir='ltr' id='par_1_92' title="bbox 191 4508 1778 4580">
     <span class='ocr_line' id='line_1_92' title="bbox 191 4508 1778 4580; baseline 0.003 -22"><span class='ocrx_word' id='word_1_612' title='bbox 191 4515 420 4566; x_wconf 83' lang='lat' dir='ltr'><strong>matrem</strong></span> <span class='ocrx_word' id='word_1_613' title='bbox 455 4508 755 4566; x_wconf 85' lang='lat' dir='ltr'><strong>Ecclesiatn</strong></span> <span class='ocrx_word' id='word_1_614' title='bbox 797 4509 1038 4574; x_wconf 84' lang='lat' dir='ltr'><strong>habetis,</strong></span> <span class='ocrx_word' id='word_1_615' title='bbox 1094 4510 1180 4580; x_wconf 91' lang='lat' dir='ltr'><strong>pie</strong></span> <span class='ocrx_word' id='word_1_616' title='bbox 1219 4508 1438 4578; x_wconf 80' lang='lat' dir='ltr'><strong>dilectio</strong></span> <span class='ocrx_word' id='word_1_617' title='bbox 1492 4519 1778 4566; x_wconf 88' lang='lat' dir='ltr'><strong>retractat.</strong></span> 
     </span>
    </p>
   </div>
   <div class='ocr_carea' id='block_1_93' title="bbox 189 4599 1780 4674">
    <p class='ocr_par' dir='ltr' id='par_1_93' title="bbox 189 4599 1780 4674">
     <span class='ocr_line' id='line_1_93' title="bbox 189 4599 1780 4674; baseline 0.002 -20"><span class='ocrx_word' id='word_1_618' title='bbox 189 4599 240 4654; x_wconf 90' lang='lat' dir='ltr'><strong>In</strong></span> <span class='ocrx_word' id='word_1_619' title='bbox 264 4617 374 4673; x_wconf 90' lang='lat' dir='ltr'><strong>quo</strong></span> <span class='ocrx_word' id='word_1_620' title='bbox 407 4601 731 4674; x_wconf 67' lang='lat' dir='ltr'><strong>intelligitur</strong></span> <span class='ocrx_word' id='word_1_621' title='bbox 755 4603 1056 4660; x_wconf 89' lang='lat' dir='ltr'><strong>reverentia</strong></span> <span class='ocrx_word' id='word_1_622' title='bbox 1085 4612 1264 4660; x_wconf 88' lang='lat' dir='ltr'><strong>vestra</strong></span> <span class='ocrx_word' id='word_1_623' title='bbox 1292 4612 1603 4674; x_wconf 79' lang='lat' dir='ltr'><strong>exutraqne</strong></span> <span class='ocrx_word' id='word_1_624' title='bbox 1627 4611 1780 4674; x_wconf 91' lang='lat' dir='ltr'><strong>parte</strong></span> 
     </span>
    </p>
   </div>
   <div class='ocr_carea' id='block_1_94' title="bbox 190 4691 1779 4766">
    <p class='ocr_par' dir='ltr' id='par_1_94' title="bbox 190 4691 1779 4766">
     <span class='ocr_line' id='line_1_94' title="bbox 190 4691 1779 4766; baseline 0.003 -20"><span class='ocrx_word' id='word_1_625' title='bbox 190 4691 296 4756; x_wconf 74' lang='lat' dir='ltr'><strong>Deo</strong></span> <span class='ocrx_word' id='word_1_626' title='bbox 320 4694 563 4762; x_wconf 84' lang='lat' dir='ltr'><strong>placere,</strong></span> <span class='ocrx_word' id='word_1_627' title='bbox 587 4706 642 4752; x_wconf 86' lang='lat' dir='ltr'><strong>et</strong></span> <span class='ocrx_word' id='word_1_628' title='bbox 675 4696 795 4753; x_wconf 90' lang='lat' dir='ltr'><strong>ideo</strong></span> <span class='ocrx_word' id='word_1_629' title='bbox 823 4696 1032 4753; x_wconf 81' lang='lat' dir='ltr'><strong>debetis</strong></span> <span class='ocrx_word' id='word_1_630' title='bbox 1060 4711 1215 4766; x_wconf 70' lang='lat' dir='ltr'><strong>requo</strong></span> <span class='ocrx_word' id='word_1_631' title='bbox 1239 4697 1423 4756; x_wconf 88' lang='lat' dir='ltr'><strong>animo</strong></span> <span class='ocrx_word' id='word_1_632' title='bbox 1446 4705 1654 4752; x_wconf 92' lang='lat' dir='ltr'><strong>certum</strong></span> <span class='ocrx_word' id='word_1_633' title='bbox 1684 4694 1779 4750; x_wconf 81' lang='lat' dir='ltr'><strong>Dei</strong></span> 
     </span>
    </p>
   </div>
   <div class='ocr_carea' id='block_1_95' title="bbox 190 4786 1778 4861">
    <p class='ocr_par' dir='ltr' id='par_1_95' title="bbox 190 4786 1778 4861">
     <span class='ocr_line' id='line_1_95' title="bbox 190 4786 1778 4861; baseline 0.003 -21"><span class='ocrx_word' id='word_1_634' title='bbox 190 4786 475 4842; x_wconf 82' lang='lat' dir='ltr'><strong>consilium</strong></span> <span class='ocrx_word' id='word_1_635' title='bbox 497 4789 865 4858; x_wconf 79' lang='lat' dir='ltr'><strong>exspectando</strong></span> <span class='ocrx_word' id='word_1_636' title='bbox 888 4807 1024 4846; x_wconf 91' lang='lat' dir='ltr'><strong>onus</strong></span> <span class='ocrx_word' id='word_1_637' title='bbox 1053 4791 1196 4861; x_wconf 91' lang='lat' dir='ltr'><strong>quod</strong></span> <span class='ocrx_word' id='word_1_638' title='bbox 1225 4791 1454 4861; x_wconf 83' lang='lat' dir='ltr'><strong>portatis</strong></span> <span class='ocrx_word' id='word_1_639' title='bbox 1479 4791 1530 4844; x_wconf 87' lang='lat' dir='ltr'><strong>iit</strong></span> <span class='ocrx_word' id='word_1_640' title='bbox 1555 4790 1778 4861; x_wconf 82' lang='lat' dir='ltr'><strong>augaria</strong></span> 
     </span>
    </p>
   </div>
   <div class='ocr_carea' id='block_1_96' title="bbox 190 4881 1777 4954">
    <p class='ocr_par' dir='ltr' id='par_1_96' title="bbox 190 4881 1777 4954">
     <span class='ocr_line' id='line_1_96' title="bbox 190 4881 1777 4954; baseline 0.005 -20"><span class='ocrx_word' id='word_1_641' title='bbox 190 4894 304 4936; x_wconf 79' lang='lat' dir='ltr'><strong>cum</strong></span> <span class='ocrx_word' id='word_1_642' title='bbox 337 4881 481 4936; x_wconf 89' lang='lat' dir='ltr'><strong>bona</strong></span> <span class='ocrx_word' id='word_1_643' title='bbox 509 4897 604 4951; x_wconf 85' lang='lat' dir='ltr'><strong>spe</strong></span> <span class='ocrx_word' id='word_1_644' title='bbox 632 4884 904 4954; x_wconf 87' lang='lat' dir='ltr'><strong>patienter</strong></span> <span class='ocrx_word' id='word_1_645' title='bbox 926 4885 1215 4942; x_wconf 88' lang='lat' dir='ltr'><strong>sustinere.</strong></span> <span class='ocrx_word' id='word_1_646' title='bbox 1255 4884 1368 4944; x_wconf 87' lang='lat' dir='ltr'><strong>Hoc</strong></span> <span class='ocrx_word' id='word_1_647' title='bbox 1409 4893 1587 4948; x_wconf 89' lang='lat' dir='ltr'><strong>tamen</strong></span> <span class='ocrx_word' id='word_1_648' title='bbox 1638 4899 1777 4954; x_wconf 64' lang='lat' dir='ltr'><strong>prte-</strong></span> 
     </span>
    </p>
   </div>
   <div class='ocr_carea' id='block_1_97' title="bbox 189 4975 1778 5047">
    <p class='ocr_par' dir='ltr' id='par_1_97' title="bbox 189 4975 1778 5047">
     <span class='ocr_line' id='line_1_97' title="bbox 189 4975 1778 5047; baseline 0.004 -19"><span class='ocrx_word' id='word_1_649' title='bbox 189 4988 338 5029; x_wconf 88' lang='lat' dir='ltr'><strong>sumo</strong></span> <span class='ocrx_word' id='word_1_650' title='bbox 364 4975 678 5041; x_wconf 88' lang='lat' dir='ltr'><strong>consulere,</strong></span> <span class='ocrx_word' id='word_1_651' title='bbox 707 4985 766 5031; x_wconf 91' lang='lat' dir='ltr'><strong>ut</strong></span> <span class='ocrx_word' id='word_1_652' title='bbox 795 4977 841 5031; x_wconf 85' lang='lat' dir='ltr'><strong>si</strong></span> <span class='ocrx_word' id='word_1_653' title='bbox 872 4987 1080 5032; x_wconf 89' lang='lat' dir='ltr'><strong>certum</strong></span> <span class='ocrx_word' id='word_1_654' title='bbox 1106 4977 1294 5036; x_wconf 86' lang='lat' dir='ltr'><strong>mortis</strong></span> <span class='ocrx_word' id='word_1_655' title='bbox 1311 4977 1605 5047; x_wconf 88' lang='lat' dir='ltr'><strong>periculum</strong></span> <span class='ocrx_word' id='word_1_656' title='bbox 1640 4978 1778 5036; x_wconf 83' lang='lat' dir='ltr'><strong>inte-</strong></span> 
     </span>
    </p>
   </div>
   <div class='ocr_carea' id='block_1_98' title="bbox 189 5068 1777 5140">
    <p class='ocr_par' dir='ltr' id='par_1_98' title="bbox 189 5068 1777 5140">
     <span class='ocr_line' id='line_1_98' title="bbox 189 5068 1777 5140; baseline 0.002 -19"><span class='ocrx_word' id='word_1_657' title='bbox 189 5068 310 5132; x_wconf 77' lang='lat' dir='ltr'><strong>rint,</strong></span> <span class='ocrx_word' id='word_1_658' title='bbox 333 5069 481 5138; x_wconf 89' lang='lat' dir='ltr'><strong>quod</strong></span> <span class='ocrx_word' id='word_1_659' title='bbox 521 5070 663 5125; x_wconf 68' lang='lat' dir='ltr'><strong>Dous</strong></span> <span class='ocrx_word' id='word_1_660' title='bbox 688 5072 926 5127; x_wconf 83' lang='lat' dir='ltr'><strong>avertat!</strong></span> <span class='ocrx_word' id='word_1_661' title='bbox 953 5070 1236 5128; x_wconf 88' lang='lat' dir='ltr'><strong>scnseritis</strong></span> <span class='ocrx_word' id='word_1_662' title='bbox 1276 5071 1582 5137; x_wconf 88' lang='lat' dir='ltr'><strong>imminere,</strong></span> <span class='ocrx_word' id='word_1_663' title='bbox 1627 5071 1777 5140; x_wconf 84' lang='lat' dir='ltr'><strong>prius</strong></span> 
     </span>
    </p>
   </div>
   <div class='ocr_carea' id='block_1_99' title="bbox 189 5159 1772 5232">
    <p class='ocr_par' dir='ltr' id='par_1_99' title="bbox 189 5159 1772 5232">
     <span class='ocr_line' id='line_1_99' title="bbox 189 5159 1772 5232; baseline 0.007 -18"><span class='ocrx_word' id='word_1_664' title='bbox 189 5159 425 5214; x_wconf 74' lang='lat' dir='ltr'><strong>vos&#39;Deo</strong></span> <span class='ocrx_word' id='word_1_665' title='bbox 447 5162 671 5216; x_wconf 91' lang='lat' dir='ltr'><strong>omnino</strong></span> <span class='ocrx_word' id='word_1_666' title='bbox 696 5162 954 5229; x_wconf 90' lang='lat' dir='ltr'><strong>reddatis,</strong></span> <span class='ocrx_word' id='word_1_667' title='bbox 997 5178 1159 5232; x_wconf 85' lang='lat' dir='ltr'><strong>quam</strong></span> <span class='ocrx_word' id='word_1_668' title='bbox 1182 5163 1248 5218; x_wconf 90' lang='lat' dir='ltr'><strong>de</strong></span> <span class='ocrx_word' id='word_1_669' title='bbox 1280 5163 1378 5220; x_wconf 88' lang='lat' dir='ltr'><strong>bac</strong></span> <span class='ocrx_word' id='word_1_670' title='bbox 1409 5163 1518 5220; x_wconf 88' lang='lat' dir='ltr'><strong>vita</strong></span> <span class='ocrx_word' id='word_1_671' title='bbox 1548 5163 1772 5232; x_wconf 64' lang='lat' dir='ltr'><strong>exeatis.</strong></span> 
     </span>
    </p>
   </div>
   <div class='ocr_carea' id='block_1_100' title="bbox 188 5252 1778 5332">
    <p class='ocr_par' dir='ltr' id='par_1_100' title="bbox 188 5252 1778 5332">
     <span class='ocr_line' id='line_1_100' title="bbox 188 5252 1778 5332; baseline 0.003 -26"><span class='ocrx_word' id='word_1_672' title='bbox 188 5260 236 5307; x_wconf 89' lang='lat' dir='ltr'><strong>et</strong></span> <span class='ocrx_word' id='word_1_673' title='bbox 268 5253 336 5306; x_wconf 91' lang='lat' dir='ltr'><strong>ad</strong></span> <span class='ocrx_word' id='word_1_674' title='bbox 368 5252 474 5307; x_wconf 91' lang='lat' dir='ltr'><strong>hoc</strong></span> <span class='ocrx_word' id='word_1_675' title='bbox 495 5253 674 5308; x_wconf 81' lang='lat' dir='ltr'><strong>velum</strong></span> <span class='ocrx_word' id='word_1_676' title='bbox 701 5268 917 5324; x_wconf 88' lang='lat' dir='ltr'><strong>semper</strong></span> <span class='ocrx_word' id='word_1_677' title='bbox 944 5262 1194 5324; x_wconf 89' lang='lat' dir='ltr'><strong>paratum</strong></span> <span class='ocrx_word' id='word_1_678' title='bbox 1233 5263 1442 5314; x_wconf 86' lang='lat' dir='ltr'><strong>secrete</strong></span> <span class='ocrx_word' id='word_1_679' title='bbox 1481 5267 1647 5325; x_wconf 90' lang='lat' dir='ltr'><strong>penes</strong></span> <span class='ocrx_word' id='word_1_680' title='bbox 1682 5270 1778 5332; x_wconf 88' lang='lat' dir='ltr'><strong>vos</strong></span> 
     </span>
    </p>
   </div>
   <div class='ocr_carea' id='block_1_101' title="bbox 187 5343 1780 5420">
    <p class='ocr_par' dir='ltr' id='par_1_101' title="bbox 187 5343 1780 5420">
     <span class='ocr_line' id='line_1_101' title="bbox 187 5343 1780 5420; baseline 0.006 -22"><span class='ocrx_word' id='word_1_681' title='bbox 187 5343 452 5400; x_wconf 82' lang='lat' dir='ltr'><strong>habeatis.</strong></span> <span class='ocrx_word' id='word_1_682' title='bbox 481 5343 754 5416; x_wconf 82' lang='lat' dir='ltr'><strong>Quidquid</strong></span> <span class='ocrx_word' id='word_1_683' title='bbox 778 5345 952 5404; x_wconf 85' lang='lat' dir='ltr'><strong>dicam</strong></span> <span class='ocrx_word' id='word_1_684' title='bbox 982 5349 1081 5420; x_wconf 81' lang='lat' dir='ltr'><strong>hoc</strong></span> <span class='ocrx_word' id='word_1_685' title='bbox 1109 5362 1226 5410; x_wconf 89' lang='lat' dir='ltr'><strong>oro.</strong></span> <span class='ocrx_word' id='word_1_686' title='bbox 1259 5347 1361 5404; x_wconf 90' lang='lat' dir='ltr'><strong>hoc</strong></span> <span class='ocrx_word' id='word_1_687' title='bbox 1405 5348 1670 5411; x_wconf 85' lang='lat' dir='ltr'><strong>desidero,</strong></span> <span class='ocrx_word' id='word_1_688' title='bbox 1721 5355 1780 5412; x_wconf 79' lang='lat' dir='ltr'><strong>ut</strong></span> 
     </span>
    </p>
   </div>
   <div class='ocr_carea' id='block_1_102' title="bbox 190 5435 1777 5512">
    <p class='ocr_par' dir='ltr' id='par_1_102' title="bbox 190 5435 1777 5512">
     <span class='ocr_line' id='line_1_102' title="bbox 190 5435 1777 5512; baseline 0.002 -21"><span class='ocrx_word' id='word_1_689' title='bbox 190 5435 322 5492; x_wconf 83' lang='lat' dir='ltr'><strong>Deus</strong></span> <span class='ocrx_word' id='word_1_690' title='bbox 351 5436 482 5492; x_wconf 93' lang='lat' dir='ltr'><strong>nulli</strong></span> <span class='ocrx_word' id='word_1_691' title='bbox 512 5453 609 5494; x_wconf 88' lang='lat' dir='ltr'><strong>vos</strong></span> <span class='ocrx_word' id='word_1_692' title='bbox 637 5438 737 5493; x_wconf 89' lang='lat' dir='ltr'><strong>nisi</strong></span> <span class='ocrx_word' id='word_1_693' title='bbox 761 5454 872 5495; x_wconf 67' lang='lat' dir='ltr'><strong>suae</strong></span> <span class='ocrx_word' id='word_1_694' title='bbox 887 5442 1190 5498; x_wconf 83' lang='lat' dir='ltr'><strong>committat</strong></span> <span class='ocrx_word' id='word_1_695' title='bbox 1213 5439 1550 5512; x_wconf 89' lang='lat' dir='ltr'><strong>dispositioni</strong></span> <span class='ocrx_word' id='word_1_696' title='bbox 1568 5449 1622 5496; x_wconf 90' lang='lat' dir='ltr'><strong>et</strong></span> <span class='ocrx_word' id='word_1_697' title='bbox 1645 5455 1777 5498; x_wconf 89' lang='lat' dir='ltr'><strong>con-</strong></span> 
     </span>
    </p>
   </div>
   <div class='ocr_carea' id='block_1_103' title="bbox 189 5528 1778 5606">
    <p class='ocr_par' dir='ltr' id='par_1_103' title="bbox 189 5528 1778 5606">
     <span class='ocr_line' id='line_1_103' title="bbox 189 5528 1778 5606; baseline 0.006 -24"><span class='ocrx_word' id='word_1_698' title='bbox 189 5529 326 5586; x_wconf 85' lang='lat' dir='ltr'><strong>silio.</strong></span> <span class='ocrx_word' id='word_1_699' title='bbox 361 5528 640 5586; x_wconf 69' lang='lat' dir='ltr'><strong>blandavit</strong></span> <span class='ocrx_word' id='word_1_700' title='bbox 669 5531 800 5606; x_wconf 83' lang='lat' dir='ltr'><strong>mihi</strong></span> <span class='ocrx_word' id='word_1_701' title='bbox 837 5541 1012 5588; x_wconf 88' lang='lat' dir='ltr'><strong>vestra</strong></span> <span class='ocrx_word' id='word_1_702' title='bbox 1043 5532 1305 5590; x_wconf 82' lang='lat' dir='ltr'><strong>celsitudo</strong></span> <span class='ocrx_word' id='word_1_703' title='bbox 1334 5549 1431 5603; x_wconf 89' lang='lat' dir='ltr'><strong>per</strong></span> <span class='ocrx_word' id='word_1_704' title='bbox 1461 5533 1778 5603; x_wconf 67' lang='lat' dir='ltr'><strong>praedictum</strong></span> 
     </span>
    </p>
   </div>
   <div class='ocr_carea' id='block_1_104' title="bbox 190 5622 1777 5698">
    <p class='ocr_par' dir='ltr' id='par_1_104' title="bbox 190 5622 1777 5698">
     <span class='ocr_line' id='line_1_104' title="bbox 190 5622 1777 5698; baseline 0.008 -24"><span class='ocrx_word' id='word_1_705' title='bbox 190 5622 354 5677; x_wconf 81' lang='lat' dir='ltr'><strong>tilium</strong></span> <span class='ocrx_word' id='word_1_706' title='bbox 382 5634 629 5681; x_wconf 87' lang='lat' dir='ltr'><strong>nostrum</strong></span> <span class='ocrx_word' id='word_1_707' title='bbox 689 5624 1080 5693; x_wconf 78' lang='lat' dir='ltr'><strong>Alexandrum,</strong></span> <span class='ocrx_word' id='word_1_708' title='bbox 1127 5627 1253 5698; x_wconf 90' lang='lat' dir='ltr'><strong>quia</strong></span> <span class='ocrx_word' id='word_1_709' title='bbox 1307 5627 1601 5692; x_wconf 81' lang='lat' dir='ltr'><strong>orationes,</strong></span> <span class='ocrx_word' id='word_1_710' title='bbox 1661 5627 1777 5686; x_wconf 83' lang='lat' dir='ltr'><strong>sive</strong></span> 
     </span>
    </p>
   </div>
   <div class='ocr_carea' id='block_1_105' title="bbox 191 5717 1774 5796">
    <p class='ocr_par' dir='ltr' id='par_1_105' title="bbox 191 5717 1774 5796">
     <span class='ocr_line' id='line_1_105' title="bbox 191 5717 1774 5796; baseline 0.004 -21"><span class='ocrx_word' id='word_1_711' title='bbox 191 5717 589 5788; x_wconf 73' lang='lat' dir='ltr'><strong>meditationes,</strong></span> <span class='ocrx_word' id='word_1_712' title='bbox 609 5733 747 5794; x_wconf 80' lang='lat' dir='ltr'><strong>quas</strong></span> <span class='ocrx_word' id='word_1_713' title='bbox 775 5733 877 5793; x_wconf 81' lang='lat' dir='ltr'><strong>ego</strong></span> <span class='ocrx_word' id='word_1_714' title='bbox 895 5719 1116 5789; x_wconf 83' lang='lat' dir='ltr'><strong>dictavi,</strong></span> <span class='ocrx_word' id='word_1_715' title='bbox 1143 5728 1200 5780; x_wconf 83' lang='lat' dir='ltr'><strong>et</strong></span> <span class='ocrx_word' id='word_1_716' title='bbox 1227 5721 1486 5796; x_wconf 85' lang='lat' dir='ltr'><strong>putabam</strong></span> <span class='ocrx_word' id='word_1_717' title='bbox 1527 5734 1627 5781; x_wconf 82' lang='lat' dir='ltr'><strong>vos</strong></span> <span class='ocrx_word' id='word_1_718' title='bbox 1672 5719 1774 5782; x_wconf 81' lang='lat' dir='ltr'><strong>ba-</strong></span> 
     </span>
    </p>
   </div>
   <div class='ocr_carea' id='block_1_106' title="bbox 1893 4509 3478 4582">
    <p class='ocr_par' dir='ltr' id='par_1_106' title="bbox 1893 4509 3478 4582">
     <span class='ocr_line' id='line_1_106' title="bbox 1893 4509 3478 4582; baseline 0 -18"><span class='ocrx_word' id='word_1_719' title='bbox 1893 4520 1948 4570; x_wconf 91' lang='lat' dir='ltr'><strong>ct</strong></span> <span class='ocrx_word' id='word_1_720' title='bbox 1977 4523 2164 4582; x_wconf 88' lang='lat' dir='ltr'><strong>aperte</strong></span> <span class='ocrx_word' id='word_1_721' title='bbox 2194 4513 2466 4577; x_wconf 87' lang='lat' dir='ltr'><strong>videmus;</strong></span> <span class='ocrx_word' id='word_1_722' title='bbox 2512 4511 2843 4566; x_wconf 86' lang='lat' dir='ltr'><strong>desiderium</strong></span> <span class='ocrx_word' id='word_1_723' title='bbox 2884 4520 3128 4566; x_wconf 88' lang='lat' dir='ltr'><strong>nostrum</strong></span> <span class='ocrx_word' id='word_1_724' title='bbox 3164 4519 3220 4566; x_wconf 89' lang='lat' dir='ltr'><strong>et</strong></span> <span class='ocrx_word' id='word_1_725' title='bbox 3250 4509 3478 4564; x_wconf 79' lang='lat' dir='ltr'><strong>ﬁ-atrum</strong></span> 
     </span>
    </p>
   </div>
   <div class='ocr_carea' id='block_1_107' title="bbox 1884 4601 3478 4676">
    <p class='ocr_par' dir='ltr' id='par_1_107' title="bbox 1884 4601 3478 4676">
     <span class='ocr_line' id='line_1_107' title="bbox 1884 4601 3478 4676; baseline -0.003 -18"><span class='ocrx_word' id='word_1_726' title='bbox 1884 4616 2192 4668; x_wconf 76' lang='lat' dir='ltr'><strong>nostrorum</strong></span> <span class='ocrx_word' id='word_1_727' title='bbox 2230 4606 2296 4659; x_wconf 90' lang='lat' dir='ltr'><strong>ad</strong></span> <span class='ocrx_word' id='word_1_728' title='bbox 2353 4620 2592 4676; x_wconf 64' lang='lat' dir='ltr'><strong>prtescns</strong></span> <span class='ocrx_word' id='word_1_729' title='bbox 2620 4617 2724 4664; x_wconf 86' lang='lat' dir='ltr'><strong>non</strong></span> <span class='ocrx_word' id='word_1_730' title='bbox 2760 4603 2912 4657; x_wconf 86' lang='lat' dir='ltr'><strong>video</strong></span> <span class='ocrx_word' id='word_1_731' title='bbox 2957 4605 3224 4672; x_wconf 76' lang='lat' dir='ltr'><strong>quornodo</strong></span> <span class='ocrx_word' id='word_1_732' title='bbox 3269 4601 3336 4654; x_wconf 90' lang='lat' dir='ltr'><strong>de</strong></span> <span class='ocrx_word' id='word_1_733' title='bbox 3391 4615 3478 4654; x_wconf 87' lang='lat' dir='ltr'><strong>me</strong></span> 
     </span>
    </p>
   </div>
   <div class='ocr_carea' id='block_1_108' title="bbox 1884 4690 3471 4768">
    <p class='ocr_par' dir='ltr' id='par_1_108' title="bbox 1884 4690 3471 4768">
     <span class='ocr_line' id='line_1_108' title="bbox 1884 4690 3471 4768; baseline -0.006 -16"><span class='ocrx_word' id='word_1_734' title='bbox 1884 4697 2055 4768; x_wconf 79' lang='lat' dir='ltr'><strong>possit</strong></span> <span class='ocrx_word' id='word_1_735' title='bbox 2086 4697 2316 4767; x_wconf 90' lang='lat' dir='ltr'><strong>impleri.</strong></span> <span class='ocrx_word' id='word_1_736' title='bbox 2361 4695 2596 4752; x_wconf 88' lang='lat' dir='ltr'><strong>Litteras</strong></span> <span class='ocrx_word' id='word_1_737' title='bbox 2620 4705 2801 4752; x_wconf 89' lang='lat' dir='ltr'><strong>tamen</strong></span> <span class='ocrx_word' id='word_1_738' title='bbox 2853 4703 3074 4749; x_wconf 90' lang='lat' dir='ltr'><strong>nostras</strong></span> <span class='ocrx_word' id='word_1_739' title='bbox 3127 4693 3282 4746; x_wconf 91' lang='lat' dir='ltr'><strong>mitto</strong></span> <span class='ocrx_word' id='word_1_740' title='bbox 3330 4690 3471 4760; x_wconf 80' lang='lat' dir='ltr'><strong>regi,</strong></span> 
     </span>
    </p>
   </div>
   <div class='ocr_carea' id='block_1_109' title="bbox 1885 4782 3476 4860">
    <p class='ocr_par' dir='ltr' id='par_1_109' title="bbox 1885 4782 3476 4860">
     <span class='ocr_line' id='line_1_109' title="bbox 1885 4782 3476 4860; baseline -0.005 -17"><span class='ocrx_word' id='word_1_741' title='bbox 1885 4805 2113 4860; x_wconf 85' lang='lat' dir='ltr'><strong>quorum</strong></span> <span class='ocrx_word' id='word_1_742' title='bbox 2164 4790 2440 4860; x_wconf 70' lang='lat' dir='ltr'><strong>exemplar</strong></span> <span class='ocrx_word' id='word_1_743' title='bbox 2501 4789 2652 4850; x_wconf 90' lang='lat' dir='ltr'><strong>vobis</strong></span> <span class='ocrx_word' id='word_1_744' title='bbox 2694 4789 2866 4842; x_wconf 90' lang='lat' dir='ltr'><strong>mitto.</strong></span> <span class='ocrx_word' id='word_1_745' title='bbox 2909 4785 3062 4852; x_wconf 78' lang='lat' dir='ltr'><strong>Quod</strong></span> <span class='ocrx_word' id='word_1_746' title='bbox 3112 4784 3233 4839; x_wconf 90' lang='lat' dir='ltr'><strong>volo</strong></span> <span class='ocrx_word' id='word_1_747' title='bbox 3294 4791 3353 4838; x_wconf 91' lang='lat' dir='ltr'><strong>ut</strong></span> <span class='ocrx_word' id='word_1_748' title='bbox 3401 4782 3476 4842; x_wconf 82' lang='lat' dir='ltr'><strong>sit</strong></span> 
     </span>
    </p>
   </div>
   <div class='ocr_carea' id='block_1_110' title="bbox 1881 4877 3474 4953">
    <p class='ocr_par' dir='ltr' id='par_1_110' title="bbox 1881 4877 3474 4953">
     <span class='ocr_line' id='line_1_110' title="bbox 1881 4877 3474 4953; baseline -0.004 -17"><span class='ocrx_word' id='word_1_749' title='bbox 1881 4882 2176 4952; x_wconf 79' lang='lat' dir='ltr'><strong>occultum,</strong></span> <span class='ocrx_word' id='word_1_750' title='bbox 2208 4883 2377 4936; x_wconf 86' lang='lat' dir='ltr'><strong>donec</strong></span> <span class='ocrx_word' id='word_1_751' title='bbox 2410 4882 2749 4953; x_wconf 80' lang='lat' dir='ltr'><strong>cognoscatis</strong></span> <span class='ocrx_word' id='word_1_752' title='bbox 2778 4879 2904 4952; x_wconf 88' lang='lat' dir='ltr'><strong>quid</strong></span> <span class='ocrx_word' id='word_1_753' title='bbox 2935 4895 3026 4941; x_wconf 78' lang='lat' dir='ltr'><strong>rex</strong></span> <span class='ocrx_word' id='word_1_754' title='bbox 3083 4877 3212 4932; x_wconf 92' lang='lat' dir='ltr'><strong>mihi</strong></span> <span class='ocrx_word' id='word_1_755' title='bbox 3253 4890 3474 4946; x_wconf 90' lang='lat' dir='ltr'><strong>respou-</strong></span> 
     </span>
    </p>
   </div>
   <div class='ocr_carea' id='block_1_111' title="bbox 1881 4968 3471 5046">
    <p class='ocr_par' dir='ltr' id='par_1_111' title="bbox 1881 4968 3471 5046">
     <span class='ocr_line' id='line_1_111' title="bbox 1881 4968 3471 5046; baseline -0.004 -15"><span class='ocrx_word' id='word_1_756' title='bbox 1881 4976 2026 5041; x_wconf 89' lang='lat' dir='ltr'><strong>deat,</strong></span> <span class='ocrx_word' id='word_1_757' title='bbox 2057 4986 2149 5031; x_wconf 91' lang='lat' dir='ltr'><strong>aut</strong></span> <span class='ocrx_word' id='word_1_758' title='bbox 2175 4975 2404 5046; x_wconf 88' lang='lat' dir='ltr'><strong>qualiter</strong></span> <span class='ocrx_word' id='word_1_759' title='bbox 2430 4977 2645 5030; x_wconf 88' lang='lat' dir='ltr'><strong>easdem</strong></span> <span class='ocrx_word' id='word_1_760' title='bbox 2679 4975 2884 5029; x_wconf 89' lang='lat' dir='ltr'><strong>litteras</strong></span> <span class='ocrx_word' id='word_1_761' title='bbox 2905 4969 3147 5040; x_wconf 89' lang='lat' dir='ltr'><strong>recipiat.</strong></span> <span class='ocrx_word' id='word_1_762' title='bbox 3177 4968 3471 5040; x_wconf 87' lang='lat' dir='ltr'><strong>Postquam</strong></span> 
     </span>
    </p>
   </div>
   <div class='ocr_carea' id='block_1_112' title="bbox 1881 5063 3472 5141">
    <p class='ocr_par' dir='ltr' id='par_1_112' title="bbox 1881 5063 3472 5141">
     <span class='ocr_line' id='line_1_112' title="bbox 1881 5063 3472 5141; baseline -0.004 -17"><span class='ocrx_word' id='word_1_763' title='bbox 1881 5085 2014 5140; x_wconf 82' lang='lat' dir='ltr'><strong>vero</strong></span> <span class='ocrx_word' id='word_1_764' title='bbox 2039 5071 2140 5138; x_wconf 89' lang='lat' dir='ltr'><strong>hoc</strong></span> <span class='ocrx_word' id='word_1_765' title='bbox 2167 5071 2546 5141; x_wconf 81' lang='lat' dir='ltr'><strong>cognoscetis,</strong></span> <span class='ocrx_word' id='word_1_766' title='bbox 2598 5069 2799 5124; x_wconf 92' lang='lat' dir='ltr'><strong>bonum</strong></span> <span class='ocrx_word' id='word_1_767' title='bbox 2852 5066 3103 5124; x_wconf 80' lang='lat' dir='ltr'><strong>existimo</strong></span> <span class='ocrx_word' id='word_1_768' title='bbox 3146 5075 3204 5120; x_wconf 93' lang='lat' dir='ltr'><strong>ut</strong></span> <span class='ocrx_word' id='word_1_769' title='bbox 3259 5063 3472 5141; x_wconf 86' lang='lat' dir='ltr'><strong>publice</strong></span> 
     </span>
    </p>
   </div>
   <div class='ocr_carea' id='block_1_113' title="bbox 1880 5155 3470 5233">
    <p class='ocr_par' dir='ltr' id='par_1_113' title="bbox 1880 5155 3470 5233">
     <span class='ocr_line' id='line_1_113' title="bbox 1880 5155 3470 5233; baseline -0.004 -15"><span class='ocrx_word' id='word_1_770' title='bbox 1880 5162 2156 5233; x_wconf 78' lang='lat' dir='ltr'><strong>exemplar</strong></span> <span class='ocrx_word' id='word_1_771' title='bbox 2211 5163 2354 5233; x_wconf 90' lang='lat' dir='ltr'><strong>quod</strong></span> <span class='ocrx_word' id='word_1_772' title='bbox 2382 5163 2533 5216; x_wconf 89' lang='lat' dir='ltr'><strong>mitto</strong></span> <span class='ocrx_word' id='word_1_773' title='bbox 2573 5159 2907 5214; x_wconf 90' lang='lat' dir='ltr'><strong>ostendatur.</strong></span> <span class='ocrx_word' id='word_1_774' title='bbox 2934 5158 3009 5212; x_wconf 89' lang='lat' dir='ltr'><strong>De</strong></span> <span class='ocrx_word' id='word_1_775' title='bbox 3033 5171 3118 5211; x_wconf 90' lang='lat' dir='ltr'><strong>me</strong></span> <span class='ocrx_word' id='word_1_776' title='bbox 3146 5155 3288 5212; x_wconf 89' lang='lat' dir='ltr'><strong>etde</strong></span> <span class='ocrx_word' id='word_1_777' title='bbox 3305 5169 3470 5212; x_wconf 86' lang='lat' dir='ltr'><strong>causa</strong></span> 
     </span>
    </p>
   </div>
   <div class='ocr_carea' id='block_1_114' title="bbox 1880 5239 3470 5328">
    <p class='ocr_par' dir='ltr' id='par_1_114' title="bbox 1880 5239 3470 5328">
     <span class='ocr_line' id='line_1_114' title="bbox 1880 5239 3470 5328; baseline -0.003 -20"><span class='ocrx_word' id='word_1_778' title='bbox 1880 5239 2066 5324; x_wconf 83' lang='lat' dir='ltr'><strong>nostra</strong></span> <span class='ocrx_word' id='word_1_779' title='bbox 2098 5253 2227 5308; x_wconf 92' lang='lat' dir='ltr'><strong>nihil</strong></span> <span class='ocrx_word' id='word_1_780' title='bbox 2257 5253 2400 5308; x_wconf 90' lang='lat' dir='ltr'><strong>aliud</strong></span> <span class='ocrx_word' id='word_1_781' title='bbox 2444 5267 2587 5307; x_wconf 89' lang='lat' dir='ltr'><strong>nunc</strong></span> <span class='ocrx_word' id='word_1_782' title='bbox 2620 5251 2770 5306; x_wconf 87' lang='lat' dir='ltr'><strong>vobis</strong></span> <span class='ocrx_word' id='word_1_783' title='bbox 2793 5265 3009 5328; x_wconf 83' lang='lat' dir='ltr'><strong>possum</strong></span> <span class='ocrx_word' id='word_1_784' title='bbox 3037 5249 3296 5306; x_wconf 87' lang='lat' dir='ltr'><strong>mandare</strong></span> <span class='ocrx_word' id='word_1_785' title='bbox 3325 5247 3470 5319; x_wconf 88' lang='lat' dir='ltr'><strong>quod</strong></span> 
     </span>
    </p>
   </div>
   <div class='ocr_carea' id='block_1_115' title="bbox 1880 5342 3468 5418">
    <p class='ocr_par' dir='ltr' id='par_1_115' title="bbox 1880 5342 3468 5418">
     <span class='ocr_line' id='line_1_115' title="bbox 1880 5342 3468 5418; baseline -0.002 -16"><span class='ocrx_word' id='word_1_786' title='bbox 1880 5346 2156 5418; x_wconf 87' lang='lat' dir='ltr'><strong>nesciatis.</strong></span> <span class='ocrx_word' id='word_1_787' title='bbox 2197 5347 2278 5402; x_wconf 81' lang='lat' dir='ltr'><strong>Ad</strong></span> <span class='ocrx_word' id='word_1_788' title='bbox 2314 5346 2511 5402; x_wconf 74' lang='lat' dir='ltr'><strong>fratres</strong></span> <span class='ocrx_word' id='word_1_789' title='bbox 2539 5356 2758 5400; x_wconf 91' lang='lat' dir='ltr'><strong>nostros</strong></span> <span class='ocrx_word' id='word_1_790' title='bbox 2785 5353 2957 5418; x_wconf 87' lang='lat' dir='ltr'><strong>estote</strong></span> <span class='ocrx_word' id='word_1_791' title='bbox 2995 5360 3092 5402; x_wconf 88' lang='lat' dir='ltr'><strong>vos</strong></span> <span class='ocrx_word' id='word_1_792' title='bbox 3118 5342 3343 5416; x_wconf 90' lang='lat' dir='ltr'><strong>epistola</strong></span> <span class='ocrx_word' id='word_1_793' title='bbox 3371 5355 3468 5399; x_wconf 89' lang='lat' dir='ltr'><strong>no-</strong></span> 
     </span>
    </p>
   </div>
   <div class='ocr_carea' id='block_1_116' title="bbox 1863 5435 3470 5512">
    <p class='ocr_par' dir='ltr' id='par_1_116' title="bbox 1863 5435 3470 5512">
     <span class='ocr_line' id='line_1_116' title="bbox 1863 5435 3470 5512; baseline -0.006 -14"><span class='ocrx_word' id='word_1_794' title='bbox 1863 5451 1990 5512; x_wconf 82' lang='lat' dir='ltr'><strong>stra</strong></span> <span class='ocrx_word' id='word_1_795' title='bbox 2023 5442 2090 5498; x_wconf 89' lang='lat' dir='ltr'><strong>ad</strong></span> <span class='ocrx_word' id='word_1_796' title='bbox 2114 5440 2474 5501; x_wconf 85' lang='lat' dir='ltr'><strong>salutandum,</strong></span> <span class='ocrx_word' id='word_1_797' title='bbox 2505 5440 2570 5496; x_wconf 86' lang='lat' dir='ltr'><strong>ad</strong></span> <span class='ocrx_word' id='word_1_798' title='bbox 2596 5440 3017 5506; x_wconf 84' lang='lat' dir='ltr'><strong>exhortandum,</strong></span> <span class='ocrx_word' id='word_1_799' title='bbox 3046 5438 3113 5494; x_wconf 91' lang='lat' dir='ltr'><strong>ad</strong></span> <span class='ocrx_word' id='word_1_800' title='bbox 3153 5435 3470 5509; x_wconf 75' lang='lat' dir='ltr'><strong>confortan-</strong></span> 
     </span>
    </p>
   </div>
   <div class='ocr_carea' id='block_1_117' title="bbox 1881 5525 3462 5604">
    <p class='ocr_par' dir='ltr' id='par_1_117' title="bbox 1881 5525 3462 5604">
     <span class='ocr_line' id='line_1_117' title="bbox 1881 5525 3462 5604; baseline -0.006 -14"><span class='ocrx_word' id='word_1_801' title='bbox 1881 5535 2031 5604; x_wconf 85' lang='lat' dir='ltr'><strong>dum,</strong></span> <span class='ocrx_word' id='word_1_802' title='bbox 2055 5533 2352 5590; x_wconf 89' lang='lat' dir='ltr'><strong>secundum</strong></span> <span class='ocrx_word' id='word_1_803' title='bbox 2378 5532 2718 5604; x_wconf 88' lang='lat' dir='ltr'><strong>prudentiam</strong></span> <span class='ocrx_word' id='word_1_804' title='bbox 2753 5548 2914 5604; x_wconf 89' lang='lat' dir='ltr'><strong>quam</strong></span> <span class='ocrx_word' id='word_1_805' title='bbox 2949 5530 3098 5588; x_wconf 86' lang='lat' dir='ltr'><strong>vobis</strong></span> <span class='ocrx_word' id='word_1_806' title='bbox 3125 5529 3264 5584; x_wconf 88' lang='lat' dir='ltr'><strong>Deus</strong></span> <span class='ocrx_word' id='word_1_807' title='bbox 3294 5525 3462 5602; x_wconf 81' lang='lat' dir='ltr'><strong>dedit,</strong></span> 
     </span>
    </p>
   </div>
   <div class='ocr_carea' id='block_1_118' title="bbox 1878 5620 3468 5702">
    <p class='ocr_par' dir='ltr' id='par_1_118' title="bbox 1878 5620 3468 5702">
     <span class='ocr_line' id='line_1_118' title="bbox 1878 5620 3468 5702; baseline -0.005 -20"><span class='ocrx_word' id='word_1_808' title='bbox 1878 5630 2098 5700; x_wconf 87' lang='lat' dir='ltr'><strong>quibus,</strong></span> <span class='ocrx_word' id='word_1_809' title='bbox 2131 5639 2378 5698; x_wconf 64' lang='lat' dir='ltr'><strong>quantae.</strong></span> <span class='ocrx_word' id='word_1_810' title='bbox 2435 5641 2654 5700; x_wconf 69' lang='lat' dir='ltr'><strong>possum</strong></span> <span class='ocrx_word' id='word_1_811' title='bbox 2700 5643 2729 5686; x_wconf 88' lang='lat' dir='ltr'><strong>a</strong></span> <span class='ocrx_word' id='word_1_812' title='bbox 2772 5625 2883 5700; x_wconf 82' lang='lat' dir='ltr'><strong>Deo</strong></span> <span class='ocrx_word' id='word_1_813' title='bbox 2916 5625 3234 5702; x_wconf 84' lang='lat' dir='ltr'><strong>impetrare,</strong></span> <span class='ocrx_word' id='word_1_814' title='bbox 3266 5620 3468 5698; x_wconf 67' lang='lat' dir='ltr'><strong>mando</strong></span> 
     </span>
    </p>
   </div>
   <div class='ocr_carea' id='block_1_119' title="bbox 1879 5715 3463 5794">
    <p class='ocr_par' dir='ltr' id='par_1_119' title="bbox 1879 5715 3463 5794">
     <span class='ocr_line' id='line_1_119' title="bbox 1879 5715 3463 5794; baseline -0.01 -12"><span class='ocrx_word' id='word_1_815' title='bbox 1879 5720 2308 5782; x_wconf 86' lang='lat' dir='ltr'><strong>benedictionem</strong></span> <span class='ocrx_word' id='word_1_816' title='bbox 2331 5730 2382 5782; x_wconf 89' lang='lat' dir='ltr'><strong>et</strong></span> <span class='ocrx_word' id='word_1_817' title='bbox 2410 5720 2824 5794; x_wconf 78' lang='lat' dir='ltr'><strong>absolutionem.</strong></span> <span class='ocrx_word' id='word_1_818' title='bbox 2851 5718 2955 5776; x_wconf 87' lang='lat' dir='ltr'><strong>Pro</strong></span> <span class='ocrx_word' id='word_1_819' title='bbox 3005 5715 3256 5791; x_wconf 80' lang='lat' dir='ltr'><strong>querela,</strong></span> <span class='ocrx_word' id='word_1_820' title='bbox 3297 5727 3463 5792; x_wconf 77' lang='lat' dir='ltr'><strong>quam</strong></span> 
     </span>
    </p>
   </div>
  </div>
