3946 6306
531 323 640 380 aes
1041 397 1045 405 ι
1144 323 1201 381 s.
1237 323 1540 381 ANSELMI
1567 296 1923 382 curvae.
1956 322 2115 380 ARCl

2219 322 2278 380 P.
2325 322 2477 380 OPP.
2513 320 2696 379 PARS
2730 319 2819 377 lll.
2859 320 3346 405 ~EPiSTOLE.‘
3734 323 3841 378 2'24

535 443 664 500 milii
683 441 879 498 fratres
905 452 1254 513 scripserunt,
1279 443 1345 497 de
1380 443 1608 512 penuria
1646 457 1810 512 quam
1839 442 2121 512 patiuntur
2146 425 2197 484 Α
2218 439 2485 510 justitiam
2519 449 2811 504 tractetur,
2843 453 2913 494 ne
2947 448 3043 494 aut
3076 442 3219 511 apud
3252 454 3431 512 regem
3455 481 3472 506 ,
3535 449 3644 494 aut
3700 442 3841 511 apud
3884 442 3886 445 ’

533 547 634 605 pro
656 534 976 605 negligentia
1003 533 1144 590 sicut
1169 533 1444 589 aestimant
1465 533 1668 589 domini
1691 533 1908 606 Rogeri,
1928 534 2119 604 scripsi
2223 533 2360 589 alios
2390 549 2449 589 se
2480 532 2676 602 injuste
2705 534 2933 589 tractari
2966 548 3065 588 vos
3099 533 3532 603 blasphemando
3591 548 3840 603 conque-

535 625 613 682 illi
654 635 707 681 et
735 625 953 697 praecipi
1014 634 1074 680 ut
1125 626 1308 681 omnia
1358 640 1479 695 qua:
1518 626 1586 681 ad
1643 625 1790 680 illum
1849 626 2124 696 pertinent
2223 636 2398 694 ratur,
2435 633 2705 696 quatenus
2733 633 2829 679 aut
2855 624 2921 679 de
2954 625 3058 680 hoc
3080 625 3224 695 quod
3257 625 3450 686 debet.
3477 625 3654 681 vobis
3703 628 3840 682 sicut

537 729 663 789 agat
691 728 871 773 vestro
893 717 1122 774 consilio
1150 725 1206 772 et
1235 728 1418 772 vestra
1454 717 1762 786 prudentia.
1796 716 2124 773 Adolescen-
2216 719 2425 789 justum
2457 730 2540 776 cst
2575 718 2921 785 satisfaciat;
2954 728 3049 773 aut
3079 719 3263 773 villam
3305 735 3405 789 pro
3448 735 3563 790 qua
3621 721 3840 775 debitor

537 811 702 867 tiores
727 819 779 865 et
807 823 1003 881 pueros
1034 825 1228 881 precor
1266 819 1326 864 ut
1353 809 1594 881 singulos
1618 819 1824 865 secrete
1852 818 1907 866 et
1927 825 1994 866 ex
2020 826 2119 866 no-

533 911 644 957 stra
665 911 819 974 parte
841 902 1073 957 dulciter
1101 901 1334 969 salutes,
1368 910 1424 957 et
1485 910 1546 956 ut
1602 909 1800 956 nostra:
1854 916 2121 958 memores

532 994 640 1050 sint
665 995 999 1062 monitionis,
1058 996 1316 1051 cordibus
1366 1010 1554 1051 eorum
1602 997 1744 1051 sicut
1780 996 1954 1062 scitis,
1992 995 2121 1051 iuti-

529 1087 711 1142 metis.
740 1090 1043 1158 Antequam
1095 1088 1322 1143 Romam
1351 1089 1510 1155 irem,
1552 1099 1838 1160 postquam
1894 1105 1924 1143 a
1968 1090 2122 1144 vobis

531 1179 774 1245 discessi,
805 1181 928 1236 dum
952 1181 1128 1238 adhuc
1148 1182 1303 1239 Becci
1335 1198 1597 1248 morarer,
1625 1183 1950 1254 quaesiviStis
1975 1199 2005 1238 a
2036 1200 2123 1240 me

532 1272 663 1342 quid
695 1273 824 1327 mihi
865 1274 1158 1340 videretur,
1206 1275 1250 1330 si
1290 1275 1412 1345 quis
1457 1275 1688 1330 clericus
1717 1276 1805 1345 qui
1831 1288 1885 1331 ct
1914 1276 2121 1331 littera-

532 1371 620 1420 tus
641 1375 695 1418 et
723 1375 977 1422 strenuus
1001 1367 1426 1432 existimaretur,
1454 1370 1521 1423 ad
1556 1368 1838 1424 ecclesiam
1877 1379 2121 1425 nostram

532 1465 595 1509 ut
624 1457 920 1514 monachus
946 1459 1119 1524 fieret,
1153 1459 1311 1514 vellet
1335 1460 1540 1514 venire.
1573 1460 1651 1514 Ad
1676 1462 1818 1531 quod
1875 1471 2002 1516 tunc
2036 1462 2124 1516 lit-

536 1549 669 1603 teris
694 1565 812 1620 quae
836 1553 1018 1606 nescio
1045 1551 1090 1606 si
1121 1552 1186 1606 ad
1204 1566 1296 1606 vos
1318 1560 1702 1621 pervenerunt,
1719 1554 1978 1621 respondi
1995 1554 2122 1624 quia

533 1639 582 1694 si
615 1640 874 1696 videretis
909 1658 1194 1713 personam
1226 1659 1386 1713 quam
1427 1644 1830 1713 suscipiendam
1867 1645 2122 1700 discretio

532 1733 1027 1802 vestrajudicaret,
1059 1736 1190 1791 mihi
1226 1751 1444 1806 quoque
1470 1745 1529 1789 ut
1557 1737 1893 1806 reciperetur
1920 1738 2120 1793 bonum

2221 824 2323 880 est,
2353 814 2505 869 vobis
2543 813 2751 868 reddat.
2811 813 2887 867 De
2939 812 3136 867 domno
3167 810 3392 883 Josepb,
3421 810 3676 882 praefato
3726 813 3837 882 cpi.

2224 923 2389 978 scopo
2421 908 2638 973 mando,
2672 915 2730 961 ut
2759 907 2802 962 si
2832 915 3091 981 opus-est,
3117 920 3216 961 vos
3246 904 3500 974 adjuvet,
3551 916 3834 976 quatenus

2223 1014 2348 1055 eum
2380 999 2446 1054 de
2478 997 2671 1054 debitis
2697 1005 2751 1052 et
2784 997 2948 1051 terris
2978 1010 3114 1065 quas
3161 1004 3328 1062 tenet,
3381 997 3715 1052 secundum
3759 1012 3836 1051 ve-

2223 1099 2393 1146 stram
2431 1090 2838 1160 diSpositionem
2873 1095 3108 1142 tractare
3129 1087 3372 1158 possitis,
3411 1088 3618 1143 ethoc
3648 1099 3834 1144 vestr:
3893 1087 3895 1160 ἦ

2225 1183 2506 1240 committo
2538 1182 2887 1237 ordinationi.
2931 1181 3007 1236 De
3052 1182 3238 1252 pueris
3259 1192 3315 1236 et
3342 1181 3685 1252 juvenculis
3724 1199 3831 1238 sus-

2223 1276 2510 1348 cipiendis,
2572 1283 2795 1346 propter
2819 1273 3015 1329 multas
3049 1274 3400 1330 rationabiles
3435 1291 3664 1331 causas
3718 1292 3834 1331 con-

2225 1368 2346 1424 silio
2371 1377 2550 1422 vestro
2580 1366 2758 1433 faveo,
2785 1369 2957 1422 donec
2985 1368 3093 1422 Deo
3124 1367 3450 1438 disponente
3481 1369 3730 1424 redeam
3749 1411 3765 1434 ,
3791 1381 3832 1424 et

2225 1461 2341 1516 haec
2365 1469 2416 1515 et
2447 1459 2551 1516 alia
2578 1459 2849 1514 communi
2898 1474 3120 1529 agemus
3173 1459 3426 1514 consilio.
3477 1458 3610 1514 Hoc
3666 1471 3830 1515 tamen
3885 1535 3888 1538 ῃ

2223 1551 2348 1608 volo
2401 1560 2455 1606 et
2525 1567 2675 1623 rogo,
2727 1560 2787 1605 ut
2817 1551 3128 1620 ubicunque
3181 1550 3305 1617 sim,
3359 1551 3406 1606 si
3445 1551 3640 1622 aliqui
3696 1553 3831 1622 hujus
3885 1567 3890 1582 τ

2225 1644 2402 1700 tetatis
2432 1644 2760 1715 suscipiendi
2809 1652 2971 1708 sunt,
3027 1642 3102 1697 illi
3152 1644 3388 1714 primum
3451 1645 3832 1715 suscipiantur

2227 1736 2424 1806 quibus
2454 1751 2772 1792 concessum
2825 1743 2929 1790 est.
2987 1734 3064 1790 De
3104 1736 3210 1791 hoc
3256 1745 3440 1791 autem
3509 1737 3681 1793 unde
3729 1740 3830 1808 qui-

533 1833 680 1882 esset
734 1835 786 1880 et
827 1827 1088 1898 placeret.
1137 1803 1486 1900 Privilegium
1527 1803 1686 1902 quod
1711 1832 1962 1887 dominus
1984 1847 2122 1903 papa
2156 1803 2201 1858 Β
2227 1803 2352 1882 dam
2385 1841 2471 1883 me
2499 1837 2553 1883 et
2588 1844 2684 1883 vos
2720 1826 3146 1898 reprehendunt,
3178 1828 3246 1884 de
3301 1831 3573 1899 personis
3637 1803 3832 1886 scilicet

531 1915 665 1971 mibi
693 1917 869 1985 dedit,
915 1921 1070 1976 vobis
1141 1922 1299 1978 mitto
1370 1922 1439 1977 ad
1512 1924 2021 1991 transcribendum,
2068 1933 2124 1981 et

532 2007 815 2080 diligenter
884 2013 1321 2070 custodiendum.
1397 2015 1545 2070 Dixit
1617 2017 1748 2072 mihi
1816 2016 2124 2074 Everardus

529 2115 628 2158 vos
679 2103 814 2159 velle
858 2105 1059 2161 habere
1111 2108 1402 2163 concilium
1457 2111 1602 2179 quod
1648 2109 1941 2166 Londouiae
1985 2111 2127 2168 cele-

529 2195 828 2251 bravimus.
883 2198 1036 2266 Quod
1091 2200 1164 2254 ita
1213 2201 1369 2256 mitto
1412 2202 1568 2257 vobis
1622 2212 1682 2257 ut
1730 2203 1861 2258 illud
1916 2220 2018 2260 nec
2068 2205 2122 2260 iu

529 2285 805 2354 publicum
870 2288 1132 2357 otferatis,
1173 2307 1275 2347 nec
1325 2293 1616 2350 transcribi
1657 2294 1901 2364 faciatis;
1953 2297 2125 2354 donec

531 2391 634 2447 ego
659 2386 714 2433 et
749 2395 849 2436 vos
873 2398 995 2436 cum
1022 2385 1398 2456 episcoporum
1446 2387 1674 2444 consilio
1705 2387 1839 2444 illud
1867 2397 2126 2447 retracte-

530 2481 673 2523 mus.

1061 2566 1396 2625 EPISTOLA
1447 2569 1586 2626 XLI.

1020 2674 1244 2715 ΔΝεεωιι
1268 2676 1338 2715 ΑΙ)
1365 2677 1606 2717 ΕυΜΒΕΙ.

599 2745 882 2806 Axsswus
909 2751 1372 2826 archiepiscopus,
1404 2756 1702 2812 reverendo
1727 2757 1896 2828 priori
1919 2761 2119 2817 domno

527 2835 800 2907 Eunomo,
831 2843 1056 2901 salutem
1080 2855 1135 2902 et
1163 2848 1598 2906 benedictionem
1635 2850 1750 2919 Dei,
1779 2861 1835 2907 et
1864 2868 2014 2908 suam
2033 2893 2048 2920 ,
2071 2853 2118 2909 si

525 2931 654 3002 quid
682 2936 842 2992 valet.

591 3025 829 3084 Litteras
850 3041 1045 3087 vestrae
1079 3035 1392 3089 reverenda:
1425 3032 1735 3090 dilectionis
1771 3035 1961 3106 plenas
1989 3051 2121 3108 pru-

522 3117 668 3174 denti
701 3121 930 3176 consilio
969 3132 1026 3177 et
1075 3123 1402 3179 cbaritativa
1451 3124 1813 3182 sollicitudine
1863 3143 1961 3198 pro
1997 3144 2118 3184 mea
2147 3163 2191 3227 Ο

523 3226 688 3268 causa
719 3223 775 3267 ct
799 3214 1025 3270 sincera:
1062 3214 1368 3272 dilectionis
1395 3216 1590 3273 affectu
1620 3227 1674 3272 et
1704 3219 2113 3277 tribulationum

523 3317 620 3359 cor
646 3315 884 3360 vestrum
923 3317 977 3361 et
1008 3307 1305 3364 Ecclesium
1336 3319 1578 3365 nostram
1600 3314 1961 3383 prementium
1986 3329 2116 3370 con-

523 3395 810 3463 questioue
835 3397 1071 3467 suscepi.
1103 3397 1401 3455 Consilium
1427 3401 1644 3472 quidem
1677 3417 1741 3457 ex
1779 3413 1934 3474 parte
1957 3406 2112 3476 sequi

523 3503 631 3543 non
654 3491 823 3560 potui,
861 3491 988 3561 quia
1019 3492 1248 3549 domnus
1277 3495 1583 3551 Everardus
1611 3511 1718 3552 non
1751 3497 1823 3552 ita
1855 3499 2002 3553 venit
2045 3499 2113 3554 ad

525 3594 632 3648 me,
662 3581 795 3636 utin
825 3583 963 3640 festo
981 3585 1152 3640 sancti
1175 3586 1452 3643 Michaelis
1479 3600 1778 3660 opportune
1793 3591 1970 3646 redire
1991 3606 2114 3662 pos-

522 3678 608 3724 set
634 3670 685 3724 in
722 3672 990 3740 Angliam.
1016 3673 1073 3729 lu
1103 3675 1226 3732 aliis
1256 3692 1405 3746 vero,
1424 3679 1534 3734 Deo
1555 3679 1862 3750 adjuvante,
1894 3681 2115 3736 tentabo

522 3765 667 3833 quod
696 3767 1002 3835 consulitis,
1036 3770 1079 3825 si
1110 3781 1298 3841 potero
1324 3770 1560 3828 efﬁcere.
1619 3773 1720 3828 Pro
1752 3774 2114 3832 sollicitudine

524 3871 649 3913 vero
672 3875 834 3929 quam
865 3863 973 3918 dixi
1011 3873 1067 3919 et
1088 3865 1377 3922 dilectione
1405 3881 1614 3939 gratias
1647 3884 1748 3940 ago
1788 3871 1899 3926 Deo
1927 3881 1983 3925 et
2015 3887 2116 3926 vo-

520 3949 620 4006 bis.
649 3951 728 4009 De
764 3955 1204 4014 tribulationibus
1233 3971 1416 4017 autem
1439 3978 1547 4017 non
1573 3962 1742 4032 egetis
1773 3972 1956 4020 nostra
1982 3980 2114 4020 con-

518 4043 797 4113 solatione,
832 4049 938 4105 nisi
971 4051 1024 4105 in
1052 4051 1138 4107 bis
1166 4068 1286 4122 quae
1313 4065 1501 4110 nostro
1531 4057 1761 4111 consilio
1813 4068 1906 4112 aut
1959 4066 2112 4128 pote-

516 4143 658 4192 state
679 4150 905 4209 possmt
925 4143 1183 4214 mitigari.
1204 4144 1310 4200 Vos
1327 4146 1470 4200 enim
1489 4148 1641 4203 scitis
1657 4149 1780 4218 quia
1803 4165 1901 4220 per
1917 4150 2115 4206 multas

521 4229 896 4287 tribulationes
924 4243 978 4287 et
1023 4249 1120 4304 per
1165 4250 1362 4305 aquam
1417 4246 1472 4292 et
1524 4239 1706 4310 ignem
1742 4237 1975 4296 transire
2013 4255 2113 4297 nos

519 4329 736 4389 oportet
762 4323 828 4376 ad
855 4323 1221 4395 refrigerium.
1253 4327 1418 4383 Multa
1458 4339 1513 4384 et
1545 4330 1648 4384 alia
1675 4342 1802 4386 sunt
1828 4349 1947 4403 quae
1982 4348 2116 4404 pru-

520 4413 756 4468 dentiam
787 4425 1027 4471 vestram
1074 4433 1179 4472 non
1212 4419 1398 4486 latent,
1431 4437 1552 4492 qua:
1592 4439 1690 4478 nos
1722 4425 2010 4479 hortantur
2057 4425 2112 4480 in

2227 1921 2484 1976 Ecclesia:
2511 1931 2733 1987 nostrm,
2771 1939 2868 1977 vos
2892 1923 3044 1978 scitis
3081 1939 3188 1995 qua
3221 1925 3564 1980 necessitate
3625 1926 3712 1980 tit.
3756 1923 3833 1980 Vit

2224 2011 2369 2067 enim
2431 2012 2596 2082 aliqui
2651 2013 2718 2067 ad
2777 2028 2875 2069 nos
2942 2015 3210 2084 veniunt,
3280 2014 3386 2070 nisi
3435 2032 3595 2085 quos
3664 2026 3834 2088 spoat:

2226 2103 2549 2173 accipimus.

2295 2194 2372 2250 De
2402 2196 2542 2251 laico
2587 2211 2750 2266 quem
2809 2197 3129 2267 suscepistis
3180 2197 3665 2267 misericorditer,
3716 2200 3830 2256 Deis

2224 2285 2512 2356 disposuit,
2537 2287 2663 2357 quia
2706 2296 2763 2341 et
2812 2303 2910 2343 vos
2939 2288 3260 2344 cbaritatem
3291 2288 3367 2343 illi
3398 2299 3458 2344 et
3490 2291 3712 2346 amicis
3739 2291 3828 2360 eius

2224 2379 2570 2447 exhibuistis,
2600 2388 2655 2434 et
2690 2380 2806 2451 ipse
2834 2381 2978 2436 bono
3030 2380 3140 2437 fine
3167 2381 3393 2451 quierit,
3459 2399 3649 2452 quem
3710 2384 3825 2438 Deus

2225 2471 2471 2528 absolvat
2491 2473 2560 2527 ab
2593 2472 2846 2528 omnibus
2873 2474 3113 2544 peccatis
3140 2475 3271 2530 suis.
3297 2473 3374 2528 De
3401 2473 3635 2532 clerico
3665 2476 3826 2532 Beira-
3887 2457 3890 2474 ’

2226 2565 2374 2621 censi
2405 2579 2564 2634 quem
2603 2565 2747 2620 Deus
2781 2565 2935 2622 vobis
2978 2566 3279 2622 clementer
3305 2569 3573 2635 attraxit,
3601 2571 3822 2640 gaudeo,
3887 2555 3892 2572 ἱ

2221 2666 2279 2711 et
2318 2663 2379 2710 ut
2404 2671 2545 2726 saepe
2570 2656 2841 2727 colloquio
2868 2667 3051 2713 vestro
3077 2660 3380 2715 aedificetur
3406 2663 3484 2716 de
3509 2673 3823 2734 contempta

2223 2747 2411 2820 gloriae
2437 2750 2621 2804 mundi
2674 2760 2729 2804 et
2775 2751 2842 2806 de
2869 2751 3146 2806 dubietate
3175 2752 3428 2806 humana:
3453 2753 3623 2823 vita,
3676 2765 3736 2809 et
3776 2755 3825 2808 de

2221 2843 2465 2915 periculo
2489 2843 2792 2898 animarum
2821 2844 2887 2898 de
2914 2845 3018 2900 hoc
3057 2847 3259 2899 mundo
3321 2848 3752 2902 transeuntium
3783 2848 3821 2900 in

2223 2949 2410 2991 amore
2424 2935 2883 3007 saeculi,quamvis
2905 2935 3008 2992 hoc
3024 2952 3122 2992 vos
3150 2936 3330 2993 facere
3355 2941 3818 3009 putem,consulo.

2227 3026 2305 3082 De
2331 3028 2532 3083 clerico
2559 3028 2925 3085 Londoniensi
2968 3044 3129 3100 quem
3175 3032 3543 3102 suscepistis,
3596 3037 3822 3107 approbo

2222 3119 2366 3188 quod
2392 3118 2612 3176 fecistis.
2649 3121 2724 3175 De
2754 3120 2994 3176 Roberto
3019 3121 3270 3178 ministro
3297 3138 3625 3194 pauperum
3653 3167 3670 3192 ,
3704 3127 3822 3198 quod

2223 3213 2355 3267 mihi
2378 3207 2739 3269 consuleretis
2762 3212 2947 3269 facite.
2975 3213 3032 3270 Si
3073 3215 3218 3271 enim
3248 3215 3302 3270 in
3325 3217 3589 3274 sanitate
3629 3235 3730 3275 sua
3751 3235 3822 3274 ve-

2219 3307 2384 3372 nerit,
2409 3307 2572 3363 credo
2618 3307 2745 3377 quia
2787 3308 2853 3363 ad
2876 3307 3108 3364 salutem
3148 3308 3343 3364 animae
3372 3324 3494 3366 sua:
3545 3311 3610 3366 in
3661 3315 3821 3383 aliquo

2219 3401 2444 3457 servitio
2475 3401 2734 3458 Ecclesiae
2785 3403 2935 3458 utilis
2979 3402 3104 3470 erit,
3133 3411 3189 3458 et
3221 3404 3265 3459 si
3291 3405 3342 3459 iu
3393 3418 3589 3464 morte
3609 3450 3630 3476 ,
3661 3410 3819 3464 salvus

2217 3493 2340 3548 erit.
2371 3495 2446 3549 De
2477 3495 2716 3550 Roberlo
2741 3495 2807 3551 de
2837 3495 3148 3568 Leminges,
3172 3498 3290 3554 haec
3306 3509 3392 3554 est
3430 3515 3565 3555 mea
3619 3512 3819 3556 senten-

2220 3586 2291 3640 tia
2321 3604 2334 3640 :
2369 3585 2427 3642 Si
2462 3587 2564 3642 hoc
2597 3598 2844 3659 tempore
2875 3588 3055 3646 factus
3100 3590 3268 3647 fuerit
3307 3594 3671 3660 monachus,
3711 3610 3818 3649 coa-

2218 3680 2351 3734 cedo
2381 3680 2536 3736 uxori
2560 3681 2700 3751 ejus,
2729 3684 2856 3738 dum
2887 3683 3048 3749 vivit,
3081 3692 3254 3738 terras
3279 3699 3416 3755 quas
3431 3685 3505 3739 de
3524 3700 3628 3741 me
3653 3687 3814 3748 habet,

2216 3781 2271 3828 et
2294 3774 2339 3828 si
2362 3774 2483 3844 quis
2505 3789 2599 3830 eas
2619 3777 2688 3831 ab
2719 3776 2825 3831 alio
2854 3777 3150 3848 acceperit,
3175 3792 3282 3832 non
3308 3777 3376 3832 ab
3398 3777 3817 3849 archiepiscopa

2217 3864 2617 3934 Cantuariensi,
2645 3867 2731 3924 vel
2759 3883 2844 3924 me
2873 3869 2957 3925 vel
2992 3870 3125 3924 mihi
3176 3869 3442 3926 canonice
3466 3873 3814 3931 succedente.

2217 3961 2267 4015 ei
2290 3976 2451 4031 quam
2478 3961 2656 4019 facere
2685 3978 2904 4034 possum
2923 3963 3500 4024 excommunicationi,
3527 3973 3590 4018 et
3624 3963 3815 4020 iraDei

2217 4069 2380 4124 quam
2415 4053 2490 4110 illi
2515 4055 2811 4125 imprecari
2840 4071 3063 4127 possum
3093 4056 3395 4127 subjaceat.
3444 4055 3817 4125 Quandocuu—

2217 4159 2322 4213 que
2350 4154 2532 4200 autem
2557 4145 2624 4199 ad
2665 4146 3075 4202 conversionem
3109 4145 3326 4213 veniat,’
3370 4147 3458 4201 vel
3511 4147 3646 4204 sine
3697 4163 3815 4204 con-

2216 4237 2466 4294 versione
2488 4239 2650 4294 finem
2674 4241 2799 4296 vitae
2844 4238 3034 4306 faciat,
3074 4241 3220 4310 quod
3247 4239 3359 4296 dixi
3387 4239 3459 4295 de
3487 4242 3703 4310 terris,
3745 4257 3818 4296 n-

2218 4339 2328 4386 tum
2389 4343 2724 4403 permaneat.
2790 4333 2868 4389 De
2922 4331 3188 4389 fratribus
3245 4333 3338 4402 qui
3385 4332 3717 4391 inordinate
3761 4336 3816 4389 de

2217 4426 2549 4480 monasterio
2582 4426 2870 4491 exierunt,
2895 4435 2952 4481 et
2975 4425 3226 4480 ordinate
3255 4424 3365 4479 Deo
3392 4425 3615 4481 reducti
3683 4436 3814 4489 sunt,

521 4503 866 4562 tribulatione
889 4508 1142 4578 gaudere.
1173 4509 1327 4578 Quod
1380 4512 1491 4567 Deo
1541 4514 1858 4571 consolante
1894 4531 1990 4572 vos
2025 4515 2108 4571 fa-
2137 4519 2188 4581 ι)
2214 4533 2311 4589 per
2348 4519 2530 4575 omnia
2561 4519 2704 4591 quod
2729 4519 2938 4576 fecistis
2965 4519 3166 4584 laudo;
3197 4527 3253 4573 et
3277 4517 3343 4572 de
3367 4517 3434 4572 iis
3477 4518 3573 4589 qui
3606 4535 3817 4574 reman-

519 4610 643 4653 cere
663 4607 719 4653 et
739 4614 908 4670 usque
939 4601 992 4655 in
1027 4602 1189 4658 tinent
1238 4603 1481 4661 facturos
1509 4622 1615 4662 non
1644 4607 1850 4664 dubito.
1909 4607 1986 4664 De
2043 4609 2109 4666 iis

517 4688 583 4743 ad
639 4705 761 4760 qua:
797 4701 1045 4748 nostrum
1089 4709 1404 4767 responsum
1455 4699 1662 4770 petitis,
1717 4701 1951 4770 primum
1986 4701 2108 4756 dico

515 4783 638 4852 quia
683 4784 943 4854 placitum
992 4790 1138 4858 quod
1208 4792 1611 4847 constituerunt
1661 4795 2107 4866 archiepiscopus

517 4872 872 4934 Eboracensis
896 4887 950 4934 et
977 4880 1262 4950 episcopus
1302 4880 1730 4951 Londoniensis,
1775 4900 1879 4940 nec
1930 4885 2102 4940 statui

515 4981 615 5022 nec
651 4969 763 5024 fieri
787 4971 946 5028 debet
974 4974 1092 5029 sine
1134 4975 1544 5047 archiepiscopo
1582 4977 1912 5033 Cantuariae.
1967 4979 2104 5036 Nam

515 5061 614 5115 etsi
646 5060 887 5118 Ecclesia
916 5065 1324 5124 Cantuariensis
1354 5069 1623 5125 viventem
1654 5071 1966 5143 episcopum
1999 5089 2105 5128 non

515 5152 762 5220 haberet,
791 5160 1092 5226 exspectari
1125 5159 1365 5218 deberet.
1393 5162 1452 5218 Si
1493 5163 1620 5233 quid
1645 5175 1825 5219 autem
1865 5167 1990 5221 inde
2009 5183 2108 5238 per

513 5243 770 5314 placitum
801 5247 1003 5305 factum
1029 5261 1107 5308 est
1127 5294 1142 5319 ,
1171 5263 1317 5310 stare
1340 5273 1446 5312 non
1471 5258 1650 5321 debet,
1680 5269 1735 5313 et
1761 5273 1858 5332 ego
1889 5261 2105 5316 irritum

513 5336 676 5393 facio.
703 5339 778 5395 De
801 5342 1004 5398 damno
1033 5345 1174 5416 quod
1205 5358 1298 5403 aut
1329 5365 1357 5403 a
1400 5351 1706 5421 prtepositis
1737 5362 1830 5406 aut
1872 5371 1902 5409 a
1935 5353 2107 5410 celle-

513 5431 657 5486 rario
678 5435 822 5503 passi
851 5438 1151 5508 estis,quia
1183 5444 1516 5510 praeteritum
1557 5454 1662 5511 est,
1697 5445 1982 5499 consilium
2012 5461 2107 5501 ne-

510 5527 644 5590 scio,
673 5529 767 5584 sed
806 5539 988 5588 tamen
1024 5533 1068 5588 si
1123 5534 1252 5605 quid
1287 5535 1468 5605 aliqua
1518 5539 1728 5591 ratione
1787 5553 2108 5606 recuperare

507 5621 752 5689 potestis,
781 5627 1012 5696 gaudeo.
1041 5625 1099 5680 ln
1129 5625 1369 5681 futurum
1386 5641 1514 5681 vero
1542 5627 1829 5682 consilium
1861 5639 2106 5685 vestrum

506 5711 576 5767 de
598 5716 762 5772 sociis
791 5719 1208 5789 praepositorum
1241 5719 1502 5790 approbo.
1531 5719 1606 5776 De
1633 5720 1927 5777 Godefrido
1954 5723 2108 5779 vobis

503 5808 756 5868 consulo.
781 5820 836 5867 et
859 5813 1060 5869 domno
1081 5812 1335 5870 coiscouo
1356 5811 1580 5871 Rofensi
1602 5815 1801 5873 mando
1827 5825 1886 5873 ut
1911 5819 1982 5874 ita
2010 5834 2108 5875 oer

2213 4617 2423 4674 serunt,
2447 4609 2493 4664 si
2518 4611 2572 4664 in
2612 4609 2759 4666 bona
2794 4609 3074 4664 voluntate
3102 4617 3250 4674 sunt,
3283 4608 3396 4662 Deo
3429 4609 3656 4677 gratias
3703 4624 3815 4680 age.

2211 4698 2363 4754 lllum
2394 4715 2525 4755 vero
2547 4700 2639 4769 qui
2679 4709 2757 4755 tot
2783 4700 2957 4755 modis
2985 4698 3374 4770 incorrigibilis
3405 4698 3681 4770 cognitus
3719 4709 3814 4762 est,

2211 4806 2310 4846 sua
2341 4793 2577 4862 nequitia
2611 4791 2828 4848 Satanae
2858 4793 3117 4848 traditum
3134 4792 3413 4857 existimo,
3442 4805 3550 4847 nec
3583 4793 3817 4864 amplius

2213 4886 2382 4961 438
2402 4889 2455 4942 in
2477 4889 2736 4944 societate
2758 4897 2940 4944 vestra
2967 4885 3372 4958 suscipiendum
3400 4895 3556 4956 puto.
3600 4885 3686 4943 De
3734 4888 3816 4941 in-

2212 4976 2378 5031 famia
2406 4992 2512 5046 qua
2561 4992 2725 5047 super
2774 4992 2873 5033 vos
2913 4979 3144 5048 populus
3198 4975 3528 5046 insipienter
3580 4976 3814 5041 clamat,
3894 4975 3895 5010 ³

2211 5079 2394 5125 vestra
2420 5070 2685 5139 sapientia
2717 5071 2987 5126 consolari
3010 5086 3108 5126 vos
3135 5069 3322 5127 debet.
3354 5067 3475 5124 Non
3527 5070 3690 5124 enim
3739 5078 3818 5124 est

2209 5163 2569 5234 blasphemia,
2596 5164 2690 5218 sed
2713 5163 2832 5218 laus
2860 5161 3198 5226 monasterii,
3215 5161 3434 5232 quando
3455 5159 3675 5231 aliquid
3699 5160 3817 5216 inde

2213 5253 2452 5326 fugiunt,
2479 5256 2606 5326 quia
2636 5271 2744 5312 non
2795 5255 3076 5312 meliorem
3112 5257 3278 5310 vitam
3311 5264 3591 5325 quaerunt,
3629 5268 3814 5309 verum

2210 5347 2412 5402 bonam
2444 5348 2913 5402 conversationem
2938 5363 3057 5418 quae
3087 5349 3156 5404 ab
3194 5347 3301 5402 illis
3328 5345 3572 5417 exigitur
3607 5360 3814 5416 nequa-

2210 5453 2372 5509 quam
2404 5438 2638 5493 tolerare
2669 5448 2894 5508 queunt.
2951 5439 3026 5495 De
3053 5448 3212 5511 patre
3249 5453 3350 5493 suo
3387 5446 3550 5507 rogat
3591 5453 3689 5493 me
3721 5439 3816 5491 do-

2211 5531 2393 5586 minus
2418 5529 2703 5585 Cornelius
2719 5529 2804 5585 cui
2833 5531 2974 5586 sicut
2997 5532 3150 5587 scitis
3180 5546 3330 5604 spem
3353 5530 3692 5600 suscipienti
3722 5543 3813 5598 ego

2210 5634 2266 5680 et
2294 5641 2390 5679 vos
2431 5625 2698 5680 dedimus.
2726 5624 2829 5692 Qui
2873 5635 2932 5681 ut
2952 5626 3301 5696 suscipiatur,
3333 5626 3378 5680 si
3395 5624 3557 5680 vobis
3575 5625 3810 5685 videtur,

2208 5719 2410 5774 bonum
2433 5720 2708 5787 exustimo,
2743 5719 2870 5788 quia
2892 5729 2945 5775 et
2974 5720 3041 5775 de
3065 5720 3222 5791 longe
3244 5719 3358 5775 solo
3385 5733 3579 5774 amore
3609 5727 3812 5774 sanet:

2213 5811 2645 5871 conversationis
2675 5812 2841 5871 venit.
2866 5821 2922 5870 et
2949 5812 3052 5868 iam
3108 5814 3176 5870 ad
3221 5811 3448 5871 senilem
3476 5813 3808 5874 eravitatem
