3946 6306
237 386 365 447 225

1528 381 1656 436 LlB.
1682 379 1772 448 IV,
1810 377 2026 435 EPIST.
2054 377 2229 434 XLIV.

3419 388 3525 446 226

239 501 497 554 devenit.
535 504 614 553 ne
659 495 998 568 presbyteris
1044 496 1137 566 qui
1184 495 1250 551 ad
1298 494 1552 550 mulieres
1592 493 1843 548 dimissas
1874 478 1921 534 Α
1947 493 2040 563 qui
2073 507 2187 546 rem
2243 488 2530 562 diligenter
2570 494 2936 564 considerant,
2992 498 3360 572 intelligimus,
3419 518 3525 559 non

242 591 562 655 redierunt,
591 588 873 644 consilium
898 589 1120 659 quaesivi
1154 604 1186 644 a
1219 589 1284 644 Β.
1313 587 1377 644 Ρ.
1431 596 1615 643 nostro
1663 585 1842 640 archi-

245 681 520 752 episcopo
561 679 903 750 Lugdunensi
932 698 948 748 ;
997 683 1088 751 qui
1117 680 1422 737 nullatenus
1443 678 1722 735 consulere
1740 692 1838 732 vo-

247 773 365 828 luit
395 782 455 828 ut
484 775 551 828 ad
582 773 851 829 Ecclesias
890 773 1122 844 amplius
1153 773 1591 837 admitterentur,
1643 771 1738 826 sed
1784 778 1843 825 ut

251 867 444 938 potius
478 864 714 922 infantes
744 881 773 919 a
799 865 1130 937 quibuslibet
1160 866 1372 923 clericis
1406 865 1489 920 vel
1537 863 1694 919 laicis
1742 863 1841 918 ba-

252 958 616 1028 ptizarentur.
642 956 754 1013 Nec
799 973 898 1028 pro
920 959 1023 1014 alia
1046 959 1224 1029 aliqua
1260 959 1605 1023 necessitate,
1630 971 1750 1027 qua:
1784 955 1840 1011 in

252 1049 509 1106 absentia
553 1051 895 1106 sacerdotum
945 1051 1082 1107 solet
1107 1052 1443 1124 contingere,
1479 1050 1660 1105 laudat
1705 1049 1843 1105 reci-

250 1141 481 1214 piendos
529 1157 670 1198 esse.
695 1141 1080 1200 Verumtamen
1113 1145 1215 1200 hoc
1238 1146 1381 1216 quod
1409 1144 1528 1199 dico
1554 1154 1607 1200 et
1646 1156 1838 1198 neces-

250 1232 471 1288 sitatem
497 1247 660 1303 quam
685 1233 900 1301 videtis,
928 1234 1285 1297 considerate,
1306 1242 1360 1288 et
1381 1233 1507 1303 quid
1536 1232 1665 1287 mihi
1706 1247 1843 1303 pra:-

249 1324 396 1380 senti
426 1324 802 1391 consuleretis,
834 1326 1074 1382 admisso
1107 1327 1344 1397 episcopi
1383 1325 1630 1392 consilio,
1653 1325 1840 1381 facite.

249 1412 634 1468 Festivitatum
662 1414 1083 1470 celebrationem
1116 1415 1181 1471 de
1209 1417 1404 1486 quibus
1434 1415 1562 1470 mihi
1614 1416 1840 1470 manda-

249 1505 378 1569 stis,
411 1514 603 1560 vestrae
625 1506 907 1561 committo
930 1507 1290 1576 dispositioni,
1321 1515 1377 1562 et
1406 1507 1535 1576 quid
1583 1505 1706 1561 inde
1753 1522 1842 1561 or-

250 1596 575 1652 dinaveritis
605 1613 705 1670 ego
731 1598 1097 1664 confirmo,et
1148 1610 1323 1653 ratum
1363 1599 1454 1655 sit.
1508 1601 1583 1653 Dc
1637 1601 1843 1655 octavis

250 1687 790 1758 quoqueNativitatis
811 1699 1014 1746 sanctae
1039 1690 1133 1746 Dei
1175 1691 1460 1760 genitricis
1481 1690 1681 1756 Mariae,
1705 1707 1842 1760 quas

250 1777 438 1847 plures
468 1779 535 1833 de
561 1779 822 1837 fratribus
853 1782 1058 1837 nostris
1086 1790 1280 1849 rogant
1310 1781 1361 1834 in
1393 1781 1632 1836 Ecclesia
1658 1793 1840 1837 nostra

251 1867 395 1935 fieri,
423 1871 550 1940 quia
581 1871 633 1924 in
661 1870 904 1942 pluribus
940 1872 1194 1928 Ecclesiis
1232 1872 1388 1938 fiunt,
1416 1872 1664 1928 similiter
1698 1876 1840 1945 quod

252 1958 451 2015 melius
478 1961 631 2016 vobis
652 1961 884 2027 videtur,
922 1962 1102 2018 facile.
1134 1963 1340 2017 Domno
1391 1963 1630 2017 Boberto
1655 1981 1842 2019 mona-

252 2051 359 2105 cho
394 2051 590 2108 dilecto
622 2052 732 2108 ﬁlio
760 2064 945 2110 nostro
972 2056 1062 2126 qui
1112 2071 1199 2111 res
1236 2064 1449 2111 nostras
1479 2056 1616 2111 solet
1660 2068 1842 2112 custo-

250 2141 392 2207 dire,
424 2143 586 2198 dicite
605 2159 674 2199 ex
697 2155 879 2200 nostra
905 2156 1058 2214 parte
1084 2186 1098 2210 ,
1125 2155 1183 2200 ut
1230 2147 1276 2202 si
1302 2156 1620 2216 potestatem
1651 2148 1837 2216 habet,

251 2230 420 2287 faciat
468 2233 769 2291 Robertum
823 2237 1078 2293 clericum
1115 2239 1206 2308 qui
1252 2255 1462 2294 mecum
1526 2248 1612 2294 est
1658 2249 1840 2298 tenere

252 2325 472 2380 domum
512 2342 664 2382 suam
687 2343 848 2398 quam
875 2329 1075 2386 habent
1103 2329 1426 2396 Cantuariaa,
1475 2332 1547 2386 ita
1577 2333 1839 2402 quietam,

252 2417 391 2471 sicut
416 2433 535 2473 eam
567 2421 1006 2493 tenuitRogerus
1033 2423 1244 2478 Puntel.
1273 2423 1495 2496 Rogatis
1548 2440 1633 2480 me
1673 2433 1732 2480 ut
1775 2425 1828 2479 in

253 2509 691 2568 tribulationibus
715 2515 914 2569 vestris
940 2516 1241 2586 compatiar
1264 2517 1416 2572 vobis
1444 2526 1496 2572 et
1531 2532 1682 2572 orem
1735 2533 1836 2587 pro

257 2599 428 2664 vobis,
465 2603 608 2670 quod
639 2603 826 2672 utique
879 2605 1040 2670 facio,
1081 2614 1136 2661 et
1161 2607 1274 2662 scio
1302 2622 1399 2662 vos
1427 2608 1531 2664 hoc
1559 2611 1730 2678 ipsum
1760 2609 1840 2663 fa-

258 2705 380 2747 cere
405 2692 579 2748 nobis.
613 2691 972 2768 Omnipotens
997 2696 1133 2753 Deus
1155 2713 1307 2753 suam
1338 2714 1551 2768 semper
1577 2702 1666 2754 det
1684 2701 1839 2758 vobis

255 2785 699 2842 consolationem.
727 2787 1062 2859 Responsum
1103 2790 1247 2862 regis
1296 2791 1349 2845 in
1392 2791 1479 2845 die
1508 2799 1709 2846 statuto
1733 2809 1837 2848 non

253 2875 609 2948 estepiscOpo
638 2875 1119 2943 datum,mandavi
1176 2881 1224 2935 ei
1276 2890 1336 2936 ut
1385 2881 1515 2935 illud
1563 2892 1834 2952 quatenus

254 2967 456 3038 poterit
487 2969 751 3038 requirat,
777 2978 835 3026 et
863 2970 993 3026 illud
1021 2986 1116 3041 per
1158 2971 1448 3043 Vulgarum
1478 2975 1544 3030 de
1579 2975 1842 3031 Limmin—

251 3071 346 3128 ges
373 3072 494 3112 cum
517 3057 697 3129 aliquo
726 3061 877 3116 socio
896 3071 988 3116 aut
1019 3077 1114 3131 per
1136 3063 1270 3117 duos
1300 3064 1433 3120 alios
1459 3068 1668 3136 pedites
1702 3068 1836 3124 mihi

254 3149 452 3216 mittat,
482 3150 610 3220 quia
639 3152 741 3208 hoc
783 3162 893 3208 tam
919 3153 1028 3210 cito
1055 3171 1151 3226 per
1206 3156 1461 3213 domuum
1502 3160 1833 3218 Everardum

253 3239 369 3298 fieri
400 3243 606 3314 nequit.

776 3337 1107 3396 EPISTOLA
1146 3341 1310 3398 XLII.

668 3443 892 3486 Αιιεειιιι
923 3447 992 3487 ΑΙ)
1024 3449 1420 3492 TBEODOBICUI.

326 3516 1106 3594 Aussuus,archiepiscopus,
1159 3523 1504 3584 Tnsonomco
1549 3528 1658 3584 filio
1705 3546 1833 3586 cna-

255 3609 494 3678 rissimo,
517 3613 745 3668 salutem
786 3623 841 3669 et
873 3616 1298 3671 benedictionem
1327 3617 1442 3674 Dei.

321 3702 536 3760 Gratias
573 3706 748 3764 habeo
778 3708 871 3763 tibi
899 3724 995 3779 pro
1022 3707 1329 3766 visitatione
1377 3712 1680 3768 litterarum
1712 3723 1830 3770 tua-

253 3809 370 3850 rum
405 3798 558 3867 plena
609 3799 761 3854 suavi
786 3799 1072 3856 dulcedine
1109 3801 1435 3858 exundantis
1489 3803 1828 3874 dilectionis;

252 3906 410 3956 quam
436 3895 624 3964 utique
649 3896 812 3950 etiam
844 3907 894 3951 te
925 3907 1136 3952 tacente
1164 3897 1218 3952 in
1263 3899 1426 3953 corde
1482 3907 1570 3953 tuo
1621 3913 1833 3968 semper

255 3983 461 4039 fervere
492 4000 598 4039 non
621 3985 826 4040 dubito.
851 3987 926 4041 De
950 3987 1237 4043 dilectione
1285 4003 1412 4042 vero
1453 4004 1569 4042 mea
1597 4003 1725 4058 erga
1756 3997 1829 4052 te,

254 4074 374 4142 quia
403 4083 460 4128 tu
489 4089 611 4128 eam
639 4076 808 4140 nosti,
841 4077 1008 4130 multa
1039 4078 1182 4148 loqui
1209 4091 1313 4132 non
1341 4093 1492 4148 egeo.
1526 4077 1582 4130 lu
1615 4087 1832 4132 senten-

259 4165 327 4218 tia
357 4166 530 4235 quarti
559 4165 777 4235 capituli
810 4165 885 4220 De
915 4177 1162 4236 conceptu
1183 4167 1599 4237 virginali,pone
1626 4168 1833 4237 integre

254 4257 409 4311 verba
441 4257 678 4328 Apostoli
708 4259 850 4312 sicut
889 4258 979 4312 hic
1009 4260 1268 4324 reperies.
1319 4259 1458 4313 Dicit
1505 4260 1647 4314 enim
1689 4260 1830 4315 idem

251 4349 524 4421 apostolus
556 4351 689 4406 nihil
714 4351 1079 4406 damnationis
1099 4367 1219 4407 esse
1248 4351 1314 4405 iis
1342 4352 1430 4421 qui
1457 4352 1652 4407 suntin
1673 4352 1829 4408 Chri-

251 4451 334 4496 sto
357 4439 504 4508 Jesu,
551 4443 644 4512 qui
703 4455 811 4500 non
859 4440 1154 4498 secundum
1211 4457 1430 4498 carnem
1480 4442 1830 4502 ambulabunt

252 4530 416 4602 (Rom.
450 4547 568 4598 vm,
591 4533 667 4599 1).
703 4533 863 4595 Vale,
889 4533 982 4587 fili.

764 4622 1099 4680 EPISTOLA
1128 4623 1309 4678 XLIII.

389 4729 614 4770 ANSELIII
651 4731 719 4770 AD
753 4729 1065 4770 ιιΑτιιιιυειι
1100 4729 1334 4771 REGINAI
1381 4728 1683 4771 ANGLORUI.

320 4806 862 4872 Marnrwhdomium
912 4808 1242 4874 reverendae,
1292 4807 1416 4862 filiae
1473 4808 1824 4874 charissimte,

253 4895 444 4967 reginae
467 4897 784 4966 Anglorum,
807 4898 1086 4953 ANSELIUS
1113 4897 1573 4968 archiepiscOpus,
1597 4897 1826 4954 salutem

251 4999 302 5044 et
327 4991 752 5047 benedictionem
778 4992 895 5053 Dei,
921 5000 974 5045 et
1002 5007 1179 5056 suam,
1212 4991 1255 5046 si
1289 4991 1416 5062 quid
1449 4991 1621 5058 valet,
1652 4994 1824 5048 servi-

253 5085 342 5146 tia.
366 5085 638 5140 orationes
663 5085 718 5138 in
743 5083 1048 5139 dilectione.

319 5173 696 5245 Magnitudinis
723 5182 917 5229 vestrae
945 5190 1152 5244 magna:
1192 5175 1580 5231 benevolentiae
1623 5177 1827 5246 gratias

251 5266 357 5338 agit
383 5281 477 5322 cor
494 5280 674 5321 meum
700 5265 867 5336 quod,
889 5275 1151 5336 quantum
1185 5275 1386 5337 potest.
1427 5265 1736 5332 fructificat,
1769 5274 1828 5321 et

252 5357 385 5427 quod
413 5373 520 5413 non
551 5365 730 5428 potest
752 5355 1064 5411 desiderare
1110 5373 1218 5410 non
1273 5369 1472 5414 cessat.
1524 5359 1679 5425 Quod
1733 5358 1824 5427 qui

253 5443 490 5519 inspirat,
521 5449 636 5518 ipse
666 5447 948 5503 retribuat.
980 5445 1189 5516 Quippe
1237 5463 1399 5517 quam
1445 5449 1618 5518 pium,
1661 5464 1822 5518 quam

252 5540 454 5596 dulcem
486 5537 758 5606 aﬂ‘ectum,
787 5539 895 5593 Deo
925 5539 1226 5609 inspirante
1245 5554 1374 5608 erga
1412 5554 1497 5594 me
1524 5541 1745 5611 geratis,
1769 5541 1822 5597 in

253 5631 607 5688 amaritudine
631 5639 685 5686 et
715 5631 932 5688 tristitia
960 5641 1016 5686 et
1037 5630 1396 5687 sollicitudine
1444 5647 1580 5702 quas
1607 5648 1670 5689 ex
1703 5648 1818 5690 mea

254 5724 486 5779 absentia
533 5723 878 5786 contrahitis,
939 5724 1320 5795 apertissime,
1380 5723 1519 5780 sicut
1559 5725 1817 5791 scribitis,

254 5813 580 5885 signiﬁcatis.
609 5814 738 5882 Quae
765 5829 885 5872 mea
911 5816 1153 5874 absentia
1177 5815 1229 5870 in
1258 5827 1516 5887 quantum
1549 5831 1649 5888 ego
1671 5817 1815 5872 etilli

1946 597 2068 637 mea
2107 580 2262 652 culpa
2296 584 2479 637 tandiu
2525 588 2856 644 extenditur.
2889 588 3146 656 Queritur
3200 592 3288 663 pio
3331 591 3527 650 affectu

1943 682 2127 728 vestra
2157 674 2474 729 excellentia
2505 679 2644 745 quod
2681 694 2798 733 mea
2846 680 3194 752 intemperies
3224 685 3528 755 tranquilli-

1946 773 2114 820 tatem
2139 765 2304 820 animi
2329 767 2530 822 domini
2557 769 2660 822 mei
2695 771 2836 840 regis
2859 780 2906 825 et
2945 789 3230 844 procerum
3270 775 3384 844 ejus
3403 784 3525 833 tur-

1947 855 2181 922 baverit,
2219 864 2275 911 et
2304 857 2408 912 hoc
2438 858 2689 914 desiderii
2751 862 2917 917 vestri
2963 863 3160 920 bonum
3208 867 3524 936 inimptum,

1944 960 2014 1001 ne
2044 947 2112 1001 ad
2133 946 2294 1002 finem
2325 962 2481 1002 suum
2505 949 2893 1020 perduceretur
2941 953 3307 1024 impediverit;
3339 973 3523 1012 verum

1944 1039 2228 1097 inlitteris
2257 1041 2488 1104 nostris,
2518 1040 2571 1095 in
2619 1042 2816 1111 quibus
2866 1044 2954 1099 illa
3005 1045 3356 1117 intemperies
3403 1064 3526 1106 esse

1943 1131 2162 1199 dicitur,
2186 1133 2317 1188 nihil
2347 1133 2720 1201 indiscretum,
2748 1137 2883 1192 nihil
2921 1139 3234 1206 absurdum,
3275 1143 3527 1212 quamvis

1944 1225 2049 1281 hoc
2087 1223 2218 1278 mihi
2266 1225 2426 1294 regiis
2457 1225 2655 1282 litteris
2683 1227 2957 1298 objectum
2985 1229 3076 1294 sit,
3106 1245 3224 1285 esse
3250 1234 3526 1303 cognosci-

1945 1324 2054 1380 tur,
2105 1315 2150 1369 si
2183 1324 2333 1370 recto
2361 1316 2636 1372 intellectu
2664 1328 2926 1374 et-rnente
2967 1321 3250 1390 tranquilla
3279 1323 3419 1392 quod
3452 1324 3524 1380 ibi

1943 1408 2145 1465 dictum
2174 1419 2291 1474 est,
2339 1417 2392 1462 et
2439 1411 2728 1480 prohibitio
2787 1429 2948 1483 quam
3004 1414 3181 1469 audivi
3231 1425 3286 1469 et
3338 1430 3525 1472 omnes

1943 1502 2142 1567 sciunt,
2171 1501 2473 1572 inspicitur.
2492 1501 2637 1557 Nihil
2663 1505 2806 1559 enim
2839 1507 3095 1562 adversus
3135 1516 3338 1576 patrem
3384 1511 3527 1580 regis

1944 1599 1997 1644 et
2021 1592 2489 1662 archiepiscopum
2522 1593 2910 1660 Lanl'rancum,
2936 1597 3082 1651 viros
3123 1611 3330 1666 magnae
3362 1609 3414 1654 et
3440 1614 3527 1654 re-

1945 1677 2148 1750 ligiosae
2176 1681 2351 1748 famae,
2379 1682 2608 1750 protuli;
2653 1698 2774 1738 cum
2819 1700 2904 1740 me
2954 1686 3006 1740 in
3055 1687 3323 1758 baptismo
3371 1697 3428 1742 et
3471 1689 3523 1743 iu

1945 1769 2378 1825 ordinationibus
2405 1771 2540 1826 meis
2562 1771 2734 1842 legem
2779 1781 2833 1827 et
2860 1777 3273 1832 consuetudines
3314 1777 3525 1832 illorum

1947 1875 2052 1914 non
2081 1861 2396 1930 promisisse
2429 1863 2816 1930 demonstravi,
2847 1873 2902 1919 et
2945 1866 3114 1936 legem
3145 1867 3238 1922 Dei
3290 1884 3374 1923 me
3420 1886 3524 1924 non

1944 1952 2334 2021 abnegaturum
2359 1968 2500 2020 esse,
2528 1954 2848 2022 significavi.
2881 1954 3012 2010 Nam
3048 1959 3191 2027 quod
3217 1975 3243 2011 a
3267 1975 3352 2014 me
3387 1976 3526 2016 nunc

1943 2043 2255 2110 requiritur,
2283 2044 2487 2100 idcirco
2513 2047 2636 2116 quia
2668 2045 2740 2099 illi
2777 2044 3159 2117 fecerunt,ego
3187 2059 3402 2118 propter
3423 2050 3526 2106 hoc

1943 2135 2084 2205 quod
2116 2136 2336 2190 auribus
2365 2138 2499 2193 meis
2539 2137 2720 2193 Romae
2750 2138 2953 2204 audivi,
2983 2138 3159 2194 facere
3176 2155 3383 2210 nequeo
3402 2143 3527 2197 abs-

1942 2241 2048 2297 que
2075 2229 2395 2298 gravissima
2423 2228 2743 2286 offensione.
2782 2229 2956 2297 Quam
3004 2232 3047 2286 si
3098 2244 3523 2300 conteumerem,

1942 2318 2128 2387 utique
2159 2327 2347 2373 contra
2374 2319 2541 2389 legem
2566 2319 2660 2375 Dei
2710 2319 2964 2378 facerem.
2998 2323 3068 2378 Ut
3095 2340 3225 2396 ergo
3273 2328 3526 2383 ostende-

1943 2423 2057 2463 rem
2088 2425 2248 2479 quam
2283 2411 2683 2466 rationabiliter
2715 2427 2959 2468 recusem
2994 2413 3175 2470 facere
3226 2417 3329 2472 hoc
3381 2417 3522 2486 quod

1943 2519 1973 2557 a
2005 2520 2092 2558 me
2114 2505 2430 2574 requiritur,
2472 2507 2768 2560 secundum
2804 2505 3018 2562 illorum
3049 2510 3521 2578 consuetudinem,

1942 2597 2155 2652 ostendi
2181 2599 2450 2668 quomodo
2479 2600 2659 2669 potius
2685 2600 2899 2657 debitor
2925 2602 3026 2658 sim
3074 2604 3427 2674 apostolicam
3469 2615 3524 2661 et

1941 2688 2362 2744 ecclesiasticam
2381 2691 2592 2746 cunctis
2617 2701 2796 2746 notam
2824 2708 3040 2748 servare
3059 2697 3521 2765 constitutionem,

1945 2784 1998 2838 in
2029 2796 2136 2852 qua
2160 2781 2243 2837 lex
2276 2781 2368 2837 Dei
2400 2783 2518 2839 sine
2569 2784 2731 2840 dubio
2761 2786 3098 2860 intelligitur,
3127 2806 3248 2844 eum
3272 2793 3338 2845 ad
3366 2792 3524 2847 Chri-

1941 2875 2134 2930 stiante
2165 2875 2440 2946 religionis
2463 2875 2860 2932 firmamentum
2891 2880 3283 2949 promulgatur,
3322 2894 3522 2940 altanto

1941 2977 2118 3022 autem
2146 2968 2384 3040 periculo
2433 2978 2833 3035 contemnatur,
2858 2976 3186 3042 supersedeo
3252 2991 3398 3032 nunc
3439 2978 3494 3033 di

1941 3073 2096 3125 cere;
2127 3060 2252 3130 quia
2309 3060 2549 3130 quotidie
2602 3059 2898 3117 Christiani
2961 3063 3055 3133 qui
3107 3066 3310 3120 habent
3362 3083 3522 3124 aures

1942 3150 2192 3206 audiendi
2224 3168 2292 3206 ex
2320 3153 2518 3208 divinis
2547 3153 2708 3208 dictis
2743 3165 2970 3226 possunt
2995 3173 3344 3229 cognoscere.
3392 3160 3521 3215 Pra-

1863 3212 1908 3275 c
1939 3257 2060 3296 vam
2105 3251 2280 3296 autem
2314 3241 2459 3297 illam
2507 3244 3011 3314 interpretationem
3058 3249 3321 3303 dictorum
3372 3265 3521 3306 meo-

1938 3351 2076 3401 rum,
2110 3335 2402 3391 secundum
2433 3354 2594 3408 quam
2631 3337 2865 3394 absurde
2915 3340 3127 3396 locutus
3180 3355 3298 3396 esse
3345 3343 3517 3412 dicor,

1936 3442 2042 3481 non
2075 3429 2222 3499 regio
2250 3429 2455 3494 sensui,
2493 3444 2596 3483 nec
2651 3437 2834 3484 vestro
2889 3430 3120 3499 imputo.
3201 3431 3316 3486 [lex
3372 3434 3518 3489 enim

1934 3519 2166 3592 benigne
2196 3521 2340 3577 sicut
2365 3521 2544 3575 audivi
2570 3521 2821 3591 primitus
2848 3521 3094 3577 chartam
3122 3532 3364 3578 nostram
3397 3541 3518 3581 sus-

1934 3613 2101 3681 cepit,
2160 3612 2256 3667 sed
2287 3621 2473 3682 postea
2502 3613 2684 3666 nescio
2710 3613 2832 3682 quis
2863 3612 3124 3667 malevola
3175 3623 3230 3668 et
3274 3630 3378 3669 non
3406 3615 3518 3671 sin-

1935 3719 2056 3760 cera
2129 3714 2310 3760 mente
2368 3721 2466 3777 per
2525 3721 2748 3776 pravam
2812 3706 3312 3777 interpretationem
3370 3708 3517 3764 illum

1935 3796 2221 3850 adversum
2273 3811 2358 3850 me
2401 3796 2713 3852 concitavit.
2767 3795 2899 3864 Quis
2941 3806 3119 3853 autem
3170 3799 3257 3853 ille
3301 3799 3389 3864 sit,
3423 3815 3518 3855 ne-

1933 3887 2077 3953 scio;
2109 3886 2205 3941 sed
2245 3887 2369 3956 quia
2419 3886 2703 3941 Dominum
2731 3901 2889 3940 suum
2934 3896 3026 3940 aut
3051 3901 3156 3940 non
3189 3887 3381 3956 diligit,
3425 3899 3517 3944 aut

1934 3978 2154 4048 diligere
2206 3979 2398 4044 nescit,
2453 3995 2560 4032 non
2599 3978 2804 4032 dubito.
2855 3977 3207 4046 Onmipotens
3245 3977 3388 4034 Deus
3438 3981 3516 4036 sic

1934 4083 2029 4122 vos
2054 4078 2109 4122 et
2137 4070 2341 4138 prolem
2399 4079 2635 4124 vestram
2683 4069 2735 4124 in
2793 4070 2953 4139 hujus
3003 4069 3120 4124 vitae
3169 4071 3348 4126 foveat
3391 4089 3517 4144 pro-

1934 4161 2301 4229 speritale,ut
2338 4162 2404 4216 ad
2437 4161 2675 4216 futuram
2722 4177 2819 4217 vos
2860 4163 3124 4232 provehat
3172 4163 3511 4222 felicitatem.

1933 4254 2123 4308 Amen.

2342 4347 2506 4420 439
2542 4347 2874 4405 EPISTOLA
2914 4349 3096 4405 XLIV.

2189 4455 2412 4496 ANSELIII
2454 4457 2520 4496 AD
2558 4458 2908 4500 GONDULPEUII
2945 4459 3258 4500 EPISCOPUI.

1857 4560 1908 4620 υ
2001 4532 2284 4588 Ausstuus
2311 4534 2770 4620 archiepiscOpus,
2795 4535 3019 4605 antiquo
3049 4544 3104 4589 et
3131 4549 3346 4605 semper
3374 4552 3513 4594 novo

1931 4617 1984 4679 et
2006 4640 2135 4680 vero
2157 4626 2353 4690 amico,
2383 4634 2439 4679 et
2463 4615 2514 4678 in
2540 4625 2649 4681 Deo
2675 4627 2891 4692 dilecto,
2917 4628 3214 4682 reverenda
3237 4627 3508 4698 episcopo,

1930 4712 2240 4781 Gonnuuo,
2271 4715 2522 4769 salutem.

2001 4806 2260 4873 Quamvis
2296 4817 2474 4862 vestra
2505 4807 2808 4862 constantia
2848 4806 2902 4860 in
2944 4795 3249 4875 bonis'quae
3279 4808 3509 4878 increpi-

1929 4898 2026 4952 stis
2089 4914 2194 4954 non
2247 4907 2404 4969 egeat
2451 4900 2751 4971 gratiarum
2799 4898 3145 4964 actionibus,
3197 4897 3512 4970 frequenter

1929 4991 2219 5044 sustentari
2253 4999 2456 5055 tamen,
2488 5005 2556 5046 ne
2601 4991 2689 5044 alii
2719 4991 2991 5044 aestiment
3032 5005 3118 5045 me
3146 5001 3380 5047 vestram
3411 4994 3509 5050 be-

1928 5081 2288 5136 nevolentiam
2318 5092 2371 5136 et
2399 5091 2634 5136 vestram
2661 5080 3101 5149 sollicitudinem,
3131 5097 3266 5153 quas
3303 5083 3358 5139 in
3386 5101 3506 5141 ma-

1928 5171 2046 5241 gnis
2071 5171 2346 5227 laboribus
2371 5187 2469 5241 pro
2498 5186 2618 5227 meo
2639 5171 2922 5226 commodo
2951 5187 3046 5228 vos
3070 5173 3272 5229 habere
3297 5183 3507 5232 certum

1927 5270 2010 5314 est
2035 5275 2141 5315 non
2173 5263 2541 5330 considerare,
2565 5271 2618 5316 et
2639 5261 2780 5316 sicut
2809 5263 2980 5319 debeo
3004 5265 3214 5336 magnis
3237 5269 3502 5336 pendere;

1928 5353 2132 5425 gratias
2167 5369 2266 5425 ago
2296 5353 2618 5409 reverentiae
2658 5362 2854 5409 vestrae
2886 5356 3050 5412 corde
3075 5365 3130 5412 et
3163 5371 3261 5412 ore
3286 5367 3340 5413 et
3369 5359 3507 5414 scri-

1927 5457 2038 5519 pto,
2069 5448 2122 5502 in
2169 5447 2420 5503 omnibus
2465 5447 2610 5502 enim
2651 5462 2771 5518 quae
2807 5448 2874 5502 ad
2916 5463 3002 5504 me
3043 5458 3099 5504 et
3149 5465 3239 5506 res
3289 5461 3507 5508 nostras

1923 5541 2216 5613 pertinent,
2252 5539 2492 5610 intelligo
2531 5555 2625 5596 vos
2657 5540 2953 5610 prudenter
2981 5548 3035 5594 et
3062 5539 3293 5607 fortiter,
3326 5557 3504 5613 quan-

1925 5643 2037 5690 tum
2068 5635 2123 5690 in
2173 5634 2324 5690 vobis
2356 5643 2474 5702 est,
2521 5643 2576 5690 et
2619 5634 2834 5690 sincera
2883 5632 3171 5688 admodum
3216 5632 3504 5688 dilectione

1922 5724 2100 5798 loqui,
2150 5726 2291 5781 sicut
2338 5734 2583 5798 oportet,
2614 5733 2671 5780 et
2701 5725 2902 5782 facere.
2936 5723 3132 5780 Certus
3180 5723 3345 5779 etiam
3381 5737 3502 5779 sum

1923 5819 2070 5888 quia,
2106 5818 2216 5875 Deo
2264 5819 2572 5891 adjuvante,
2610 5818 2846 5890 quandiu
2891 5817 3114 5884 vivetis,
3153 5824 3330 5873 vestra
3359 5817 3502 5877 bona
