3946 6306
503 453 614 512 897

995 449 1388 515 SCANSELMI
1426 455 1781 515 CANTUAR.
1824 439 2142 516 ARCHIEP.
2194 459 2346 519 OPP.
2381 463 2560 522 PARS
2596 467 2682 522 ΙΙΙ.
2721 497 2782 508 -
2843 467 3224 526 EPISTOLIE.

3771 478 3872 538 ﬁ

511 576 762 631 voluntas
787 590 914 646 erga
938 591 1020 630 me
1051 577 1194 632 sicut
1227 593 1428 650 exque
1457 577 1700 648 incoepit,
1729 592 1837 632 non
1875 575 2092 646 defecit,
2123 555 2171 616 Α
2204 579 2354 644 teris,
2388 579 2566 640 lairos.
2595 583 2756 640 altari
2794 593 3066 650 astantes,
3099 583 3512 660 eleemosynam
3565 591 3870 662 colligen-

509 666 586 722 ita
612 682 714 722 non
747 667 980 722 deficiet.
1013 667 1269 734 Queritur
1298 669 1542 724 citat-itas
1580 678 1760 724 vestra
1795 657 1942 738 quia,
1971 683 2094 740 pro-

507 767 630 832 pter
657 757 1082 828 contemptihiiia
1133 761 1300 815 verba
1347 761 1508 816 unius
1555 760 1768 822 clerici,
1803 775 1908 816 non
1959 759 2093 814 redii

506 850 562 908 it.
587 851 856 924 Angliam,
889 853 986 926 sed
1016 869 1122 907 non
1151 852 1222 922 ita
1254 861 1355 908 est.
1381 853 1566 925 Legite
1594 853 1802 908 litteras
1831 869 1966 923 quas
1989 853 2094 908 alia

439 1003 442 1006 ,
505 941 624 998 vice
660 943 876 996 domino
916 942 1083 1011 priori
1132 943 1354 998 Ernulfo
1393 945 1459 999 de
1501 945 1604 998 hac
1649 959 1708 998 re
1755 944 1910 1010 misi,
1957 958 2093 1014 quas

505 1033 762 1108 Putabam
799 1050 894 1090 vos
943 1035 1161 1090 vidisse.
1199 1035 1310 1106 lbi,
1342 1044 1400 1090 ιιι
1429 1045 1587 1106 Ρυιο»
1625 1035 1816 1108 198‘“is
1851 1035 2091 1090 Numa"

504 1111 642 1184 biles
667 1144 861 1183 causas
887 1143 1056 1198 quare
1085 1143 1184 1182 nec
1222 1129 1412 1194 debui,
1445 1145 1552 1196 nec
1572 1127 1762 1200 debeo,
1795 1128 2090 1184 secundum

505 1223 647 1294 quod
679 1237 766 1276 res
796 1237 936 1276 nunc
961 1231 1072 1282 est.
1107 1221 1283 1278 redire
1323 1222 1374 1276 in
1419 1221 1688 1290 Angliam.
1736 1221 1882 1289 Quas
1914 1231 2092 1276 tamen

507 1330 700 1370 causas
723 1313 888 1368 nolite
913 1314 1208 1384 publicare.
1237 1299 1572 1382 Responsum
1597 1316 1737 1384 quod
1763 1331 1856 1370 rex
1883 1315 2094 1369 distulit

507 1407 638 1462 mihi
673 1407 802 1460 dare
834 1406 884 1459 in
912 1405 1048 1460 festo
1078 1405 1248 1460 sancti
1279 1405 1577 1468 Michaelis,
1611 1416 1790 1461 certus
1820 1422 1937 1460 sum
1966 1406 2092 1474 quia

506 1497 755 1550 dominus
783 1497 1106 1562 Everardus,
1133 1497 1216 1550 vel
1245 1497 1436 1566 aliquis
1461 1507 1644 1551 uoster
1667 1498 1886 1554 nuntius
1915 1514 1976 1552 ea
2007 1499 2094 1564 die

505 1604 610 1642 non
644 1595 818 1654 potest
863 1589 1124 1658 accipere,
1156 1589 1282 1657 quia
1315 1603 1418 1658 non
1452 1587 1522 1641 ita
1557 1589 1704 1642 venit
1733 1589 1796 1640 ad
1828 1605 1912 1644 me
1943 1597 1997 1642 nt
2027 1591 2093 1643 ad

505 1681 650 1736 illam
683 1683 822 1736 diem
847 1682 1012 1751 possit
1039 1697 1344 1738 acetirrere.
1379 1681 1435 1736 Si
1461 1697 1590 1753 ergo
1617 1696 1714 1736 vos
1748 1697 1812 1736 ea
1837 1683 1922 1737 die
1951 1681 2093 1740 idem

505 1790 820 1843 responsum
867 1791 970 1830 non
1018 1775 1295 1840 accipitis,
1346 1787 1541 1844 precor
1589 1781 1646 1828 ut
1699 1774 1844 1828 aliud
1889 1784 2093 1844 quanto

503 1868 664 1920 citius
695 1878 747 1922 et
782 1868 1071 1922 instantius
1101 1869 1328 1938 potestis
1351 1907 1365 1932 ,
1407 1867 1727 1938 requiratis,
1758 1878 1813 1922 et
1861 1877 1917 1924 ut
1949 1869 2090 1936 regis

501 1955 696 2012 litteris
746 1959 1004 2028 scriptum
1056 1957 1430 2028 qualecunque
1486 1957 1594 2023 sit,
1643 1958 1772 2012 mihi
1821 1959 2088 2028 mittatur,

499 2051 596 2106 etsi
649 2051 852 2106 nullum
909 2067 1226 2120 responsum
1281 2051 1438 2114 dare,
1493 2060 1585 2105 aut
1623 2051 1828 2106 diutius
1874 2049 2092 2108 differre

498 2144 756 2204 voluerit,
811 2145 914 2200 hoc
960 2145 1136 2214 ipsum
1184 2143 1302 2198 sine
1350 2144 1606 2200 dilatione
1651 2145 1846 2200 vestris
1895 2145 2092 2199 litteris

501 2238 773 2292 mandate.
805 2238 872 2292 Et
904 2237 1028 2307 quia
1062 2238 1164 2291 hoc.
1192 2246 1490 2306 opportune
1519 2253 1619 2306 per
1643 2238 1919 2292 dominum
1951 2238 2088 2294 Eve-

500 2330 722 2384 rardum
751 2339 858 2384 tam
888 2329 996 2384 cito
1026 2329 1215 2398 nequit
1241 2329 1380 2393 fieri,
1407 2345 1500 2399 per
1529 2327 1820 2401 Vulgarum
1854 2332 2093 2385 servien-

504 2431 610 2476 tem
651 2431 894 2476 uostrum
927 2421 994 2476 de
1029 2421 1377 2491 Limminges,
1409 2437 1532 2478 cum
1578 2423 1760 2492 aliquo
1799 2423 1970 2487 socio,
1997 2431 2086 2477 aut

501 2517 713 2588 aliquos
741 2516 876 2572 alios
917 2517 1124 2587 pedites
1161 2518 1262 2572 hoc
1309 2515 1498 2582 facite;
1552 2531 1892 2588 nequaquam
1940 2515 2088 2571 enim

500 2608 729 2664 ulterius
759 2608 880 2664 volo
905 2609 1036 2664 dare
1080 2619 1173 2664 aut
1207 2609 1454 2680 accipere
1487 2609 1754 2676 inducias,
1789 2610 1920 2680 quin
1953 2625 2086 2664 con-

499 2701 623 2758 silio
655 2703 744 2757 Dei
793 2711 848 2758 et
895 2702 1150 2758 Ecclesiae
1179 2703 1328 2773 ejus,
1357 2704 1502 2774 quod
1540 2703 1594 2757 in
1641 2702 1732 2756 tali
1783 2719 1840 2758 re
1874 2711 2088 2775 oportet

497 2794 676 2852 facere
707 2795 976 2866 incipiam.
1005 2795 1226 2852 Confido
1250 2797 1394 2852 enim
1427 2797 1476 2850 in
1503 2796 1611 2851 Deo
1635 2795 1787 2866 cujus
1813 2807 1892 2852 est
1921 2811 2086 2855 causa

495 2887 561 2942 de
605 2903 712 2957 qua
763 2887 965 2958 agitur,
1013 2888 1140 2958 quia
1187 2889 1254 2942 ad
1299 2889 1560 2944 honorem
1607 2886 1725 2956 ejus
1763 2889 2086 2958 quandoque

499 2981 900 3045 terminabitur,
935 2997 1034 3036 nec
1073 2981 1314 3036 Ecclesia
1357 2980 1472 3048 ejus
1511 2995 1726 3050 semper
1765 2982 1906 3036 sicut
1940 2997 2085 3037 nunc

499 3072 868 3128 tribulahitur.
901 3071 1096 3127 Nescio
1142 3073 1232 3142 qui
1285 3071 1534 3126 malevoli
1578 3071 1920 3140 interpretati
1959 3080 2086 3128 sunt

495 3179 564 3220 ex
596 3164 802 3218 malitia
833 3164 1012 3218 cordis
1043 3163 1126 3218 sui
1175 3163 1388 3218 litteras
1434 3179 1569 3234 quas
1606 3164 1726 3218 misi
1761 3165 1896 3234 regi,
1927 3163 2082 3234 quasi

479 3269 596 3324 ego
636 3267 720 3308 me
753 3252 954 3320 jactem
995 3269 1213 3323 semper
1250 3269 1500 3309 servasse
1533 3254 1702 3327 legem
1737 3255 1855 3322 Dei,
1888 3267 1942 3310 et
1984 3271 2082 3326 pa-

499 3355 634 3402 trem
667 3345 785 3413 cjus
825 3355 879 3402 et
921 3347 1385 3417 archiepiscopum
1433 3347 1799 3402 Lanfrancum
1829 3347 2088 3404 criminer

407 3459 416 3466 ~
497 3437 698 3492 vixisse
725 3447 882 3493 extra
919 3439 1088 3507 legem
1129 3438 1241 3494 Dei.
1279 3440 1381 3494 Sed
1424 3449 1570 3494 certe
1613 3439 1688 3494 illi
1739 3442 1828 3510 qui
1867 3443 1970 3497 hoc
2000 3439 2085 3496 di-

497 3543 628 3586 cunt
677 3541 771 3585 aut
820 3533 980 3587 nimis
1010 3549 1254 3603 pravmn,
1309 3543 1400 3588 aut
1433 3534 1590 3589 nimis
1627 3551 1852 3606 parvum
1887 3537 2088 3592 habent

497 3624 852 3679 intellectum.
903 3625 1158 3693 Quaedam
1205 3627 1348 3681 cnim
1398 3627 1644 3683 fecerunt
1687 3645 1782 3683 suo
1843 3641 2086 3700 tempore

495 3727 652 3789 pater
678 3717 820 3786 regis
845 3726 898 3771 ct
923 3718 1366 3788 archiepiscopus
1391 3717 1730 3774 Laufrancus
1753 3719 1854 3774 viri
1879 3735 2084 3792 magnae

493 3817 550 3864 et
575 3809 835 3878 religiosa:
869 3809 1041 3877 famae,
1071 3826 1190 3880 quae
1211 3827 1312 3882 ego
1339 3827 1546 3880 nequeo
1581 3812 1758 3867 facere
1783 3815 2082 3868 secundum

433 3959 435 3962 ι
494 3901 664 3956 Deum
695 3902 796 3958 hoc
828 3911 1088 3972 tempore,
1117 3917 1292 3972 neque
1321 3903 1437 3957 sine
1469 3903 1666 3956 animae
1696 3919 1826 3956 mea:
1856 3904 2084 3958 damna-

495 3995 660 4050 tione.
697 3995 1067 4060 Benefecistis,
1095 4003 1149 4049 et
1182 4003 1394 4064 gratum
1431 3994 1560 4047 mihi
1589 4003 1688 4056 est,
1719 3995 1845 4064 quia
1893 3994 1946 4048 in
1985 4007 2080 4048 ve-

493 4089 621 4142 stris
651 4087 846 4142 litteris
877 4095 1044 4143 totam
1075 4103 1188 4144 rem
1220 4095 1406 4158 aperte
1441 4087 1580 4142 sicut
1609 4097 1732 4141 acta
1765 4096 1884 4142 erat
1915 4087 2084 4157 signi-

491 4179 718 4234 ticastis.
757 4178 1016 4233 Roberthi
1049 4179 1141 4248 qui
1176 4193 1387 4233 mecum
1418 4187 1523 4242 est,
1559 4194 1672 4234 rem
1707 4187 1760 4234 et
1795 4177 2078 4246 familiam,

489 4287 597 4325 non
632 4271 764 4324 mihi
811 4269 1006 4325 subicit
1051 4287 1192 4340 saepe
1222 4271 1376 4326 vobis
1404 4273 1834 4339 commendasse,
1861 4274 1955 4328 sed
1985 4271 2082 4328 ad-

493 4361 600 4416 huc
644 4370 863 4430 propter
915 4361 1340 4430 ma'guiludineu‘t
1387 4361 1542 4417 bonae
1581 4363 1876 4418 voluntatis
1917 4380 2081 4432 quam

490 4466 618 4522 erga
655 4449 805 4504 illum
853 4451 1046 4515 habeo,
1075 4452 1429 4516 commendo,
1461 4461 1516 4507 et
1561 4469 1752 4522 precor
1780 4463 1840 4507 ut
1866 4455 1986 4509 illas
2026 4456 2080 4511 in

487 4557 644 4615 pace,
673 4550 934 4612 quantum
983 4543 1241 4613 potestis,
1267 4545 1606 4600 custodiatis.
1638 4545 1828 4600 Saluto
1867 4556 2079 4603 vestros

2201 681 2298 738 tes,
2331 675 2638 744 sepulturas
2685 690 2739 732 et
2783 681 3026 749 quaedam
3067 681 3172 738 alia
3220 684 3286 738 ad
3319 684 3416 756 jus
3452 687 3860 742 sacerdotum

2197 765 2532 840 pertinentia
2557 768 2813 824 audacter
2840 757 3188 842 usurpantes;
3235 791 3356 846 qtue
3383 791 3526 830 cum
3587 777 3864 845 inquire-

2201 871 2309 921 res,
2342 867 2478 913 teste
2521 861 2908 918 archidiacono
2949 875 3167 932 nostro,
3197 866 3514 936 deteriora,
3569 878 3652 924 ιιι
3694 869 3856 934 dicis,

2198 961 2360 1016 quam
2391 950 2722 1018 audivisses,
2751 954 3024 1010 invenisti.
3057 954 3296 1014 Clericos
3333 975 3588 1030 quoque
3651 961 3858 1016 Eccle-

2195 1040 2399 1096 siarnm
2461 1043 2710 1100 audivisti
2763 1045 3007 1124 dicentes
3064 1063 3123 1104 se
3174 1050 3374 1120 saepius
3421 1053 3740 1122 privatim
3807 1065 3850 1106 et

2197 1133 2410 1212 publice
2443 1133 2494 1188 in
2531 1127 2738 1206 synodo
2779 1136 2842 1192 de
2889 1138 2993 1214 illis
3025 1139 3248 1216 injuriis
3275 1143 3475 1206 adme
3503 1143 3846 1200 clamorem

2197 1221 2412 1300 fecisse,
2453 1225 2658 1282 nullum
2709 1228 2974 1284 auxilium
3015 1231 3308 1304 accepisse.
3351 1231 3518 1288 Unde
3561 1235 3722 1292 dico
3761 1236 3844 1288 tisi

2197 1311 2320 1382 quia
2352 1314 2465 1370 haec
2497 1332 2794 1396 nunquam,
2843 1334 2930 1374 me
2969 1303 3214 1397 juheute.
3267 1331 3362 1380 aut
3405 1323 3708 1394 volente,
3763 1335 3844 1380 ast

2197 1407 2588 1472 consentiente,
2621 1405 2761 1462 facta
2791 1418 2932 1463 sunt.
2967 1409 3032 1464 Et
3055 1411 3100 1464 si
3125 1411 3248 1466 inde
3271 1412 3598 1484 aliquando
3639 1418 3840 1470 claniu-

2200 1511 2312 1550 rem
2349 1497 2551 1562 audivi,
2583 1499 2724 1567 quod
2762 1500 2966 1570 nescio,
2997 1517 3274 1576 nunquam
3303 1504 3426 1558 sine
3457 1509 3840 1578 correptione

2197 1602 2358 1656 quam
2397 1589 2598 1643 credidi
2633 1587 2896 1656 sufﬁcere,
2930 1593 3134 1656 dimisi.
3169 1595 3410 1666 Denique
3461 1601 3522 1654 in
3563 1599 3836 1660 Ecdesiis

2199 1678 2400 1732 nostris
2447 1679 2754 1736 nullatenus
2804 1683 2907 1738 hoc
2960 1683 3076 1738 fieri
3127 1686 3414 1754 existimo;
3479 1689 3540 1742 in
3599 1692 3832 1746 aliorum

2199 1786 2326 1824 vero
2369 1771 2627 1850 Ecclesiis
2675 1773 2718 1826 si
2763 1774 2865 1829 fuit
2909 1777 3202 1846 aliquando
3231 1819 3246 1844 ,
3293 1790 3384 1836 aut
3433 1792 3564 1849 est,
3619 1787 3828 1852 penitus

2202 1860 2414 1930 ignoro,
2449 1872 2500 1916 et
2553 1875 2814 1932 quantutn
2862 1869 2926 1921 de
2964 1883 3048 1922 uae
3089 1870 3350 1938 pertinet,
3379 1887 3496 1927 nec
3549 1874 3720 1928 volui
3749 1893 3828 1928 ua-

2199 1971 2359 2024 quam
2415 1971 2516 2011 nec
2563 1957 2704 2012 volo.
2756 1959 3099 2030 Quapropter
3135 1963 3264 2016 mihi
3311 1979 3412 2032 pro
3467 1967 3826 2024 minimum

2199 2055 2256 2098 ut
2287 2047 2354 2100 ab
2385 2047 2488 2102 illis
2517 2049 2784 2120 dijudicer
2805 2055 2894 2122 qui
2917 2054 3034 2110 haec
3056 2055 3412 2111 adinveuiuut
3439 2060 3622 2114 nullo
3651 2077 3822 2117 amore

2197 2135 2476 2204 veritatis,
2509 2138 2602 2192 sed
2641 2139 2900 2216 instinctu
2935 2143 3308 2214 malignitatis.
3341 2147 3426 2200 Ad
3489 2150 3616 2204 hoc
3649 2163 3818 2206 autem

2199 2231 2340 2298 quod
2371 2231 2507 2286 dicis
2541 2241 2590 2286 te
2628 2233 2848 2288 audisse
2893 2236 3019 2306 quia
3059 2253 3164 2292 non
3201 2253 3552 2310 magnopere
3589 2259 3734 2299 curo
3763 2245 3818 2300 ad

2196 2338 2292 2378 vos
2343 2323 2932 2402 redire,_respondeo.
2970 2331 3097 2398 quia
3148 2341 3438 2402 postquam
3503 2337 3584 2400 de
3637 2338 3814 2409 Anglia

2195 2416 2357 2478 exivi,
2400 2431 2672 2488 nunquam
2701 2419 2940 2474 intellexi
2965 2424 3237 2494 quomodo
3269 2416 3706 2484 rationabiliter
3741 2445 3814 2484 ne-

2195 2506 2310 2560 dire
2341 2523 2576 2578 possem.
2611 2509 2675 2564 Et
2697 2521 2848 2566 certe
2887 2529 3073 2568 curam
3115 2532 3146 2570 a
3183 2515 3292 2572 Deo
3322 2519 3460 2574 mihi
3511 2520 3810 2588 iniunctam
3887 2501 3890 2528 ί

2193 2613 2572 2670 contemnere,
2603 2613 2659 2660 et
2697 2605 3005 2662 dilectionis
3049 2607 3278 2663 fratrum
3309 2621 3364 2666 et
3397 2611 3668 2676 ﬁliorum
3699 2617 3810 2671 mihi

2193 2695 2618 2750 commissorum
2647 2697 2894 2754 oblivism
2925 2714 3026 2753 nec
3051 2701 3172 2756 volo
3201 2717 3302 2756 nec
3329 2703 3540 2760 debeo.
3581 2706 3738 2764 Vale.

2711 2788 3041 2846 EPISTULA
3085 2783 3266 2846 XLVI.

2275 2953 2278 2956 _
2534 2896 2761 2936 ansam
2801 2899 2868 2936 AI)
2909 2873 3213 2939 pascuum
3249 2899 3444 2950 PAPAI.

2267 2969 2490 3028 Domino
2522 2986 2576 3026 et
2621 2973 2768 3028 Patri
2803 2973 3102 3040 ΡΑδειιΑιι,
3129 2992 3344 3034 summo
3383 2981 3682 3048 pontifici,
3719 2989 3806 3040 As-

2189 3076 2416 3128 sewus,
2441 3080 2632 3120 servus
2661 3066 2918 3122 Ecclesiae
2943 3067 3358 3128 Cantuariensis
3409 3073 3678 3128 debitam
3703 3077 3806 3130 sub-

2182 3151 2480 3222 iectionem
2511 3173 2635 3212 cum
2671 3160 3024 3214 orationibus.

2268 3247 2538 3314 Meminit,
2579 3261 2638 3304 ut
2683 3261 2812 3322 puto
2863 3251 3120 3320 tnajestas
3169 3263 3346 3309 vestra
3392 3237 3654 3326 qualiter
3693 3273 3800 3314 eam

2196 3355 2296 3410 pro
2343 3339 2539 3396 dilecto
2585 3340 2756 3398 fratre
2805 3353 2993 3400 nostro
3043 3345 3332 3400 Biturieusi
3383 3331 3798 3420 archiepiscepo

2194 3449 2313 3489 sum
2361 3446 2650 3505 precatus,
2701 3445 2756 3492 et
2791 3453 2954 3507 quam
3003 3438 3234 3508 benigne
3285 3444 3599 3510 respondit.
3653 3444 3796 3499 Nune

2195 3541 2410 3596 quoque
2439 3543 2562 3582 cum
2587 3528 2742 3584 vobis
2775 3543 2832 3582 se
2883 3540 3195 3600 praesentat,
3227 3545 3294 3586 eo
3322 3547 3434 3600 quo
3462 3549 3696 3602 possunt
3727 3535 3796 3589 af-

2193 3617 2336 3672 fectu
2371 3619 2580 3688 precari
2619 3635 2914 3690 prtcsun‘to,
2961 3631 3020 3676 ut
3049 3623 3308 3692 pietatem
3345 3627 3716 3693 apostolicam
3743 3645 3792 3684 se

2193 3711 2443 3768 invenire
2469 3713 2719 3782 gaudeat.
2768 3712 3062 3783 Postquam
3091 3730 3120 3770 a
3167 3724 3347 3770 vestra
3391 3717 3628 3774 discessi
3659 3737 3790 3790 pra:-

2192 3807 2364 3860 sentia
2397 3805 2716 3862 Guillelmus
2747 3807 2958 3878 legatus
2989 3809 3132 3880 regis
3165 3808 3390 3880 Anglia},
3421 3813 3514 3879 qui
3553 3829 3644 3868 me
3669 3830 3790 3869 cono

2190 3905 2408 3950 secutus
2457 3907 2572 3962 est,
2621 3909 2912 3970 antequam
2961 3902 3206 3956 venirem
3255 3901 3608 3972 Lugdunum,
3663 3907 3786 3960 dixit

2188 3988 2320 4044 mihi
2352 4005 2416 4042 ex
2441 3999 2594 4059 parte
2620 3990 2738 4061 ejus
2769 4000 3038 4060 quatenus
3079 3993 3258 4048 taliter
3289 3993 3532 4050 facerem
3579 4007 3638 4050 ut
3675 4015 3786 4066 pos-

2189 4095 2304 4136 sem
2342 4095 2461 4134 esse
2493 4079 2545 4132 in
2578 4080 2768 4150 Anglia
2799 4081 2942 4136 sicut
2973 4081 3074 4136 fuit
3102 4093 3415 4138 anteecssor
3461 4100 3616 4140 meus
3649 4086 3784 4142 Laa-

2187 4171 2406 4228 francus
2429 4188 2550 4226 cum
2579 4183 2733 4242 patre
2762 4172 2897 4243 ejus.
2927 4175 2986 4230 in
3017 4191 3124 4245 quo
3151 4176 3395 4232 intellexi
3419 4177 3550 4247 quia
3573 4180 3784 4236 nolebat

2189 4266 2422 4322 reditum
2463 4283 2642 4324 meum
2687 4268 2741 4322 in
2779 4267 3056 4338 Angliam,
3087 4269 3190 4324 nisi
3221 4269 3340 4337 ejus
3387 4269 3552 4326 homo
3599 4271 3780 4328 tierent

2187 4367 2243 4412 et
2265 4361 2510 4427 jurarem
2538 4361 2586 4414 ei
2638 4361 2950 4416 fidelitatem
2975 4401 2990 4426 ,
3027 4372 3082 4416 et
3127 4379 3402 4420 sacraretn
3451 4379 3548 4422 eos
3591 4369 3782 4435 quibus

2185 4449 2302 4520 ipse
2337 4450 2492 4506 daret
2521 4451 2868 4506 iuvestituras
2897 4451 3290 4508 Ecclesiarum.
3317 4452 3572 4508 Mandavi
3603 4457 3780 4527 itaque

2185 4543 2298 4612 regi
2330 4545 2452 4614 quia
2479 4544 2594 4600 hat-3c
2621 4543 2801 4598 facere
2831 4559 2938 4598 non
2965 4559 3203 4614 possem,
3235 4554 3288 4598 et
3319 4546 3468 4615 quod
3511 4561 3612 4602 vos
3653 4549 3776 4602 mihi

488 4643 544 4690 et
591 4642 810 4690 nostros
849 4633 1020 4698 ﬁlios,
1053 4644 1106 4690 et
1137 4635 1304 4702 tilias,
1341 4645 1398 4691 et
1431 4639 1752 4693 nominatim
1798 4640 2074 4696 dominum
2109 4661 2156 4720 ο
2185 4636 2520 4706 praecepistis
2552 4651 2618 4690 ne
2661 4637 3126 4699 communicarent
3155 4651 3276 4692 cum
3324 4637 3430 4690 illis
3465 4637 3558 4706 qui
3605 4641 3672 4693 ab
3717 4657 3776 4696 eo

487 4726 768 4783 Ernulfum
821 4727 1163 4798 capellanum
1217 4738 1477 4784 vestrum.
1535 4730 1888 4801 Omnipotens
1936 4733 2078 4790 Deus

483 4835 582 4879 vos
617 4837 833 4895 semper
859 4831 914 4878 et
945 4823 1146 4894 ubique
1171 4823 1460 4878 custodiat.
1491 4824 1684 4881 Amen.

1011 4915 1348 4971 EPISTULA
1385 4915 1544 4972 XLV.

749 5025 970 5066 Ακςεωιι
1013 5027 1080 5065 ΔΙ)
1117 5025 1390 5067 ADRUINUH
1429 5027 1804 5069 CHARISSIIIUM.

561 5097 842 5154 Auseuus
873 5101 1334 5172 archiepiscopus,
1365 5101 1518 5157 fratri
1541 5112 1592 5157 et
1617 5103 1725 5158 tilio
1750 5103 2076 5162 charissimo

479 5189 751 5256 Annumo,
785 5191 1012 5245 salutem
1042 5201 1093 5246 et
1116 5193 1546 5249 benedictionem
1579 5193 1693 5249 Dei.

557 5282 820 5338 Dominus
851 5282 1116 5338 sollicitus
1169 5285 1238 5340 sit
1290 5286 1365 5340 tui
1421 5286 1546 5356 quia
1598 5285 1863 5343 sollicitus
1911 5303 1969 5343 es
2007 5289 2076 5346 de

479 5375 626 5430 fama
678 5387 836 5442 mea,
871 5375 1014 5430 unde
1073 5377 1169 5430 tibi
1221 5377 1424 5447 gratias
1469 5395 1590 5450 ago.
1627 5379 1768 5436 Olim
1823 5381 2073 5450 respondi

479 5469 578 5523 tibi
621 5469 688 5522 ad
739 5469 1000 5538 quosdam
1033 5467 1122 5538 qui
1173 5479 1360 5524 contra
1411 5487 1498 5526 me
1537 5472 1812 5543 garriunt,
1855 5470 2070 5538 quidam

477 5559 572 5628 qui
602 5558 808 5612 malunt
837 5559 1050 5614 mentiri
1075 5560 1142 5615 de
1169 5575 1253 5615 me
1282 5561 1420 5616 mala
1447 5563 1675 5618 dicendo
1699 5577 1862 5632 quam
1885 5575 2072 5618 verum

477 5651 678 5715 dicere,
708 5651 844 5706 bona
875 5649 920 5707 si
957 5665 1060 5722 qua
1095 5663 1226 5709 sunt
1255 5655 1306 5708 in
1351 5667 1437 5708 me
1474 5655 1720 5712 dicendo.
1756 5655 1862 5710 Sed
1895 5655 2072 5711 adhuc

475 5744 616 5814 petis
659 5741 980 5799 charitativa
1029 5745 1424 5810 sollicitudine,
1457 5755 1514 5800 ut
1557 5747 1914 5816 respondeam
1964 5747 2070 5804 illis

475 5837 568 5906 qui
593 5833 782 5910 dicunt
803 5853 876 5893 «se
913 5833 1226 5907 frequenter
1255 5839 1458 5896 vidisse
1489 5839 1541 5893 in
1571 5839 1820 5896 ecclesiis
1855 5842 1928 5898 ad
1969 5857 2064 5900 cu-

473 5941 592 5984 ram
641 5943 818 5986 meam
867 5929 1082 5999 preprie
1111 5930 1508 6000 pertinentibus
1547 5931 1784 6002 expulsis
1833 5937 2066 6008 presby-

1969 6139 2050 6152 “ﬁ”.

2184 4729 2534 4784 investituras
2563 4739 2891 4800 acceperant
2915 4746 2930 4796 ;
2958 4730 3050 4786 sed
3081 4729 3124 4784 si
3161 4729 3292 4784 mihi
3319 4728 3530 4794 liceret,
3565 4745 3776 4788 servato

2185 4822 2384 4877 ordine
2415 4837 2536 4878 meo
2559 4833 2614 4880 et
2640 4832 2816 4878 vestra
2849 4823 3179 4888 ohedientia,
3211 4823 3264 4878 in
3293 4823 3490 4893 Anglia
3529 4839 3652 4882 esse
3683 4844 3774 4898 pa-

2183 4925 2334 4968 ratus
2364 4929 2540 4970 essem
2589 4914 2696 4970 Deo
2737 4923 2788 4970 et
2827 4914 2904 4970 illi
2951 4925 3006 4972 et
3043 4914 3243 4986 populo
3293 4916 3424 4972 mihi
3461 4921 3772 4984 commisso,

2179 5005 2478 5062 secundum
2507 5021 2686 5076 meum
2712 5006 2916 5064 servire
2942 5003 3196 5071 officium,
3225 5009 3520 5078 rogavique
3540 5019 3600 5062 ut
3619 5027 3776 5083 super

2181 5094 2285 5148 hoc
2317 5094 2608 5150 voluntatis
2641 5111 2750 5150 sum
2797 5112 3112 5168 responsum
3150 5098 3282 5153 mihi
3325 5099 3606 5166 redderet;
3637 5105 3770 5174 quod

2181 5189 2424 5244 nondum
2453 5187 2602 5244 fecit.
2638 5188 2714 5242 De
2753 5189 3054 5244 redditibus
3083 5199 3264 5248 tamen
3307 5192 3648 5263 episcopatus
3683 5211 3772 5252 no-

2177 5285 2276 5340 stri
2311 5292 2600 5355 postquam
2633 5283 2800 5356 ω
2835 5281 3166 5340 Guillelmus
3199 5286 3254 5340 in
3297 5286 3548 5358 Angliam
3585 5290 3766 5357 rediit,

2179 5377 2312 5432 nihil
2343 5377 2546 5434 habere
2575 5379 2746 5449 potui.
2779 5377 3048 5448 Epistolas
3095 5395 3231 5450 quas
3267 5381 3404 5435 mihi
3441 5384 3764 5455 pracepistis

2177 5472 2292 5541 regi
2325 5483 2381 5526 et
2409 5471 2608 5540 regina:
2633 5485 2699 5526 ex
2743 5483 2924 5536 vestra
2965 5479 3124 5542 parte
3150 5473 3390 5540 mittere,
3422 5475 3546 5543 quia
3595 5475 3762 5532 Reum

2177 5563 2381 5618 dictum
2411 5576 2496 5620 est
2521 5563 2807 5619 Guillelmo
2837 5579 2932 5620 eas
2955 5579 3074 5619 mea
3099 5565 3456 5634 dispositione
3477 5582 3598 5622 esse
3621 5583 3758 5624 cont-
3785 5559 3810 5638 ξ

2173 5657 2409 5726 positas,
2459 5667 2514 5714 et
2568 5657 2693 5727 quia
2741 5657 2884 5713 idem
2931 5656 3252 5713 Guilleimus
3297 5668 3422 5729 post
3473 5659 3588 5714 illas
3635 5661 3754 5718 alias

2176 5749 2385 5818 editas,
2419 5759 2476 5806 ttt
2507 5749 2719 5818 audivi,
2751 5767 2780 5805 a
2811 5761 2994 5807 vestra
3042 5753 3336 5808 sanctitate
3382 5755 3640 5825 suscepit,
3665 5771 3752 5826 per

2167 5861 2264 5901 me
2301 5845 2462 5917 dirigi
2489 5861 2786 5918 congruum
2819 5843 2924 5902 nun
2949 5847 3236 5902 arstimavi.
3265 5847 3460 5903 Certus
3485 5843 3620 5903 enim
3641 5867 3744 5906 sum

2125 6009 2156 6020 Η
2175 5940 2300 6011 quia
2329 5939 2372 5995 si
2403 5955 2502 6010 per
2523 5956 2610 5997 me
2639 5940 3024 6012 dirigerentur,
3047 5941 3270 5998 omnino
3297 5957 3405 5998 non
3435 5942 3740 6009 viderentur.
