3946 6306
550 341 655 399 251

551 566 653 622 pro
682 566 787 605 me.
819 548 893 604 Te
923 550 1128 613 hortor,
1166 557 1217 603 te
1238 530 1458 613 moneo,
1484 530 1578 601 tibi
1605 545 1856 616 praecipio
1883 552 1941 597 ut
1968 542 2126 597 bonis

552 642 795 700 moribus
823 652 877 696 et
908 642 1149 697 scientiae
1178 640 1428 705 studeas,
1480 648 1535 692 et
1565 646 1624 691 ut
1652 637 1719 690 ad
1752 634 1975 689 meliora
2006 640 2128 702 post

551 734 779 803 gratiam
813 733 938 796 Dei,
978 740 1241 802 quantum
1274 732 1326 785 in
1353 740 1405 785 te
1427 739 1512 785 est
1534 729 1807 796 proficias,
1835 735 1891 781 et
1930 725 2005 780 ibi
2034 723 2125 779 ubi

551 842 647 891 es,
700 827 868 881 donec
918 825 1030 879 Deo
1078 826 1397 895 disponente
1452 823 1609 876 aliter
1638 821 1704 875 de
1752 830 1802 875 te
1857 818 2122 883 ordinem,

550 932 895 988 permaneas.
949 914 1270 986 Magistrum
1303 923 1451 969 tuum
1491 914 1744 967 domnum
1788 910 2123 975 Gualterum,

549 1009 615 1067 de
643 1024 751 1079 quo
785 1009 1041 1062 domuum
1073 1006 1312 1076 priorem
1358 1005 1413 1060 in
1456 1003 1651 1058 litteris
1685 1018 1821 1072 quas
1864 1001 1936 1056 illi
1970 1001 2126 1056 mitto

547 1099 771 1169 rogavi,
821 1107 875 1151 et
924 1098 1180 1151 donmum
1212 1094 1553 1150 Theodorum
1610 1095 1815 1149 socium
1869 1102 2016 1147 tuum
2058 1108 2126 1147 ex

549 1199 736 1244 nostra
790 1198 942 1258 parte
984 1188 1213 1258 benigne
1254 1188 1447 1242 saluta.
1506 1204 1525 1238 ι
1567 1186 1823 1241 Dominus
1859 1184 2127 1240 custodiat

550 1288 605 1336 te
645 1281 713 1336 ab
743 1281 887 1335 omni
920 1280 1090 1347 malo,
1122 1279 1395 1335 custodiat
1425 1279 1656 1333 animam
1689 1288 1834 1332 tuam
1866 1279 2126 1333 Dominus

549 1372 723 1444 (Psal.
756 1388 884 1427 cxx.
931 1372 1008 1443 7).
1052 1392 1070 1424 ι
1118 1371 1328 1425 Salutat
1374 1380 1425 1426 te
1470 1370 1691 1424 multum
1729 1370 1958 1424 domnus
1988 1368 2129 1421 Ead-

550 1482 733 1523 merus
766 1507 780 1530 ,
823 1467 912 1536 qui
964 1480 1091 1521 vere
1148 1467 1201 1521 in
1256 1474 1518 1534 quantum
1577 1464 1862 1535 intelligo,
1913 1463 2127 1518 sincero

550 1575 738 1615 amore
768 1558 941 1614 dilinit
969 1569 1040 1614 te.
1083 1559 1236 1614 Vale.

1082 1646 1417 1705 EPISTOLA
1456 1647 1585 1703 LIII.

695 1758 918 1798 ANSELMI
958 1758 1026 1796 AD
1062 1757 1116 1797 ϐ.
1157 1757 1460 1797 CANONICUII
1500 1756 1686 1796 SANC'I'I
1728 1755 1990 1804 QUINTINI.

620 1836 903 1890 Ausuuus
952 1850 1140 1888 servus
1185 1833 1439 1889 Ecclesiae
1483 1834 1892 1888 Cantuariensis
1930 1833 2128 1889 dilecto

547 1928 701 1984 fratri
752 1939 805 1983 et
836 1929 1010 1983 amico
1035 1928 1099 1983 G.
1132 1928 1395 1982 canonico
1439 1924 1624 1981 Sancti
1673 1910 1946 1993 Quintini,
1986 1926 2128 1981 salu-

554 2036 681 2086 tem,
715 2031 771 2075 et
803 2021 894 2075 Dei
928 2034 1142 2089 semper
1172 2019 1281 2090 regi
1313 2018 1560 2074 consilio.

621 2114 779 2167 Sicut
816 2111 1005 2175 audio,
1052 2110 1353 2165 confratres
1379 2109 1544 2164 vestri
1590 2108 1943 2162 Belvacenscs
1968 2122 2131 2162 cano-

549 2204 656 2259 nici
703 2203 949 2258 ecclesia:
990 2201 1177 2256 Sancti
1224 2200 1499 2267 Quintiui,
1544 2213 1649 2253 non
1697 2208 1896 2253 temere
1921 2199 2016 2253 sed
2059 2199 2129 2254 ob

552 2296 752 2353 tnultas
784 2294 1044 2359 rationes,
1078 2292 1331 2347 domnum
1360 2292 1421 2347 Ο.
1448 2291 1539 2362 qui
1574 2290 1731 2345 modo
1762 2300 1940 2345 vester
1964 2288 2130 2345 abbas

546 2386 761 2447 dicitur,
798 2382 987 2437 volunt
1021 2384 1088 2436 ab
1130 2383 1231 2437 hac
1259 2381 1573 2451 praelatione
1605 2394 1905 2444 removere,
1950 2387 2004 2432 et
2033 2393 2129 2433 ve-

547 2489 718 2531 stram
769 2475 1163 2529 fratcrnitatem
1216 2474 1335 2529 loco
1380 2473 1495 2541 ejus
1532 2472 1892 2538 substituere,
1941 2470 2032 2526 sed
2064 2470 2130 2524 ti-

550 2579 703 2624 ment
758 2584 826 2623 ue
871 2580 1051 2624 vestra
1105 2568 1294 2639 religio
1357 2576 1574 2638 propter
1632 2582 1870 2621 amorem
1931 2566 2129 2636 quietis

549 2676 712 2729 quam
768 2675 911 2713 nunc
960 2659 1212 2724 habetis,
1264 2674 1367 2714 non
1420 2657 1548 2712 velit
1596 2658 1882 2713 intentioni
1938 2672 2127 2714 eorum

547 2751 707 2805 facile
737 2751 1067 2806 consentire.
1108 2750 1373 2818 Quoniam
1401 2765 1533 2823 ergo
1577 2752 1755 2805 sciunt
1797 2766 1891 2806 vos
1937 2752 2130 2806 buma-

551 2844 772 2899 nitatem
823 2859 999 2898 meam
1038 2843 1291 2916 diligere;
1339 2852 1394 2898 et
1434 2854 1659 2913 sperant
1706 2859 1802 2897 vos
1842 2842 1962 2913 plus
2006 2857 2129 2897 meo

554 2951 713 3004 quam
747 2937 1104 3004 quorumdam
1135 2934 1360 2990 consilio
1392 2936 1635 2999 credere,
1665 2944 1859 3005 rogant
1886 2949 1972 2988 me
1999 2932 2131 3002 quid

556 3028 681 3080 inde
711 3028 965 3090 sentiam,
1002 3034 1199 3080 vestrae
1236 3026 1487 3081 charitati
1519 3024 1826 3079 ostendere.
1867 3023 2059 3093 Utique
2082 3024 2130 3079 si

557 3119 612 3173 in
659 3133 889 3188 corpore
937 3118 1139 3173 Christi
1202 3119 1432 3175 invicem
1485 3133 1673 3173 sumus
1727 3116 1865 3171 alter
1908 3116 2130 3171 alterius

552 3210 795 3265 membra
823 3253 836 3275 ,
890 3217 946 3263 et
998 3209 1235 3263 maxime
1274 3210 1329 3263 in
1366 3224 1471 3263 una
1528 3209 1897 3280 religiosarum
1942 3223 2131 3278 perso-

556 3317 749 3357 narum
779 3300 1053 3366 Ecclesia;
1093 3302 1183 3370 qui
1214 3316 1317 3355 non
1349 3301 1624 3372 permittat
1662 3316 1762 3355 nec
1782 3300 1897 3354 vult
1928 3309 1987 3355 ut
2027 3300 2132 3355 aha

551 3395 796 3449 metubra
822 3403 878 3448 et
909 3401 1077 3447 totum
1102 3408 1297 3463 corpus
1324 3408 1382 3448 se
1412 3400 1634 3448 utantur
1661 3402 1717 3445 ut
1742 3407 1842 3446 suo
1866 3393 2131 3457 membro,

551 3503 657 3542 non
696 3487 853 3541 video
894 3486 1164 3555 quomodo
1191 3485 1358 3555 possit
1386 3498 1447 3540 se
1473 3485 1704 3554 probare
1732 3484 2031 3539 membrum
2072 3484 2135 3538 il-

556 3578 661 3634 lius
700 3578 968 3648 corporis,
1011 3586 1065 3631 et
1103 3580 1151 3631 si
1184 3591 1379 3647 corpus
1404 3576 1534 3630 illud
1573 3585 1658 3631 est
1685 3592 1882 3647 corpus
1905 3575 2131 3631 Christi.

551 3673 837 3740 Quomodo
872 3685 931 3725 se
960 3669 1213 3725 ostendat
1260 3684 1381 3723 esse
1431 3666 1733 3723 membrum
1772 3666 1995 3721 Christi.
2040 3667 2137 3722 Est

551 3777 606 3821 et
637 3765 806 3831 aliud,
861 3764 987 3834 quia
1031 3777 1213 3827 nemo,
1270 3762 1313 3816 si
1354 3769 1500 3816 recte
1529 3775 1587 3815 se
1636 3768 1857 3824 tractat,
1903 3759 2003 3814 sibi
2033 3757 2136 3813 soli

556 3862 673 3916 vult
723 3861 938 3924 vivere;
996 3858 1092 3913 sed
1122 3857 1263 3912 sicut
1292 3853 1567 3910 desiderat
1595 3860 1650 3908 et
1696 3853 1868 3907 credit
1919 3850 2043 3922 quia
2090 3850 2134 3905 si

556 3956 861 4011 membrum
896 3952 990 4007 Dei
1016 3958 1121 4016 est,
1159 3948 1342 4005 omnia
1380 3944 1663 4003 commoda
1697 3943 1922 3999 aliorum
1968 3956 2137 3997 mem-

554 4052 775 4105 brorum
806 4061 904 4102 sua
932 4052 1093 4099 erunt
1140 4042 1192 4098 in
1221 4041 1400 4097 futura
1428 4041 1561 4108 vita,
1598 4040 1671 4094 ita
1707 4040 1869 4094 debet
1912 4036 2047 4092 velle
2079 4044 2139 4091 ut

552 4142 599 4196 si
639 4140 769 4209 quid
800 4138 928 4193 boni
963 4146 1044 4191 est
1085 4136 1138 4190 in
1168 4150 1246 4200 se,
1279 4133 1512 4189 aliorum
1550 4132 1622 4187 sit
1648 4132 1701 4186 in
1730 4129 1981 4201 prmnti
2006 4130 2135 4183 vita.

553 4230 792 4286 Consule
849 4229 1052 4297 igitur,
1105 4234 1365 4294 quantum
1422 4226 1474 4278 in
1528 4239 1615 4277 me
1662 4231 1778 4287 est,
1816 4233 1871 4276 et
1923 4235 2138 4291 precor,

1105 337 1163 393 S.
1196 335 1496 393 ANSELMI
1534 330 1883 390 CANTUAR.
1915 329 2235 388 ARCHIEP.
2272 330 2423 388 OPP.
2449 330 2632 389 PARS
2656 331 2745 387 III.
2774 359 2846 373 -—-
2882 329 3263 390 EPISTOLE.

553 466 611 515 et
649 472 836 513 curam
880 470 976 526 pro
1018 464 1102 520 te,
1141 456 1266 525 quia
1318 456 1430 525 ipsa
1469 461 1659 509 natura
1697 451 1986 522 persuadet
2030 448 2123 504 tibi
2154 449 2200 506 A
2225 464 2389 519 quam
2422 448 2489 504 de
2534 463 2699 520 regno
2730 458 2944 504 terreno
2971 449 3036 503 ad
3062 464 3286 520 regnum
3326 455 3555 505 caeleste
3592 452 3835 519 provehi
3868 456 3873 457 '

2159 1798 2209 1860 B

2159 3164 2201 3222 C

3722 333 3830 389 232

2227 539 2497 595 desidero.
2546 538 2681 595 Cum
2729 536 2889 593 audio
2929 538 3131 609 aliquid
3175 538 3241 594 de
3307 539 3463 595 vobis
3514 541 3678 611 quod
3728 542 3836 597 Deo

2226 647 2332 688 non
2380 632 2573 703 placet;
2605 642 2664 687 et
2700 632 2853 688 vobis
2898 647 3004 687 non
3051 633 3311 703 expedit,
3361 634 3406 687 si
3445 648 3545 688 vos
3605 648 3835 690 monere

2226 724 2461 795 negligo,
2513 738 2613 779 nec
2667 724 2835 778 Deum
2895 724 3101 791 timeo,
3154 738 3255 779 nec
3308 739 3405 779 vos
3457 724 3640 793 diligo
3699 726 3836 781 sicut

2228 814 2418 871 debeo.
2450 814 2745 886 Postquam
2778 816 2919 871 exivi
2952 818 3018 872 de.
3046 817 3271 887 Anglia,
3320 817 3485 872 didici
3536 819 3690 888 quia
3744 818 3837 875 Ec-

2227 907 2423 963 clesias
2469 924 2592 979 qua:
2641 909 2694 962 in
2728 924 2890 963 manu
2942 918 3123 964 vestra
3178 916 3307 963 sunt
3353 908 3516 962 aliter
3578 913 3837 965 tractatis

2227 1016 2387 1071 quam
2421 1000 2525 1056 illis
2566 1001 2819 1073 expediat
2860 1010 2917 1056 et
2947 1001 3145 1056 animae
3176 1011 3388 1057 vestrae.
3432 1001 3606 1067 Quod
3658 1004 3836 1057 dicere

2228 1109 2371 1148 nunc
2426 1094 2550 1149 nolo
2604 1093 2839 1165 qualiter
2887 1095 3084 1160 facitis,
3138 1095 3432 1150 secundum
3491 1096 3661 1165 quod
3712 1099 3834 1152 mihi

2229 1184 2457 1240 relatum
2503 1194 2608 1251 est,
2660 1187 2784 1257 quia
2831 1186 2964 1241 nulli
2998 1185 3192 1240 melius
3218 1202 3381 1255 quam
3423 1187 3597 1241 vobis
3653 1200 3832 1242 notum

2226 1286 2328 1329 est.
2382 1275 2583 1330 Precor
2613 1277 2774 1346 igitur
2802 1286 2861 1330 ut
2917 1277 3211 1341 dominam,
3245 1277 3472 1331 consulo
3504 1287 3568 1332 ut
3610 1280 3833 1349 reginae,

2228 1386 2421 1426 moneo
2449 1381 2507 1425 ut
2543 1371 2729 1437 filiam,
2760 1373 2903 1442 quod
2946 1373 3108 1428 etiam
3160 1372 3288 1429 olim
3318 1373 3443 1439 feci,
3477 1384 3544 1429 ut
3572 1376 3833 1432 Ecclesia

2229 1460 2322 1516 Dei
2348 1479 2467 1532 qua:
2506 1471 2631 1517 sunt
2660 1463 2712 1518 in
2744 1472 2919 1519 vestra
2955 1473 3223 1534 potestate
3268 1479 3362 1520 vos
3394 1478 3765 1536 cognoscant
3789 1477 3833 1520 ut

2228 1563 2483 1623 matrem,
2517 1565 2575 1610 ut
2608 1556 2897 1624 nutricem,
2931 1566 2990 1612 ut
3026 1556 3313 1629 benignam
3341 1559 3645 1615 dominam
3683 1572 3742 1617 et
3766 1579 3835 1617 re-

2228 1648 2430 1719 ginam.
2464 1647 2531 1702 Et
2561 1666 2665 1703 non
2696 1650 2869 1705 solum
2911 1652 2976 1705 de
3018 1649 3123 1705 illis
3167 1653 3267 1706 hoc
3298 1652 3443 1715 dico.
3482 1654 3592 1708 sed
3627 1655 3707 1709 de
3730 1674 3832 1710 om-
3912 1658 3913 1661 “

2234 1741 2391 1794 nibus
2439 1740 2695 1796 Ecclesiis
2737 1741 2943 1813 Anglia!
2986 1744 3053 1797 ad
3115 1759 3252 1814 quas
3301 1754 3558 1801 vestrum
3622 1751 3832 1805 extendi

2234 1839 2412 1902 potest
2448 1832 2728 1886 auxilium.
2762 1832 2863 1899 Qui
2904 1833 3048 1887 enim
3093 1835 3222 1889 dicit
3259 1836 3386 1906 quia
3439 1843 3831 1912 unusquiqu

2232 1926 2457 1994 recipiet
2508 1933 2667 1994 prout
2710 1926 2876 1994 gessit
2925 1926 2978 1979 in
3019 1941 3247 1995 corpore
3299 1929 3416 1983 sive
3473 1929 3711 1986 bonum
3742 1936 3832 1988 site

2230 2018 2428 2071 malum
2467 2016 2552 2088 (II
2584 2016 2708 2072 Cor.
2742 2033 2799 2080 v.
2850 2017 2960 2088 10).
3018 2018 3218 2073 nullam
3265 2021 3469 2090 excipit
3517 2040 3831 2092 personam.

2228 2108 2428 2164 Iterum
2473 2123 2601 2180 rogo
2639 2117 2694 2163 et
2731 2108 2951 2163 consqu
2986 2120 3042 2165 et
3092 2126 3306 2174 moneo,
3339 2111 3581 2167 domina
3636 2125 3700 2169 et
3750 2117 3831 2170 tilia

2232 2202 2570 2265 charissima,
2606 2210 2663 2255 ut
2708 2202 2824 2257 hmc
2853 2218 2960 2257 non
3000 2203 3336 2274 negligenter
3370 2216 3573 2261 mente
3624 2219 3831 2277 pertra-

2232 2293 2414 2359 ctelis,
2447 2302 2503 2348 et
2540 2293 2587 2347 si
2636 2292 2765 2362 quid
2822 2295 2976 2350 vobis
3023 2296 3357 2351 conscientia
3406 2307 3612 2352 vestra
3674 2301 3734 2354 iu
3772 2302 3833 2355 his

2232 2384 2612 2455 corrigendum
2652 2384 2963 2449 testabitur,
2999 2387 3275 2457 corrigere
3324 2386 3623 2444 festinetis
3654 2430 3674 2454 ,
3721 2408 3832 2461 qua-

2232 2485 2391 2531 tenus
2422 2476 2488 2530 de
2517 2474 2703 2552 futuro
2726 2476 2893 2530 Deum
2938 2488 3196 2546 quantum
3232 2479 3383 2534 vobis
3425 2494 3533 2548 per
3563 2480 3701 2549 ejus
3732 2498 3833 2552 gr»

2233 2567 2364 2621 tiam
2395 2568 2653 2637 possibile
2686 2551 2773 2623 est
2821 2583 2925 2623 non
2954 2567 3273 2633 offendatis,
3324 2578 3379 2624 et
3427 2570 3499 2623 de
3555 2551 3831 2640 praeterito

2232 2659 2276 2713 si
2305 2660 2632 2729 cognoscitis
2657 2674 2753 2714 vos
2799 2660 3112 2729 deliquisse,
3147 2660 3469 2730 placabilem
3502 2678 3649 2717 eum
3700 2666 3831 2718 vobis

2235 2752 2498 2806 reddatis.
2544 2750 2660 2807 Non
2692 2752 2835 2806 enim
2873 2751 3034 2807 alicui
3085 2751 3277 2808 sutiicit
3308 2768 3409 2825 pro
3436 2764 3608 2811 certo
3635 2772 3673 2810 a
3710 2757 3831 2810 malo

2231 2841 2512 2907 desistere,
2554 2842 2656 2896 nisi
2699 2852 2869 2907 curet,
2907 2843 2954 2897 si
2984 2853 3160 2913 potest
3189 2859 3286 2914 pro
3320 2845 3657 2902 commissis
3691 2850 3831 2903 satis-

2231 2932 2429 2988 facere.
2462 2933 2817 3004 Omnipotens
2870 2933 3011 2990 Deus
3038 2936 3119 2990 sic
3146 2950 3242 2990 vos
3274 2950 3493 3007 semper
3525 2938 3766 3008 dirigat,
3791 2949 3832 2992 ut
3910 2984 3913 2993 ,

2233 3023 2387 3079 vobis
2411 3023 2580 3077 vitam
2604 3036 2862 3079 mternam
2894 3025 3179 3080 retribuat.

2774 3137 3107 3195 EPISTOLA
3140 3138 3255 3195 LV.

2290 3248 2520 3288 ANSELIH
2559 3248 2625 3288 AD
2661 3248 2893 3290 PRIOREI
2940 3248 3010 3288 ΕΤ
3049 3246 3288 3288 FRATRES
3326 3246 3611 3289 περιίδω
3664 3252 3789 3291 CAN-

2918 3320 3153 3360 TUARI£.

2304 3396 2589 3452 AussLuus
2628 3396 3098 3468 archiepiscopus,
3145 3398 3346 3453 domno
3376 3397 3584 3467 priori,
3640 3409 3703 3454 et
3738 3402 3833 3454 fra-

2239 3488 2414 3543 tribus
2448 3488 2502 3542 in
2538 3488 2780 3543 Ecclesia
2826 3485 3027 3543 Christi
3072 3487 3381 3542 Cantuaria:
3434 3489 3542 3542 sub
3599 3504 3671 3543 eo
3715 3507 3831 3545 coo-

2235 3581 2602 3647 versantibus,
2652 3580 2907 3647 salutem,
2948 3590 3005 3634 et
3044 3578 3475 3635 benedictionem
3534 3595 3570 3634 a
3618 3580 3741 3637 Deo
3785 3590 3832 3635 et

2237 3682 2584 3743 peccatorum
2616 3672 3032 3727 absolutionem.

2309 3762 2511 3829 Quaerit
2552 3771 2729 3816 vestra
2762 3762 3080 3817 fraternitas
3121 3777 3151 3816 a
3192 3776 3279 3817 me
3306 3761 3603 3818 consilium
3633 3765 3711 3820 de
3746 3780 3831 3821 sua

2239 3854 2612 3921 tribulatione,
2646 3863 2703 3909 et
2739 3855 3061 3910 nominatim
3098 3855 3165 3910 de
3194 3855 3459 3926 pecuniae,
3485 3871 3617 3925 qua:
3646 3873 3683 3911 a
3720 3874 3836 3928 rege

2238 3945 2394 4000 vobis
2442 3946 2520 4010 ﬁt,
2560 3946 2863 4001 exactione.
2907 3944 3015 4001 Vos
3065 3946 3218 4001 scitis
3268 3947 3543 4016 quomodo
3593 3948 3723 4019 ipse
3764 3964 3838 4005 me

2239 4036 2495 4106 spoliavit
2536 4038 2696 4092 rebus
2725 4037 3246 4108 archiepiscOpatus.
3298 4036 3631 4095 Nullatenus
3679 4042 3839 4113 igitur

2238 4146 2338 4203 per
2362 4146 2447 4185 me
2474 4131 2675 4201 aliquid
2704 4132 2923 4186 habebit
2944 4132 3009 4187 de
3034 4140 3143 4186 tota
3177 4131 3402 4201 pecunia
3435 4134 3610 4187 totius
3658 4138 3841 4192 arcbio

2240 4224 2602 4294 episcopatus,
2629 4222 2733 4277 nisi
2766 4224 2919 4294 prius
2944 4238 3030 4278 me
3054 4223 3316 4278 canonice
3342 4224 3684 4293 revestierit,
3702 4238 3762 4281 et
3786 4244 3837 4282 ea

554 4323 725 4379 frater
756 4328 811 4374 et
839 4332 1015 4373 amice
1037 4330 1376 4379 cnarrssrme,
1406 4324 1466 4369 ut
1500 4315 1545 4368 si
1575 4323 1687 4368 tota
1712 4322 1893 4367 vestra
1923 4324 2143 4379 congre-
2242 4328 2361 4384 quae
2391 4311 2613 4367 abstulit
2651 4313 2781 4367 mihi
2825 4311 3141 4377 reddiderit,
3178 4328 3353 4382 neque
3388 4327 3485 4368 vos
3514 4327 3734 4383 sponte
3770 4318 3835 4371 illi

558 4414 705 4487 gatio
742 4411 827 4465 vel
869 4408 1058 4465 melior
1086 4421 1233 4477 pars,
1286 4404 1513 4460 consilio
1559 4404 1978 4459 reverendorum
2023 4403 2140 4472 epi-

2245 4403 2364 4457 sine
2394 4417 2513 4458 mea
2542 4403 2786 4473 jussione
2811 4402 3092 4472 pecuniam
3122 4403 3255 4458 dare
3282 4404 3508 4458 debetis.
3548 4404 3609 4460 Si
3655 4417 3840 4462 autem

559 4520 847 4578 scoparum
906 4500 1255 4558 Carnotensis
1318 4507 1374 4553 et
1432 4496 1755 4551 Parisiensis
1812 4495 1903 4565 qui
1955 4494 2365 4596 PatresDipse
2405 4506 2498 4549 aut
2528 4496 2723 4550 timore
2767 4510 2834 4550 ne
2860 4494 3011 4549 vobis
3040 4495 3193 4566 pejus
3218 4494 3405 4563 faciat,
3436 4505 3529 4549 aut
3580 4497 3700 4553 ulla
3754 4516 3841 4556 ne-

560 4599 728 4655 vestri
776 4595 1001 4651 fuerunt
1029 4601 1084 4647 et
1109 4605 1205 4646 vos
1235 4588 1573 4650 nutrierunt,
1614 4600 1712 4641 vos
1741 4586 2003 4641 inStanter
2028 4584 2141 4640 ele-

562 4694 699 4767 gerit
727 4692 794 4747 ad
825 4692 929 4746 hoc
957 4688 1099 4759 quod
1131 4699 1293 4755 supra
1327 4683 1460 4747 dixi,
1494 4697 1563 4736 ne
1600 4681 1822 4736 omnino
1867 4678 2145 4751 refugiatis

564 4801 739 4856 neque
788 4776 1201 4851 impersuabiles
1236 4772 1503 4827 existatis.
1551 4770 1747 4827 Utilius
1797 4769 1940 4825 enim
1993 4769 2145 4825 vobis

563 4891 683 4932 esse
712 4873 965 4930 existimo
1010 4869 1056 4924 si
1087 4864 1327 4935 quietem
1363 4860 1835 4930 contemplationis
1861 4875 1958 4930 per
2002 4875 2147 4916 amo-

566 4984 682 5025 rem
739 4964 972 5019 servatis
1020 4960 1074 5014 in
1126 4966 1327 5020 mente,
1379 4964 1435 5010 et
1479 4954 1839 5009 obedientiam
1890 4953 2146 5007 fraternae

566 5056 849 5116 charitatis
878 5054 933 5107 iu
960 5065 1123 5121 Opere
1162 5063 1327 5118 quam
1360 5047 1406 5102 si
1437 5046 1608 5102 solam
1639 5044 2146 5114 contemplationem

567 5151 794 5205 aliorum
833 5141 1229 5201 contemnendo
1280 5154 1468 5210 preces
1519 5148 1576 5194 et
1633 5138 1924 5193 utilitatem
1971 5137 2149 5194 velitis

569 5241 786 5310 eligere.
820 5235 1029 5293 Valete.

1108 5326 1443 5384 EPISTOLA
1480 5326 1615 5382 LIV.

714 5441 937 5481 ANSELII
979 5442 1047 5480 AD
1085 5437 1398 5478 IATHILDEM
1437 5436 1669 5477 REGINAI
1710 5432 2013 5474 ΛΝϐῐιΟΒυκ.

644 5517 915 5573 Μλτηιιιυι
961 5515 1210 5586 gloriosa:
1258 5514 1457 5584 regina:
1506 5510 1833 5582 Anglorum,
1872 5510 2152 5563 ANSELIUS

576 5610 1017 5682 archiepiscopus
1068 5607 1377 5665 Cantuarios
1406 5647 1421 5670 ,
1463 5606 1896 5661 benedictionem
1939 5602 2031 5656 Dei
2099 5610 2154 5657 et

574 5707 731 5762 ﬁdele
758 5704 1040 5761 servitium
1073 5718 1193 5758 cum
1222 5699 1579 5755 orationibus.

648 5798 915 5863 Breviter,
939 5794 1033 5853 sed
1072 5805 1139 5846 ex
1177 5790 1341 5846 corde
1386 5793 1598 5864 loquar,
1628 5792 1766 5847 sicut
1806 5790 1880 5847 illi
1912 5802 2155 5861 personae

2247 4586 2503 4642 cessitate
2533 4602 2631 4641 vos
2667 4600 2786 4641 eam
2826 4586 2960 4640 dare
2990 4589 3258 4658 coegerit,
3306 4588 3513 4658 pariter
3563 4598 3622 4642 et
3675 4592 3753 4646 de

2246 4695 2366 4750 qua:
2394 4680 2633 4747 abstulit,
2668 4689 2722 4735 et
2752 4680 2817 4734 de
2843 4680 2910 4734 iis
2938 4694 3058 4749 quae
3096 4678 3309 4735 auferet
3356 4679 3486 4734 mihi
3528 4680 3625 4735 vel
3665 4684 3842 4746 vobis.

2246 4770 2373 4839 quia
2412 4778 2591 4824 vestra
2624 4785 2743 4824 mea
2784 4778 2937 4832 sunt,
2984 4770 3050 4823 ad
3082 4770 3249 4824 Deum
3298 4769 3550 4824 clamabo
3599 4782 3661 4826 et
3703 4774 3846 4844 judia

2248 4864 2392 4920 cium
2425 4862 2541 4929 ejus
2572 4862 2860 4917 invocabo.
2893 4860 3010 4917 Non
3042 4876 3139 4916 vos
3170 4862 3333 4917 nimis
3380 4871 3631 4918 terreant
3667 4880 3845 4935 neque

2247 4953 2565 5024 perturbent
2597 4960 2891 5021 przesentes
2915 4949 3312 5016 tribulationes,
3336 4951 3461 5020 quia
3490 4950 3679 5007 ﬁdelis
3705 4953 3845 5009 Deus

2250 5047 2340 5116 qui
2378 5061 2484 5100 non
2517 5046 2755 5115 patietur
2786 5059 2885 5099 vos
2930 5044 3127 5098 tentari
3161 5059 3323 5113 supra
3353 5059 3516 5113 quam
3547 5042 3713 5101 ferre
3762 5063 3845 5117 po-

2251 5136 2406 5192 testis
2441 5135 2492 5207 (I
2520 5134 2645 5189 Cor.
2678 5149 2735 5199 x,
2777 5133 2890 5204 15).
2926 5152 2945 5186 ι
2984 5132 3381 5189 Confortamini
3421 5133 3475 5187 in
3514 5133 3765 5191 Domino
3802 5145 3847 5189 et

2252 5230 2307 5284 in
2358 5229 2596 5299 potentia
2640 5227 2861 5282 virtutis
2908 5227 3025 5298 ejus
3051 5226 3272 5299 (Epltes.
3322 5244 3405 5293 vt,
3446 5227 3532 5283 10.
3576 5247 3598 5280 θ
3653 5230 3844 5286 Finem

2251 5319 2403 5376 dabit
2426 5320 2564 5374 Deus
2592 5319 2679 5374 his
2711 5318 2885 5383 malis,
2909 5319 3001 5389 qui
3034 5335 3141 5375 non
3169 5319 3505 5390 derelinquit
3544 5333 3846 5389 sperantes

2253 5412 2309 5467 in
2340 5427 2415 5467 se.
2453 5411 2692 5466 Domnus
2715 5409 3057 5467 Baldewinus
3116 5410 3286 5465 Roma
3332 5410 3548 5466 rediens
3604 5411 3718 5467 hoc
3772 5429 3847 5467 re-

2256 5503 2376 5559 tulit
2410 5518 2439 5557 a
2477 5502 2695 5557 domino
2726 5517 2884 5573 papa,
2914 5501 3041 5570 quia
3091 5501 3142 5554 in
3177 5501 3407 5556 concilio
3436 5502 3581 5570 quod
3630 5502 3684 5556 in
3731 5520 3848 5574 pro-

2255 5598 2399 5652 xima
2440 5594 2867 5665 Quadragesitna
2898 5594 3274 5649 celebraturus
3301 5604 3387 5649 est
3425 5594 3493 5649 de
3524 5605 3725 5649 nostro
3764 5613 3847 5650 ne-

2256 5690 2404 5762 gotio
2449 5688 2611 5744 faciet
2645 5688 2791 5758 quod
2834 5687 2902 5742 ab
2930 5687 3173 5759 ejusdem
3199 5687 3415 5745 concilii
3446 5687 3683 5757 accipiet
3717 5704 3844 5743 con-

2258 5785 2408 5854 silio;
2450 5793 2505 5843 et
2537 5784 2643 5839 hoc
2683 5785 2860 5859 ipsum
2923 5784 3034 5858 regi
3073 5783 3370 5839 mandavit.
3412 5782 3621 5865 Precor
3656 5800 3762 5841 vos
3790 5792 3840 5843 ut

3904 3096 3911 3123 ἓ

3906 3152 3911 3169 1
