3946 6306
57 407 184 464 935

1410 392 1535 446 LIB.
1578 390 1667 456 IV,
1702 387 1915 443 EPIST.
1944 386 2054 441 LX.

3255 386 3359 441 256

66 517 310 575 faciatis
356 517 487 572 mihi
521 512 683 569 scri'ai
709 511 902 565 librum
936 508 1039 562 Cur
1067 505 1231 579 M2
1267 504 1404 558 Deus
1432 507 1609 569 homo,
1632 511 1679 555 et
1715 490 1752 544 Α
1786 509 2000 553 nostros
2027 513 2163 568 quos
2195 514 2288 569 per
2326 516 2409 553 me
2441 499 2580 555 Deus
2621 507 2814 554 vestrae
2860 499 3138 554 mandavit
3180 514 3362 568 curae,

65 610 142 661 de
172 618 440 677 conceptu
456 602 719 676 virginali.
744 601 795 655 in
825 615 930 653 uno
962 597 1252 659 volumine,
1293 592 1417 663 quia
1451 590 1569 647 volo
1590 604 1685 644 eos

71 700 327 753 mittere
357 696 577 751 domino
606 708 775 764 papae,
804 699 859 744 et
892 703 1088 759 precor
1110 694 1168 740 ut
1194 683 1315 738 talis
1340 697 1434 737 eos
1461 681 1683 741 scribat,

76 790 182 860 qui
234 799 433 861 aperte
483 796 535 841 et
587 786 839 840 distincte
881 780 1106 835 scribat.
1166 775 1373 831 Valete.
1425 772 1489 827 Et
1524 785 1686 840 quam

79 883 268 939 citius
319 888 622 952 opportune
675 873 959 947 poteritis,
1022 873 1138 925 haec
1196 867 1394 932 facite,
1453 872 1509 920 et
1557 862 1687 916 mibi

86 975 329 1030 mittite.

658 1054 992 1112 EPISTOLA
1029 1050 1159 1106 I.VI.

232 1168 528 1210 κιτιιιιυις
567 1164 808 1205 ΜΑΒΩΙΒᾸΞ
847 1163 915 1201 ΔΙ)
953 1158 1257 1199 PASCIIALEI
1295 1156 1334 1196 II
1375 1154 1567 1195 ΡΑΡΛἎΙ.

171 1242 542 1299 Sanctissimo
598 1249 653 1294 et
706 1236 997 1293 venerabili
1060 1237 1113 1288 in
1165 1233 1383 1287 Christo
1432 1227 1576 1283 Patri
1632 1239 1698 1280 ac

90 1333 330 1387 domino
372 1331 636 1385 Pascusu
661 1371 676 1396 ,
723 1328 911 1399 prima:
937 1326 1082 1380 sedis
1110 1322 1361 1389 antistiti,
1395 1319 1696 1374 MnnILms

92 1405 375 1486 marcisa,
402 1423 495 1477 Dei
529 1420 701 1490 gratia
722 1461 736 1485 ,
763 1418 807 1473 si
833 1418 961 1488 quid
991 1425 1097 1480 est,
1129 1424 1237 1469 tam
1263 1413 1503 1468 debitum
1535 1424 1695 1481 quam

94 1514 272 1569 fidele
308 1514 474 1567 totius
501 1510 851 1580 subjectionis
882 1508 1225 1577 obsequium.

177 1605 332 1660 Inter
353 1604 467 1675 ,alia
494 1618 561 1657 ex
592 1602 790 1671 quibus
814 1600 1193 1670 paternitatem
1229 1605 1464 1651 vestram
1510 1607 1699 1665 rogare

93 1695 515 1765 prmsutnimus,
543 1704 649 1747 etc.
686 1690 818 1745 Vide
844 1692 980 1745 inter
1017 1688 1263 1760 epistolas
1307 1684 1581 1739 Paschalis
1614 1683 1695 1748 Il,

90 1790 184 1844 ad
210 1805 338 1845 ann.
374 1787 530 1841 ms.
567 1856 575 1863 Ι

646 1892 979 1950 EPISTOLA
1018 1889 1173 1945 LVII.

380 2004 607 2045 ANSELII
645 2004 713 2041 AD
750 2000 1024 2040 IIAIIIONEI
1064 1996 1446 2037 νιεεεοκιτειι.

191 2084 481 2138 Aasrzuws
536 2079 1013 2149 archiepiscopus,
1070 2074 1303 2129 llamom
1357 2070 1660 2127 vicecomiti

112 2178 309 2232 amico
347 2190 477 2240 suo,
515 2173 743 2228 salutem
773 2181 826 2225 et
861 2169 1313 2225 benedictionem.

190 2264 335 2322 Olim
390 2263 644 2318 mandavi
696 2260 851 2315 vobis
880 2269 934 2315 et
964 2266 1215 2329 precatus
1246 2272 1364 2311 sum
1395 2255 1537 2311 sicut
1570 2254 1705 2308 ami-

114 2373 249 2411 cum
298 2353 507 2409 fidelem
553 2367 731 2407 meum
780 2363 837 2405 et
879 2350 1132 2404 Ecclesia:
1166 2356 1403 2411 nostra},
1440 2354 1705 2416 quatenus

117 2454 429 2501 mercatura
455 2443 597 2513 quod
625 2443 691 2497 de
715 2452 856 2496 terra
885 2449 1067 2495 nostra
1094 2438 1416 2499 mutavistis,
1447 2437 1520 2491 ita
1544 2437 1702 2491 resti-

122 2538 356 2593 tueretis
385 2537 525 2591 sicut
562 2545 680 2590 erat
704 2534 919 2603 quando
955 2534 1020 2588 de
1050 2531 1241 2601 Anglia
1272 2529 1450 2593 exivi;
1483 2538 1539 2583 et
1577 2529 1709 2584 telo-

125 2644 289 2684 neum
321 2628 463 2698 quod
495 2626 783 2696 accepistis
822 2626 874 2678 iu
910 2623 1195 2679 Fordwick
1229 2623 1296 2678 de
1327 2621 1527 2676 nostris
1551 2621 1711 2676 rebus

129 2719 267 2772 mihi
318 2718 639 2781 redderetis,
668 2716 792 2786 quia
841 2730 1103 2784 nusquam
1154 2714 1207 2768 in
1256 2721 1364 2767 tota
1400 2712 1587 2782 Anglia
1626 2726 1711 2766 res

132 2813 334 2858 nostra;
366 2804 658 2857 Dominica:
695 2803 893 2856 debent
937 2799 1218 2868 subjacere
1257 2800 1561 2869 hujusmodi
1620 2814 1715 2853 ea-

125 2898 459 2962 actionibus,
512 2907 570 2952 et
608 2880 843 2951 maxime
890 2895 1033 2949 inter
1062 2895 1340 2966 propriam
1396 2895 1712 2965 parochiam

125 2990 625 3059 archiepiscopatus
663 2989 835 3042 nostri
871 3004 883 3038 :
918 2998 972 3040 et
996 2986 1174 3041 adhuc
1221 2986 1361 3040 sicut
1390 2985 1549 3040 aud-io
1584 2999 1717 3039 neu-

127 3092 273 3137 trum
306 3082 526 3138 fecistis.
559 3081 786 3151 Insuper
822 3087 1109 3150 postquam
1156 3094 1241 3134 res
1282 3087 1481 3133 nostra:
1517 3079 1716 3148 quietae

1786 592 1928 645 sicut
1969 591 2120 645 scitis
2148 600 2398 661 oportere
2434 600 2485 644 et
2509 592 2575 645 ad
2606 607 2691 646 me
2741 591 3031 661 pertinere,
3066 592 3155 661 pio
3196 599 3250 645 et
3275 591 3371 647 be;

1792 682 1954 752 niguo
1987 680 2180 736 affectu
2228 680 2480 745 salutate,
2519 690 2571 736 et
2623 681 2919 737 secundum
2962 681 3281 751 sapientiam
3334 698 3364 735 a

1791 775 1899 827 Deo
1928 773 2081 827 vobis
2112 772 2293 826 datam
2318 771 2669 825 consolnmiui
2701 781 2754 827 et
2792 772 3113 827 confortate.
3146 772 3213 828 Et
3242 773 3365 841 quia

1791 879 1897 917 non
1937 864 2035 933 ipsi
2072 871 2197 917 sunt
2241 863 2399 932 primi
2438 862 2581 915 servi
2620 862 2734 926 Dei,
2782 879 2882 917 nec
2919 864 3018 917 soli
3060 879 3159 919 nec
3193 863 3367 917 ultimi

1791 951 1927 1025 q'uos
1960 954 2141 1008 mundi
2189 953 2462 1007 tribulatio
2494 953 2722 1022 premit;
2764 963 2823 1006 ut
2864 953 3110 1024 exemplo
3141 954 3369 1008 aliorum

1793 1047 2111 1118 patientiam
2162 1046 2564 1115 amplectantur
2596 1044 2909 1115 frequenter
2936 1046 3197 1101 intimate.
3233 1045 3375 1100 Ado-

1796 1138 2125 1193 lescentibus
2155 1145 2211 1190 et
2242 1136 2539 1190 infantibus
2582 1136 2841 1205 singulis,
2878 1135 3219 1191 familiariter
3245 1135 3376 1190 alie-

1795 1242 1946 1288 ctum
1972 1232 2278 1287 dilectionis
2311 1246 2462 1297 mem,
2488 1247 2647 1301 quam
2675 1232 2779 1287 illis
2801 1231 3038 1287 solebam
3065 1230 3372 1296 ostendere,

1796 1334 1850 1379 et
1882 1339 2045 1394 quam
2099 1323 2274 1377 adhuc
2323 1338 2504 1385 servo,
2542 1321 2947 1387 commendate;
2996 1330 3055 1375 ut
3108 1335 3378 1376 memores

1798 1417 1910 1471 sint
1958 1414 2271 1469 monitionis
2314 1430 2447 1468 mem
2471 1454 2485 1477 ,
2520 1413 2857 1467 obsecrando
2886 1412 3119 1466 dulciter
3168 1423 3375 1482 rogate.

1800 1504 1984 1561 Latori
2022 1506 2397 1572 jirmseritiurn,
2426 1504 2552 1573 quia
2586 1519 2727 1574 smpe
2770 1512 2826 1558 et
2854 1504 3080 1559 multum
3112 1519 3208 1575 pro
3238 1504 3382 1575 lega—

1802 1598 2042 1653 tionibus
2080 1597 2285 1651 nostris
2328 1596 2623 1659 laboravit,
2675 1594 3027 1651 heuefacietis
3059 1597 3102 1651 si
3144 1611 3378 1667 pauper-

1803 1696 1966 1742 tatem
1990 1686 2107 1756 ejus
2129 1686 2522 1757 aliquantulum
2545 1686 2733 1741 saltem
2751 1686 2816 1740 de
2845 1688 3116 1743 veteribus
3141 1688 3383 1743 vestibus

1802 1778 2177 1849 mitigaveritis
2198 1819 2211 1844 ,
2240 1786 2332 1833 aut
2359 1777 2461 1831 alio
2484 1776 2664 1846 aliquo
2696 1778 2872 1832 modo.
2896 1776 3105 1834 Valete.

2339 1889 2679 1946 EPISTOLA
2715 1889 2852 1944 LIX.

2053 1998 2282 2038 ANSELMI
2322 1999 2389 2037 AD
2427 1997 2768 2038 ρυιιιεικωι
2806 1996 3137 2036 εΛιιγειιωι.

1872 2075 2159 2130 ANSELIUS
2203 2074 2675 2144 archiepiscopus,
2714 2071 3031 2128 GUILLELno
3069 2071 3388 2138 CALVBLLO,

1804 2167 2037 2221 salutem
2069 2176 2122 2222 et
2157 2166 2611 2221 benedictionem.

1874 2261 2065 2315 Adhuc
2096 2267 2150 2314 te
2178 2259 2356 2314 saluto
2386 2259 2527 2314 sicut
2584 2259 2820 2314 amicum
2871 2268 2926 2314 et
2962 2258 3129 2313 filium
3154 2300 3171 2326 ,
3217 2259 3391 2314 donec

1806 2367 2131 2421 cognoscam
2164 2368 2231 2406 an
2277 2352 2347 2407 sit
2379 2366 2514 2421 pura
2541 2358 2597 2406 et
2629 2351 2841 2406 sincera
2873 2350 3109 2405 amicitia
3162 2360 3274 2414 tua,
3320 2366 3391 2406 an

1809 2461 1937 2499 non.
1969 2445 2244 2500 Hactenus
2265 2446 2413 2501 enim
2448 2446 2527 2502 sic
2564 2453 2617 2500 te
2654 2445 2890 2501 habuisti
2919 2461 3046 2515 erga
3093 2445 3392 2501 Ecclesiam

1809 2534 2055 2590 nostram
2092 2543 2148 2590 et
2194 2552 2303 2600 me,
2336 2547 2394 2589 ut
2422 2536 2655 2607 gratiam
2705 2535 2797 2589 Dei
2849 2535 2975 2590 inde
3014 2536 3211 2589 mereri
3244 2536 3395 2591 vide-

1812 2625 1979 2689 reris,
2031 2633 2087 2679 et
2136 2633 2380 2679 nostram
2430 2624 2727 2679 amicitiam
2780 2625 3035 2679 haberes.
3087 2623 3193 2679 Sed
3252 2641 3397 2680 nunc

1812 2716 1976 2772 audio
2001 2717 2127 2787 quia
2157 2726 2457 2771 mercatum
2485 2726 2729 2770 nostrum
2758 2716 2823 2770 de
2841 2727 2984 2771 terra
3011 2726 3192 2771 nostra
3219 2726 3393 2773 trans-

1817 2805 2006 2869 tulisti,
2064 2815 2118 2860 et
2144 2806 2275 2861 mihi
2302 2816 2358 2861 et
2380 2806 2636 2860 Ecclesia:
2662 2806 2862 2861 Christi
2893 2807 3051 2861 matri
3081 2816 3185 2862 tua:
3208 2810 3397 2865 abstu-

1816 2899 1947 2953 listi.
1978 2897 2168 2955 Omnia
2198 2898 2440 2968 ejusdem
2472 2897 2729 2954 Ecclesia:
2775 2909 2932 2965 sunt;
2977 2910 3031 2955 et
3060 2917 3179 2970 qua:
3212 2901 3398 2957 Eccle-

1818 2990 1913 3043 sia:
1946 2998 2095 3053 sunt,
2125 3004 2242 3043 mea
2275 2998 2420 3043 sunt.
2453 2988 2644 3043 Moneo
2676 2987 2839 3059 igitur
2868 2998 2919 3043 te
2944 2999 2998 3043 et
3029 3005 3223 3060 precor
3261 2991 3401 3046 sicut

1819 3080 2026 3134 amicus
2079 3080 2311 3133 amicum
2340 3120 2355 3144 ,
2405 3087 2460 3134 et
2510 3080 2651 3133 sicut
2697 3080 2980 3149 cpisc0pus
3030 3079 3399 3134 Christianum

128 3173 432 3228 debuerunt
457 3188 576 3227 esse
603 3187 775 3241 usque
797 3170 863 3224 ad
892 3171 1121 3225 reditum
1155 3185 1333 3223 meum
1358 3184 1423 3223 ex
1446 3179 1716 3239 prtecepto
1744 3176 1787 3239 (ζ
1822 3169 2022 3235 lilium,
2065 3179 2337 3239 quatenus
2370 3171 2635 3225 restituas
2669 3179 2828 3224 terrm
2860 3179 3061 3224 nostra:
3104 3182 3401 3225 mercatum

130 3265 279 3334 regis
307 3305 321 3328 ,
372 3264 616 3317 homines
662 3262 826 3316 vestri
877 3260 1155 3332 fregerunt
1192 3261 1410 3315 domum
1467 3271 1709 3315 nostram

130 3356 190 3407 in
221 3353 494 3418 Saudwik,
527 3363 578 3408 et
613 3354 792 3423 pisces
819 3363 1034 3406 nostros
1064 3352 1325 3406 violenter
1350 3351 1713 3419 abstulerunt,

127 3456 191 3502 ct
233 3447 285 3500 in
327 3446 552 3501 civitate
580 3444 875 3500 Cantuaria
913 3443 1072 3497 aliam
1116 3445 1334 3498 domum
1383 3453 1622 3497 nostram
1658 3444 1711 3497 in

130 3547 282 3592 terra
308 3547 493 3592 nostra
524 3535 827 3607 fregerunt,
863 3542 917 3589 et
943 3533 1084 3604 quod
1118 3534 1262 3587 intus
1289 3542 1407 3586 erat
1433 3533 1714 3587 abstraxe-

130 3638 281 3682 runt.
326 3628 473 3700 Rogo
517 3627 681 3698 igitur
724 3641 845 3694 vos,
876 3625 1018 3681 sicut
1045 3625 1279 3679 amicum
1316 3623 1368 3677 in
1411 3639 1518 3692 quo
1544 3623 1715 3678 debeo

128 3718 428 3781 confidere,
470 3729 528 3773 ut
566 3727 621 3774 et
649 3727 834 3772 nostra
877 3733 996 3787 quae
1036 3718 1177 3772 sicut
1206 3716 1315 3770 dixi
1379 3716 1557 3769 ablata
1591 3725 1717 3771 sunt

131 3811 271 3867 mihi
320 3811 655 3878 restituatis,
704 3820 760 3864 et
814 3825 882 3864 ne
931 3826 1017 3865 me
1070 3808 1251 3865 facere
1302 3808 1594 3862 clamorem
1647 3807 1713 3862 ad

132 3900 302 3958 alium
336 3904 561 3975 cogatis.
614 3904 729 3959 Non
783 3904 959 3961 solum
1006 3903 1153 3958 enim
1199 3900 1330 3956 mihi
1375 3908 1429 3955 et
1460 3898 1717 3955 Ecclesia:

131 4004 339 4051 nostra:
365 4012 431 4053 ex
462 4006 637 4052 vestra
668 4006 824 4067 parte
854 3995 1065 4065 injuria:
1095 4010 1200 4049 non
1237 3992 1437 4048 debent
1462 3991 1713 4056 evenire,

135 4087 237 4142 sed
283 4089 447 4141 etiam
482 4088 699 4142 aliunde
742 4088 1025 4142 venientes
1063 4086 1205 4142 sicut
1242 4082 1416 4148 scitis,
1457 4096 1580 4137 cum
1626 4095 1718 4151 po.

135 4176 313 4245 testis,
354 4179 563 4233 debetis
600 4179 878 4250 repellere.
906 4178 1113 4234 Valete.

654 4287 987 4345 EPISTULA
1026 4286 1204 4343 LVIII.

454 4396 679 4436 ANSELII
719 4396 788 4436 AD
822 4396 1104 4436 ERNULFUU
1144 4394 1399 4435 PRIOREI.

162 4460 165 4461 ν
214 4474 494 4529 Anssuus
548 4472 987 4542 archiepiscopus
1038 4471 1356 4527 Revereudo
1417 4470 1603 4536 fratri,
1666 4478 1721 4525 et

1817 3276 2000 3327 Suum,
2035 3264 2177 3317 sicut
2203 3269 2324 3316 erat
2353 3261 2570 3330 quando
2597 3260 2665 3314 de
2692 3260 2884 3331 Anglia
2913 3262 3081 3326 exivi,
3113 3260 3157 3315 si
3189 3276 3293 3315 non
3320 3262 3402 3318 vis

1819 3354 1954 3409 iram
1988 3354 2081 3408 Dei
2115 3354 2425 3418 incurrere;
2475 3361 2530 3407 et
2569 3352 2862 3406 amicitiam
2897 3367 3095 3433 meam,
3144 3362 3201 3406 et
3237 3354 3401 3408 totius

1817 3448 2095 3515 Ecclesiae,
2124 3462 2287 3518 quam
2320 3445 2581 3501 hat-tenus
2612 3444 2850 3500 habuisti
2879 3446 3147 3515 perdere;
3181 3454 3239 3501 et
3262 3462 3399 3517 gra-

1818 3540 2052 3594 vissimae
2093 3536 2677 3602 excommunicationi,
2730 3551 2854 3591 cum
2902 3537 2984 3591 his
3022 3552 3253 3607 quorum
3296 3538 3401 3592 hoc

1818 3630 1933 3698 agis
1961 3628 2188 3684 consilio
2227 3638 2282 3685 et
2310 3626 2538 3692 auxilio,
2567 3625 2868 3695 subjacere.
2896 3624 3044 3680 Vale.
3083 3626 3149 3681 Et
3177 3628 3400 3682 consulo

1820 3721 2043 3793 utquod
2081 3720 2175 3776 tibi
2198 3719 2511 3775 amabiliter
2540 3719 2767 3785 mando,
2829 3719 3191 3774 amicabiliter
3236 3718 3402 3776 facias

1817 3825 1874 3866 et
1901 3814 2018 3867 sine
2043 3811 2625 3867 exeommunicatione.

2277 3900 2439 3975 (.43
2463 3898 2791 3956 EPISTOLA
2826 3897 2941 3954 Lx.

2003 4007 2227 4049 Αμεεωιι
2266 4006 2333 4046 AD
2370 4005 2711 4047 ςυιιιεωιωι
2758 4004 3204 4047 Διιοιιιυιλςοκωι.

1890 4086 2173 4141 Axsscuus
2184 4083 2643 4155 archiepiscopus,
2658 4081 2976 4138 ϐυιιιιωιο
2994 4082 3399 4149 archidiacono,

1820 4174 2047 4231 salutem
2071 4184 2127 4229 et
2151 4173 2598 4229 benedictionem.

1892 4268 2041 4326 Bona
2076 4282 2196 4339 quae
2224 4266 2403 4323 facitis
2426 4280 2550 4322 auio
2577 4275 2634 4322 et
2679 4265 2872 4333 laudo';
2920 4264 2965 4323 si
3004 4265 3132 4337 quid
3156 4282 3287 4325 vero
3308 4278 3405 4327 ves

1825 4376 1985 4433 agere
2014 4360 2176 4415 audio
2213 4360 2356 4428 quod
2396 4375 2495 4415 vos
2524 4374 2631 4416 non
2656 4357 2866 4425 deceat,
2895 4358 2997 4416 hoc
3040 4360 3196 4417 vobis
3225 4372 3407 4419 tacere

1824 4466 1933 4507 non
1970 4451 2158 4506 debeo.
2190 4448 2327 4506 Puto
2371 4452 2497 4522 quia
2542 4450 2867 4506 meministis
2909 4466 3071 4521 quam
3111 4467 3331 4523 gravem
3352 4464 3410 4511 et

144 4581 306 4635 snpra
342 4564 633 4619 dilectione
673 4567 907 4619 amando
930 4602 949 4631 ,
986 4565 1188 4620 domno
1226 4563 1392 4634 priori
1433 4564 1712 4626 Ens'ucro.

1821 4559 1985 4614 quam
2018 4543 2320 4600 districtam
2347 4558 2572 4599 causam
2615 4543 2744 4598 olim
2784 4542 2929 4600 inter
2961 4558 3048 4599 me
3069 4552 3126 4599 et
3153 4560 3250 4600 vos
3278 4561 3406 4601 con-

144 4657 371 4712 salutem
418 4665 474 4712 et
519 4655 951 4712 benedictionem
996 4655 1115 4722 Dei,
1160 4664 1216 4710 et
1252 4666 1722 4725 suamquantum

147 4757 337 4821 potest.

220 4836 447 4891 Miseriis
476 4846 531 4891 et
560 4835 1003 4891 tribulationibus
1042 4849 1147 4889 non
1173 4848 1347 4889 somni
1375 4832 1592 4898 vestris,
1630 4831 1723 4888 sed

152 4936 207 4985 et
236 4928 394 4983 totius
425 4927 654 4997 Anglire,
686 4943 823 4997 quas
874 4924 1017 4981 fama
1066 4926 1285 4981 volante
1330 4925 1513 4980 multis
1551 4926 1727 4980 modis

152 5035 432 5092 cognosco,
465 5036 642 5075 meum
673 5029 758 5075 est
793 5018 1090 5075 secundum
1123 5026 1442 5088 praesentem
1487 5018 1723 5073 divinam

154 5111 551 5182 dispositionem
576 5110 747 5165 solum
768 5109 1029 5179 compati,
1046 5117 1099 5163 et
1122 5107 1288 5164 solius
1308 5108 1400 5163 Dei
1418 5116 1504 5163 est
1525 5108 1727 5163 subve-

157 5204 285 5260 nire.
319 5203 393 5259 De
424 5204 507 5259 his
538 5219 660 5273 qua:
694 5218 823 5273 erga
873 5218 957 5257 me
1001 5210 1162 5269 sunt,
1186 5218 1291 5256 non
1323 5202 1465 5255 aliud
1494 5203 1558 5256 ad
1590 5217 1729 5271 prte-

157 5311 275 5350 seus
300 5296 449 5350 vobis
479 5310 697 5365 possum
729 5294 972 5348 scribere
1003 5309 1164 5363 quam
1194 5293 1337 5362 quod
1366 5309 1460 5363 per
1483 5292 1725 5349 Odonem

157 5389 576 5445 Loudouiensem
595 5387 746 5443 vobis
771 5386 1044 5450 mandavi,
1064 5394 1118 5439 et
1148 5386 1288 5455 quod
1310 5384 1461 5438 latori
1488 5399 1727 5455 praesen-

162 5480 287 5536 tium
336 5484 456 5534 viva
502 5495 637 5535 voce
695 5477 1043 5533 referendum
1093 5477 1294 5531 dimisi.
1337 5475 1533 5530 Malum
1584 5476 1728 5545 quod

160 5572 467 5629 Guiltelmus
510 5571 641 5626 facit
689 5571 755 5625 de
796 5568 1114 5635 Einesford,
1165 5578 1347 5623 certus
1385 5584 1503 5622 sum
1532 5568 1655 5637 quia
1683 5567 1729 5622 si

164 5665 270 5736 ipse
299 5679 400 5719 non
444 5662 672 5726 faceret,
707 5660 776 5715 ab
800 5661 907 5715 alio
944 5661 1118 5722 fieret,
1148 5671 1203 5715 et
1234 5660 1461 5715 forsitan
1489 5662 1729 5729 gravius.

165 5754 490 5825 Exemplaria
532 5752 881 5823 epistolarum
918 5767 1055 5821 quas
1094 5750 1213 5806 misi
1249 5750 1353 5823 (de
1384 5751 1468 5807 his
1498 5762 1730 5821 ijtiatuor

168 5830 283 5901 mihi
318 5845 563 5901 notitiam
597 5842 793 5897 litteris
833 5840 1065 5915 fecistis)
1092 5843 1246 5899 vobis
1283 5842 1457 5899 mitto.
1506 5841 1728 5899 Fratres

392 5955 668 6017 PA‘I'IOL.
699 5948 924 6015 CLIX.

1824 4638 2005 4692 stituit
2037 4637 2377 4691 familiaritas
2420 4648 2476 4691 et
2520 4637 2863 4692 conversatio
2905 4634 3047 4691 Petri
3079 4646 3135 4692 et
3162 4635 3409 4691 Salomo-

1823 4731 1929 4797 nis,
1971 4745 2132 4799 quam
2180 4729 2459 4785 vobiscum
2498 4729 2826 4791 habuerunt,
2867 4738 3151 4798 postquam
3193 4728 3323 4781 mibi
3353 4737 3410 4782 et

1824 4822 2084 4877 Ecclesia:
2117 4832 2336 4888 nostrm,
2365 4830 2626 4890 quantum
2660 4821 2712 4874 in
2757 4821 2887 4889 ipsis
2931 4820 3047 4882 fuit,
3074 4819 3253 4874 conati
3282 4828 3410 4874 sunt

1826 4913 2009 4969 facere
2031 4913 2414 4969 contumeliam
2460 4922 2515 4967 et
2543 4914 2919 4981 ignominiam,
2945 4912 3030 4965 cui
3063 4927 3245 4980 parem
3276 4929 3412 4967 nun-

1825 5019 1989 5074 quam
2022 5003 2091 5058 ab
2120 5002 2337 5057 homine
2365 5001 2471 5055 ullo
2505 5002 2883 5056 sustinuimus.
2918 4999 3067 5055 Nunc
3102 5002 3286 5071 utique
3315 5019 3414 5058 au-

1827 5096 1918 5149 dio
1945 5096 2070 5164 quia
2100 5093 2151 5147 in
2184 5095 2342 5147 domo
2386 5102 2567 5146 vestra
2607 5090 2950 5146 familiariter
2979 5090 3254 5145 vobiscum
3284 5108 3413 5148 con.

1827 5196 2117 5242 versantur
2140 5194 2195 5239 et
2236 5186 2431 5242 vestris
2457 5184 2732 5239 beneﬁciis
2761 5182 2996 5252 aluntur,
3033 5185 3122 5253 qui
3153 5185 3314 5240 veluti
3346 5188 3412 5239 de

1827 5277 2064 5333 eﬂicacia
2092 5292 2202 5333 sum
2226 5276 2518 5332 voluntatis
2551 5274 2886 5329 exsultantes
2926 5288 2980 5332 et
3024 5276 3198 5333 eidem
3228 5276 3412 5332 Eccle-

1830 5372 1924 5427 sia:
1950 5368 2289 5433 insultantes,
2316 5369 2433 5436 ejus
2464 5368 2773 5435 aspectibus
2803 5381 2860 5421 se
2884 5367 3126 5437 quotidie
3152 5366 3217 5420 de
3253 5370 3412 5419 domo
3442 5385 3449 5392 ·

1831 5475 2011 5519 vestra
2036 5464 2287 5535 ingerunt
2309 5461 2373 5514 ad
2397 5460 2961 5515 commemorationem
2994 5459 3151 5514 illane
3180 5458 3410 5526 injurire.

1830 5555 1984 5624 Quod
2031 5556 2191 5627 quale
2240 5564 2295 5608 et
2338 5551 2570 5622 qualiter
2617 5553 2947 5621 pensandum
2998 5552 3088 5615 sit,
3129 5552 3413 5620 prudentia

1832 5658 2008 5703 vestra
2056 5661 2161 5700 non
2198 5643 2372 5699 solum
2408 5656 2502 5714 per
2531 5659 2588 5698 se
2628 5657 2975 5714 cognoscere,
3026 5641 3120 5696 sed
3150 5641 3313 5695 etiam
3343 5655 3411 5694 ex

1832 5737 2143 5825 sppradicta
2203 5750 2390 5802 causa,
2443 5749 2565 5806 quae
2623 5734 2764 5790 inter
2813 5748 2899 5788 me
2949 5742 3005 5789 et
3058 5747 3155 5787 vos
3209 5730 3327 5794 fuit,
3357 5740 3413 5785 et

1833 5822 2008 5890 adhuc
2040 5831 2243 5903 scripta
2269 5830 2410 5902 apud
2440 5843 2538 5885 vos
2573 5836 2843 5895 servatur,
2876 5834 3054 5895 potest
3078 5822 3406 5892 conjectare.

2930 5939 2970 6003 8
