3946 6306
497 327 613 388 235.

501 443 642 518 Quid
693 447 872 496 autem
929 433 1053 489 inde

502 516 762 606 pientiam
793 537 1027 586 vestram
1053 517 1341 580 consulite.
1366 515 1576 571 Valete.

905 689 916 702 ..
1029 635 1367 706 ‘EPISTOLA
1408 631 1543 688 LXI.

774 750 998 793 ANSELJII
1037 749 1104 788 AD
1145 739 1466 786 GUNDULFUM
1504 733 1816 776 Ειηεοοιδωι.

572 835 855 888 Aasswus
903 823 1366 895 archiepiscopus,
1405 829 1533 871 vero
1563 811 1738 868 amico
1787 802 2084 862 reverenda

502 926 758 997 episcOpo
780 922 1093 984 Guxoucro,
1126 913 1378 970 salutem.

574 1018 650 1073 De
683 992 749 1071 iis
772 1030 894 1085 qua:
921 1025 1047 1081 erga
1079 1021 1166 1062 me
1197 1012 1324 1061 sunt
1367 1015 1474 1056 non
1533 993 1678 1051 aliud
1728 992 1795 1048 ad
1840 1003 2084 1062 przesens

501 1123 727 1183 possum
752 1083 994 1176 scribere
1020 1115 1182 1171 quam
1209 1095 1351 1168 quod
1375 1109 1470 1165 per
1489 1090 1729 1148 Odonem
1747 1083 2088 1140 Londonien-

506 1178 622 1260 sem
641 1178 975 1258 reverentiae
1006 1203 1200 1250 vestra:
1218 1187 1488 1252 mandavi,
1517 1194 1570 1241 et
1591 1183 1733 1254 quod
1764 1178 1919 1234 latori
1949 1190 2088 1247 prae-

505 1295 740 1351 sentium
800 1292 922 1346 viva
991 1301 1126 1343 voce
1195 1280 1541 1339 referendum
1600 1271 1864 1330 intimavi.
1911 1267 2088 1325 Audio

506 1391 650 1460 quod
676 1385 995 1442 Guillelmus
1016 1380 1160 1434 filius
1190 1374 1402 1432 Rodulfi
1434 1370 1601 1442 exigit
1623 1384 1652 1422 a
1671 1366 1872 1460 priore
1888 1365 2088 1418 domno

505 1455 733 1536 Ernulfo
765 1488 1036 1538 nummos,
1074 1483 1212 1538 quos
1256 1461 1555 1536 presbyteri
1605 1457 1782 1515 solent
1834 1455 1975 1510 dare
2024 1466 2090 1506 eo

508 1581 756 1640 tempore
804 1581 911 1636 quo
961 1562 1200 1618 chrisma
1246 1556 1534 1625 accipiunt,
1559 1552 1684 1622 quia
1708 1550 1820 1620 jam
1868 1543 2087 1617 expensi

511 1633 640 1718 sunt
669 1660 720 1713 in
751 1633 885 1727 opus
938 1648 1274 1713 monasterii,
1326 1654 1385 1701 et
1435 1659 1530 1700 eos
1577 1641 1684 1720 qui?
1719 1639 1896 1694 adhuc
1932 1633 2089 1691 dandi

512 1760 656 1816 sunt,
689 1726 1128 1816 nisicOgnoverit
1156 1754 1242 1793 me
1265 1751 1359 1792 eos
1387 1735 1447 1789 in
1471 1734 1575 1788 hoc
1603 1745 1740 1802 opus
1769 1726 2088 1784 concedere.

515 1845 664 1900 Sciat
710 1841 873 1912 igitur
920 1836 1185 1892 sanctitas
1216 1839 1401 1886 vestra
1428 1835 1484 1882 et
1534 1825 1601 1880 de
1627 1825 1732 1878 hoc
1761 1820 1924 1877 dicite
1946 1816 2094 1873 Guil-

509 1934 669 1990 ielmo
699 1910 846 2002 quia,
874 1935 1132 1998 quantum
1172 1922 1224 1976 in
1268 1935 1357 1975 me
1383 1927 1490 1983 est,
1533 1924 1589 1970 et
1619 1915 1717 1970 hos
1749 1910 2010 1976 concedo,
2045 1918 2098 1963 et

511 2027 556 2082 si
589 2027 708 2096 plus
740 2037 954 2094 possem
985 2003 1362 2074 concederem.
1393 2011 1644 2067 Relatum
1698 2007 1829 2063 mihi
1861 2013 1946 2062 est
1973 2005 2096 2074 quia

512 2095 831 2176 Guillelmus
871 2111 1140 2169 Calvellus
1182 2114 1482 2162 mercatum
1507 2103 1572 2158 de
1605 2112 1751 2157 terra
1779 2107 1985 2162 nostra,
2010 2095 2100 2151 ubi

513 2212 650 2268 solet
691 2223 834 2272 esse,
883 2201 1180 2274 transtulit,
1227 2207 1282 2254 et
1321 2196 1452 2252 mihi
1499 2204 1555 2249 et
1594 2193 1850 2249 Ecclesia:
1903 2196 2100 2245 nostrae

516 2296 768 2358 abstulit.
797 2297 951 2356 Unde
983 2295 1131 2350 illum
1180 2289 1363 2344 monui
1396 2296 1457 2342 ut
1501 2285 1646 2357 quod
1672 2283 1814 2340 male
1841 2283 1950 2354 egit
1989 2281 2104 2336 sine

518 2391 782 2448 dilatione
810 2378 1070 2454 corrigat,
1098 2399 1194 2456 per
1222 2380 1531 2454 epistolam,
1563 2391 1725 2448 quam
1750 2375 1916 2444 petite
1944 2372 2012 2428 ab
2038 2386 2103 2427 eo

517 2495 581 2541 ut
606 2483 760 2538 vobis
786 2479 1052 2535 ostendat.
1086 2477 1161 2532 De
1191 2490 1297 2546 qua
1332 2487 1389 2528 re
1419 2469 1616 2526 mando
1643 2475 1702 2522 ut
1729 2464 2105 2521 vicecomitem

519 2593 590 2633 ex
621 2582 805 2629 nostra
835 2578 988 2643 parte
1006 2584 1129 2624 cum
1153 2581 1322 2624 uxore
1351 2578 1447 2621 sua
1473 2561 1581 2616 filia
1613 2569 1796 2615 nostra
1823 2555 2106 2633 salutando

521 2664 882 2730 conveniatis,
924 2671 1110 2732 atque,
1151 2674 1218 2714 ne
1273 2658 1414 2712 hanc
1467 2653 1623 2710 nobis
1669 2650 1920 2720 injuriam
1967 2647 2107 2714 fieri,

523 2761 667 2816 sicut
693 2759 748 2814 in
795 2757 885 2812 illo
917 2755 1186 2811 conlidere
1221 2751 1504 2815 debemus,
1525 2745 1829 2818 permittat,
1870 2741 2110 2814 rogando

523 2848 811 2906 moneatis.
836 2845 1093 2915 Quamvis
1137 2842 1282 2899 enim
1331 2840 1398 2895 ad
1441 2852 1679 2910 praesens
1717 2833 1953 2890 violenta
1977 2832 2112 2887 mihi

522 2936 939 3009 ﬁatiitjnstitia,
996 2949 1104 2989 non
1159 2943 1340 2988 tamen
1376 2927 1582 2998 judicio
1635 2925 1730 2980 Dei
1764 2939 1905 2990 mea,
1951 2937 2112 2992 quam

523 3031 641 3102 ipse
671 3029 961 3099 aliquando
1002 3025 1268 3094 requiret,
1301 3021 1445 3092 perit
1473 3017 1702 3090 iustitia.
1732 3016 1946 3073 Moncte
1983 3029 2116 3085 quo-

525 3137 630 3191 que
661 3135 785 3176 eum
810 3128 871 3174 ut
901 3117 1086 3172 audiat
1125 3115 1337 3170 litteras
1365 3125 1500 3181 quas
1529 3110 1594 3165 de
1633 3108 1738 3163 hac
1765 3122 1824 3162 re
1849 3106 1970 3162 misi
1994 3104 2126 3163 Cal-'

526 3211 691 3268 vello.
727 3209 937 3266 Valete.

1057 3318 1392 3378 EPISTOLA
1433 3316 1589 3374 LXII.

531 3457 818 3502 ΡΑεειιΑι-ιε
875 3455 1022 3496 ΡΑΡΕ
1086 3454 1152 3493 AD
1209 3450 1492 3492 ROBER’I’UH
1554 3447 1797 3488 οοιιιτειι

1224 3523 1417 3562 LENTO.

607 3609 902 3663 PASCHALIS
927 3600 1212 3673 episcopus
1253 3614 1443 3655 servus
1466 3609 1749 3653 servorum
1776 3593 1894 3662 Dei,
1923 3591 2120 3648 dilecto

535 3702 648 3757 filio
686 3701 967 3762 Rossaro,
1010 3693 1194 3750 comiti
1221 3693 1289 3748 de
1337 3689 1612 3756 Mellento,
1654 3687 1883 3744 salutem
1909 3693 1966 3741 et
1994 3699 2122 3754 apo-

539 3793 788 3850 stolicam
823 3785 1280 3845 benedictionem.

609 3881 717 3937 Nos
765 3889 816 3934 te
851 3879 903 3933 in
930 3874 1354 3932 familiaritatem
1383 3869 1674 3926 ascivimus
1699 3909 1714 3936 ,
1763 3875 1872 3924 etc.
1912 3865 2042 3921 Vide
2071 3865 2126 3919 in

538 3971 787 4030 Paschalt'
811 3970 838 4026 I
845 3970 896 4026 1.
931 3997 938 4004 -

1861 3446 1928 3485 DE
1986 3445 2119 3484 nu.-

1054 4075 1388 4135 EPISTOLA
1431 4072 1591 4128 LXIII

768 4189 981 4231 RENRICI
1003 4187 1158 4227 REGIS
1188 4183 1467 4225 ANGLORUII
1500 4183 1566 4220 AD
1598 4179 1899 4221 ANSELMUII.

609 4269 905 4330 ﬂammeus,
943 4256 1040 4319 rex
1075 4251 1396 4332 Anglorum,
1420 4259 1696 4322 Aasncuo,
1747 4253 2128 4311 Cantuariensi

539 4358 955 4429 archiepiscopo
985 4362 1041 4410 et
1070 4352 1427 4408 dilectissimo
1455 4349 1626 4415 Patri,
1661 4347 1916 4402 salutem.

614 4449 813 4504 Notum
843 4444 998 4500 vobis
1030 4441 1172 4497 facio
1202 4455 1289 4496 me
1314 4438 1656 4495 Guillelmum
1705 4437 1773 4492 de
1805 4435 2131 4492 Warelwast

546 4559 576 4597 a
608 4539 903 4596 festivitate
933 4535 1108 4592 sancti
1140 4532 1416 4590 Michaelis
1444 4532 1510 4586 ad
1550 4545 1646 4587 vos
1690 4531 1932 4596 misisse;
1970 4537 2025 4584 et
2073 4528 2137 4582 il-

547 4633 660 4688 linc
686 4629 912 4685 Romam
941 4641 1040 4699 pro
1067 4624 1281 4696 negotio
1326 4632 1512 4679 nostro
1537 4661 1552 4688 ,
1604 4621 1744 4692 quod
1782 4633 1907 4690 erga
1937 4619 2136 4673 Roma-

548 4727 674 4780 nam
716 4723 917 4780 sedem
945 4720 1013 4774 ad
1054 4718 1285 4774 invicem
1331 4731 1432 4787 ego
1472 4724 1526 4770 et
1575 4727 1670 4768 vos
1716 4712 1880 4768 locuti
1930 4725 2134 4776 sumus,

547 4818 652 4875 nisi
682 4814 916 4888 procella
939 4813 1192 4868 maris‘et
1212 4819 1376 4868 aestus
1401 4815 1455 4863 et
1475 4814 1668 4861 ventus
1692 4803 1994 4859 contrarius
2016 4817 2138 4857 eum

551 4909 887 4965 detinuisset.
920 4905 1083 4961 Teste
1113 4901 1393 4959 Waldrico
1431 4894 1754 4954 cancellario
1792 4893 1932 4964 apud
1963 4893 2142 4949 Wice-

552 5001 820 5059 combam.

1069 5104 1401 5174 EPISTOLA
1439 5099 1620 5157 LXIV.

1159 5216 1228 5256 AD
1283 5210 1527 5254 ECHDEM.

626 5299 923 5363 HENRICUS,
955 5310 1049 5350 rex
1078 5293 1395 5361 Anglorum,
1427 5287 1705 5351 Assumo,
1738 5281 2147 5351 archiepiscopo

557 5391 938 5450 Cantuariensi
959 5430 972 5454 ,
1010 5387 1238 5442 salutem
1270 5391 1325 5438 et
1353 5380 1666 5436 amicitiam.

630 5482 826 5539 Mando
857 5479 1010 5534 vobis
1030 5477 1170 5532 sicut
1194 5471 1513 5530 charissimo
1539 5467 1687 5523 Patri
1719 5480 1838 5520 meo
1860 5505 1875 5532 ,
1922 5471 1979 5518 ut
2022 5462 2146 5517 Bal-

561 5575 796 5632 devuino
819 5571 1082 5626 monacho
1104 5565 1383 5639 praecipias
1411 5570 1677 5634 quatenus
1706 5559 1820 5626 ipse
1849 5569 1969 5610 eum
2001 5553 2149 5609 Guil-

560 5669 722 5725 leimo
752 5667 818 5721 de
844 5662 1164 5719 Warelwast
1187 5661 1411 5714 Romam
1443 5655 1496 5709 in
1527 5649 1799 5722 negotium
1823 5655 1934 5712 eat,
1969 5653 2022 5700 ut
2056 5660 2151 5716 per

561 5765 852 5828 utrumque
883 5754 1033 5810 firma
1063 5750 1279 5807 dilectio
1309 5756 1362 5804 et
1389 5759 1490 5818 pax
1535 5742 1677 5798 inter
1708 5754 1804 5796 nos
1835 5738 1953 5796 ﬁat.
1989 5736 2150 5794 Teste

1043 317 1100 372 S.
1127 307 1422 370 ANSELMI
1451 298 1803 363 CANTUAR.
1843 289 2168 352 ARCIIIEP.
2209 287 2361 346 OPP.
2407 288 2585 343 PARS
2611 287 2695 342 III.
2737 314 2807 327 --
2844 281 3219 343 EPISTOLAE.
3281 236 3288 242 .

1100 429 1252 484 vobis
1299 422 1606 480 faciendum
1634 418 1725 483 δίε,
1758 413 1969 470 ﬁdelem
1998 423 2086 465 sa-
2113 411 2163 467 Α
2194 400 2468 456 Waldrico
2495 398 2818 456 cancellario
2838 407 2893 452 et
2923 396 3161 451 Robcrto
3187 392 3387 450 comite
3411 391 3482 447 de
3512 389 3826 446 Melleuw

2180 501 2240 548 et
2269 493 2488 548 Eudone
2517 489 2760 562 dapifero
2787 491 2926 560 apud
2956 485 3356 543 Pontefactum.
3877 489 3882 522 ῑ

2721 578 3058 638 EPISTOLA
3077 578 3240 635 LXV.

2426 693 2649 734 ΑΝεεωῑι
2691 693 2758 732 AD
2793 687 3081 730 GERARDUII
3125 686 3541 727 EBORACENSEI.

3728 261 3886 306 02!?

3734 303 3830 324 ων

3881 285 3886 310 l

2256 770 2539 824 Ausecuus
2564 767 3027 837 archiepisc0pus,
3051 764 3349 820 reverenda
3366 760 3823 833 archiepiscopo
3889 760 3891 826 l

2185 858 2444 916 GERARDO
2469 858 2820 924 Eboracensi,
2863 857 3114 913 salutem.

2255 953 2522 1009 Cbaritati
2571 961 2772 1007 vestra:
2821 964 2919 1021 pro
2957 946 3397 1004 tribulationibus
3441 962 3607 1019 quas
3657 963 3819 1019 passa

2187 1053 2291 1113 est,
2322 1054 2604 1116 postquam
2651 1044 2718 1099 de
2757 1039 2949 1113 Anglia
2981 1042 3160 1107 exivi,
3193 1042 3446 1111 quamvis
3490 1056 3698 1112 opere
3725 1055 3819 1097 ut.»

2188 1150 2382 1207 queam
2415 1134 2482 1190 ad
2514 1148 2752 1204 praesens
2797 1132 3058 1187 exhibere
3085 1130 3524 1187 consolationem
3561 1171 3582 1195 ,
3636 1141 3820 1187 mente

2191 1235 2372 1281 tamen
2397 1225 2632 1280 debitam
2655 1239 2784 1295 gero
2811 1223 3267 1292 compassionem.
3295 1223 3454 1290 Quod
3503 1234 3729 1280 autem
3772 1240 3817 1281 et
3890 1227 3891 1288 ξ

2190 1315 2371 1370 verbis
2397 1331 2496 1386 per
2525 1313 2722 1371 multos
2750 1325 2804 1371 et
2845 1301 3045 1372 vestris
3080 1313 3274 1372 litteris
3309 1325 3572 1370 vestram
3622 1317 3816 1372 volun-

2193 1415 2358 1462 tatem
2392 1409 2508 1463 zelo
2533 1406 2627 1462 Dei
2667 1407 2891 1462 accendi
2915 1415 3106 1462 contra
3136 1406 3277 1461 mala
3303 1422 3426 1477 qua:
3461 1408 3518 1460 in
3564 1408 3814 1464 Ecclesia
3869 1405 3891 1477 ξξ

2193 1499 2285 1554 Dei
2306 1499 2515 1555 fervent
2535 1508 2590 1554 et
2618 1497 2902 1568 pullulant,
2928 1495 3185 1570 intelligo,
3211 1469 3351 1553 sicut
3375 1499 3427 1553 in
3459 1500 3815 1555 adversitate

2193 1590 2472 1657 condoleo,
2503 1590 2573 1644 ita
2606 1590 2660 1644 in
2690 1589 2892 1644 virtute
2922 1589 3260 1660 congaudeo.
3285 1585 3496 1644 Precor
3531 1592 3744 1662 itaque
3773 1604 3813 1645 et

2196 1698 2388 1739 moneo
2415 1692 2473 1738 ut
2496 1684 2636 1738 bono
2657 1683 2936 1753 proposito
2960 1697 3066 1737 non
3093 1681 3231 1738 desit
3260 1684 3621 1748 constantia,
3654 1700 3814 1754 neque

2127 1758 2170 1813 Β
2198 1789 2369 1844 usque
2403 1776 2470 1830 ad
2497 1774 2886 1844 perfectionem
2920 1775 3231 1844 pertingens
3251 1777 3721 1844 perseverantia.
3749 1778 3814 1832 Ad

2197 1865 2325 1936 quid
2348 1864 2491 1920 enim
2516 1881 2704 1921 sumus
2734 1864 2972 1936 episcopi
2997 1879 3160 1934 super
3191 1865 3283 1920 Dei
3313 1866 3596 1936 pepulum
3625 1870 3819 1924 consti-

2200 1957 2323 2022 tuti,
2355 1956 2401 2012 si
2431 1957 2584 2026 quasi
2617 1971 2782 2011 canes
2814 1971 2920 2012 non
2955 1956 3200 2012 valentes
3231 1956 3477 2027 latrare,
3512 1974 3818 2028 permane-

2201 2065 2319 2105 mus
2349 2049 2529 2104 muti?
2565 2049 2734 2120 Spero
2762 2050 2815 2104 in
2856 2051 2966 2106 Deo
2996 2050 3123 2119 quia
3165 2051 3418 2107 dominus
3463 2063 3687 2110 noster
3718 2071 3816 2118 rex,

2201 2140 2341 2196 sicut
2387 2139 2502 2211 ipse
2547 2140 2678 2194 mihi
2710 2140 2820 2196 Deo
2853 2140 3149 2211 inspirante
3183 2141 3462 2212 promittit
3493 2185 3509 2209 ,
3559 2145 3644 2200 ad
3678 2161 3821 2203 omne

2202 2233 2403 2287 bonum
2433 2233 2590 2287 nobis
2618 2232 2791 2288 bonus
2821 2232 3038 2303 adjutor
3065 2235 3318 2300 accedet;
3371 2250 3573 2305 neque
3605 2239 3660 2292 si
3697 2236 3820 2293 Deus

2205 2325 2546 2380 concordiam
2589 2324 2879 2396 incoeptam
2915 2325 3057 2380 inter
3091 2325 3239 2380 illum
3284 2333 3339 2381 et
3378 2341 3474 2381 me
3506 2327 3822 2400 dignabitur

2204 2415 2490 2486 perficere,
2519 2416 2860 2486 aliquatenus
2885 2431 2917 2472 a
2942 2416 3168 2472 consilio
3200 2425 3386 2472 nostro
3410 2417 3472 2471 in
3503 2418 3585 2472 iis
3623 2435 3750 2489 qua
3768 2422 3822 2473 ad

2207 2514 2452 2561 nostrum
2504 2504 2759 2561 Ordinem
2807 2505 3121 2576 pertinent,
3170 2507 3410 2562 recedet.
3471 2507 3824 2581 Quapropter

2210 2595 2278 2651 de
2307 2602 2496 2650 nostro
2555 2595 2776 2663 negotio
2825 2595 3318 2664 imprzesentiarum
3355 2596 3502 2651 nihil
3550 2599 3720 2654 aliud
3763 2600 3825 2652 fa-

2211 2688 2368 2748 ciam,
2397 2687 2569 2742 donec
2600 2687 2955 2758 apostolicam
2983 2687 3034 2742 in
3055 2687 3308 2759 proximo
3329 2703 3696 2759 cognoscam
3719 2707 3825 2748 sea-

2215 2779 2458 2836 tentiam.
2490 2777 2697 2835 Valete.

2635 2888 2801 2965 M4
2828 2887 3167 2950 EPISTOLA
3188 2892 3353 2949 LXVI

2249 3002 2474 3044 ANSELMI
2513 3002 2582 3041 AD
2628 3002 2910 3042 ERNULFUM
2952 3001 3185 3041 PRIOREII
3208 3002 3279 3042 ΕΤ
3305 3002 3490 3043 FILIOS
3525 3004 3800 3045 εεςιεςιε

2797 3071 3237 3112 CANTUARIENSIS.

2142 3127 2184 3184 (ἶ
2290 3151 2574 3205 ANSELMUS
2602 3148 3066 3219 archiepiscopus,
3089 3149 3310 3203 domino
3333 3150 3520 3220 priori
3555 3152 3823 3214 Enetum.

2217 3251 2273 3297 et
2297 3239 2556 3294 fratribus
2582 3237 2949 3292 dilectissimis
2982 3237 3398 3293 filiis-Ecclesia:
3427 3240 3664 3298 Christi
3710 3242 3823 3298 Can-

2220 3330 2528 3394 tuariensis,
2558 3329 2785 3384 salutem
2809 3337 2862 3384 et
2891 3329 3346 3385 benedictionem.

2290 3422 2395 3478 Pro
2423 3435 2586 3477 causa
2613 3435 2734 3490 qua:
2771 3429 2856 3474 est
2907 3421 3050 3476 inter
3086 3420 3368 3475 dominum
3405 3438 3610 3494 regem
3650 3436 3710 3482 et
3739 3442 3820 3484 me.

2215 3513 2326 3582 jam
2357 3513 2471 3583 ipse
2499 3529 2596 3568 rex
2623 3528 2750 3570 suos
2777 3521 2832 3567 et
2857 3527 2956 3582 ego
2981 3525 3132 3566 meos
3164 3510 3373 3582 legatos
3403 3512 3662 3570 Romam
3693 3517 3822 3571 misi~

2222 3615 2364 3660 mus.
2403 3604 2597 3660 Mando
2632 3607 2814 3675 itaque
2843 3603 2997 3659 vobis
3027 3611 3081 3658 et
3114 3618 3308 3672 precor
3333 3619 3434 3660 vos
3461 3615 3534 3660 ut
3563 3607 3821 3662 instanter

2223 3695 2393 3751 Deum
2419 3697 2611 3765 oretis,
2641 3706 2912 3767 quatenus
2943 3695 3058 3766 ipse
3094 3692 3252 3749 talem
3281 3697 3658 3753 concordiam
3702 3703 3820 3752 inter

2128 3845 2135 3854 _
2225 3786 2502 3843 dominum
2529 3803 2724 3859 papam
2771 3796 2824 3842 et
2850 3802 3027 3858 regem
3055 3796 3239 3861 ponat,
3273 3796 3332 3842 ut
3359 3802 3460 3858 ego
3497 3789 3662 3843 salva
3694 3804 3820 3844 rere.

2229 3880 2401 3936 rentia
2426 3879 2713 3935 voluntatis
2740 3878 2856 3948 ejus
2881 3880 3082 3949 possim
3110 3880 3326 3950 utrique
3364 3872 3746 3938 concordare.
3772 3883 3817 3936 Si

2230 3970 2506 4026 vobiscum
2519 3979 2622 4038 est,
2642 3971 2872 4042 gaudeo,
2887 3977 2938 4025 et
2958 3978 3020 4024 ut
3034 3971 3104 4026 sit
3126 3970 3350 4024 multum
3363 3970 3652 4027 desidero.
3669 3973 3817 4041 Quam

2231 4062 2393 4117 citius
2424 4063 2584 4134 igitur
2614 4071 2916 4133 Opportune
2950 4061 3200 4129 potestis,
3229 4062 3429 4117 mando
3459 4072 3521 4115 ut
3553 4065 3695 4119 mihi
3719 4076 3818 4119 es:

2233 4162 2479 4210 vestrum
2511 4153 2671 4225 quale
2708 4155 2777 4210 sit
2817 4155 3013 4212 litteris
3056 4154 3254 4210 vestris
3299 4153 3620 4211 insinuetis.
3651 4155 3820 4212 Omni-

2232 4257 2427 4318 potens
2455 4246 2598 4302 Deus
2625 4261 2725 4302 vos
2769 4247 3044 4303 custodiat
3068 4286 3082 4312 ,
3114 4255 3171 4301 et
3215 4245 3268 4301 in
3314 4255 3506 4303 sancto
3553 4250 3818 4320 proposito

2235 4337 2662 4409 perseverabiles
2684 4339 2867 4404 faciat,
2893 4347 3057 4410 atque
3082 4341 3151 4394 ab
3170 4337 3422 4395 omnibus
3445 4342 3696 4410 peccatis
3716 4357 3819 4413 pm-

2238 4431 2462 4502 pitiatus
2482 4430 2745 4488 absolvat.
2779 4430 2975 4486 Arnen.
3425 4445 3428 4448 ’

2735 4521 3070 4579 EPISTOLA
3123 4519 3328 4577 LXVII.

2459 4633 2672 4674 BENRICI
2707 4633 2860 4673 REGIS
2891 4631 3176 4676 ANGLOBUM
3202 4631 3270 4671 AD
3299 4631 3609 4672 ΑΝεεωιωι.

2312 4709 2582 4766 flammeus
2656 4710 2750 4765 Dei
2819 4709 2995 4780 gratia
3050 4723 3143 4764 rex
3194 4707 3533 4778 Anglorum,
3584 4708 3822 4764 Assam
3890 4715 3891 4732 ‘

2243 4800 2618 4857 Cantuariensi
2671 4799 3098 4872 archiepiscopo,
3133 4799 3326 4856 dilecto
3351 4797 3499 4854 Patri
3531 4813 3660 4868 suo,
3691 4802 3822 4856 salu-

2247 4903 2354 4948 tem
2381 4901 2435 4947 et
2466 4891 2836 4947 dilectionem.

2317 4985 2556 5040 Plurium
2585 4985 2850 5040 relatione
2874 4984 3182 5050 didicimus,
3215 4992 3270 5039 et
3299 4983 3540 5039 maxime
3588 4999 3691 5054 per
3733 4983 3826 5039 Ro-

2248 5079 2458 5133 bertum
2486 5077 2743 5134 clericum
2774 5075 3082 5132 cancellarii
3127 5077 3256 5144 mei,
3290 5092 3540 5132 rumores
3584 5077 3654 5133 de
3712 5094 3824 5148 apo-

2250 5168 2463 5233 stolico,
2503 5182 2756 5239 quorum,
2783 5169 2829 5223 si
2861 5169 2933 5222 ita
2965 5183 3056 5223 res
3095 5168 3258 5223 habet
3282 5175 3343 5222 ut
3387 5165 3534 5221 fama
3571 5169 3824 5231 ventilat,

2250 5261 2424 5317 doleo.
2451 5260 2783 5331 thuoniam
2802 5276 3056 5332 processu
3079 5261 3288 5316 dierum
3312 5259 3824 5330 exsurgiterebrior,

2253 5354 2418 5410 timeo
2447 5370 2516 5410 ne
2545 5354 2615 5410 sit
2641 5355 2841 5409 verior.
2873 5353 3068 5408 Dicunt
3089 5351 3232 5408 enim
3263 5350 3470 5416 Romae,
3492 5353 3639 5420 quod
3671 5354 3823 5409 absit!

2253 5446 2386 5501 duos
2419 5459 2539 5500 esse
2573 5443 2920 5514 apostolicos,
2957 5450 3013 5498 et
3046 5440 3114 5496 ad
3149 5441 3380 5497 invicem
3411 5439 3731 5496 bellicosam
3760 5457 3809 5497 se

2253 5537 2513 5591 ditionem
2540 5535 2680 5589 inter
2701 5549 2758 5588 se
2787 5533 3055 5587 obtinere.
3091 5529 3246 5586 Unde
3272 5537 3323 5584 te
3353 5537 3613 5598 tuamque
3639 5531 3824 5585 sancti-

2257 5638 2419 5684 tatem
2461 5625 2685 5683 consulo
2721 5625 2936 5680 utmihi
2969 5623 3175 5693 tibique
3199 5621 3506 5692 provideas,
3546 5621 3630 5674 cui
3673 5621 3825 5690 major

2253 5736 2378 5792 pars
2407 5719 2565 5792 huius
2592 5719 2832 5776 adhaeret
2857 5715 3082 5790 negotii,
3111 5713 3239 5787 quid
3264 5714 3532 5784 agendum
3571 5712 3640 5769 sit
3672 5714 3736 5769 de
3761 5714 3821 5768 te-
