  <div class='ocr_page' id='page_1' title='image "/cluster/home/n/w/nwhite01/storage/ocr_20150623/159/hvd.32044024236648/126.png"; bbox 0 0 3946 6306; ppageno 0'>
   <div class='ocr_carea' id='block_1_1' title="bbox 159 290 1733 393">
    <p class='ocr_par' dir='ltr' id='par_1_1' title="bbox 159 290 1733 393">
     <span class='ocr_line' id='line_1_1' title="bbox 159 290 1733 393; baseline -0.003 -23"><span class='ocrx_word' id='word_1_1' title='bbox 159 306 227 393; x_wconf 65' lang='grc' dir='ltr'><strong>έη</strong></span> <span class='ocrx_word' id='word_1_2' title='bbox 379 303 382 306; x_wconf 77' lang='grc'><strong>’</strong></span> <span class='ocrx_word' id='word_1_3' title='bbox 602 298 655 339; x_wconf 38' lang='grc' dir='ltr'><strong>-ί</strong></span> <span class='ocrx_word' id='word_1_4' title='bbox 722 294 729 297; x_wconf 75' lang='grc'><em>’</em></span> <span class='ocrx_word' id='word_1_5' title='bbox 970 294 976 301; x_wconf 85' lang='grc'><em>’</em></span> <span class='ocrx_word' id='word_1_6' title='bbox 1363 290 1733 385; x_wconf 73' lang='lat' dir='ltr'><strong>LlB.lV,EP</strong></span> 
     </span>
    </p>
   </div>
   <div class='ocr_carea' id='block_1_2' title="bbox 1851 290 2125 393">
    <p class='ocr_par' dir='ltr' id='par_1_2' title="bbox 1854 306 2125 363">
     <span class='ocr_line' id='line_1_2' title="bbox 1854 306 2125 363; baseline -0.015 0"><span class='ocrx_word' id='word_1_7' title='bbox 1854 349 1867 363; x_wconf 95' lang='lat'><strong>.</strong></span> <span class='ocrx_word' id='word_1_8' title='bbox 1898 306 2125 362; x_wconf 83' lang='lat' dir='ltr'>LXXIII.</span> 
     </span>
    </p>
   </div>
   <div class='ocr_carea' id='block_1_3' title="bbox 3280 278 3413 366">
    <p class='ocr_par' dir='ltr' id='par_1_3' title="bbox 3280 278 3413 366">
     <span class='ocr_line' id='line_1_3' title="bbox 3280 278 3413 366; baseline 0 0"><span class='ocrx_word' id='word_1_9' title='bbox 3280 278 3413 366; x_wconf 67' lang='grc' dir='ltr'><strong>ἐδδ</strong></span> 
     </span>
    </p>
   </div>
   <div class='ocr_carea' id='block_1_4' title="bbox 119 402 3411 519">
    <p class='ocr_par' dir='ltr' id='par_1_4' title="bbox 119 402 3411 519">
     <span class='ocr_line' id='line_1_4' title="bbox 119 402 3411 519; baseline -0.008 -15"><span class='ocrx_word' id='word_1_10' title='bbox 119 449 266 519; x_wconf 78' lang='lat' dir='ltr'><strong>gatis</strong></span> <span class='ocrx_word' id='word_1_11' title='bbox 298 412 498 502; x_wconf 88' lang='lat' dir='ltr'><strong>nostris</strong></span> <span class='ocrx_word' id='word_1_12' title='bbox 528 442 580 498; x_wconf 94' lang='lat' dir='ltr'><strong>in</strong></span> <span class='ocrx_word' id='word_1_13' title='bbox 607 440 768 512; x_wconf 82' lang='lat' dir='ltr'><strong>hujus</strong></span> <span class='ocrx_word' id='word_1_14' title='bbox 802 435 1042 511; x_wconf 84' lang='lat' dir='ltr'><strong>procella</strong></span> <span class='ocrx_word' id='word_1_15' title='bbox 1068 432 1346 505; x_wconf 86' lang='lat' dir='ltr'><strong>temporis.</strong></span> <span class='ocrx_word' id='word_1_16' title='bbox 1376 431 1530 499; x_wconf 84' lang='lat' dir='ltr'><strong>Quod</strong></span> <span class='ocrx_word' id='word_1_17' title='bbox 1555 429 1597 485; x_wconf 90' lang='lat' dir='ltr'><strong>si</strong></span> <span class='ocrx_word' id='word_1_18' title='bbox 1624 426 1719 483; x_wconf 95' lang='lat' dir='ltr'><strong>tibi</strong></span> <span class='ocrx_word' id='word_1_19' title='bbox 1752 428 1797 483; x_wconf 77' lang='grc' dir='ltr'><strong>Α</strong></span> <span class='ocrx_word' id='word_1_20' title='bbox 1826 438 1924 481; x_wconf 92' lang='lat' dir='ltr'><strong>nos</strong></span> <span class='ocrx_word' id='word_1_21' title='bbox 1945 414 2263 479; x_wconf 87' lang='lat' dir='ltr'><strong>obedienter</strong></span> <span class='ocrx_word' id='word_1_22' title='bbox 2277 421 2547 495; x_wconf 85' lang='lat' dir='ltr'><strong>subjicere</strong></span> <span class='ocrx_word' id='word_1_23' title='bbox 2571 420 2833 477; x_wconf 72' lang='lat' dir='ltr'><strong>voluntati</strong></span> <span class='ocrx_word' id='word_1_24' title='bbox 2862 431 3051 477; x_wconf 79' lang='lat' dir='ltr'><strong>vestrae</strong></span> <span class='ocrx_word' id='word_1_25' title='bbox 3076 402 3411 478; x_wconf 87' lang='lat' dir='ltr'><strong>recusamus.</strong></span> 
     </span>
    </p>
   </div>
   <div class='ocr_carea' id='block_1_5' title="bbox 119 531 1722 603">
    <p class='ocr_par' dir='ltr' id='par_1_5' title="bbox 119 531 1722 603">
     <span class='ocr_line' id='line_1_5' title="bbox 119 531 1722 603; baseline -0.014 -7"><span class='ocrx_word' id='word_1_26' title='bbox 119 543 376 599; x_wconf 87' lang='lat' dir='ltr'><strong>videatur</strong></span> <span class='ocrx_word' id='word_1_27' title='bbox 391 538 523 595; x_wconf 92' lang='lat' dir='ltr'><strong>utile</strong></span> <span class='ocrx_word' id='word_1_28' title='bbox 545 553 639 593; x_wconf 91' lang='lat' dir='ltr'><strong>eos</strong></span> <span class='ocrx_word' id='word_1_29' title='bbox 653 536 885 592; x_wconf 89' lang='lat' dir='ltr'><strong>retinere</strong></span> <span class='ocrx_word' id='word_1_30' title='bbox 901 546 1072 603; x_wconf 89' lang='lat' dir='ltr'><strong>usque</strong></span> <span class='ocrx_word' id='word_1_31' title='bbox 1087 531 1141 586; x_wconf 91' lang='lat' dir='ltr'><strong>in</strong></span> <span class='ocrx_word' id='word_1_32' title='bbox 1167 537 1379 597; x_wconf 86' lang='lat' dir='ltr'><strong>tempus</strong></span> <span class='ocrx_word' id='word_1_33' title='bbox 1400 537 1722 595; x_wconf 90' lang='lat' dir='ltr'><strong>congruum,</strong></span> 
     </span>
    </p>
   </div>
   <div class='ocr_carea' id='block_1_6' title="bbox 121 613 1723 692">
    <p class='ocr_par' dir='ltr' id='par_1_6' title="bbox 121 613 1723 692">
     <span class='ocr_line' id='line_1_6' title="bbox 121 613 1723 692; baseline -0.014 -3"><span class='ocrx_word' id='word_1_34' title='bbox 121 645 259 691; x_wconf 90' lang='lat' dir='ltr'><strong>tunc</strong></span> <span class='ocrx_word' id='word_1_35' title='bbox 285 634 459 689; x_wconf 79' lang='lat' dir='ltr'><strong>retine</strong></span> <span class='ocrx_word' id='word_1_36' title='bbox 487 628 854 692; x_wconf 83' lang='lat' dir='ltr'><strong>Guilleluium,</strong></span> <span class='ocrx_word' id='word_1_37' title='bbox 879 634 934 681; x_wconf 84' lang='lat' dir='ltr'><strong>et</strong></span> <span class='ocrx_word' id='word_1_38' title='bbox 963 625 1115 678; x_wconf 89' lang='lat' dir='ltr'><strong>mitte</strong></span> <span class='ocrx_word' id='word_1_39' title='bbox 1145 620 1277 676; x_wconf 90' lang='lat' dir='ltr'><strong>mihi</strong></span> <span class='ocrx_word' id='word_1_40' title='bbox 1313 617 1576 674; x_wconf 71' lang='lat' dir='ltr'><strong>citissime</strong></span> <span class='ocrx_word' id='word_1_41' title='bbox 1596 613 1723 667; x_wconf 87' lang='lat' dir='ltr'><strong>Bal-</strong></span> 
     </span>
    </p>
   </div>
   <div class='ocr_carea' id='block_1_7' title="bbox 121 717 1719 786">
    <p class='ocr_par' dir='ltr' id='par_1_7' title="bbox 121 717 1719 786">
     <span class='ocr_line' id='line_1_7' title="bbox 121 717 1719 786; baseline -0.013 -5"><span class='ocrx_word' id='word_1_42' title='bbox 121 728 425 783; x_wconf 79' lang='lat' dir='ltr'><strong>devuinum</strong></span> <span class='ocrx_word' id='word_1_43' title='bbox 453 725 518 779; x_wconf 94' lang='lat' dir='ltr'><strong>de</strong></span> <span class='ocrx_word' id='word_1_44' title='bbox 550 724 820 786; x_wconf 89' lang='lat' dir='ltr'><strong>Tornaco,</strong></span> <span class='ocrx_word' id='word_1_45' title='bbox 852 717 1177 773; x_wconf 85' lang='lat' dir='ltr'><strong>monachum</strong></span> <span class='ocrx_word' id='word_1_46' title='bbox 1209 724 1358 769; x_wconf 90' lang='lat' dir='ltr'><strong>tuum</strong></span> <span class='ocrx_word' id='word_1_47' title='bbox 1381 752 1395 776; x_wconf 93' lang='lat'><strong>,</strong></span> <span class='ocrx_word' id='word_1_48' title='bbox 1427 725 1525 781; x_wconf 92' lang='lat' dir='ltr'><strong>per</strong></span> <span class='ocrx_word' id='word_1_49' title='bbox 1560 722 1719 777; x_wconf 88' lang='lat' dir='ltr'><strong>quem</strong></span> 
     </span>
    </p>
   </div>
   <div class='ocr_carea' id='block_1_8' title="bbox 127 803 1723 883">
    <p class='ocr_par' dir='ltr' id='par_1_8' title="bbox 127 803 1723 883">
     <span class='ocr_line' id='line_1_8' title="bbox 127 803 1723 883; baseline -0.014 -9"><span class='ocrx_word' id='word_1_50' title='bbox 127 821 228 874; x_wconf 92' lang='lat' dir='ltr'><strong>tibi</strong></span> <span class='ocrx_word' id='word_1_51' title='bbox 262 816 581 872; x_wconf 80' lang='lat' dir='ltr'><strong>familiarius</strong></span> <span class='ocrx_word' id='word_1_52' title='bbox 603 814 873 883; x_wconf 74' lang='lat' dir='ltr'><strong>asSiguem</strong></span> <span class='ocrx_word' id='word_1_53' title='bbox 906 811 972 865; x_wconf 90' lang='lat' dir='ltr'><strong>de</strong></span> <span class='ocrx_word' id='word_1_54' title='bbox 1001 807 1227 865; x_wconf 88' lang='lat' dir='ltr'><strong>secretis</strong></span> <span class='ocrx_word' id='word_1_55' title='bbox 1276 803 1480 859; x_wconf 90' lang='lat' dir='ltr'><strong>nostris</strong></span> <span class='ocrx_word' id='word_1_56' title='bbox 1527 810 1583 855; x_wconf 81' lang='lat' dir='ltr'><strong>et</strong></span> <span class='ocrx_word' id='word_1_57' title='bbox 1625 815 1723 872; x_wconf 91' lang='lat' dir='ltr'><strong>per</strong></span> 
     </span>
    </p>
   </div>
   <div class='ocr_carea' id='block_1_9' title="bbox 125 895 1719 975">
    <p class='ocr_par' dir='ltr' id='par_1_9' title="bbox 125 895 1719 975">
     <span class='ocr_line' id='line_1_9' title="bbox 125 895 1719 975; baseline -0.011 -10"><span class='ocrx_word' id='word_1_58' title='bbox 125 911 384 966; x_wconf 77' lang='lat' dir='ltr'><strong>euunlem</strong></span> <span class='ocrx_word' id='word_1_59' title='bbox 413 910 542 964; x_wconf 90' lang='lat' dir='ltr'><strong>mihi</strong></span> <span class='ocrx_word' id='word_1_60' title='bbox 570 906 791 962; x_wconf 90' lang='lat' dir='ltr'><strong>euuutia</strong></span> <span class='ocrx_word' id='word_1_61' title='bbox 817 903 945 975; x_wconf 90' lang='lat' dir='ltr'><strong>quid</strong></span> <span class='ocrx_word' id='word_1_62' title='bbox 969 903 1029 957; x_wconf 93' lang='lat' dir='ltr'><strong>iu</strong></span> <span class='ocrx_word' id='word_1_63' title='bbox 1058 902 1160 956; x_wconf 89' lang='lat' dir='ltr'><strong>hac</strong></span> <span class='ocrx_word' id='word_1_64' title='bbox 1183 914 1242 954; x_wconf 90' lang='lat' dir='ltr'><strong>re</strong></span> <span class='ocrx_word' id='word_1_65' title='bbox 1271 897 1400 953; x_wconf 87' lang='lat' dir='ltr'><strong>mihi</strong></span> <span class='ocrx_word' id='word_1_66' title='bbox 1429 895 1719 951; x_wconf 89' lang='lat' dir='ltr'><strong>tenendum</strong></span> 
     </span>
    </p>
   </div>
   <div class='ocr_carea' id='block_1_10' title="bbox 127 990 1721 1071">
    <p class='ocr_par' dir='ltr' id='par_1_10' title="bbox 127 990 1721 1071">
     <span class='ocr_line' id='line_1_10' title="bbox 127 990 1721 1071; baseline -0.011 -13"><span class='ocrx_word' id='word_1_67' title='bbox 127 1005 206 1059; x_wconf 86' lang='lat' dir='ltr'><strong>sit</strong></span> <span class='ocrx_word' id='word_1_68' title='bbox 236 1012 293 1058; x_wconf 92' lang='lat' dir='ltr'><strong>et</strong></span> <span class='ocrx_word' id='word_1_69' title='bbox 320 1002 616 1071; x_wconf 89' lang='lat' dir='ltr'><strong>agendum;</strong></span> <span class='ocrx_word' id='word_1_70' title='bbox 651 998 698 1053; x_wconf 88' lang='lat' dir='ltr'><strong>si</strong></span> <span class='ocrx_word' id='word_1_71' title='bbox 728 1012 860 1051; x_wconf 89' lang='lat' dir='ltr'><strong>vero</strong></span> <span class='ocrx_word' id='word_1_72' title='bbox 884 994 977 1051; x_wconf 88' lang='lat' dir='ltr'><strong>tibi</strong></span> <span class='ocrx_word' id='word_1_73' title='bbox 1012 994 1192 1064; x_wconf 80' lang='lat' dir='ltr'><strong>placet</strong></span> <span class='ocrx_word' id='word_1_74' title='bbox 1214 1006 1309 1048; x_wconf 89' lang='lat' dir='ltr'><strong>eos</strong></span> <span class='ocrx_word' id='word_1_75' title='bbox 1342 990 1449 1054; x_wconf 89' lang='lat' dir='ltr'><strong>ire,</strong></span> <span class='ocrx_word' id='word_1_76' title='bbox 1475 996 1529 1043; x_wconf 92' lang='lat' dir='ltr'><strong>et</strong></span> <span class='ocrx_word' id='word_1_77' title='bbox 1571 998 1721 1042; x_wconf 89' lang='lat' dir='ltr'><strong>tuum</strong></span> 
     </span>
    </p>
   </div>
   <div class='ocr_carea' id='block_1_11' title="bbox 128 1077 1722 1156">
    <p class='ocr_par' dir='ltr' id='par_1_11' title="bbox 128 1077 1722 1156">
     <span class='ocr_line' id='line_1_11' title="bbox 128 1077 1722 1156; baseline -0.013 -5"><span class='ocrx_word' id='word_1_78' title='bbox 128 1096 204 1151; x_wconf 87' lang='lat' dir='ltr'><strong>sit</strong></span> <span class='ocrx_word' id='word_1_79' title='bbox 228 1093 535 1156; x_wconf 88' lang='lat' dir='ltr'><strong>consilium,</strong></span> <span class='ocrx_word' id='word_1_80' title='bbox 565 1098 714 1153; x_wconf 86' lang='lat' dir='ltr'><strong>eant,</strong></span> <span class='ocrx_word' id='word_1_81' title='bbox 740 1098 794 1143; x_wconf 91' lang='lat' dir='ltr'><strong>et</strong></span> <span class='ocrx_word' id='word_1_82' title='bbox 822 1088 864 1143; x_wconf 87' lang='lat' dir='ltr'><strong>si</strong></span> <span class='ocrx_word' id='word_1_83' title='bbox 893 1086 992 1156; x_wconf 89' lang='lat' dir='ltr'><strong>ipsi</strong></span> <span class='ocrx_word' id='word_1_84' title='bbox 1016 1085 1209 1149; x_wconf 87' lang='lat' dir='ltr'><strong>ierint,</strong></span> <span class='ocrx_word' id='word_1_85' title='bbox 1231 1081 1362 1137; x_wconf 91' lang='lat' dir='ltr'><strong>mihi</strong></span> <span class='ocrx_word' id='word_1_86' title='bbox 1390 1081 1541 1135; x_wconf 88' lang='lat' dir='ltr'><strong>mille</strong></span> <span class='ocrx_word' id='word_1_87' title='bbox 1572 1077 1722 1133; x_wconf 84' lang='lat' dir='ltr'><strong>citis-</strong></span> 
     </span>
    </p>
   </div>
   <div class='ocr_carea' id='block_1_12' title="bbox 126 1166 1718 1245">
    <p class='ocr_par' dir='ltr' id='par_1_12' title="bbox 126 1166 1718 1245">
     <span class='ocr_line' id='line_1_12' title="bbox 126 1166 1718 1245; baseline -0.011 -2"><span class='ocrx_word' id='word_1_88' title='bbox 126 1189 271 1242; x_wconf 89' lang='lat' dir='ltr'><strong>sime</strong></span> <span class='ocrx_word' id='word_1_89' title='bbox 302 1200 464 1238; x_wconf 92' lang='lat' dir='ltr'><strong>unum</strong></span> <span class='ocrx_word' id='word_1_90' title='bbox 513 1184 579 1239; x_wconf 93' lang='lat' dir='ltr'><strong>de</strong></span> <span class='ocrx_word' id='word_1_91' title='bbox 606 1181 961 1237; x_wconf 91' lang='lat' dir='ltr'><strong>familiaribus</strong></span> <span class='ocrx_word' id='word_1_92' title='bbox 992 1166 1137 1242; x_wconf 85' lang='lat' dir='ltr'><strong>tuis,</strong></span> <span class='ocrx_word' id='word_1_93' title='bbox 1189 1190 1287 1245; x_wconf 91' lang='lat' dir='ltr'><strong>per</strong></span> <span class='ocrx_word' id='word_1_94' title='bbox 1327 1188 1489 1245; x_wconf 84' lang='lat' dir='ltr'><strong>quem</strong></span> <span class='ocrx_word' id='word_1_95' title='bbox 1535 1179 1718 1226; x_wconf 91' lang='lat' dir='ltr'><strong>nostra</strong></span> 
     </span>
    </p>
   </div>
   <div class='ocr_carea' id='block_1_13' title="bbox 126 1261 1719 1343">
    <p class='ocr_par' dir='ltr' id='par_1_13' title="bbox 126 1261 1719 1343">
     <span class='ocr_line' id='line_1_13' title="bbox 126 1261 1719 1343; baseline -0.01 -12"><span class='ocrx_word' id='word_1_96' title='bbox 126 1276 357 1331; x_wconf 89' lang='lat' dir='ltr'><strong>consilia</strong></span> <span class='ocrx_word' id='word_1_97' title='bbox 386 1282 440 1329; x_wconf 90' lang='lat' dir='ltr'><strong>et</strong></span> <span class='ocrx_word' id='word_1_98' title='bbox 467 1273 679 1343; x_wconf 87' lang='lat' dir='ltr'><strong>negotia</strong></span> <span class='ocrx_word' id='word_1_99' title='bbox 713 1271 937 1327; x_wconf 85' lang='lat' dir='ltr'><strong>alterius</strong></span> <span class='ocrx_word' id='word_1_100' title='bbox 964 1267 1120 1324; x_wconf 84' lang='lat' dir='ltr'><strong>alteri</strong></span> <span class='ocrx_word' id='word_1_101' title='bbox 1167 1267 1236 1321; x_wconf 88' lang='lat' dir='ltr'><strong>ad</strong></span> <span class='ocrx_word' id='word_1_102' title='bbox 1284 1265 1514 1320; x_wconf 77' lang='lat' dir='ltr'><strong>invicem</strong></span> <span class='ocrx_word' id='word_1_103' title='bbox 1558 1261 1719 1316; x_wconf 88' lang='lat' dir='ltr'><strong>fami-</strong></span> 
     </span>
    </p>
   </div>
   <div class='ocr_carea' id='block_1_14' title="bbox 124 1355 1723 1438">
    <p class='ocr_par' dir='ltr' id='par_1_14' title="bbox 124 1355 1723 1438">
     <span class='ocr_line' id='line_1_14' title="bbox 124 1355 1723 1438; baseline -0.01 -12"><span class='ocrx_word' id='word_1_104' title='bbox 124 1374 337 1429; x_wconf 86' lang='lat' dir='ltr'><strong>liariter</strong></span> <span class='ocrx_word' id='word_1_105' title='bbox 367 1371 727 1438; x_wconf 84' lang='lat' dir='ltr'><strong>assiguemus.</strong></span> <span class='ocrx_word' id='word_1_106' title='bbox 759 1369 920 1425; x_wconf 83' lang='lat' dir='ltr'><strong>Teste</strong></span> <span class='ocrx_word' id='word_1_107' title='bbox 947 1364 1184 1420; x_wconf 79' lang='lat' dir='ltr'><strong>Roberto</strong></span> <span class='ocrx_word' id='word_1_108' title='bbox 1212 1362 1466 1433; x_wconf 87' lang='lat' dir='ltr'><strong>episcouo</strong></span> <span class='ocrx_word' id='word_1_109' title='bbox 1510 1355 1723 1413; x_wconf 87' lang='lat' dir='ltr'><strong>Lincol-</strong></span> 
     </span>
    </p>
   </div>
   <div class='ocr_carea' id='block_1_15' title="bbox 128 1454 1233 1531">
    <p class='ocr_par' dir='ltr' id='par_1_15' title="bbox 128 1454 1233 1531">
     <span class='ocr_line' id='line_1_15' title="bbox 128 1454 1233 1531; baseline -0.011 -13"><span class='ocrx_word' id='word_1_110' title='bbox 128 1464 261 1531; x_wconf 67' lang='lat' dir='ltr'><strong>nite,</strong></span> <span class='ocrx_word' id='word_1_111' title='bbox 286 1470 340 1517; x_wconf 92' lang='lat' dir='ltr'><strong>et</strong></span> <span class='ocrx_word' id='word_1_112' title='bbox 365 1460 606 1517; x_wconf 79' lang='lat' dir='ltr'><strong>Boberto</strong></span> <span class='ocrx_word' id='word_1_113' title='bbox 641 1458 843 1514; x_wconf 90' lang='lat' dir='ltr'><strong>comite</strong></span> <span class='ocrx_word' id='word_1_114' title='bbox 870 1457 934 1511; x_wconf 86' lang='lat' dir='ltr'><strong>de</strong></span> <span class='ocrx_word' id='word_1_115' title='bbox 959 1454 1233 1509; x_wconf 85' lang='lat' dir='ltr'><strong>Melleuto.</strong></span> 
     </span>
    </p>
   </div>
   <div class='ocr_carea' id='block_1_16' title="bbox 334 1542 1263 1617">
    <p class='ocr_par' dir='ltr' id='par_1_16' title="bbox 334 1542 1263 1617">
     <span class='ocr_line' id='line_1_16' title="bbox 334 1542 1263 1617; baseline -0.011 -11"><span class='ocrx_word' id='word_1_116' title='bbox 334 1542 335 1545; x_wconf 3' lang='lat' dir='ltr'><strong>I</strong></span> <span class='ocrx_word' id='word_1_117' title='bbox 630 1545 964 1603; x_wconf 77' lang='lat' dir='ltr'><strong>EPISTOLA</strong></span> <span class='ocrx_word' id='word_1_118' title='bbox 996 1542 1222 1599; x_wconf 79' lang='lat' dir='ltr'>LXVIII.</span> <span class='ocrx_word' id='word_1_119' title='bbox 1260 1616 1263 1617; x_wconf 14' lang='grc' dir='ltr'><em>ν</em></span> 
     </span>
    </p>
   </div>
   <div class='ocr_carea' id='block_1_17' title="bbox 190 1653 1291 1715">
    <p class='ocr_par' dir='ltr' id='par_1_17' title="bbox 190 1653 1291 1715">
     <span class='ocr_line' id='line_1_17' title="bbox 190 1653 1291 1715; baseline -0.012 -11"><span class='ocrx_word' id='word_1_120' title='bbox 190 1712 193 1715; x_wconf 96' lang='lat'><em>_</em></span> <span class='ocrx_word' id='word_1_121' title='bbox 567 1657 857 1700; x_wconf 61' lang='lat' dir='ltr'><strong>omnem&quot;</strong></span> <span class='ocrx_word' id='word_1_122' title='bbox 888 1658 954 1695; x_wconf 81' lang='lat' dir='ltr'><strong>AD</strong></span> <span class='ocrx_word' id='word_1_123' title='bbox 972 1653 1291 1695; x_wconf 71' lang='lat' dir='ltr'><strong>&#39;ANSELMUM.</strong></span> 
     </span>
    </p>
   </div>
   <div class='ocr_carea' id='block_1_18' title="bbox 118 1725 1721 1802">
    <p class='ocr_par' dir='ltr' id='par_1_18' title="bbox 118 1725 1721 1802">
     <span class='ocr_line' id='line_1_18' title="bbox 118 1725 1721 1802; baseline -0.009 -10"><span class='ocrx_word' id='word_1_124' title='bbox 118 1734 119 1737; x_wconf 53' lang='grc'><em>“</em></span> <span class='ocrx_word' id='word_1_125' title='bbox 206 1737 456 1802; x_wconf 90' lang='lat' dir='ltr'><strong>Domino,</strong></span> <span class='ocrx_word' id='word_1_126' title='bbox 489 1745 543 1791; x_wconf 87' lang='lat' dir='ltr'><strong>et</strong></span> <span class='ocrx_word' id='word_1_127' title='bbox 565 1735 805 1790; x_wconf 91' lang='lat' dir='ltr'><strong>omnium</strong></span> <span class='ocrx_word' id='word_1_128' title='bbox 836 1734 1134 1788; x_wconf 89' lang='lat' dir='ltr'><strong>amicorum</strong></span> <span class='ocrx_word' id='word_1_129' title='bbox 1186 1744 1407 1785; x_wconf 90' lang='lat' dir='ltr'><strong>suorum</strong></span> <span class='ocrx_word' id='word_1_130' title='bbox 1454 1725 1721 1783; x_wconf 81' lang='lat' dir='ltr'><strong>excellen-</strong></span> 
     </span>
    </p>
   </div>
   <div class='ocr_carea' id='block_1_19' title="bbox 1828 511 3406 585">
    <p class='ocr_par' dir='ltr' id='par_1_19' title="bbox 1828 511 3406 585">
     <span class='ocr_line' id='line_1_19' title="bbox 1828 511 3406 585; baseline -0.003 -16"><span class='ocrx_word' id='word_1_131' title='bbox 1828 514 1882 569; x_wconf 92' lang='lat' dir='ltr'><strong>In</strong></span> <span class='ocrx_word' id='word_1_132' title='bbox 1910 514 2105 585; x_wconf 87' lang='lat' dir='ltr'><strong>quibus</strong></span> <span class='ocrx_word' id='word_1_133' title='bbox 2134 512 2330 567; x_wconf 84' lang='lat' dir='ltr'><strong>litteris</strong></span> <span class='ocrx_word' id='word_1_134' title='bbox 2371 512 2499 565; x_wconf 90' lang='lat' dir='ltr'><strong>illud</strong></span> <span class='ocrx_word' id='word_1_135' title='bbox 2530 512 2747 583; x_wconf 90' lang='lat' dir='ltr'><strong>quidem</strong></span> <span class='ocrx_word' id='word_1_136' title='bbox 2776 511 3143 583; x_wconf 89' lang='lat' dir='ltr'><strong>gratissimum</strong></span> <span class='ocrx_word' id='word_1_137' title='bbox 3194 514 3406 582; x_wconf 89' lang='lat' dir='ltr'><strong>accepi,</strong></span> 
     </span>
    </p>
   </div>
   <div class='ocr_carea' id='block_1_20' title="bbox 1823 606 3413 679">
    <p class='ocr_par' dir='ltr' id='par_1_20' title="bbox 1823 606 3413 679">
     <span class='ocr_line' id='line_1_20' title="bbox 1823 606 3413 679; baseline 0.001 -19"><span class='ocrx_word' id='word_1_138' title='bbox 1823 611 1966 679; x_wconf 84' lang='lat' dir='ltr'><strong>quod</strong></span> <span class='ocrx_word' id='word_1_139' title='bbox 2016 607 2089 663; x_wconf 88' lang='lat' dir='ltr'><strong>ibi</strong></span> <span class='ocrx_word' id='word_1_140' title='bbox 2121 607 2499 663; x_wconf 88' lang='lat' dir='ltr'><strong>certitudiuem</strong></span> <span class='ocrx_word' id='word_1_141' title='bbox 2545 606 2614 661; x_wconf 88' lang='lat' dir='ltr'><strong>de</strong></span> <span class='ocrx_word' id='word_1_142' title='bbox 2663 614 2847 661; x_wconf 91' lang='lat' dir='ltr'><strong>mutua</strong></span> <span class='ocrx_word' id='word_1_143' title='bbox 2881 606 3169 663; x_wconf 79' lang='lat' dir='ltr'><strong>dilectione</strong></span> <span class='ocrx_word' id='word_1_144' title='bbox 3214 615 3413 663; x_wconf 81' lang='lat' dir='ltr'><strong>vestra:</strong></span> 
     </span>
    </p>
   </div>
   <div class='ocr_carea' id='block_1_21' title="bbox 1824 696 3419 771">
    <p class='ocr_par' dir='ltr' id='par_1_21' title="bbox 1824 696 3419 771">
     <span class='ocr_line' id='line_1_21' title="bbox 1824 696 3419 771; baseline 0 -17"><span class='ocrx_word' id='word_1_145' title='bbox 1824 697 2209 771; x_wconf 80' lang='lat' dir='ltr'><strong>magnitudinis</strong></span> <span class='ocrx_word' id='word_1_146' title='bbox 2237 706 2292 752; x_wconf 91' lang='lat' dir='ltr'><strong>et</strong></span> <span class='ocrx_word' id='word_1_147' title='bbox 2323 712 2454 751; x_wconf 74' lang='lat' dir='ltr'><strong>mea:</strong></span> <span class='ocrx_word' id='word_1_148' title='bbox 2500 696 2784 766; x_wconf 82' lang='lat' dir='ltr'><strong>parvitatis</strong></span> <span class='ocrx_word' id='word_1_149' title='bbox 2821 697 2943 769; x_wconf 89' lang='lat' dir='ltr'><strong>legi.</strong></span> <span class='ocrx_word' id='word_1_150' title='bbox 2988 697 3124 753; x_wconf 86' lang='lat' dir='ltr'><strong>Nam</strong></span> <span class='ocrx_word' id='word_1_151' title='bbox 3162 698 3419 769; x_wconf 81' lang='lat' dir='ltr'><strong>quamvis</strong></span> 
     </span>
    </p>
   </div>
   <div class='ocr_carea' id='block_1_22' title="bbox 1822 789 3416 861">
    <p class='ocr_par' dir='ltr' id='par_1_22' title="bbox 1822 789 3416 861">
     <span class='ocr_line' id='line_1_22' title="bbox 1822 789 3416 861; baseline -0.001 -13"><span class='ocrx_word' id='word_1_152' title='bbox 1822 791 2153 848; x_wconf 89' lang='lat' dir='ltr'><strong>conscientia</strong></span> <span class='ocrx_word' id='word_1_153' title='bbox 2190 789 2408 861; x_wconf 87' lang='lat' dir='ltr'><strong>propria</strong></span> <span class='ocrx_word' id='word_1_154' title='bbox 2432 797 2486 842; x_wconf 90' lang='lat' dir='ltr'><strong>et</strong></span> <span class='ocrx_word' id='word_1_155' title='bbox 2510 789 2881 857; x_wconf 81' lang='lat' dir='ltr'><strong>experimento</strong></span> <span class='ocrx_word' id='word_1_156' title='bbox 2918 789 3031 859; x_wconf 88' lang='lat' dir='ltr'><strong>jam</strong></span> <span class='ocrx_word' id='word_1_157' title='bbox 3067 791 3257 847; x_wconf 89' lang='lat' dir='ltr'><strong>doctus</strong></span> <span class='ocrx_word' id='word_1_158' title='bbox 3286 791 3416 847; x_wconf 91' lang='lat' dir='ltr'><strong>hinc</strong></span> 
     </span>
    </p>
   </div>
   <div class='ocr_carea' id='block_1_23' title="bbox 1822 866 3419 955">
    <p class='ocr_par' dir='ltr' id='par_1_23' title="bbox 1822 866 3419 955">
     <span class='ocr_line' id='line_1_23' title="bbox 1822 866 3419 955; baseline 0 -14"><span class='ocrx_word' id='word_1_159' title='bbox 1822 902 1928 941; x_wconf 93' lang='lat' dir='ltr'><strong>non</strong></span> <span class='ocrx_word' id='word_1_160' title='bbox 1966 899 2189 955; x_wconf 84' lang='lat' dir='ltr'><strong>possunt</strong></span> <span class='ocrx_word' id='word_1_161' title='bbox 2221 882 2502 945; x_wconf 90' lang='lat' dir='ltr'><strong>dubitare,</strong></span> <span class='ocrx_word' id='word_1_162' title='bbox 2546 881 2716 937; x_wconf 88' lang='lat' dir='ltr'><strong>dulcis</strong></span> <span class='ocrx_word' id='word_1_163' title='bbox 2743 890 2923 938; x_wconf 86' lang='lat' dir='ltr'><strong>tamen</strong></span> <span class='ocrx_word' id='word_1_164' title='bbox 2965 885 3139 941; x_wconf 90' lang='lat' dir='ltr'><strong>honor</strong></span> <span class='ocrx_word' id='word_1_165' title='bbox 3164 894 3219 941; x_wconf 91' lang='lat' dir='ltr'><strong>et</strong></span> <span class='ocrx_word' id='word_1_166' title='bbox 3246 866 3419 941; x_wconf 86' lang='lat' dir='ltr'><strong>bono-</strong></span> 
     </span>
    </p>
   </div>
   <div class='ocr_carea' id='block_1_24' title="bbox 1823 972 3416 1037">
    <p class='ocr_par' dir='ltr' id='par_1_24' title="bbox 1823 972 3416 1037">
     <span class='ocr_line' id='line_1_24' title="bbox 1823 972 3416 1037; baseline 0.002 -7"><span class='ocrx_word' id='word_1_167' title='bbox 1823 976 2014 1031; x_wconf 87' lang='lat' dir='ltr'><strong>rabilis</strong></span> <span class='ocrx_word' id='word_1_168' title='bbox 2069 975 2297 1031; x_wconf 90' lang='lat' dir='ltr'><strong>dulcedo</strong></span> <span class='ocrx_word' id='word_1_169' title='bbox 2342 972 2473 1028; x_wconf 89' lang='lat' dir='ltr'><strong>mihi</strong></span> <span class='ocrx_word' id='word_1_170' title='bbox 2513 982 2625 1037; x_wconf 87' lang='lat' dir='ltr'><strong>est,</strong></span> <span class='ocrx_word' id='word_1_171' title='bbox 2676 988 2797 1028; x_wconf 67' lang='lat' dir='ltr'><strong>cutu</strong></span> <span class='ocrx_word' id='word_1_172' title='bbox 2831 983 3018 1032; x_wconf 89' lang='lat' dir='ltr'><strong>tantus</strong></span> <span class='ocrx_word' id='word_1_173' title='bbox 3069 977 3282 1034; x_wconf 89' lang='lat' dir='ltr'><strong>tantillo</strong></span> <span class='ocrx_word' id='word_1_174' title='bbox 3311 978 3416 1035; x_wconf 89' lang='lat' dir='ltr'><strong>hoc</strong></span> 
     </span>
    </p>
   </div>
   <div class='ocr_carea' id='block_1_25' title="bbox 1824 1067 2803 1141">
    <p class='ocr_par' dir='ltr' id='par_1_25' title="bbox 1824 1067 2803 1141">
     <span class='ocr_line' id='line_1_25' title="bbox 1824 1067 2803 1141; baseline -0.007 -17"><span class='ocrx_word' id='word_1_175' title='bbox 1824 1069 2076 1141; x_wconf 76' lang='lat' dir='ltr'><strong>dignatur</strong></span> <span class='ocrx_word' id='word_1_176' title='bbox 2100 1067 2380 1123; x_wconf 87' lang='lat' dir='ltr'><strong>mandare.</strong></span> <span class='ocrx_word' id='word_1_177' title='bbox 2471 1132 2477 1138; x_wconf 87' lang='lat'><strong><em>_</em></strong></span> <span class='ocrx_word' id='word_1_178' title='bbox 2800 1130 2803 1131; x_wconf 17' lang='grc' dir='ltr'><em>ν</em></span> 
     </span>
    </p>
   </div>
   <div class='ocr_carea' id='block_1_26' title="bbox 2345 1156 2880 1216">
    <p class='ocr_par' dir='ltr' id='par_1_26' title="bbox 2345 1156 2880 1216">
     <span class='ocr_line' id='line_1_26' title="bbox 2345 1156 2880 1216; baseline -0.004 -3"><span class='ocrx_word' id='word_1_179' title='bbox 2345 1156 2684 1216; x_wconf 81' lang='lat' dir='ltr'><strong>EPISTOLA</strong></span> <span class='ocrx_word' id='word_1_180' title='bbox 2715 1159 2880 1214; x_wconf 79' lang='lat' dir='ltr'>LXX.</span> 
     </span>
    </p>
   </div>
   <div class='ocr_carea' id='block_1_27' title="bbox 2246 1267 2987 1309">
    <p class='ocr_par' dir='ltr' id='par_1_27' title="bbox 2246 1267 2987 1309">
     <span class='ocr_line' id='line_1_27' title="bbox 2246 1267 2987 1309; baseline 0.001 -3"><span class='ocrx_word' id='word_1_181' title='bbox 2246 1267 2468 1307; x_wconf 75' lang='lat' dir='ltr'><strong>ANSELMI</strong></span> <span class='ocrx_word' id='word_1_182' title='bbox 2492 1268 2558 1306; x_wconf 82' lang='lat' dir='ltr'><strong>AD</strong></span> <span class='ocrx_word' id='word_1_183' title='bbox 2592 1268 2987 1309; x_wconf 57' lang='lat' dir='ltr'><strong>TIIEODORICU”.</strong></span> 
     </span>
    </p>
   </div>
   <div class='ocr_carea' id='block_1_28' title="bbox 1893 1343 3421 1416">
    <p class='ocr_par' dir='ltr' id='par_1_28' title="bbox 1893 1343 3421 1416">
     <span class='ocr_line' id='line_1_28' title="bbox 1893 1343 3421 1416; baseline 0.001 -17"><span class='ocrx_word' id='word_1_184' title='bbox 1893 1346 2173 1401; x_wconf 70' lang='lat' dir='ltr'><strong>Assewus</strong></span> <span class='ocrx_word' id='word_1_185' title='bbox 2198 1345 2659 1416; x_wconf 82' lang='lat' dir='ltr'><strong>archiepiscopus,</strong></span> <span class='ocrx_word' id='word_1_186' title='bbox 2691 1345 3036 1401; x_wconf 73' lang='lat' dir='ltr'><strong>Tneooomco</strong></span> <span class='ocrx_word' id='word_1_187' title='bbox 3070 1343 3181 1401; x_wconf 89' lang='lat' dir='ltr'><strong>filio</strong></span> <span class='ocrx_word' id='word_1_188' title='bbox 3212 1345 3421 1401; x_wconf 91' lang='lat' dir='ltr'><strong>charis-</strong></span> 
     </span>
    </p>
   </div>
   <div class='ocr_carea' id='block_1_29' title="bbox 1821 1437 3354 1505">
    <p class='ocr_par' dir='ltr' id='par_1_29' title="bbox 1821 1437 3354 1505">
     <span class='ocr_line' id='line_1_29' title="bbox 1821 1437 3354 1505; baseline 0.005 -12"><span class='ocrx_word' id='word_1_189' title='bbox 1821 1437 1987 1505; x_wconf 90' lang='lat' dir='ltr'><strong>simo,</strong></span> <span class='ocrx_word' id='word_1_190' title='bbox 2022 1438 2251 1494; x_wconf 89' lang='lat' dir='ltr'><strong>salutem</strong></span> <span class='ocrx_word' id='word_1_191' title='bbox 2273 1447 2328 1493; x_wconf 88' lang='lat' dir='ltr'><strong>et</strong></span> <span class='ocrx_word' id='word_1_192' title='bbox 2356 1439 2786 1495; x_wconf 79' lang='lat' dir='ltr'><strong>benedictionem</strong></span> <span class='ocrx_word' id='word_1_193' title='bbox 2821 1440 2939 1495; x_wconf 91' lang='lat' dir='ltr'><strong>Dei.</strong></span> <span class='ocrx_word' id='word_1_194' title='bbox 3176 1497 3179 1500; x_wconf 26' lang='lat'><strong>.</strong></span> <span class='ocrx_word' id='word_1_195' title='bbox 3348 1494 3354 1499; x_wconf 89' lang='lat'><strong>.</strong></span> 
     </span>
    </p>
   </div>
   <div class='ocr_carea' id='block_1_30' title="bbox 1895 1531 3424 1604">
    <p class='ocr_par' dir='ltr' id='par_1_30' title="bbox 1895 1531 3424 1604">
     <span class='ocr_line' id='line_1_30' title="bbox 1895 1531 3424 1604; baseline 0.002 -19"><span class='ocrx_word' id='word_1_196' title='bbox 1895 1531 2082 1587; x_wconf 88' lang='lat' dir='ltr'><strong>Dulcia</strong></span> <span class='ocrx_word' id='word_1_197' title='bbox 2109 1541 2237 1587; x_wconf 92' lang='lat' dir='ltr'><strong>sunt</strong></span> <span class='ocrx_word' id='word_1_198' title='bbox 2263 1532 2397 1586; x_wconf 87' lang='lat' dir='ltr'><strong>mihi</strong></span> <span class='ocrx_word' id='word_1_199' title='bbox 2424 1532 2587 1587; x_wconf 88' lang='lat' dir='ltr'><strong>verba</strong></span> <span class='ocrx_word' id='word_1_200' title='bbox 2622 1532 2864 1603; x_wconf 88' lang='lat' dir='ltr'><strong>epistolae</strong></span> <span class='ocrx_word' id='word_1_201' title='bbox 2912 1541 3037 1601; x_wconf 67' lang='lat' dir='ltr'><strong>tute,</strong></span> <span class='ocrx_word' id='word_1_202' title='bbox 3091 1535 3217 1604; x_wconf 90' lang='lat' dir='ltr'><strong>quia</strong></span> <span class='ocrx_word' id='word_1_203' title='bbox 3247 1534 3424 1591; x_wconf 85' lang='lat' dir='ltr'><strong>dulcis</strong></span> 
     </span>
    </p>
   </div>
   <div class='ocr_carea' id='block_1_31' title="bbox 1824 1622 3426 1696">
    <p class='ocr_par' dir='ltr' id='par_1_31' title="bbox 1824 1622 3426 1696">
     <span class='ocr_line' id='line_1_31' title="bbox 1824 1622 3426 1696; baseline 0.001 -17"><span class='ocrx_word' id='word_1_204' title='bbox 1824 1633 1908 1679; x_wconf 93' lang='lat' dir='ltr'><strong>est</strong></span> <span class='ocrx_word' id='word_1_205' title='bbox 1940 1625 2068 1679; x_wconf 91' lang='lat' dir='ltr'><strong>mihi</strong></span> <span class='ocrx_word' id='word_1_206' title='bbox 2101 1622 2325 1678; x_wconf 86' lang='lat' dir='ltr'><strong>affectus</strong></span> <span class='ocrx_word' id='word_1_207' title='bbox 2354 1622 2567 1678; x_wconf 73' lang='lat' dir='ltr'><strong>dilecta:</strong></span> <span class='ocrx_word' id='word_1_208' title='bbox 2598 1623 2731 1678; x_wconf 92' lang='lat' dir='ltr'><strong>mihi</strong></span> <span class='ocrx_word' id='word_1_209' title='bbox 2759 1624 2955 1678; x_wconf 85' lang='lat' dir='ltr'><strong>animae</strong></span> <span class='ocrx_word' id='word_1_210' title='bbox 2994 1633 3099 1679; x_wconf 69' lang='lat' dir='ltr'><strong>tute</strong></span> <span class='ocrx_word' id='word_1_211' title='bbox 3124 1668 3137 1691; x_wconf 92' lang='lat'><strong>,</strong></span> <span class='ocrx_word' id='word_1_212' title='bbox 3183 1625 3250 1680; x_wconf 91' lang='lat' dir='ltr'><strong>ad</strong></span> <span class='ocrx_word' id='word_1_213' title='bbox 3280 1627 3426 1696; x_wconf 87' lang='lat' dir='ltr'><strong>quod</strong></span> 
     </span>
    </p>
   </div>
   <div class='ocr_carea' id='block_1_32' title="bbox 1827 1717 3426 1788">
    <p class='ocr_par' dir='ltr' id='par_1_32' title="bbox 1827 1717 3426 1788">
     <span class='ocr_line' id='line_1_32' title="bbox 1827 1717 3426 1788; baseline 0.002 -17"><span class='ocrx_word' id='word_1_214' title='bbox 1827 1717 2309 1772; x_wconf 87' lang='lat' dir='ltr'><strong>demonstrandum</strong></span> <span class='ocrx_word' id='word_1_215' title='bbox 2345 1731 2450 1771; x_wconf 92' lang='lat' dir='ltr'><strong>non</strong></span> <span class='ocrx_word' id='word_1_216' title='bbox 2489 1731 2625 1785; x_wconf 92' lang='lat' dir='ltr'><strong>opus</strong></span> <span class='ocrx_word' id='word_1_217' title='bbox 2649 1725 2734 1770; x_wconf 90' lang='lat' dir='ltr'><strong>est</strong></span> <span class='ocrx_word' id='word_1_218' title='bbox 2764 1717 3063 1781; x_wconf 84' lang='lat' dir='ltr'><strong>immorari,</strong></span> <span class='ocrx_word' id='word_1_219' title='bbox 3088 1718 3215 1788; x_wconf 91' lang='lat' dir='ltr'><strong>quia</strong></span> <span class='ocrx_word' id='word_1_220' title='bbox 3241 1726 3426 1774; x_wconf 87' lang='lat' dir='ltr'><strong>certus</strong></span> 
     </span>
    </p>
   </div>
   <div class='ocr_carea' id='block_1_33' title="bbox 134 1800 3423 1893">
    <p class='ocr_par' dir='ltr' id='par_1_33' title="bbox 134 1800 3423 1893">
     <span class='ocr_line' id='line_1_33' title="bbox 134 1800 3423 1893; baseline -0.002 -25"><span class='ocrx_word' id='word_1_221' title='bbox 134 1830 350 1884; x_wconf 65' lang='grc' dir='ltr'><strong>ιιεδίηιο</strong></span> <span class='ocrx_word' id='word_1_222' title='bbox 404 1800 657 1882; x_wconf 50' lang='lat' dir='ltr'><strong>“sum</strong></span> <span class='ocrx_word' id='word_1_223' title='bbox 687 1869 703 1893; x_wconf 47' lang='grc' dir='ltr'><strong>ν</strong></span> <span class='ocrx_word' id='word_1_224' title='bbox 764 1841 902 1881; x_wconf 67' lang='lat' dir='ltr'><strong>unus</strong></span> <span class='ocrx_word' id='word_1_225' title='bbox 957 1841 1024 1879; x_wconf 58' lang='lat' dir='ltr'><strong>ex</strong></span> <span class='ocrx_word' id='word_1_226' title='bbox 1067 1823 1238 1879; x_wconf 63' lang='lat' dir='ltr'><strong>servis</strong></span> <span class='ocrx_word' id='word_1_227' title='bbox 1270 1821 1405 1885; x_wconf 57' lang='lat' dir='ltr'><strong>suis,</strong></span> <span class='ocrx_word' id='word_1_228' title='bbox 1431 1828 1487 1876; x_wconf 57' lang='lat' dir='ltr'><strong>ei</strong></span> <span class='ocrx_word' id='word_1_229' title='bbox 1515 1819 1727 1873; x_wconf 69' lang='lat' dir='ltr'><strong>minam</strong></span> <span class='ocrx_word' id='word_1_230' title='bbox 1763 1800 1803 1859; x_wconf 88' lang='grc' dir='ltr'>Β</span> <span class='ocrx_word' id='word_1_231' title='bbox 1831 1824 1950 1865; x_wconf 90' lang='lat' dir='ltr'><strong>sum</strong></span> <span class='ocrx_word' id='word_1_232' title='bbox 1986 1808 2127 1879; x_wconf 91' lang='lat' dir='ltr'><strong>quod</strong></span> <span class='ocrx_word' id='word_1_233' title='bbox 2151 1824 2245 1862; x_wconf 90' lang='lat' dir='ltr'><strong>cor</strong></span> <span class='ocrx_word' id='word_1_234' title='bbox 2267 1823 2445 1864; x_wconf 88' lang='lat' dir='ltr'><strong>meum</strong></span> <span class='ocrx_word' id='word_1_235' title='bbox 2479 1823 2607 1877; x_wconf 88' lang='lat' dir='ltr'><strong>erga</strong></span> <span class='ocrx_word' id='word_1_236' title='bbox 2654 1816 2706 1862; x_wconf 93' lang='lat' dir='ltr'><strong>te</strong></span> <span class='ocrx_word' id='word_1_237' title='bbox 2749 1810 2900 1863; x_wconf 89' lang='lat' dir='ltr'><strong>novit</strong></span> <span class='ocrx_word' id='word_1_238' title='bbox 2941 1811 3278 1866; x_wconf 89' lang='lat' dir='ltr'><strong>conscientia</strong></span> <span class='ocrx_word' id='word_1_239' title='bbox 3310 1819 3423 1866; x_wconf 88' lang='lat' dir='ltr'><strong>tua.</strong></span> 
     </span>
    </p>
   </div>
   <div class='ocr_carea' id='block_1_34' title="bbox 134 1909 1731 1985">
    <p class='ocr_par' dir='ltr' id='par_1_34' title="bbox 134 1909 1731 1985">
     <span class='ocr_line' id='line_1_34' title="bbox 134 1909 1731 1985; baseline -0.006 -10"><span class='ocrx_word' id='word_1_240' title='bbox 134 1922 399 1976; x_wconf 84' lang='lat' dir='ltr'><strong>minimus</strong></span> <span class='ocrx_word' id='word_1_241' title='bbox 428 1934 708 1976; x_wconf 86' lang='lat' dir='ltr'><strong>servorum</strong></span> <span class='ocrx_word' id='word_1_242' title='bbox 735 1918 854 1985; x_wconf 89' lang='lat' dir='ltr'><strong>Dei,</strong></span> <span class='ocrx_word' id='word_1_243' title='bbox 882 1917 1260 1983; x_wconf 77' lang='lat' dir='ltr'><strong>GUILLsLuus,</strong></span> <span class='ocrx_word' id='word_1_244' title='bbox 1291 1920 1491 1984; x_wconf 74' lang='lat' dir='ltr'><strong>optata:</strong></span> <span class='ocrx_word' id='word_1_245' title='bbox 1540 1909 1731 1967; x_wconf 88' lang='lat' dir='ltr'><strong>salutis</strong></span> 
     </span>
    </p>
   </div>
   <div class='ocr_carea' id='block_1_35' title="bbox 133 2015 1394 2086">
    <p class='ocr_par' dir='ltr' id='par_1_35' title="bbox 133 2015 1394 2086">
     <span class='ocr_line' id='line_1_35' title="bbox 133 2015 1394 2086; baseline -0.007 -18"><span class='ocrx_word' id='word_1_246' title='bbox 133 2031 169 2086; x_wconf 83' lang='lat' dir='ltr'><strong>g</strong></span> <span class='ocrx_word' id='word_1_247' title='bbox 186 2015 422 2069; x_wconf 62' lang='lat' dir='ltr'><strong>rudium.</strong></span> <span class='ocrx_word' id='word_1_248' title='bbox 1390 2055 1394 2059; x_wconf 81' lang='lat'><strong>.</strong></span> 
     </span>
    </p>
   </div>
   <div class='ocr_carea' id='block_1_36' title="bbox 213 2096 1729 2160">
    <p class='ocr_par' dir='ltr' id='par_1_36' title="bbox 213 2096 1729 2160">
     <span class='ocr_line' id='line_1_36' title="bbox 213 2096 1729 2160; baseline -0.008 0"><span class='ocrx_word' id='word_1_249' title='bbox 213 2104 328 2160; x_wconf 79' lang='lat' dir='ltr'><strong>Non</strong></span> <span class='ocrx_word' id='word_1_250' title='bbox 353 2113 437 2159; x_wconf 89' lang='lat' dir='ltr'><strong>est</strong></span> <span class='ocrx_word' id='word_1_251' title='bbox 468 2112 715 2158; x_wconf 87' lang='lat' dir='ltr'><strong>nostrum</strong></span> <span class='ocrx_word' id='word_1_252' title='bbox 760 2101 825 2158; x_wconf 90' lang='lat' dir='ltr'><strong>de</strong></span> <span class='ocrx_word' id='word_1_253' title='bbox 875 2099 1083 2156; x_wconf 90' lang='lat' dir='ltr'><strong>meritis</strong></span> <span class='ocrx_word' id='word_1_254' title='bbox 1129 2105 1441 2155; x_wconf 83' lang='lat' dir='ltr'><strong>sanctorum</strong></span> <span class='ocrx_word' id='word_1_255' title='bbox 1488 2096 1729 2151; x_wconf 80' lang='lat' dir='ltr'><strong>virorum</strong></span> 
     </span>
    </p>
   </div>
   <div class='ocr_carea' id='block_1_37' title="bbox 138 2187 1731 2259">
    <p class='ocr_par' dir='ltr' id='par_1_37' title="bbox 138 2187 1731 2259">
     <span class='ocr_line' id='line_1_37' title="bbox 138 2187 1731 2259; baseline -0.006 -7"><span class='ocrx_word' id='word_1_256' title='bbox 138 2197 426 2259; x_wconf 63' lang='lat' dir='ltr'><strong>extollere,</strong></span> <span class='ocrx_word' id='word_1_257' title='bbox 477 2213 577 2252; x_wconf 90' lang='lat' dir='ltr'><strong>nec</strong></span> <span class='ocrx_word' id='word_1_258' title='bbox 601 2197 786 2253; x_wconf 85' lang='lat' dir='ltr'><strong>laudes</strong></span> <span class='ocrx_word' id='word_1_259' title='bbox 812 2188 997 2251; x_wconf 85' lang='lat' dir='ltr'><strong>eorum</strong></span> <span class='ocrx_word' id='word_1_260' title='bbox 1029 2202 1288 2259; x_wconf 89' lang='lat' dir='ltr'><strong>atterere,</strong></span> <span class='ocrx_word' id='word_1_261' title='bbox 1323 2192 1420 2247; x_wconf 89' lang='lat' dir='ltr'><strong>sed</strong></span> <span class='ocrx_word' id='word_1_262' title='bbox 1449 2191 1592 2246; x_wconf 91' lang='lat' dir='ltr'><strong>Dens</strong></span> <span class='ocrx_word' id='word_1_263' title='bbox 1640 2187 1731 2259; x_wconf 90' lang='lat' dir='ltr'><strong>qui</strong></span> 
     </span>
    </p>
   </div>
   <div class='ocr_carea' id='block_1_38' title="bbox 144 2285 1733 2355">
    <p class='ocr_par' dir='ltr' id='par_1_38' title="bbox 144 2285 1733 2355">
     <span class='ocr_line' id='line_1_38' title="bbox 144 2285 1733 2355; baseline -0.004 -15"><span class='ocrx_word' id='word_1_264' title='bbox 144 2287 413 2355; x_wconf 74' lang='lat' dir='ltr'><strong>gloriatur</strong></span> <span class='ocrx_word' id='word_1_265' title='bbox 440 2286 493 2341; x_wconf 92' lang='lat' dir='ltr'><strong>in</strong></span> <span class='ocrx_word' id='word_1_266' title='bbox 525 2287 732 2342; x_wconf 87' lang='lat' dir='ltr'><strong>sanctis</strong></span> <span class='ocrx_word' id='word_1_267' title='bbox 760 2287 872 2341; x_wconf 91' lang='lat' dir='ltr'><strong>suis</strong></span> <span class='ocrx_word' id='word_1_268' title='bbox 917 2294 973 2341; x_wconf 90' lang='lat' dir='ltr'><strong>et</strong></span> <span class='ocrx_word' id='word_1_269' title='bbox 999 2285 1084 2340; x_wconf 91' lang='lat' dir='ltr'><strong>cui</strong></span> <span class='ocrx_word' id='word_1_270' title='bbox 1123 2298 1285 2339; x_wconf 91' lang='lat' dir='ltr'><strong>omne</strong></span> <span class='ocrx_word' id='word_1_271' title='bbox 1317 2297 1411 2337; x_wconf 82' lang='lat' dir='ltr'><strong>cor</strong></span> <span class='ocrx_word' id='word_1_272' title='bbox 1437 2289 1609 2351; x_wconf 90' lang='lat' dir='ltr'><strong>patet,</strong></span> <span class='ocrx_word' id='word_1_273' title='bbox 1638 2294 1733 2334; x_wconf 83' lang='lat' dir='ltr'><strong>uo-</strong></span> 
     </span>
    </p>
   </div>
   <div class='ocr_carea' id='block_1_39' title="bbox 140 2370 1729 2448">
    <p class='ocr_par' dir='ltr' id='par_1_39' title="bbox 140 2370 1729 2448">
     <span class='ocr_line' id='line_1_39' title="bbox 140 2370 1729 2448; baseline -0.001 -23"><span class='ocrx_word' id='word_1_274' title='bbox 140 2378 221 2431; x_wconf 72' lang='lat' dir='ltr'><strong>vit</strong></span> <span class='ocrx_word' id='word_1_275' title='bbox 250 2385 448 2448; x_wconf 91' lang='lat' dir='ltr'><strong>quanta</strong></span> <span class='ocrx_word' id='word_1_276' title='bbox 482 2377 552 2431; x_wconf 91' lang='lat' dir='ltr'><strong>sit</strong></span> <span class='ocrx_word' id='word_1_277' title='bbox 580 2376 795 2431; x_wconf 82' lang='lat' dir='ltr'><strong>devotio</strong></span> <span class='ocrx_word' id='word_1_278' title='bbox 826 2375 1148 2430; x_wconf 88' lang='lat' dir='ltr'><strong>humilitatis</strong></span> <span class='ocrx_word' id='word_1_279' title='bbox 1184 2383 1385 2429; x_wconf 67' lang='lat' dir='ltr'><strong>nostra;</strong></span> <span class='ocrx_word' id='word_1_280' title='bbox 1437 2374 1491 2427; x_wconf 92' lang='lat' dir='ltr'><strong>iu</strong></span> <span class='ocrx_word' id='word_1_281' title='bbox 1538 2370 1729 2437; x_wconf 90' lang='lat' dir='ltr'><strong>Deum,</strong></span> 
     </span>
    </p>
   </div>
   <div class='ocr_carea' id='block_1_40' title="bbox 141 2465 1729 2536">
    <p class='ocr_par' dir='ltr' id='par_1_40' title="bbox 141 2465 1729 2536">
     <span class='ocr_line' id='line_1_40' title="bbox 141 2465 1729 2536; baseline -0.003 -17"><span class='ocrx_word' id='word_1_282' title='bbox 141 2477 411 2536; x_wconf 84' lang='lat' dir='ltr'><strong>quantave</strong></span> <span class='ocrx_word' id='word_1_283' title='bbox 448 2469 610 2523; x_wconf 87' lang='lat' dir='ltr'><strong>animi</strong></span> <span class='ocrx_word' id='word_1_284' title='bbox 660 2466 946 2522; x_wconf 80' lang='lat' dir='ltr'><strong>atl‘ectione</strong></span> <span class='ocrx_word' id='word_1_285' title='bbox 995 2466 1160 2535; x_wconf 80' lang='lat' dir='ltr'><strong>diligo</strong></span> <span class='ocrx_word' id='word_1_286' title='bbox 1209 2465 1408 2520; x_wconf 88' lang='lat' dir='ltr'><strong>bonum</strong></span> <span class='ocrx_word' id='word_1_287' title='bbox 1461 2470 1729 2519; x_wconf 89' lang='lat' dir='ltr'><strong>vestrum.</strong></span> 
     </span>
    </p>
   </div>
   <div class='ocr_carea' id='block_1_41' title="bbox 142 2553 1730 2625">
    <p class='ocr_par' dir='ltr' id='par_1_41' title="bbox 142 2553 1730 2625">
     <span class='ocr_line' id='line_1_41' title="bbox 142 2553 1730 2625; baseline -0.001 -16"><span class='ocrx_word' id='word_1_288' title='bbox 142 2556 253 2611; x_wconf 83' lang='lat' dir='ltr'><strong>Nec</strong></span> <span class='ocrx_word' id='word_1_289' title='bbox 302 2558 598 2613; x_wconf 91' lang='lat' dir='ltr'><strong>immerito.</strong></span> <span class='ocrx_word' id='word_1_290' title='bbox 648 2556 763 2610; x_wconf 73' lang='lat' dir='ltr'><strong>Non</strong></span> <span class='ocrx_word' id='word_1_291' title='bbox 803 2566 888 2612; x_wconf 93' lang='lat' dir='ltr'><strong>est</strong></span> <span class='ocrx_word' id='word_1_292' title='bbox 915 2556 1059 2610; x_wconf 86' lang='lat' dir='ltr'><strong>enim</strong></span> <span class='ocrx_word' id='word_1_293' title='bbox 1102 2555 1237 2609; x_wconf 91' lang='lat' dir='ltr'><strong>mihi</strong></span> <span class='ocrx_word' id='word_1_294' title='bbox 1295 2554 1625 2625; x_wconf 89' lang='lat' dir='ltr'><strong>incognitum</strong></span> <span class='ocrx_word' id='word_1_295' title='bbox 1684 2553 1730 2608; x_wconf 89' lang='lat' dir='ltr'><strong>si</strong></span> 
     </span>
    </p>
   </div>
   <div class='ocr_carea' id='block_1_42' title="bbox 142 2646 1724 2727">
    <p class='ocr_par' dir='ltr' id='par_1_42' title="bbox 142 2646 1724 2727">
     <span class='ocr_line' id='line_1_42' title="bbox 142 2646 1724 2727; baseline 0.001 -28"><span class='ocrx_word' id='word_1_296' title='bbox 142 2648 271 2727; x_wconf 84' lang='lat' dir='ltr'><strong>quid</strong></span> <span class='ocrx_word' id='word_1_297' title='bbox 294 2648 433 2704; x_wconf 85' lang='lat' dir='ltr'><strong>foret</strong></span> <span class='ocrx_word' id='word_1_298' title='bbox 458 2649 513 2704; x_wconf 91' lang='lat' dir='ltr'><strong>iu</strong></span> <span class='ocrx_word' id='word_1_299' title='bbox 540 2662 628 2703; x_wconf 89' lang='lat' dir='ltr'><strong>me</strong></span> <span class='ocrx_word' id='word_1_300' title='bbox 650 2647 731 2701; x_wconf 88' lang='lat' dir='ltr'><strong>vel</strong></span> <span class='ocrx_word' id='word_1_301' title='bbox 761 2648 1068 2715; x_wconf 87' lang='lat' dir='ltr'><strong>minimum,</strong></span> <span class='ocrx_word' id='word_1_302' title='bbox 1094 2661 1256 2719; x_wconf 82' lang='lat' dir='ltr'><strong>quam</strong></span> <span class='ocrx_word' id='word_1_303' title='bbox 1280 2647 1448 2703; x_wconf 88' lang='lat' dir='ltr'><strong>nimio</strong></span> <span class='ocrx_word' id='word_1_304' title='bbox 1472 2646 1589 2703; x_wconf 89' lang='lat' dir='ltr'><strong>zelo</strong></span> <span class='ocrx_word' id='word_1_305' title='bbox 1615 2661 1724 2701; x_wconf 83' lang='lat' dir='ltr'><strong>atu-</strong></span> 
     </span>
    </p>
   </div>
   <div class='ocr_carea' id='block_1_43' title="bbox 141 2740 1735 2820">
    <p class='ocr_par' dir='ltr' id='par_1_43' title="bbox 141 2740 1735 2820">
     <span class='ocr_line' id='line_1_43' title="bbox 141 2740 1735 2820; baseline -0.004 -19"><span class='ocrx_word' id='word_1_306' title='bbox 141 2743 512 2820; x_wconf 62' lang='lat' dir='ltr'><strong>plmzteremiui</strong></span> <span class='ocrx_word' id='word_1_307' title='bbox 546 2744 747 2800; x_wconf 81' lang='lat' dir='ltr'><strong>bonum</strong></span> <span class='ocrx_word' id='word_1_308' title='bbox 775 2757 973 2797; x_wconf 90' lang='lat' dir='ltr'><strong>meum.</strong></span> <span class='ocrx_word' id='word_1_309' title='bbox 1005 2740 1112 2796; x_wconf 90' lang='lat' dir='ltr'><strong>Sed</strong></span> <span class='ocrx_word' id='word_1_310' title='bbox 1137 2741 1391 2810; x_wconf 91' lang='lat' dir='ltr'><strong>quoniam</strong></span> <span class='ocrx_word' id='word_1_311' title='bbox 1417 2741 1482 2796; x_wconf 91' lang='lat' dir='ltr'><strong>de</strong></span> <span class='ocrx_word' id='word_1_312' title='bbox 1507 2740 1735 2795; x_wconf 84' lang='lat' dir='ltr'><strong>merito-</strong></span> 
     </span>
    </p>
   </div>
   <div class='ocr_carea' id='block_1_44' title="bbox 146 2820 1735 2907">
    <p class='ocr_par' dir='ltr' id='par_1_44' title="bbox 146 2820 1735 2907">
     <span class='ocr_line' id='line_1_44' title="bbox 146 2820 1735 2907; baseline -0.004 -13"><span class='ocrx_word' id='word_1_313' title='bbox 146 2855 267 2894; x_wconf 89' lang='lat' dir='ltr'><strong>rum</strong></span> <span class='ocrx_word' id='word_1_314' title='bbox 298 2853 540 2893; x_wconf 91' lang='lat' dir='ltr'><strong>meorum</strong></span> <span class='ocrx_word' id='word_1_315' title='bbox 572 2836 835 2907; x_wconf 89' lang='lat' dir='ltr'><strong>qualitate</strong></span> <span class='ocrx_word' id='word_1_316' title='bbox 861 2820 1063 2902; x_wconf 77' lang='lat' dir='ltr'><strong>difﬁdo,</strong></span> <span class='ocrx_word' id='word_1_317' title='bbox 1105 2833 1368 2888; x_wconf 85' lang='lat' dir='ltr'><strong>immundi</strong></span> <span class='ocrx_word' id='word_1_318' title='bbox 1404 2832 1605 2888; x_wconf 89' lang='lat' dir='ltr'><strong>etenim</strong></span> <span class='ocrx_word' id='word_1_319' title='bbox 1634 2834 1735 2888; x_wconf 86' lang='lat' dir='ltr'><strong>ho-</strong></span> 
     </span>
    </p>
   </div>
   <div class='ocr_carea' id='block_1_45' title="bbox 150 2923 1739 2994">
    <p class='ocr_par' dir='ltr' id='par_1_45' title="bbox 150 2923 1739 2994">
     <span class='ocr_line' id='line_1_45' title="bbox 150 2923 1739 2994; baseline -0.003 -10"><span class='ocrx_word' id='word_1_320' title='bbox 150 2930 309 2985; x_wconf 91' lang='lat' dir='ltr'><strong>minis</strong></span> <span class='ocrx_word' id='word_1_321' title='bbox 338 2928 616 2983; x_wconf 91' lang='lat' dir='ltr'><strong>immunda</strong></span> <span class='ocrx_word' id='word_1_322' title='bbox 651 2935 736 2982; x_wconf 91' lang='lat' dir='ltr'><strong>est</strong></span> <span class='ocrx_word' id='word_1_323' title='bbox 783 2925 991 2993; x_wconf 87' lang='lat' dir='ltr'><strong>oratio,</strong></span> <span class='ocrx_word' id='word_1_324' title='bbox 1024 2924 1251 2994; x_wconf 79' lang='lat' dir='ltr'><strong>genibus</strong></span> <span class='ocrx_word' id='word_1_325' title='bbox 1281 2940 1345 2979; x_wconf 90' lang='lat' dir='ltr'><strong>ac</strong></span> <span class='ocrx_word' id='word_1_326' title='bbox 1391 2923 1617 2994; x_wconf 90' lang='lat' dir='ltr'><strong>pedibus</strong></span> <span class='ocrx_word' id='word_1_327' title='bbox 1649 2940 1739 2980; x_wconf 88' lang='lat' dir='ltr'><strong>ve-</strong></span> 
     </span>
    </p>
   </div>
   <div class='ocr_carea' id='block_1_46' title="bbox 147 3018 1737 3094">
    <p class='ocr_par' dir='ltr' id='par_1_46' title="bbox 147 3018 1737 3094">
     <span class='ocr_line' id='line_1_46' title="bbox 147 3018 1737 3094; baseline -0.005 -15"><span class='ocrx_word' id='word_1_328' title='bbox 147 3024 275 3079; x_wconf 86' lang='lat' dir='ltr'><strong>stris</strong></span> <span class='ocrx_word' id='word_1_329' title='bbox 301 3023 453 3094; x_wconf 86' lang='lat' dir='ltr'><strong>quasi</strong></span> <span class='ocrx_word' id='word_1_330' title='bbox 482 3021 767 3076; x_wconf 90' lang='lat' dir='ltr'><strong>advolutus</strong></span> <span class='ocrx_word' id='word_1_331' title='bbox 792 3061 806 3085; x_wconf 93' lang='lat'><strong>,</strong></span> <span class='ocrx_word' id='word_1_332' title='bbox 854 3034 1017 3090; x_wconf 90' lang='lat' dir='ltr'><strong>quam</strong></span> <span class='ocrx_word' id='word_1_333' title='bbox 1067 3018 1334 3074; x_wconf 79' lang='lat' dir='ltr'><strong>obnoxius</strong></span> <span class='ocrx_word' id='word_1_334' title='bbox 1382 3032 1604 3087; x_wconf 90' lang='lat' dir='ltr'><strong>possum</strong></span> <span class='ocrx_word' id='word_1_335' title='bbox 1636 3030 1737 3071; x_wconf 90' lang='lat' dir='ltr'><strong>vos</strong></span> 
     </span>
    </p>
   </div>
   <div class='ocr_carea' id='block_1_47' title="bbox 1832 1900 3423 1972">
    <p class='ocr_par' dir='ltr' id='par_1_47' title="bbox 1832 1900 3423 1972">
     <span class='ocr_line' id='line_1_47' title="bbox 1832 1900 3423 1972; baseline 0.002 -17"><span class='ocrx_word' id='word_1_336' title='bbox 1832 1900 2062 1957; x_wconf 87' lang='lat' dir='ltr'><strong>Litteras</strong></span> <span class='ocrx_word' id='word_1_337' title='bbox 2091 1916 2227 1971; x_wconf 88' lang='lat' dir='ltr'><strong>quas</strong></span> <span class='ocrx_word' id='word_1_338' title='bbox 2249 1901 2449 1971; x_wconf 65' lang='lat' dir='ltr'><strong>qnazris</strong></span> <span class='ocrx_word' id='word_1_339' title='bbox 2474 1902 2614 1972; x_wconf 89' lang='lat' dir='ltr'><strong>regis</strong></span> <span class='ocrx_word' id='word_1_340' title='bbox 2647 1900 2714 1954; x_wconf 90' lang='lat' dir='ltr'><strong>ad</strong></span> <span class='ocrx_word' id='word_1_341' title='bbox 2743 1915 2939 1971; x_wconf 85' lang='lat' dir='ltr'><strong>papam</strong></span> <span class='ocrx_word' id='word_1_342' title='bbox 2975 1917 3080 1956; x_wconf 88' lang='lat' dir='ltr'><strong>nou</strong></span> <span class='ocrx_word' id='word_1_343' title='bbox 3115 1903 3210 1957; x_wconf 91' lang='lat' dir='ltr'><strong>tibi</strong></span> <span class='ocrx_word' id='word_1_344' title='bbox 3245 1903 3423 1967; x_wconf 88' lang='lat' dir='ltr'><strong>mitto,</strong></span> 
     </span>
    </p>
   </div>
   <div class='ocr_carea' id='block_1_48' title="bbox 1832 1993 3428 2066">
    <p class='ocr_par' dir='ltr' id='par_1_48' title="bbox 1832 1993 3428 2066">
     <span class='ocr_line' id='line_1_48' title="bbox 1832 1993 3428 2066; baseline 0.003 -18"><span class='ocrx_word' id='word_1_345' title='bbox 1832 1994 1957 2064; x_wconf 89' lang='lat' dir='ltr'><strong>quia</strong></span> <span class='ocrx_word' id='word_1_346' title='bbox 2005 2009 2109 2048; x_wconf 84' lang='lat' dir='ltr'><strong>non</strong></span> <span class='ocrx_word' id='word_1_347' title='bbox 2146 1993 2387 2064; x_wconf 81' lang='lat' dir='ltr'><strong>intelligo</strong></span> <span class='ocrx_word' id='word_1_348' title='bbox 2416 1993 2548 2048; x_wconf 88' lang='lat' dir='ltr'><strong>utile</strong></span> <span class='ocrx_word' id='word_1_349' title='bbox 2598 2008 2718 2049; x_wconf 89' lang='lat' dir='ltr'><strong>esse</strong></span> <span class='ocrx_word' id='word_1_350' title='bbox 2768 1994 2812 2049; x_wconf 88' lang='lat' dir='ltr'><strong>si</strong></span> <span class='ocrx_word' id='word_1_351' title='bbox 2858 2004 3163 2049; x_wconf 86' lang='lat' dir='ltr'><strong>serventur.</strong></span> <span class='ocrx_word' id='word_1_352' title='bbox 3194 1994 3251 2050; x_wconf 93' lang='lat' dir='ltr'><strong>Si</strong></span> <span class='ocrx_word' id='word_1_353' title='bbox 3295 1998 3428 2066; x_wconf 88' lang='lat' dir='ltr'><strong>quid</strong></span> 
     </span>
    </p>
   </div>
   <div class='ocr_carea' id='block_1_49' title="bbox 1832 2074 3430 2154">
    <p class='ocr_par' dir='ltr' id='par_1_49' title="bbox 1832 2074 3430 2154">
     <span class='ocr_line' id='line_1_49' title="bbox 1832 2074 3430 2154; baseline 0 -13"><span class='ocrx_word' id='word_1_354' title='bbox 1832 2085 1974 2141; x_wconf 90' lang='lat' dir='ltr'><strong>aliud</strong></span> <span class='ocrx_word' id='word_1_355' title='bbox 1997 2074 2219 2152; x_wconf 75' lang='lat' dir='ltr'><strong>iuvante</strong></span> <span class='ocrx_word' id='word_1_356' title='bbox 2264 2083 2375 2138; x_wconf 91' lang='lat' dir='ltr'><strong>Deo</strong></span> <span class='ocrx_word' id='word_1_357' title='bbox 2396 2083 2687 2153; x_wconf 87' lang='lat' dir='ltr'><strong>scripsero,</strong></span> <span class='ocrx_word' id='word_1_358' title='bbox 2712 2099 2810 2139; x_wconf 91' lang='lat' dir='ltr'><strong>suo</strong></span> <span class='ocrx_word' id='word_1_359' title='bbox 2834 2092 3075 2154; x_wconf 89' lang='lat' dir='ltr'><strong>tempore</strong></span> <span class='ocrx_word' id='word_1_360' title='bbox 3096 2086 3430 2141; x_wconf 80' lang='lat' dir='ltr'><strong>monstrabi-</strong></span> 
     </span>
    </p>
   </div>
   <div class='ocr_carea' id='block_1_50' title="bbox 1835 2176 3431 2248">
    <p class='ocr_par' dir='ltr' id='par_1_50' title="bbox 1835 2176 3431 2248">
     <span class='ocr_line' id='line_1_50' title="bbox 1835 2176 3431 2248; baseline -0.001 -16"><span class='ocrx_word' id='word_1_361' title='bbox 1835 2191 1940 2234; x_wconf 88' lang='lat' dir='ltr'><strong>tur.</strong></span> <span class='ocrx_word' id='word_1_362' title='bbox 1966 2178 2119 2245; x_wconf 86' lang='lat' dir='ltr'><strong>Quod</strong></span> <span class='ocrx_word' id='word_1_363' title='bbox 2144 2185 2324 2231; x_wconf 90' lang='lat' dir='ltr'><strong>autem</strong></span> <span class='ocrx_word' id='word_1_364' title='bbox 2358 2176 2412 2231; x_wconf 93' lang='lat' dir='ltr'><strong>in</strong></span> <span class='ocrx_word' id='word_1_365' title='bbox 2441 2176 2741 2248; x_wconf 89' lang='lat' dir='ltr'><strong>librisquos</strong></span> <span class='ocrx_word' id='word_1_366' title='bbox 2762 2177 3047 2247; x_wconf 81' lang='lat' dir='ltr'><strong>scripsisti,</strong></span> <span class='ocrx_word' id='word_1_367' title='bbox 3066 2178 3314 2247; x_wconf 88' lang='lat' dir='ltr'><strong>corrigis;</strong></span> <span class='ocrx_word' id='word_1_368' title='bbox 3346 2177 3431 2231; x_wconf 91' lang='lat' dir='ltr'><strong>fac</strong></span> 
     </span>
    </p>
   </div>
   <div class='ocr_carea' id='block_1_51' title="bbox 1834 2268 3429 2341">
    <p class='ocr_par' dir='ltr' id='par_1_51' title="bbox 1834 2268 3429 2341">
     <span class='ocr_line' id='line_1_51' title="bbox 1834 2268 3429 2341; baseline 0.001 -17"><span class='ocrx_word' id='word_1_369' title='bbox 1834 2271 1967 2326; x_wconf 89' lang='lat' dir='ltr'><strong>utsi</strong></span> <span class='ocrx_word' id='word_1_370' title='bbox 2017 2270 2107 2340; x_wconf 87' lang='lat' dir='ltr'><strong>qui</strong></span> <span class='ocrx_word' id='word_1_371' title='bbox 2152 2285 2216 2325; x_wconf 79' lang='lat' dir='ltr'><strong>ex</strong></span> <span class='ocrx_word' id='word_1_372' title='bbox 2249 2269 2354 2324; x_wconf 91' lang='lat' dir='ltr'><strong>illis</strong></span> <span class='ocrx_word' id='word_1_373' title='bbox 2380 2268 2695 2339; x_wconf 83' lang='lat' dir='ltr'><strong>transcripti</strong></span> <span class='ocrx_word' id='word_1_374' title='bbox 2753 2282 2912 2336; x_wconf 71' lang='lat' dir='ltr'><strong>sunt,</strong></span> <span class='ocrx_word' id='word_1_375' title='bbox 2963 2269 3015 2323; x_wconf 93' lang='lat' dir='ltr'><strong>iu</strong></span> <span class='ocrx_word' id='word_1_376' title='bbox 3052 2270 3157 2326; x_wconf 80' lang='lat' dir='ltr'><strong>illis</strong></span> <span class='ocrx_word' id='word_1_377' title='bbox 3209 2285 3429 2341; x_wconf 88' lang='lat' dir='ltr'><strong>quoque</strong></span> 
     </span>
    </p>
   </div>
   <div class='ocr_carea' id='block_1_52' title="bbox 1833 2359 3432 2432">
    <p class='ocr_par' dir='ltr' id='par_1_52' title="bbox 1833 2359 3432 2432">
     <span class='ocr_line' id='line_1_52' title="bbox 1833 2359 3432 2432; baseline -0.003 -13"><span class='ocrx_word' id='word_1_378' title='bbox 1833 2363 2164 2432; x_wconf 83' lang='lat' dir='ltr'><strong>corrigatur.</strong></span> <span class='ocrx_word' id='word_1_379' title='bbox 2198 2360 2485 2415; x_wconf 89' lang='lat' dir='ltr'><strong>Desideras</strong></span> <span class='ocrx_word' id='word_1_380' title='bbox 2512 2368 2567 2414; x_wconf 93' lang='lat' dir='ltr'><strong>tu</strong></span> <span class='ocrx_word' id='word_1_381' title='bbox 2597 2359 2946 2429; x_wconf 68' lang='lat' dir='ltr'><strong>praesentiain</strong></span> <span class='ocrx_word' id='word_1_382' title='bbox 2984 2374 3196 2427; x_wconf 87' lang='lat' dir='ltr'><strong>meam;</strong></span> <span class='ocrx_word' id='word_1_383' title='bbox 3247 2370 3432 2415; x_wconf 90' lang='lat' dir='ltr'><strong>osten-</strong></span> 
     </span>
    </p>
   </div>
   <div class='ocr_carea' id='block_1_53' title="bbox 1835 2452 3431 2523">
    <p class='ocr_par' dir='ltr' id='par_1_53' title="bbox 1835 2452 3431 2523">
     <span class='ocr_line' id='line_1_53' title="bbox 1835 2452 3431 2523; baseline -0.002 -13"><span class='ocrx_word' id='word_1_384' title='bbox 1835 2455 1927 2510; x_wconf 90' lang='lat' dir='ltr'><strong>dat</strong></span> <span class='ocrx_word' id='word_1_385' title='bbox 1960 2454 2055 2515; x_wconf 88' lang='lat' dir='ltr'><strong>tibi</strong></span> <span class='ocrx_word' id='word_1_386' title='bbox 2083 2455 2223 2509; x_wconf 81' lang='lat' dir='ltr'><strong>Deus</strong></span> <span class='ocrx_word' id='word_1_387' title='bbox 2245 2452 2592 2523; x_wconf 85' lang='lat' dir='ltr'><strong>praesentiam</strong></span> <span class='ocrx_word' id='word_1_388' title='bbox 2620 2466 2777 2508; x_wconf 91' lang='lat' dir='ltr'><strong>suam</strong></span> <span class='ocrx_word' id='word_1_389' title='bbox 2808 2492 2823 2519; x_wconf 94' lang='lat'><strong>,</strong></span> <span class='ocrx_word' id='word_1_390' title='bbox 2879 2460 2935 2509; x_wconf 91' lang='lat' dir='ltr'><strong>et</strong></span> <span class='ocrx_word' id='word_1_391' title='bbox 2965 2453 3185 2509; x_wconf 90' lang='lat' dir='ltr'><strong>interim</strong></span> <span class='ocrx_word' id='word_1_392' title='bbox 3219 2452 3431 2509; x_wconf 86' lang='lat' dir='ltr'><strong>habitet</strong></span> 
     </span>
    </p>
   </div>
   <div class='ocr_carea' id='block_1_54' title="bbox 1836 2523 3265 2618">
    <p class='ocr_par' dir='ltr' id='par_1_54' title="bbox 1836 2523 3265 2618">
     <span class='ocr_line' id='line_1_54' title="bbox 1836 2523 3265 2618; baseline -0.004 -17"><span class='ocrx_word' id='word_1_393' title='bbox 1836 2546 1891 2601; x_wconf 92' lang='lat' dir='ltr'><strong>in</strong></span> <span class='ocrx_word' id='word_1_394' title='bbox 1928 2554 1980 2601; x_wconf 90' lang='lat' dir='ltr'><strong>te</strong></span> <span class='ocrx_word' id='word_1_395' title='bbox 2002 2560 2100 2616; x_wconf 90' lang='lat' dir='ltr'><strong>per</strong></span> <span class='ocrx_word' id='word_1_396' title='bbox 2127 2545 2358 2618; x_wconf 82' lang='lat' dir='ltr'><strong>gratiam</strong></span> <span class='ocrx_word' id='word_1_397' title='bbox 2387 2558 2563 2600; x_wconf 89' lang='lat' dir='ltr'><strong>suam.</strong></span> <span class='ocrx_word' id='word_1_398' title='bbox 2589 2523 2785 2599; x_wconf 69' lang='lat' dir='ltr'><strong>Anien.</strong></span> <span class='ocrx_word' id='word_1_399' title='bbox 3262 2536 3265 2539; x_wconf 71' lang='grc'><em>’</em></span> 
     </span>
    </p>
   </div>
   <div class='ocr_carea' id='block_1_55' title="bbox 2353 2634 2901 2691">
    <p class='ocr_par' dir='ltr' id='par_1_55' title="bbox 2353 2634 2901 2691">
     <span class='ocr_line' id='line_1_55' title="bbox 2353 2634 2901 2691; baseline 0 -1"><span class='ocrx_word' id='word_1_400' title='bbox 2353 2634 2688 2691; x_wconf 80' lang='lat' dir='ltr'><strong>EPISTOLA</strong></span> <span class='ocrx_word' id='word_1_401' title='bbox 2714 2634 2901 2690; x_wconf 82' lang='lat' dir='ltr'>LXXI.</span> 
     </span>
    </p>
   </div>
   <div class='ocr_carea' id='block_1_56' title="bbox 2134 2742 3143 2785">
    <p class='ocr_par' dir='ltr' id='par_1_56' title="bbox 2134 2742 3143 2785">
     <span class='ocr_line' id='line_1_56' title="bbox 2134 2742 3143 2785; baseline 0.001 -2"><span class='ocrx_word' id='word_1_402' title='bbox 2134 2745 2355 2783; x_wconf 75' lang='lat' dir='ltr'><strong>ANSELMI</strong></span> <span class='ocrx_word' id='word_1_403' title='bbox 2386 2744 2454 2783; x_wconf 86' lang='lat' dir='ltr'><strong>AD</strong></span> <span class='ocrx_word' id='word_1_404' title='bbox 2488 2742 2805 2783; x_wconf 71' lang='lat' dir='ltr'><strong>GUNDULFUM</strong></span> <span class='ocrx_word' id='word_1_405' title='bbox 2834 2744 3143 2785; x_wconf 79' lang='lat' dir='ltr'><strong>EPISCOPUII.</strong></span> 
     </span>
    </p>
   </div>
   <div class='ocr_carea' id='block_1_57' title="bbox 1911 2818 3433 2889">
    <p class='ocr_par' dir='ltr' id='par_1_57' title="bbox 1911 2818 3433 2889">
     <span class='ocr_line' id='line_1_57' title="bbox 1911 2818 3433 2889; baseline -0.001 -14"><span class='ocrx_word' id='word_1_406' title='bbox 1911 2821 2195 2875; x_wconf 74' lang='lat' dir='ltr'><strong>AsssLuus</strong></span> <span class='ocrx_word' id='word_1_407' title='bbox 2265 2818 2743 2889; x_wconf 87' lang='lat' dir='ltr'><strong>archiepiscopus,</strong></span> <span class='ocrx_word' id='word_1_408' title='bbox 2813 2820 3109 2877; x_wconf 89' lang='lat' dir='ltr'><strong>reverendo</strong></span> <span class='ocrx_word' id='word_1_409' title='bbox 3178 2819 3433 2889; x_wconf 81' lang='lat' dir='ltr'><strong>episcopo</strong></span> 
     </span>
    </p>
   </div>
   <div class='ocr_carea' id='block_1_58' title="bbox 1838 2912 2434 2979">
    <p class='ocr_par' dir='ltr' id='par_1_58' title="bbox 1838 2912 2434 2979">
     <span class='ocr_line' id='line_1_58' title="bbox 1838 2912 2434 2979; baseline -0.008 -9"><span class='ocrx_word' id='word_1_410' title='bbox 1838 2913 2150 2979; x_wconf 64' lang='lat' dir='ltr'><strong>Gusuuu‘o,</strong></span> <span class='ocrx_word' id='word_1_411' title='bbox 2182 2912 2434 2967; x_wconf 91' lang='lat' dir='ltr'><strong>salutem.</strong></span> 
     </span>
    </p>
   </div>
   <div class='ocr_carea' id='block_1_59' title="bbox 1908 3002 3433 3075">
    <p class='ocr_par' dir='ltr' id='par_1_59' title="bbox 1908 3002 3433 3075">
     <span class='ocr_line' id='line_1_59' title="bbox 1908 3002 3433 3075; baseline -0.003 -14"><span class='ocrx_word' id='word_1_412' title='bbox 1908 3006 2170 3061; x_wconf 85' lang='lat' dir='ltr'><strong>Precatus</strong></span> <span class='ocrx_word' id='word_1_413' title='bbox 2193 3020 2312 3060; x_wconf 91' lang='lat' dir='ltr'><strong>sum</strong></span> <span class='ocrx_word' id='word_1_414' title='bbox 2336 3005 2591 3060; x_wconf 81' lang='lat' dir='ltr'><strong>domuum</strong></span> <span class='ocrx_word' id='word_1_415' title='bbox 2618 3003 2877 3075; x_wconf 88' lang='lat' dir='ltr'><strong>priorem,</strong></span> <span class='ocrx_word' id='word_1_416' title='bbox 2908 3011 2963 3059; x_wconf 88' lang='lat' dir='ltr'><strong>et</strong></span> <span class='ocrx_word' id='word_1_417' title='bbox 2984 3002 3433 3059; x_wconf 82' lang='lat' dir='ltr'><strong>archidiaconum</strong></span> 
     </span>
    </p>
   </div>
   <div class='ocr_carea' id='block_1_60' title="bbox 147 3097 3432 3212">
    <p class='ocr_par' dir='ltr' id='par_1_60' title="bbox 147 3097 3432 3212">
     <span class='ocr_line' id='line_1_60' title="bbox 147 3097 3432 3212; baseline -0.003 -41"><span class='ocrx_word' id='word_1_418' title='bbox 147 3116 429 3186; x_wconf 83' lang='lat' dir='ltr'><strong>deprecor,</strong></span> <span class='ocrx_word' id='word_1_419' title='bbox 448 3116 491 3170; x_wconf 93' lang='lat' dir='ltr'><strong>si</strong></span> <span class='ocrx_word' id='word_1_420' title='bbox 531 3129 763 3184; x_wconf 81' lang='lat' dir='ltr'><strong>unquam</strong></span> <span class='ocrx_word' id='word_1_421' title='bbox 793 3114 859 3168; x_wconf 91' lang='lat' dir='ltr'><strong>de</strong></span> <span class='ocrx_word' id='word_1_422' title='bbox 889 3128 975 3169; x_wconf 90' lang='lat' dir='ltr'><strong>me</strong></span> <span class='ocrx_word' id='word_1_423' title='bbox 996 3113 1231 3182; x_wconf 86' lang='lat' dir='ltr'><strong>gaudere</strong></span> <span class='ocrx_word' id='word_1_424' title='bbox 1266 3109 1564 3177; x_wconf 80' lang='lat' dir='ltr'><strong>volueritis,</strong></span> <span class='ocrx_word' id='word_1_425' title='bbox 1587 3118 1737 3164; x_wconf 89' lang='lat' dir='ltr'><strong>orate</strong></span> <span class='ocrx_word' id='word_1_426' title='bbox 1764 3149 1809 3212; x_wconf 64' lang='grc' dir='ltr'>Ο</span> <span class='ocrx_word' id='word_1_427' title='bbox 1841 3109 2096 3212; x_wconf 54' lang='lat' dir='ltr'><strong>nostrun:</strong></span> <span class='ocrx_word' id='word_1_428' title='bbox 2112 3107 2314 3212; x_wconf 51' lang='lat' dir='ltr'><strong>qluanw</strong></span> <span class='ocrx_word' id='word_1_429' title='bbox 2348 3097 2551 3212; x_wconf 41' lang='lat' dir='ltr'><strong>allecti:</strong></span> <span class='ocrx_word' id='word_1_430' title='bbox 2590 3115 2809 3212; x_wconf 54' lang='lat' dir='ltr'><strong>possum</strong></span> <span class='ocrx_word' id='word_1_431' title='bbox 2833 3139 2849 3164; x_wconf 70' lang='grc' dir='ltr'><strong>ν</strong></span> <span class='ocrx_word' id='word_1_432' title='bbox 2899 3108 2958 3153; x_wconf 77' lang='lat' dir='ltr'><strong>ut</strong></span> <span class='ocrx_word' id='word_1_433' title='bbox 3002 3098 3162 3201; x_wconf 64' lang='lat' dir='ltr'><strong>huius</strong></span> <span class='ocrx_word' id='word_1_434' title='bbox 3185 3098 3432 3212; x_wconf 40' lang='lat' dir='ltr'><strong>.Rgbcrti</strong></span> 
     </span>
    </p>
   </div>
   <div class='ocr_carea' id='block_1_61' title="bbox 152 3205 1733 3277">
    <p class='ocr_par' dir='ltr' id='par_1_61' title="bbox 152 3205 1733 3277">
     <span class='ocr_line' id='line_1_61' title="bbox 152 3205 1733 3277; baseline -0.002 -15"><span class='ocrx_word' id='word_1_435' title='bbox 152 3210 414 3262; x_wconf 86' lang='lat' dir='ltr'><strong>attentius</strong></span> <span class='ocrx_word' id='word_1_436' title='bbox 460 3222 557 3277; x_wconf 91' lang='lat' dir='ltr'><strong>pro</strong></span> <span class='ocrx_word' id='word_1_437' title='bbox 604 3206 771 3262; x_wconf 85' lang='lat' dir='ltr'><strong>fratre</strong></span> <span class='ocrx_word' id='word_1_438' title='bbox 813 3222 933 3263; x_wconf 90' lang='lat' dir='ltr'><strong>meo</strong></span> <span class='ocrx_word' id='word_1_439' title='bbox 968 3206 1251 3262; x_wconf 83' lang='lat' dir='ltr'><strong>Gaufrido.</strong></span> <span class='ocrx_word' id='word_1_440' title='bbox 1295 3205 1421 3260; x_wconf 89' lang='lat' dir='ltr'><strong>Scio</strong></span> <span class='ocrx_word' id='word_1_441' title='bbox 1461 3205 1605 3259; x_wconf 91' lang='lat' dir='ltr'><strong>enim</strong></span> <span class='ocrx_word' id='word_1_442' title='bbox 1637 3220 1733 3274; x_wconf 89' lang='lat' dir='ltr'><strong>per</strong></span> 
     </span>
    </p>
   </div>
   <div class='ocr_carea' id='block_1_62' title="bbox 156 3299 1738 3368">
    <p class='ocr_par' dir='ltr' id='par_1_62' title="bbox 156 3299 1738 3368">
     <span class='ocr_line' id='line_1_62' title="bbox 156 3299 1738 3368; baseline -0.002 -13"><span class='ocrx_word' id='word_1_443' title='bbox 156 3300 250 3355; x_wconf 90' lang='lat' dir='ltr'><strong>Dei</strong></span> <span class='ocrx_word' id='word_1_444' title='bbox 299 3300 725 3356; x_wconf 73' lang='lat' dir='ltr'><strong>misericordiam</strong></span> <span class='ocrx_word' id='word_1_445' title='bbox 790 3299 937 3354; x_wconf 91' lang='lat' dir='ltr'><strong>illum</strong></span> <span class='ocrx_word' id='word_1_446' title='bbox 992 3300 1313 3368; x_wconf 87' lang='lat' dir='ltr'><strong>adepturum</strong></span> <span class='ocrx_word' id='word_1_447' title='bbox 1362 3299 1738 3354; x_wconf 90' lang='lat' dir='ltr'><strong>remissionem</strong></span> 
     </span>
    </p>
   </div>
   <div class='ocr_carea' id='block_1_63' title="bbox 152 3389 1741 3460">
    <p class='ocr_par' dir='ltr' id='par_1_63' title="bbox 152 3389 1741 3460">
     <span class='ocr_line' id='line_1_63' title="bbox 152 3389 1741 3460; baseline -0.002 -14"><span class='ocrx_word' id='word_1_448' title='bbox 152 3398 498 3460; x_wconf 86' lang='lat' dir='ltr'><strong>peccatorum</strong></span> <span class='ocrx_word' id='word_1_449' title='bbox 527 3389 871 3459; x_wconf 85' lang='lat' dir='ltr'><strong>quandoque,</strong></span> <span class='ocrx_word' id='word_1_450' title='bbox 926 3389 970 3444; x_wconf 94' lang='lat' dir='ltr'><strong>si</strong></span> <span class='ocrx_word' id='word_1_451' title='bbox 1002 3405 1069 3445; x_wconf 77' lang='lat' dir='ltr'><strong>ex</strong></span> <span class='ocrx_word' id='word_1_452' title='bbox 1102 3398 1215 3445; x_wconf 92' lang='lat' dir='ltr'><strong>toto</strong></span> <span class='ocrx_word' id='word_1_453' title='bbox 1260 3404 1360 3460; x_wconf 89' lang='lat' dir='ltr'><strong>pro</strong></span> <span class='ocrx_word' id='word_1_454' title='bbox 1405 3404 1471 3444; x_wconf 89' lang='lat' dir='ltr'><strong>eo</strong></span> <span class='ocrx_word' id='word_1_455' title='bbox 1519 3390 1588 3443; x_wconf 90' lang='lat' dir='ltr'><strong>ad</strong></span> <span class='ocrx_word' id='word_1_456' title='bbox 1638 3390 1741 3444; x_wconf 86' lang='lat' dir='ltr'><strong>Do-</strong></span> 
     </span>
    </p>
   </div>
   <div class='ocr_carea' id='block_1_64' title="bbox 151 3480 1736 3546">
    <p class='ocr_par' dir='ltr' id='par_1_64' title="bbox 151 3480 1736 3546">
     <span class='ocr_line' id='line_1_64' title="bbox 151 3480 1736 3546; baseline 0 -11"><span class='ocrx_word' id='word_1_457' title='bbox 151 3483 359 3536; x_wconf 85' lang='lat' dir='ltr'><strong>minum</strong></span> <span class='ocrx_word' id='word_1_458' title='bbox 427 3482 811 3537; x_wconf 87' lang='lat' dir='ltr'><strong>elamaveritis.</strong></span> <span class='ocrx_word' id='word_1_459' title='bbox 878 3480 989 3537; x_wconf 85' lang='lat' dir='ltr'><strong>Nec</strong></span> <span class='ocrx_word' id='word_1_460' title='bbox 1059 3482 1113 3537; x_wconf 89' lang='lat' dir='ltr'><strong>id</strong></span> <span class='ocrx_word' id='word_1_461' title='bbox 1172 3482 1295 3536; x_wconf 90' lang='lat' dir='ltr'><strong>dico</strong></span> <span class='ocrx_word' id='word_1_462' title='bbox 1345 3482 1463 3535; x_wconf 89' lang='lat' dir='ltr'><strong>sine</strong></span> <span class='ocrx_word' id='word_1_463' title='bbox 1521 3495 1736 3546; x_wconf 88' lang='lat' dir='ltr'><strong>causa;</strong></span> 
     </span>
    </p>
   </div>
   <div class='ocr_carea' id='block_1_65' title="bbox 154 3572 1742 3645">
    <p class='ocr_par' dir='ltr' id='par_1_65' title="bbox 154 3572 1742 3645">
     <span class='ocr_line' id='line_1_65' title="bbox 154 3572 1742 3645; baseline 0.002 -18"><span class='ocrx_word' id='word_1_464' title='bbox 154 3573 248 3627; x_wconf 87' lang='lat' dir='ltr'><strong>sed</strong></span> <span class='ocrx_word' id='word_1_465' title='bbox 276 3572 487 3628; x_wconf 84' lang='lat' dir='ltr'><strong>interim</strong></span> <span class='ocrx_word' id='word_1_466' title='bbox 518 3572 747 3629; x_wconf 77' lang='lat' dir='ltr'><strong>sufﬁciat</strong></span> <span class='ocrx_word' id='word_1_467' title='bbox 771 3574 924 3629; x_wconf 91' lang='lat' dir='ltr'><strong>vobis</strong></span> <span class='ocrx_word' id='word_1_468' title='bbox 953 3575 1094 3644; x_wconf 91' lang='lat' dir='ltr'><strong>quod</strong></span> <span class='ocrx_word' id='word_1_469' title='bbox 1125 3574 1461 3645; x_wconf 65' lang='lat' dir='ltr'><strong>praemissum</strong></span> <span class='ocrx_word' id='word_1_470' title='bbox 1501 3583 1603 3639; x_wconf 92' lang='lat' dir='ltr'><strong>est,</strong></span> <span class='ocrx_word' id='word_1_471' title='bbox 1648 3575 1742 3630; x_wconf 87' lang='lat' dir='ltr'><strong>do-</strong></span> 
     </span>
    </p>
   </div>
   <div class='ocr_carea' id='block_1_66' title="bbox 154 3664 1743 3719">
    <p class='ocr_par' dir='ltr' id='par_1_66' title="bbox 154 3664 1743 3719">
     <span class='ocr_line' id='line_1_66' title="bbox 154 3664 1743 3719; baseline 0 -1"><span class='ocrx_word' id='word_1_472' title='bbox 154 3679 254 3719; x_wconf 83' lang='lat' dir='ltr'><strong>nec</strong></span> <span class='ocrx_word' id='word_1_473' title='bbox 282 3665 665 3719; x_wconf 83' lang='lat' dir='ltr'><strong>conveniamus</strong></span> <span class='ocrx_word' id='word_1_474' title='bbox 692 3664 744 3719; x_wconf 91' lang='lat' dir='ltr'><strong>iu</strong></span> <span class='ocrx_word' id='word_1_475' title='bbox 777 3680 965 3719; x_wconf 90' lang='lat' dir='ltr'><strong>unum.</strong></span> <span class='ocrx_word' id='word_1_476' title='bbox 1017 3664 1177 3719; x_wconf 90' lang='lat' dir='ltr'><strong>Plura</strong></span> <span class='ocrx_word' id='word_1_477' title='bbox 1208 3664 1412 3719; x_wconf 88' lang='lat' dir='ltr'><strong>etenim</strong></span> <span class='ocrx_word' id='word_1_478' title='bbox 1442 3665 1508 3718; x_wconf 92' lang='lat' dir='ltr'><strong>de</strong></span> <span class='ocrx_word' id='word_1_479' title='bbox 1540 3664 1644 3718; x_wconf 93' lang='lat' dir='ltr'><strong>hoc</strong></span> <span class='ocrx_word' id='word_1_480' title='bbox 1687 3672 1743 3719; x_wconf 90' lang='lat' dir='ltr'><strong>et</strong></span> 
     </span>
    </p>
   </div>
   <div class='ocr_carea' id='block_1_67' title="bbox 159 3754 1742 3827">
    <p class='ocr_par' dir='ltr' id='par_1_67' title="bbox 159 3754 1742 3827">
     <span class='ocr_line' id='line_1_67' title="bbox 159 3754 1742 3827; baseline 0.001 -19"><span class='ocrx_word' id='word_1_481' title='bbox 159 3755 375 3827; x_wconf 84' lang='lat' dir='ltr'><strong>dealiis</strong></span> <span class='ocrx_word' id='word_1_482' title='bbox 403 3771 523 3826; x_wconf 69' lang='lat' dir='ltr'><strong>quae</strong></span> <span class='ocrx_word' id='word_1_483' title='bbox 553 3754 746 3810; x_wconf 89' lang='lat' dir='ltr'><strong>vellem</strong></span> <span class='ocrx_word' id='word_1_484' title='bbox 775 3756 958 3811; x_wconf 89' lang='lat' dir='ltr'><strong>dicere</strong></span> <span class='ocrx_word' id='word_1_485' title='bbox 1001 3755 1174 3819; x_wconf 91' lang='lat' dir='ltr'><strong>vobis,</strong></span> <span class='ocrx_word' id='word_1_486' title='bbox 1225 3754 1569 3824; x_wconf 88' lang='lat' dir='ltr'><strong>supersedeo,</strong></span> <span class='ocrx_word' id='word_1_487' title='bbox 1617 3754 1742 3824; x_wconf 91' lang='lat' dir='ltr'><strong>quia</strong></span> 
     </span>
    </p>
   </div>
   <div class='ocr_carea' id='block_1_68' title="bbox 156 3847 1743 3919">
    <p class='ocr_par' dir='ltr' id='par_1_68' title="bbox 156 3847 1743 3919">
     <span class='ocr_line' id='line_1_68' title="bbox 156 3847 1743 3919; baseline 0 -18"><span class='ocrx_word' id='word_1_488' title='bbox 156 3849 338 3903; x_wconf 89' lang='lat' dir='ltr'><strong>omnia</strong></span> <span class='ocrx_word' id='word_1_489' title='bbox 371 3858 614 3919; x_wconf 88' lang='lat' dir='ltr'><strong>tempora</strong></span> <span class='ocrx_word' id='word_1_490' title='bbox 645 3863 740 3904; x_wconf 91' lang='lat' dir='ltr'><strong>sua</strong></span> <span class='ocrx_word' id='word_1_491' title='bbox 775 3849 1010 3915; x_wconf 89' lang='lat' dir='ltr'><strong>habent;</strong></span> <span class='ocrx_word' id='word_1_492' title='bbox 1042 3848 1137 3903; x_wconf 91' lang='lat' dir='ltr'><strong>sed</strong></span> <span class='ocrx_word' id='word_1_493' title='bbox 1177 3849 1430 3918; x_wconf 89' lang='lat' dir='ltr'><strong>quoniam</strong></span> <span class='ocrx_word' id='word_1_494' title='bbox 1461 3847 1659 3902; x_wconf 82' lang='lat' dir='ltr'><strong>videtis</strong></span> <span class='ocrx_word' id='word_1_495' title='bbox 1689 3849 1743 3902; x_wconf 93' lang='lat' dir='ltr'><strong>in</strong></span> 
     </span>
    </p>
   </div>
   <div class='ocr_carea' id='block_1_69' title="bbox 157 3939 1741 4012">
    <p class='ocr_par' dir='ltr' id='par_1_69' title="bbox 157 3939 1741 4012">
     <span class='ocr_line' id='line_1_69' title="bbox 157 3939 1741 4012; baseline 0.001 -19"><span class='ocrx_word' id='word_1_496' title='bbox 157 3939 438 4012; x_wconf 85' lang='lat' dir='ltr'><strong>naufragio</strong></span> <span class='ocrx_word' id='word_1_497' title='bbox 479 3940 665 3997; x_wconf 81' lang='lat' dir='ltr'><strong>fratris</strong></span> <span class='ocrx_word' id='word_1_498' title='bbox 725 3956 810 3997; x_wconf 89' lang='lat' dir='ltr'><strong>me</strong></span> <span class='ocrx_word' id='word_1_499' title='bbox 862 3941 1245 3998; x_wconf 83' lang='lat' dir='ltr'><strong>miserabiliter</strong></span> <span class='ocrx_word' id='word_1_500' title='bbox 1305 3940 1741 4012; x_wconf 90' lang='lat' dir='ltr'><strong>naufragantem,</strong></span> 
     </span>
    </p>
   </div>
   <div class='ocr_carea' id='block_1_70' title="bbox 154 4033 1742 4104">
    <p class='ocr_par' dir='ltr' id='par_1_70' title="bbox 154 4033 1742 4104">
     <span class='ocr_line' id='line_1_70' title="bbox 154 4033 1742 4104; baseline -0.001 -15"><span class='ocrx_word' id='word_1_501' title='bbox 154 4036 463 4090; x_wconf 75' lang='lat' dir='ltr'><strong>orationum</strong></span> <span class='ocrx_word' id='word_1_502' title='bbox 492 4044 795 4090; x_wconf 88' lang='lat' dir='ltr'><strong>vestrarum</strong></span> <span class='ocrx_word' id='word_1_503' title='bbox 830 4035 1007 4089; x_wconf 90' lang='lat' dir='ltr'><strong>tabula</strong></span> <span class='ocrx_word' id='word_1_504' title='bbox 1041 4033 1742 4104; x_wconf 79' lang='lat' dir='ltr'><strong>sustinete‘perielitautem,</strong></span> 
     </span>
    </p>
   </div>
   <div class='ocr_carea' id='block_1_71' title="bbox 156 4122 1745 4196">
    <p class='ocr_par' dir='ltr' id='par_1_71' title="bbox 156 4122 1745 4196">
     <span class='ocr_line' id='line_1_71' title="bbox 156 4122 1745 4196; baseline -0.002 -17"><span class='ocrx_word' id='word_1_505' title='bbox 156 4133 217 4179; x_wconf 90' lang='lat' dir='ltr'><strong>ut</strong></span> <span class='ocrx_word' id='word_1_506' title='bbox 260 4124 353 4194; x_wconf 92' lang='lat' dir='ltr'><strong>qui</strong></span> <span class='ocrx_word' id='word_1_507' title='bbox 402 4125 494 4179; x_wconf 91' lang='lat' dir='ltr'><strong>diu</strong></span> <span class='ocrx_word' id='word_1_508' title='bbox 530 4124 706 4194; x_wconf 90' lang='lat' dir='ltr'><strong>culpis</strong></span> <span class='ocrx_word' id='word_1_509' title='bbox 751 4125 952 4179; x_wconf 83' lang='lat' dir='ltr'><strong>nostris</strong></span> <span class='ocrx_word' id='word_1_510' title='bbox 1002 4125 1342 4196; x_wconf 72' lang='lat' dir='ltr'><strong>exigentibus</strong></span> <span class='ocrx_word' id='word_1_511' title='bbox 1400 4122 1745 4193; x_wconf 80' lang='lat' dir='ltr'><strong>naufragium</strong></span> 
     </span>
    </p>
   </div>
   <div class='ocr_carea' id='block_1_72' title="bbox 158 4216 1749 4287">
    <p class='ocr_par' dir='ltr' id='par_1_72' title="bbox 158 4216 1749 4287">
     <span class='ocr_line' id='line_1_72' title="bbox 158 4216 1749 4287; baseline -0.001 -16"><span class='ocrx_word' id='word_1_512' title='bbox 158 4216 539 4281; x_wconf 85' lang='lat' dir='ltr'><strong>sustinuimus,</strong></span> <span class='ocrx_word' id='word_1_513' title='bbox 570 4217 894 4285; x_wconf 88' lang='lat' dir='ltr'><strong>quandoque</strong></span> <span class='ocrx_word' id='word_1_514' title='bbox 924 4217 1121 4272; x_wconf 86' lang='lat' dir='ltr'><strong>vestris</strong></span> <span class='ocrx_word' id='word_1_515' title='bbox 1146 4216 1400 4287; x_wconf 90' lang='lat' dir='ltr'><strong>precibus</strong></span> <span class='ocrx_word' id='word_1_516' title='bbox 1424 4224 1637 4287; x_wconf 91' lang='lat' dir='ltr'><strong>portum</strong></span> <span class='ocrx_word' id='word_1_517' title='bbox 1664 4230 1749 4271; x_wconf 90' lang='lat' dir='ltr'><strong>sa-</strong></span> 
     </span>
    </p>
   </div>
   <div class='ocr_carea' id='block_1_73' title="bbox 159 4307 1102 4380">
    <p class='ocr_par' dir='ltr' id='par_1_73' title="bbox 159 4307 1102 4380">
     <span class='ocr_line' id='line_1_73' title="bbox 159 4307 1102 4380; baseline -0.002 -18"><span class='ocrx_word' id='word_1_518' title='bbox 159 4307 290 4363; x_wconf 89' lang='lat' dir='ltr'><strong>lutis</strong></span> <span class='ocrx_word' id='word_1_519' title='bbox 321 4308 528 4380; x_wconf 81' lang='lat' dir='ltr'><strong>ingredi</strong></span> <span class='ocrx_word' id='word_1_520' title='bbox 555 4318 740 4366; x_wconf 87' lang='lat' dir='ltr'><strong>tenere</strong></span> <span class='ocrx_word' id='word_1_521' title='bbox 774 4324 1102 4365; x_wconf 89' lang='lat' dir='ltr'><strong>mereamur.</strong></span> 
     </span>
    </p>
   </div>
   <div class='ocr_carea' id='block_1_74' title="bbox 678 4398 1229 4456">
    <p class='ocr_par' dir='ltr' id='par_1_74' title="bbox 678 4398 1229 4456">
     <span class='ocr_line' id='line_1_74' title="bbox 678 4398 1229 4456; baseline -0.005 0"><span class='ocrx_word' id='word_1_522' title='bbox 678 4400 1014 4456; x_wconf 83' lang='lat' dir='ltr'><strong>EPISTOLA</strong></span> <span class='ocrx_word' id='word_1_523' title='bbox 1044 4398 1229 4454; x_wconf 79' lang='lat' dir='ltr'>LXIX.</span> 
     </span>
    </p>
   </div>
   <div class='ocr_carea' id='block_1_75' title="bbox 488 4506 1422 4548">
    <p class='ocr_par' dir='ltr' id='par_1_75' title="bbox 488 4506 1422 4548">
     <span class='ocr_line' id='line_1_75' title="bbox 488 4506 1422 4548; baseline 0.002 -3"><span class='ocrx_word' id='word_1_524' title='bbox 488 4507 712 4548; x_wconf 70' lang='lat' dir='ltr'><strong>ANSELMI</strong></span> <span class='ocrx_word' id='word_1_525' title='bbox 752 4509 820 4547; x_wconf 85' lang='lat' dir='ltr'><strong>AD</strong></span> <span class='ocrx_word' id='word_1_526' title='bbox 859 4508 1070 4547; x_wconf 65' lang='lat' dir='ltr'><strong>ODONEI</strong></span> <span class='ocrx_word' id='word_1_527' title='bbox 1110 4506 1422 4547; x_wconf 69' lang='grc' dir='ltr'><strong>εριεεοιιυιι.</strong></span> 
     </span>
    </p>
   </div>
   <div class='ocr_carea' id='block_1_76' title="bbox 227 4584 1740 4657">
    <p class='ocr_par' dir='ltr' id='par_1_76' title="bbox 227 4584 1740 4657">
     <span class='ocr_line' id='line_1_76' title="bbox 227 4584 1740 4657; baseline 0.002 -19"><span class='ocrx_word' id='word_1_528' title='bbox 227 4584 539 4640; x_wconf 82' lang='lat' dir='ltr'><strong>Reverendo</strong></span> <span class='ocrx_word' id='word_1_529' title='bbox 561 4593 615 4640; x_wconf 91' lang='lat' dir='ltr'><strong>et</strong></span> <span class='ocrx_word' id='word_1_530' title='bbox 638 4585 855 4640; x_wconf 89' lang='lat' dir='ltr'><strong>domino</strong></span> <span class='ocrx_word' id='word_1_531' title='bbox 878 4585 1249 4653; x_wconf 87' lang='lat' dir='ltr'><strong>dilectissimo,</strong></span> <span class='ocrx_word' id='word_1_532' title='bbox 1273 4587 1525 4657; x_wconf 89' lang='lat' dir='ltr'><strong>episcopo</strong></span> <span class='ocrx_word' id='word_1_533' title='bbox 1548 4584 1740 4651; x_wconf 72' lang='lat' dir='ltr'><strong>ODONI,</strong></span> 
     </span>
    </p>
   </div>
   <div class='ocr_carea' id='block_1_77' title="bbox 157 4676 1741 4749">
    <p class='ocr_par' dir='ltr' id='par_1_77' title="bbox 157 4676 1741 4749">
     <span class='ocr_line' id='line_1_77' title="bbox 157 4676 1741 4749; baseline 0.001 -19"><span class='ocrx_word' id='word_1_534' title='bbox 157 4676 326 4732; x_wconf 90' lang='lat' dir='ltr'><strong>frater</strong></span> <span class='ocrx_word' id='word_1_535' title='bbox 353 4676 657 4743; x_wconf 73' lang='lat' dir='ltr'><strong>Anssuws,</strong></span> <span class='ocrx_word' id='word_1_536' title='bbox 686 4678 765 4733; x_wconf 90' lang='lat' dir='ltr'><strong>sic</strong></span> <span class='ocrx_word' id='word_1_537' title='bbox 792 4679 1024 4734; x_wconf 88' lang='lat' dir='ltr'><strong>transire</strong></span> <span class='ocrx_word' id='word_1_538' title='bbox 1060 4693 1157 4749; x_wconf 90' lang='lat' dir='ltr'><strong>per</strong></span> <span class='ocrx_word' id='word_1_539' title='bbox 1206 4680 1346 4735; x_wconf 89' lang='lat' dir='ltr'><strong>bona</strong></span> <span class='ocrx_word' id='word_1_540' title='bbox 1399 4678 1741 4748; x_wconf 77' lang='lat' dir='ltr'><strong>temporalia,</strong></span> 
     </span>
    </p>
   </div>
   <div class='ocr_carea' id='block_1_78' title="bbox 158 4768 809 4826">
    <p class='ocr_par' dir='ltr' id='par_1_78' title="bbox 158 4768 809 4826">
     <span class='ocr_line' id='line_1_78' title="bbox 158 4768 809 4826; baseline 0.003 -3"><span class='ocrx_word' id='word_1_541' title='bbox 158 4777 218 4823; x_wconf 95' lang='lat' dir='ltr'><strong>ut</strong></span> <span class='ocrx_word' id='word_1_542' title='bbox 251 4768 455 4823; x_wconf 91' lang='lat' dir='ltr'><strong>habitet</strong></span> <span class='ocrx_word' id='word_1_543' title='bbox 486 4769 540 4824; x_wconf 94' lang='lat' dir='ltr'><strong>in</strong></span> <span class='ocrx_word' id='word_1_544' title='bbox 569 4770 809 4826; x_wconf 64' lang='lat' dir='ltr'><strong>aeternis.</strong></span> 
     </span>
    </p>
   </div>
   <div class='ocr_carea' id='block_1_79' title="bbox 228 4860 1742 4934">
    <p class='ocr_par' dir='ltr' id='par_1_79' title="bbox 228 4860 1742 4934">
     <span class='ocr_line' id='line_1_79' title="bbox 228 4860 1742 4934; baseline 0.003 -21"><span class='ocrx_word' id='word_1_545' title='bbox 228 4860 340 4932; x_wconf 70' lang='grc'><strong>(47)</strong></span> <span class='ocrx_word' id='word_1_546' title='bbox 395 4860 631 4917; x_wconf 88' lang='lat' dir='ltr'><strong>Litteras</strong></span> <span class='ocrx_word' id='word_1_547' title='bbox 678 4877 813 4932; x_wconf 86' lang='lat' dir='ltr'><strong>quas</strong></span> <span class='ocrx_word' id='word_1_548' title='bbox 855 4871 1081 4933; x_wconf 85' lang='lat' dir='ltr'><strong>paterna</strong></span> <span class='ocrx_word' id='word_1_549' title='bbox 1111 4872 1293 4919; x_wconf 88' lang='lat' dir='ltr'><strong>vestra</strong></span> <span class='ocrx_word' id='word_1_550' title='bbox 1340 4862 1605 4919; x_wconf 88' lang='lat' dir='ltr'><strong>celsitudo</strong></span> <span class='ocrx_word' id='word_1_551' title='bbox 1644 4877 1742 4934; x_wconf 89' lang='lat' dir='ltr'><strong>pro</strong></span> 
     </span>
    </p>
   </div>
   <div class='ocr_carea' id='block_1_80' title="bbox 154 4952 1739 5011">
    <p class='ocr_par' dir='ltr' id='par_1_80' title="bbox 154 4952 1739 5011">
     <span class='ocr_line' id='line_1_80' title="bbox 154 4952 1739 5011; baseline 0.001 -3"><span class='ocrx_word' id='word_1_552' title='bbox 154 4967 255 5008; x_wconf 91' lang='lat' dir='ltr'><strong>suo</strong></span> <span class='ocrx_word' id='word_1_553' title='bbox 284 4952 425 5008; x_wconf 86' lang='lat' dir='ltr'><strong>fideli</strong></span> <span class='ocrx_word' id='word_1_554' title='bbox 466 4953 708 5010; x_wconf 90' lang='lat' dir='ltr'><strong>Osberno</strong></span> <span class='ocrx_word' id='word_1_555' title='bbox 736 4955 991 5011; x_wconf 91' lang='lat' dir='ltr'><strong>defuncto</strong></span> <span class='ocrx_word' id='word_1_556' title='bbox 1038 4956 1169 5011; x_wconf 88' lang='lat' dir='ltr'><strong>mihi</strong></span> <span class='ocrx_word' id='word_1_557' title='bbox 1233 4964 1288 5010; x_wconf 87' lang='lat' dir='ltr'><strong>et</strong></span> <span class='ocrx_word' id='word_1_558' title='bbox 1333 4954 1593 5011; x_wconf 86' lang='lat' dir='ltr'><strong>fratribus</strong></span> <span class='ocrx_word' id='word_1_559' title='bbox 1639 4970 1739 5009; x_wconf 83' lang='lat' dir='ltr'><strong>no-</strong></span> 
     </span>
    </p>
   </div>
   <div class='ocr_carea' id='block_1_81' title="bbox 156 5043 1742 5118">
    <p class='ocr_par' dir='ltr' id='par_1_81' title="bbox 156 5043 1742 5118">
     <span class='ocr_line' id='line_1_81' title="bbox 156 5043 1742 5118; baseline 0.003 -20"><span class='ocrx_word' id='word_1_560' title='bbox 156 5043 286 5099; x_wconf 91' lang='lat' dir='ltr'><strong>stris</strong></span> <span class='ocrx_word' id='word_1_561' title='bbox 312 5044 482 5112; x_wconf 91' lang='lat' dir='ltr'><strong>misit,</strong></span> <span class='ocrx_word' id='word_1_562' title='bbox 520 5045 713 5101; x_wconf 88' lang='lat' dir='ltr'><strong>humili</strong></span> <span class='ocrx_word' id='word_1_563' title='bbox 754 5047 1093 5118; x_wconf 83' lang='lat' dir='ltr'><strong>obedientia,</strong></span> <span class='ocrx_word' id='word_1_564' title='bbox 1144 5056 1198 5103; x_wconf 91' lang='lat' dir='ltr'><strong>et</strong></span> <span class='ocrx_word' id='word_1_565' title='bbox 1245 5047 1516 5103; x_wconf 87' lang='lat' dir='ltr'><strong>obedienti</strong></span> <span class='ocrx_word' id='word_1_566' title='bbox 1563 5048 1742 5102; x_wconf 86' lang='lat' dir='ltr'><strong>humi-</strong></span> 
     </span>
    </p>
   </div>
   <div class='ocr_carea' id='block_1_82' title="bbox 155 5134 1742 5211">
    <p class='ocr_par' dir='ltr' id='par_1_82' title="bbox 155 5134 1742 5211">
     <span class='ocr_line' id='line_1_82' title="bbox 155 5134 1742 5211; baseline 0.004 -22"><span class='ocrx_word' id='word_1_567' title='bbox 155 5134 310 5191; x_wconf 85' lang='lat' dir='ltr'><strong>litate</strong></span> <span class='ocrx_word' id='word_1_568' title='bbox 360 5139 716 5209; x_wconf 90' lang='lat' dir='ltr'><strong>suscepimus.</strong></span> <span class='ocrx_word' id='word_1_569' title='bbox 748 5138 891 5194; x_wconf 82' lang='lat' dir='ltr'><strong>Nihil</strong></span> <span class='ocrx_word' id='word_1_570' title='bbox 934 5141 1077 5196; x_wconf 91' lang='lat' dir='ltr'><strong>enim</strong></span> <span class='ocrx_word' id='word_1_571' title='bbox 1120 5140 1366 5211; x_wconf 87' lang='lat' dir='ltr'><strong>petitioni</strong></span> <span class='ocrx_word' id='word_1_572' title='bbox 1400 5151 1594 5196; x_wconf 71' lang='lat' dir='ltr'><strong>vestra:</strong></span> <span class='ocrx_word' id='word_1_573' title='bbox 1640 5140 1742 5196; x_wconf 87' lang='lat' dir='ltr'><strong>de-</strong></span> 
     </span>
    </p>
   </div>
   <div class='ocr_carea' id='block_1_83' title="bbox 154 5228 1742 5302">
    <p class='ocr_par' dir='ltr' id='par_1_83' title="bbox 154 5228 1742 5302">
     <span class='ocr_line' id='line_1_83' title="bbox 154 5228 1742 5302; baseline 0 -18"><span class='ocrx_word' id='word_1_574' title='bbox 154 5228 429 5284; x_wconf 85' lang='lat' dir='ltr'><strong>erevimus</strong></span> <span class='ocrx_word' id='word_1_575' title='bbox 482 5229 781 5300; x_wconf 87' lang='lat' dir='ltr'><strong>denegare;</strong></span> <span class='ocrx_word' id='word_1_576' title='bbox 838 5230 933 5286; x_wconf 88' lang='lat' dir='ltr'><strong>sed</strong></span> <span class='ocrx_word' id='word_1_577' title='bbox 983 5232 1036 5285; x_wconf 93' lang='lat' dir='ltr'><strong>in</strong></span> <span class='ocrx_word' id='word_1_578' title='bbox 1067 5230 1475 5302; x_wconf 90' lang='lat' dir='ltr'><strong>quibuscunque</strong></span> <span class='ocrx_word' id='word_1_579' title='bbox 1510 5229 1742 5286; x_wconf 89' lang='lat' dir='ltr'><strong>dilectis-</strong></span> 
     </span>
    </p>
   </div>
   <div class='ocr_carea' id='block_1_84' title="bbox 153 5318 1739 5388">
    <p class='ocr_par' dir='ltr' id='par_1_84' title="bbox 153 5318 1739 5388">
     <span class='ocr_line' id='line_1_84' title="bbox 153 5318 1739 5388; baseline 0.001 -14"><span class='ocrx_word' id='word_1_580' title='bbox 153 5320 298 5374; x_wconf 76' lang='lat' dir='ltr'><strong>simo</strong></span> <span class='ocrx_word' id='word_1_581' title='bbox 328 5318 545 5375; x_wconf 90' lang='lat' dir='ltr'><strong>domino</strong></span> <span class='ocrx_word' id='word_1_582' title='bbox 579 5330 635 5375; x_wconf 90' lang='lat' dir='ltr'><strong>et</strong></span> <span class='ocrx_word' id='word_1_583' title='bbox 676 5320 1026 5376; x_wconf 89' lang='lat' dir='ltr'><strong>dilectissimo</strong></span> <span class='ocrx_word' id='word_1_584' title='bbox 1072 5321 1216 5377; x_wconf 88' lang='lat' dir='ltr'><strong>Patri</strong></span> <span class='ocrx_word' id='word_1_585' title='bbox 1251 5320 1608 5378; x_wconf 90' lang='lat' dir='ltr'><strong>obediendum</strong></span> <span class='ocrx_word' id='word_1_586' title='bbox 1636 5330 1739 5388; x_wconf 89' lang='lat' dir='ltr'><strong>est,</strong></span> 
     </span>
    </p>
   </div>
   <div class='ocr_carea' id='block_1_85' title="bbox 151 5410 1735 5484">
    <p class='ocr_par' dir='ltr' id='par_1_85' title="bbox 151 5410 1735 5484">
     <span class='ocr_line' id='line_1_85' title="bbox 151 5410 1735 5484; baseline 0.001 -20"><span class='ocrx_word' id='word_1_587' title='bbox 151 5410 385 5481; x_wconf 76' lang='lat' dir='ltr'><strong>iussioni</strong></span> <span class='ocrx_word' id='word_1_588' title='bbox 428 5420 624 5467; x_wconf 86' lang='lat' dir='ltr'><strong>vestrae</strong></span> <span class='ocrx_word' id='word_1_589' title='bbox 669 5412 959 5468; x_wconf 89' lang='lat' dir='ltr'><strong>statuimus</strong></span> <span class='ocrx_word' id='word_1_590' title='bbox 1001 5414 1399 5484; x_wconf 90' lang='lat' dir='ltr'><strong>obtemperare.</strong></span> <span class='ocrx_word' id='word_1_591' title='bbox 1426 5410 1561 5470; x_wconf 87' lang='lat' dir='ltr'><strong>Cum</strong></span> <span class='ocrx_word' id='word_1_592' title='bbox 1590 5413 1735 5469; x_wconf 91' lang='lat' dir='ltr'><strong>enim</strong></span> 
     </span>
    </p>
   </div>
   <div class='ocr_carea' id='block_1_86' title="bbox 155 5503 1735 5576">
    <p class='ocr_par' dir='ltr' id='par_1_86' title="bbox 155 5503 1735 5576">
     <span class='ocr_line' id='line_1_86' title="bbox 155 5503 1735 5576; baseline 0.002 -19"><span class='ocrx_word' id='word_1_593' title='bbox 155 5517 255 5559; x_wconf 84' lang='lat' dir='ltr'><strong>vos</strong></span> <span class='ocrx_word' id='word_1_594' title='bbox 299 5504 403 5559; x_wconf 91' lang='lat' dir='ltr'><strong>hoc</strong></span> <span class='ocrx_word' id='word_1_595' title='bbox 427 5504 691 5560; x_wconf 90' lang='lat' dir='ltr'><strong>meruisse</strong></span> <span class='ocrx_word' id='word_1_596' title='bbox 720 5503 1024 5561; x_wconf 91' lang='lat' dir='ltr'><strong>dilectionis</strong></span> <span class='ocrx_word' id='word_1_597' title='bbox 1051 5514 1106 5561; x_wconf 89' lang='lat' dir='ltr'><strong>et</strong></span> <span class='ocrx_word' id='word_1_598' title='bbox 1134 5504 1522 5562; x_wconf 89' lang='lat' dir='ltr'><strong>beneficiorum</strong></span> <span class='ocrx_word' id='word_1_599' title='bbox 1554 5505 1735 5576; x_wconf 90' lang='lat' dir='ltr'><strong>pretio</strong></span> 
     </span>
    </p>
   </div>
   <div class='ocr_carea' id='block_1_87' title="bbox 152 5584 1739 5668">
    <p class='ocr_par' dir='ltr' id='par_1_87' title="bbox 152 5584 1739 5668">
     <span class='ocr_line' id='line_1_87' title="bbox 152 5584 1739 5668; baseline -0.001 -14"><span class='ocrx_word' id='word_1_600' title='bbox 152 5584 761 5666; x_wconf 73' lang='lat' dir='ltr'><strong>cognoscamus,nimis</strong></span> <span class='ocrx_word' id='word_1_601' title='bbox 803 5611 904 5653; x_wconf 90' lang='lat' dir='ltr'><strong>nos</strong></span> <span class='ocrx_word' id='word_1_602' title='bbox 949 5597 1254 5668; x_wconf 85' lang='lat' dir='ltr'><strong>arguendos</strong></span> <span class='ocrx_word' id='word_1_603' title='bbox 1300 5598 1667 5665; x_wconf 88' lang='lat' dir='ltr'><strong>ostendimus,</strong></span> <span class='ocrx_word' id='word_1_604' title='bbox 1693 5597 1739 5653; x_wconf 94' lang='lat' dir='ltr'><strong>si</strong></span> 
     </span>
    </p>
   </div>
   <div class='ocr_carea' id='block_1_88' title="bbox 1845 3190 3433 3261">
    <p class='ocr_par' dir='ltr' id='par_1_88' title="bbox 1845 3190 3433 3261">
     <span class='ocr_line' id='line_1_88' title="bbox 1845 3190 3433 3261; baseline -0.003 -12"><span class='ocrx_word' id='word_1_605' title='bbox 1845 3208 2030 3249; x_wconf 91' lang='lat' dir='ltr'><strong>curam</strong></span> <span class='ocrx_word' id='word_1_606' title='bbox 2072 3193 2338 3261; x_wconf 91' lang='lat' dir='ltr'><strong>habeant,</strong></span> <span class='ocrx_word' id='word_1_607' title='bbox 2384 3207 2452 3247; x_wconf 92' lang='lat' dir='ltr'><strong>ne</strong></span> <span class='ocrx_word' id='word_1_608' title='bbox 2481 3190 2643 3246; x_wconf 88' lang='lat' dir='ltr'><strong>ullam</strong></span> <span class='ocrx_word' id='word_1_609' title='bbox 2683 3193 2874 3247; x_wconf 91' lang='lat' dir='ltr'><strong>duram</strong></span> <span class='ocrx_word' id='word_1_610' title='bbox 2905 3190 3143 3260; x_wconf 92' lang='lat' dir='ltr'><strong>patiatur</strong></span> <span class='ocrx_word' id='word_1_611' title='bbox 3184 3190 3433 3261; x_wconf 87' lang='lat' dir='ltr'><strong>indigen-</strong></span> 
     </span>
    </p>
   </div>
   <div class='ocr_carea' id='block_1_89' title="bbox 1847 3281 3435 3354">
    <p class='ocr_par' dir='ltr' id='par_1_89' title="bbox 1847 3281 3435 3354">
     <span class='ocr_line' id='line_1_89' title="bbox 1847 3281 3435 3354; baseline -0.003 -15"><span class='ocrx_word' id='word_1_612' title='bbox 1847 3287 1975 3339; x_wconf 89' lang='lat' dir='ltr'><strong>tiam</strong></span> <span class='ocrx_word' id='word_1_613' title='bbox 2007 3285 2061 3339; x_wconf 93' lang='lat' dir='ltr'><strong>in</strong></span> <span class='ocrx_word' id='word_1_614' title='bbox 2090 3285 2233 3340; x_wconf 89' lang='lat' dir='ltr'><strong>victu</strong></span> <span class='ocrx_word' id='word_1_615' title='bbox 2264 3284 2348 3339; x_wconf 83' lang='lat' dir='ltr'><strong>vel</strong></span> <span class='ocrx_word' id='word_1_616' title='bbox 2380 3285 2606 3351; x_wconf 89' lang='lat' dir='ltr'><strong>vestitu;</strong></span> <span class='ocrx_word' id='word_1_617' title='bbox 2658 3299 2765 3354; x_wconf 92' lang='lat' dir='ltr'><strong>quo</strong></span> <span class='ocrx_word' id='word_1_618' title='bbox 2801 3283 2868 3339; x_wconf 91' lang='lat' dir='ltr'><strong>de</strong></span> <span class='ocrx_word' id='word_1_619' title='bbox 2904 3282 3133 3352; x_wconf 89' lang='lat' dir='ltr'><strong>perfidia</strong></span> <span class='ocrx_word' id='word_1_620' title='bbox 3184 3281 3253 3336; x_wconf 88' lang='lat' dir='ltr'><strong>ad</strong></span> <span class='ocrx_word' id='word_1_621' title='bbox 3288 3297 3435 3336; x_wconf 84' lang='lat' dir='ltr'><strong>verae</strong></span> 
     </span>
    </p>
   </div>
   <div class='ocr_carea' id='block_1_90' title="bbox 1842 3377 3424 3451">
    <p class='ocr_par' dir='ltr' id='par_1_90' title="bbox 1842 3377 3424 3451">
     <span class='ocr_line' id='line_1_90' title="bbox 1842 3377 3424 3451; baseline -0.003 -19"><span class='ocrx_word' id='word_1_622' title='bbox 1842 3378 2005 3451; x_wconf 65' lang='lat' dir='ltr'><strong>M5</strong></span> <span class='ocrx_word' id='word_1_623' title='bbox 2022 3377 2145 3432; x_wconf 84' lang='lat' dir='ltr'><strong>ﬁdei</strong></span> <span class='ocrx_word' id='word_1_624' title='bbox 2167 3377 2595 3434; x_wconf 86' lang='lat' dir='ltr'><strong>misericordiam</strong></span> <span class='ocrx_word' id='word_1_625' title='bbox 2622 3387 2677 3432; x_wconf 92' lang='lat' dir='ltr'><strong>et</strong></span> <span class='ocrx_word' id='word_1_626' title='bbox 2706 3378 2961 3446; x_wconf 87' lang='lat' dir='ltr'><strong>pietatem</strong></span> <span class='ocrx_word' id='word_1_627' title='bbox 2986 3390 3286 3431; x_wconf 88' lang='lat' dir='ltr'><strong>conversus</strong></span> <span class='ocrx_word' id='word_1_628' title='bbox 3317 3383 3424 3429; x_wconf 91' lang='lat' dir='ltr'><strong>est.</strong></span> 
     </span>
    </p>
   </div>
   <div class='ocr_carea' id='block_1_91' title="bbox 1847 3466 3435 3543">
    <p class='ocr_par' dir='ltr' id='par_1_91' title="bbox 1847 3466 3435 3543">
     <span class='ocr_line' id='line_1_91' title="bbox 1847 3466 3435 3543; baseline -0.002 -18"><span class='ocrx_word' id='word_1_629' title='bbox 1847 3472 1996 3543; x_wconf 78' lang='lat' dir='ltr'><strong>Rogo</strong></span> <span class='ocrx_word' id='word_1_630' title='bbox 2020 3472 2202 3541; x_wconf 90' lang='lat' dir='ltr'><strong>itaque</strong></span> <span class='ocrx_word' id='word_1_631' title='bbox 2234 3480 2290 3526; x_wconf 93' lang='lat' dir='ltr'><strong>ut</strong></span> <span class='ocrx_word' id='word_1_632' title='bbox 2317 3470 2796 3540; x_wconf 78' lang='lat' dir='ltr'><strong>litterasquasillis</strong></span> <span class='ocrx_word' id='word_1_633' title='bbox 2818 3469 2939 3524; x_wconf 89' lang='lat' dir='ltr'><strong>misi</strong></span> <span class='ocrx_word' id='word_1_634' title='bbox 2967 3469 3174 3540; x_wconf 84' lang='lat' dir='ltr'><strong>legalis,</strong></span> <span class='ocrx_word' id='word_1_635' title='bbox 3200 3477 3254 3524; x_wconf 92' lang='lat' dir='ltr'><strong>et</strong></span> <span class='ocrx_word' id='word_1_636' title='bbox 3282 3468 3327 3523; x_wconf 90' lang='lat' dir='ltr'><strong>si</strong></span> <span class='ocrx_word' id='word_1_637' title='bbox 3361 3466 3435 3522; x_wconf 87' lang='lat' dir='ltr'><strong>illi</strong></span> 
     </span>
    </p>
   </div>
   <div class='ocr_carea' id='block_1_92' title="bbox 1846 3557 3430 3636">
    <p class='ocr_par' dir='ltr' id='par_1_92' title="bbox 1846 3557 3430 3636">
     <span class='ocr_line' id='line_1_92' title="bbox 1846 3557 3430 3636; baseline -0.001 -17"><span class='ocrx_word' id='word_1_638' title='bbox 1846 3565 2135 3636; x_wconf 87' lang='lat' dir='ltr'><strong>aliquando</strong></span> <span class='ocrx_word' id='word_1_639' title='bbox 2163 3564 2306 3634; x_wconf 80' lang='lat' dir='ltr'><strong>quod</strong></span> <span class='ocrx_word' id='word_1_640' title='bbox 2336 3564 2439 3620; x_wconf 91' lang='lat' dir='ltr'><strong>illis</strong></span> <span class='ocrx_word' id='word_1_641' title='bbox 2459 3565 2675 3631; x_wconf 84' lang='lat' dir='ltr'><strong>mando,</strong></span> <span class='ocrx_word' id='word_1_642' title='bbox 2693 3563 2873 3620; x_wconf 86' lang='lat' dir='ltr'><strong>facere</strong></span> <span class='ocrx_word' id='word_1_643' title='bbox 2904 3557 3258 3634; x_wconf 83' lang='lat' dir='ltr'><strong>neglexerint,</strong></span> <span class='ocrx_word' id='word_1_644' title='bbox 3284 3565 3430 3633; x_wconf 85' lang='lat' dir='ltr'><strong>quod</strong></span> 
     </span>
    </p>
   </div>
   <div class='ocr_carea' id='block_1_93' title="bbox 1846 3656 3437 3728">
    <p class='ocr_par' dir='ltr' id='par_1_93' title="bbox 1846 3656 3437 3728">
     <span class='ocr_line' id='line_1_93' title="bbox 1846 3656 3437 3728; baseline -0.001 -14"><span class='ocrx_word' id='word_1_645' title='bbox 1846 3673 1953 3714; x_wconf 93' lang='lat' dir='ltr'><strong>uon</strong></span> <span class='ocrx_word' id='word_1_646' title='bbox 1979 3658 2164 3724; x_wconf 89' lang='lat' dir='ltr'><strong>credo,</strong></span> <span class='ocrx_word' id='word_1_647' title='bbox 2194 3673 2289 3713; x_wconf 77' lang='lat' dir='ltr'><strong>vos</strong></span> <span class='ocrx_word' id='word_1_648' title='bbox 2316 3673 2382 3712; x_wconf 82' lang='lat' dir='ltr'><strong>ex</strong></span> <span class='ocrx_word' id='word_1_649' title='bbox 2415 3658 2616 3712; x_wconf 86' lang='lat' dir='ltr'><strong>nostris</strong></span> <span class='ocrx_word' id='word_1_650' title='bbox 2642 3658 2837 3725; x_wconf 85' lang='lat' dir='ltr'><strong>rebus,</strong></span> <span class='ocrx_word' id='word_1_651' title='bbox 2884 3657 2973 3728; x_wconf 93' lang='lat' dir='ltr'><strong>pia</strong></span> <span class='ocrx_word' id='word_1_652' title='bbox 3004 3657 3280 3713; x_wconf 87' lang='lat' dir='ltr'><strong>hilaritate</strong></span> <span class='ocrx_word' id='word_1_653' title='bbox 3308 3656 3437 3712; x_wconf 87' lang='lat' dir='ltr'><strong>huic</strong></span> 
     </span>
    </p>
   </div>
   <div class='ocr_carea' id='block_1_94' title="bbox 1847 3750 2629 3822">
    <p class='ocr_par' dir='ltr' id='par_1_94' title="bbox 1847 3750 2629 3822">
     <span class='ocr_line' id='line_1_94' title="bbox 1847 3750 2629 3822; baseline 0.006 -21"><span class='ocrx_word' id='word_1_654' title='bbox 1847 3751 1991 3822; x_wconf 87' lang='lat' dir='ltr'><strong>quod</strong></span> <span class='ocrx_word' id='word_1_655' title='bbox 2018 3750 2092 3806; x_wconf 79' lang='lat' dir='ltr'><strong>illi</strong></span> <span class='ocrx_word' id='word_1_656' title='bbox 2128 3750 2303 3806; x_wconf 88' lang='lat' dir='ltr'><strong>deerit</strong></span> <span class='ocrx_word' id='word_1_657' title='bbox 2331 3750 2629 3820; x_wconf 83' lang='lat' dir='ltr'><strong>suppleatis</strong></span> 
     </span>
    </p>
   </div>
   <div class='ocr_carea' id='block_1_95' title="bbox 2343 3843 2933 3900">
    <p class='ocr_par' dir='ltr' id='par_1_95' title="bbox 2343 3843 2933 3900">
     <span class='ocr_line' id='line_1_95' title="bbox 2343 3843 2933 3900; baseline -0.003 -1"><span class='ocrx_word' id='word_1_658' title='bbox 2343 3843 2677 3900; x_wconf 79' lang='lat' dir='ltr'><strong>EPISTOLA</strong></span> <span class='ocrx_word' id='word_1_659' title='bbox 2724 3843 2933 3899; x_wconf 79' lang='lat' dir='ltr'>LXXII.</span> 
     </span>
    </p>
   </div>
   <div class='ocr_carea' id='block_1_96' title="bbox 2285 3952 2987 3994">
    <p class='ocr_par' dir='ltr' id='par_1_96' title="bbox 2285 3952 2987 3994">
     <span class='ocr_line' id='line_1_96' title="bbox 2285 3952 2987 3994; baseline -0.004 -1"><span class='ocrx_word' id='word_1_660' title='bbox 2285 3954 2511 3994; x_wconf 72' lang='lat' dir='ltr'><strong>ANSELMI</strong></span> <span class='ocrx_word' id='word_1_661' title='bbox 2571 3955 2634 3993; x_wconf 67' lang='lat' dir='ltr'><strong>AD</strong></span> <span class='ocrx_word' id='word_1_662' title='bbox 2696 3952 2987 3993; x_wconf 70' lang='lat' dir='ltr'><strong>CUIDONBM.</strong></span> 
     </span>
    </p>
   </div>
   <div class='ocr_carea' id='block_1_97' title="bbox 1921 4025 3439 4099">
    <p class='ocr_par' dir='ltr' id='par_1_97' title="bbox 1921 4025 3439 4099">
     <span class='ocr_line' id='line_1_97' title="bbox 1921 4025 3439 4099; baseline -0.001 -15"><span class='ocrx_word' id='word_1_663' title='bbox 1921 4032 2205 4085; x_wconf 61' lang='lat' dir='ltr'><strong>Amenanus</strong></span> <span class='ocrx_word' id='word_1_664' title='bbox 2242 4030 2705 4099; x_wconf 82' lang='lat' dir='ltr'><strong>archiepiscopus,</strong></span> <span class='ocrx_word' id='word_1_665' title='bbox 2750 4029 2948 4083; x_wconf 88' lang='lat' dir='ltr'><strong>dilecto</strong></span> <span class='ocrx_word' id='word_1_666' title='bbox 3000 4025 3111 4081; x_wconf 87' lang='lat' dir='ltr'><strong>filio</strong></span> <span class='ocrx_word' id='word_1_667' title='bbox 3144 4040 3268 4091; x_wconf 89' lang='lat' dir='ltr'><strong>suo,</strong></span> <span class='ocrx_word' id='word_1_668' title='bbox 3298 4025 3439 4082; x_wconf 77' lang='lat' dir='ltr'><strong>Gur—</strong></span> 
     </span>
    </p>
   </div>
   <div class='ocr_carea' id='block_1_98' title="bbox 1851 4117 2941 4185">
    <p class='ocr_par' dir='ltr' id='par_1_98' title="bbox 1851 4117 2941 4185">
     <span class='ocr_line' id='line_1_98' title="bbox 1851 4117 2941 4185; baseline -0.005 -9"><span class='ocrx_word' id='word_1_669' title='bbox 1851 4136 1992 4185; x_wconf 73' lang='lat' dir='ltr'><strong>nost,</strong></span> <span class='ocrx_word' id='word_1_670' title='bbox 2022 4121 2251 4175; x_wconf 89' lang='lat' dir='ltr'><strong>salutem</strong></span> <span class='ocrx_word' id='word_1_671' title='bbox 2274 4129 2331 4175; x_wconf 93' lang='lat' dir='ltr'><strong>et</strong></span> <span class='ocrx_word' id='word_1_672' title='bbox 2364 4119 2793 4174; x_wconf 82' lang='lat' dir='ltr'><strong>benedictionem</strong></span> <span class='ocrx_word' id='word_1_673' title='bbox 2826 4117 2941 4172; x_wconf 91' lang='lat' dir='ltr'><strong>Dei.</strong></span> 
     </span>
    </p>
   </div>
   <div class='ocr_carea' id='block_1_99' title="bbox 1916 4210 3431 4282">
    <p class='ocr_par' dir='ltr' id='par_1_99' title="bbox 1916 4210 3431 4282">
     <span class='ocr_line' id='line_1_99' title="bbox 1916 4210 3431 4282; baseline -0.001 -15"><span class='ocrx_word' id='word_1_674' title='bbox 1916 4212 2091 4267; x_wconf 79' lang='lat' dir='ltr'><strong>Audio</strong></span> <span class='ocrx_word' id='word_1_675' title='bbox 2121 4212 2265 4282; x_wconf 89' lang='lat' dir='ltr'><strong>quod</strong></span> <span class='ocrx_word' id='word_1_676' title='bbox 2301 4212 2355 4266; x_wconf 93' lang='lat' dir='ltr'><strong>in</strong></span> <span class='ocrx_word' id='word_1_677' title='bbox 2398 4226 2528 4281; x_wconf 87' lang='lat' dir='ltr'><strong>pace</strong></span> <span class='ocrx_word' id='word_1_678' title='bbox 2570 4221 2625 4266; x_wconf 92' lang='lat' dir='ltr'><strong>et</strong></span> <span class='ocrx_word' id='word_1_679' title='bbox 2663 4210 3055 4281; x_wconf 88' lang='lat' dir='ltr'><strong>tranquillitate</strong></span> <span class='ocrx_word' id='word_1_680' title='bbox 3084 4210 3431 4266; x_wconf 85' lang='lat' dir='ltr'><strong>conversaris</strong></span> 
     </span>
    </p>
   </div>
   <div class='ocr_carea' id='block_1_100' title="bbox 1853 4302 3433 4363">
    <p class='ocr_par' dir='ltr' id='par_1_100' title="bbox 1853 4302 3433 4363">
     <span class='ocr_line' id='line_1_100' title="bbox 1853 4302 3433 4363; baseline 0.003 -4"><span class='ocrx_word' id='word_1_681' title='bbox 1853 4305 1907 4360; x_wconf 91' lang='lat' dir='ltr'><strong>in</strong></span> <span class='ocrx_word' id='word_1_682' title='bbox 1946 4305 2186 4360; x_wconf 91' lang='lat' dir='ltr'><strong>claustro</strong></span> <span class='ocrx_word' id='word_1_683' title='bbox 2233 4312 2288 4359; x_wconf 92' lang='lat' dir='ltr'><strong>et</strong></span> <span class='ocrx_word' id='word_1_684' title='bbox 2321 4303 2584 4360; x_wconf 86' lang='lat' dir='ltr'><strong>sollicitus</strong></span> <span class='ocrx_word' id='word_1_685' title='bbox 2628 4317 2691 4359; x_wconf 87' lang='lat' dir='ltr'><strong>es</strong></span> <span class='ocrx_word' id='word_1_686' title='bbox 2738 4304 2885 4359; x_wconf 89' lang='lat' dir='ltr'><strong>circa</strong></span> <span class='ocrx_word' id='word_1_687' title='bbox 2929 4302 3208 4359; x_wconf 81' lang='lat' dir='ltr'><strong>servitium</strong></span> <span class='ocrx_word' id='word_1_688' title='bbox 3240 4302 3338 4359; x_wconf 93' lang='lat' dir='ltr'><strong>Dei</strong></span> <span class='ocrx_word' id='word_1_689' title='bbox 3381 4312 3433 4363; x_wconf 64' lang='lat' dir='ltr'><strong>et</strong></span> 
     </span>
    </p>
   </div>
   <div class='ocr_carea' id='block_1_101' title="bbox 1852 4395 3437 4467">
    <p class='ocr_par' dir='ltr' id='par_1_101' title="bbox 1852 4395 3437 4467">
     <span class='ocr_line' id='line_1_101' title="bbox 1852 4395 3437 4467; baseline 0 -15"><span class='ocrx_word' id='word_1_690' title='bbox 1852 4397 2080 4454; x_wconf 88' lang='lat' dir='ltr'><strong>salutem</strong></span> <span class='ocrx_word' id='word_1_691' title='bbox 2109 4397 2306 4452; x_wconf 60' lang='lat' dir='ltr'><strong>animae</strong></span> <span class='ocrx_word' id='word_1_692' title='bbox 2337 4406 2464 4462; x_wconf 72' lang='lat' dir='ltr'><strong>tum,</strong></span> <span class='ocrx_word' id='word_1_693' title='bbox 2512 4406 2570 4453; x_wconf 87' lang='lat' dir='ltr'><strong>et</strong></span> <span class='ocrx_word' id='word_1_694' title='bbox 2611 4396 2736 4452; x_wconf 92' lang='lat' dir='ltr'><strong>inde</strong></span> <span class='ocrx_word' id='word_1_695' title='bbox 2778 4398 2987 4467; x_wconf 89' lang='lat' dir='ltr'><strong>gaudeo</strong></span> <span class='ocrx_word' id='word_1_696' title='bbox 3018 4395 3195 4451; x_wconf 84' lang='lat' dir='ltr'><strong>valde.</strong></span> <span class='ocrx_word' id='word_1_697' title='bbox 3242 4395 3437 4453; x_wconf 84' lang='lat' dir='ltr'><strong>Moneo</strong></span> 
     </span>
    </p>
   </div>
   <div class='ocr_carea' id='block_1_102' title="bbox 1776 4488 3438 4561">
    <p class='ocr_par' dir='ltr' id='par_1_102' title="bbox 1776 4488 3438 4561">
     <span class='ocr_line' id='line_1_102' title="bbox 1776 4488 3438 4561; baseline -0.001 -16"><span class='ocrx_word' id='word_1_698' title='bbox 1776 4492 1825 4551; x_wconf 89' lang='lat' dir='ltr'><strong>D</strong></span> <span class='ocrx_word' id='word_1_699' title='bbox 1856 4490 2037 4561; x_wconf 90' lang='lat' dir='ltr'><strong>itaque</strong></span> <span class='ocrx_word' id='word_1_700' title='bbox 2065 4498 2138 4555; x_wconf 85' lang='lat' dir='ltr'><strong>te,</strong></span> <span class='ocrx_word' id='word_1_701' title='bbox 2168 4489 2510 4552; x_wconf 87' lang='lat' dir='ltr'><strong>charissime,</strong></span> <span class='ocrx_word' id='word_1_702' title='bbox 2540 4489 2668 4545; x_wconf 86' lang='lat' dir='ltr'><strong>licet</strong></span> <span class='ocrx_word' id='word_1_703' title='bbox 2701 4502 2838 4558; x_wconf 93' lang='lat' dir='ltr'><strong>opus</strong></span> <span class='ocrx_word' id='word_1_704' title='bbox 2884 4504 2989 4543; x_wconf 91' lang='lat' dir='ltr'><strong>non</strong></span> <span class='ocrx_word' id='word_1_705' title='bbox 3021 4488 3113 4553; x_wconf 88' lang='lat' dir='ltr'><strong>sit,</strong></span> <span class='ocrx_word' id='word_1_706' title='bbox 3164 4498 3438 4559; x_wconf 88' lang='lat' dir='ltr'><strong>quatenus</strong></span> 
     </span>
    </p>
   </div>
   <div class='ocr_carea' id='block_1_103' title="bbox 1854 4581 3439 4653">
    <p class='ocr_par' dir='ltr' id='par_1_103' title="bbox 1854 4581 3439 4653">
     <span class='ocr_line' id='line_1_103' title="bbox 1854 4581 3439 4653; baseline -0.003 -13"><span class='ocrx_word' id='word_1_707' title='bbox 1854 4584 2113 4640; x_wconf 88' lang='lat' dir='ltr'><strong>mundum</strong></span> <span class='ocrx_word' id='word_1_708' title='bbox 2140 4593 2195 4639; x_wconf 91' lang='lat' dir='ltr'><strong>et</strong></span> <span class='ocrx_word' id='word_1_709' title='bbox 2222 4598 2286 4638; x_wconf 89' lang='lat' dir='ltr'><strong>ea</strong></span> <span class='ocrx_word' id='word_1_710' title='bbox 2311 4598 2433 4653; x_wconf 64' lang='lat' dir='ltr'><strong>qua:</strong></span> <span class='ocrx_word' id='word_1_711' title='bbox 2462 4582 2646 4638; x_wconf 88' lang='lat' dir='ltr'><strong>mundi</strong></span> <span class='ocrx_word' id='word_1_712' title='bbox 2672 4591 2806 4637; x_wconf 89' lang='lat' dir='ltr'><strong>sunt</strong></span> <span class='ocrx_word' id='word_1_713' title='bbox 2832 4581 2898 4636; x_wconf 88' lang='lat' dir='ltr'><strong>ab</strong></span> <span class='ocrx_word' id='word_1_714' title='bbox 2923 4582 3105 4636; x_wconf 90' lang='lat' dir='ltr'><strong>animo</strong></span> <span class='ocrx_word' id='word_1_715' title='bbox 3130 4591 3221 4636; x_wconf 88' lang='lat' dir='ltr'><strong>tuo</strong></span> <span class='ocrx_word' id='word_1_716' title='bbox 3249 4582 3439 4651; x_wconf 89' lang='lat' dir='ltr'><strong>procul</strong></span> 
     </span>
    </p>
   </div>
   <div class='ocr_carea' id='block_1_104' title="bbox 1854 4669 3436 4746">
    <p class='ocr_par' dir='ltr' id='par_1_104' title="bbox 1854 4669 3436 4746">
     <span class='ocr_line' id='line_1_104' title="bbox 1854 4669 3436 4746; baseline -0.005 -14"><span class='ocrx_word' id='word_1_717' title='bbox 1854 4676 2095 4746; x_wconf 86' lang='lat' dir='ltr'><strong>abjicias,</strong></span> <span class='ocrx_word' id='word_1_718' title='bbox 2128 4691 2230 4731; x_wconf 91' lang='lat' dir='ltr'><strong>nec</strong></span> <span class='ocrx_word' id='word_1_719' title='bbox 2275 4684 2327 4730; x_wconf 90' lang='lat' dir='ltr'><strong>te</strong></span> <span class='ocrx_word' id='word_1_720' title='bbox 2367 4675 2434 4730; x_wconf 91' lang='lat' dir='ltr'><strong>ad</strong></span> <span class='ocrx_word' id='word_1_721' title='bbox 2479 4689 2722 4729; x_wconf 88' lang='lat' dir='ltr'><strong>amorem</strong></span> <span class='ocrx_word' id='word_1_722' title='bbox 2751 4672 2868 4741; x_wconf 86' lang='lat' dir='ltr'><strong>ejus</strong></span> <span class='ocrx_word' id='word_1_723' title='bbox 2909 4671 3178 4726; x_wconf 89' lang='lat' dir='ltr'><strong>ullatenus</strong></span> <span class='ocrx_word' id='word_1_724' title='bbox 3226 4669 3436 4724; x_wconf 81' lang='lat' dir='ltr'><strong>flectas.</strong></span> 
     </span>
    </p>
   </div>
   <div class='ocr_carea' id='block_1_105' title="bbox 1852 4761 3437 4837">
    <p class='ocr_par' dir='ltr' id='par_1_105' title="bbox 1852 4761 3437 4837">
     <span class='ocr_line' id='line_1_105' title="bbox 1852 4761 3437 4837; baseline -0.004 -14"><span class='ocrx_word' id='word_1_725' title='bbox 1852 4770 2018 4824; x_wconf 90' lang='lat' dir='ltr'><strong>Deum</strong></span> <span class='ocrx_word' id='word_1_726' title='bbox 2055 4783 2178 4823; x_wconf 89' lang='lat' dir='ltr'><strong>ama</strong></span> <span class='ocrx_word' id='word_1_727' title='bbox 2224 4768 2382 4837; x_wconf 88' lang='lat' dir='ltr'><strong>eique</strong></span> <span class='ocrx_word' id='word_1_728' title='bbox 2424 4766 2652 4822; x_wconf 88' lang='lat' dir='ltr'><strong>sollicite</strong></span> <span class='ocrx_word' id='word_1_729' title='bbox 2683 4765 2844 4832; x_wconf 91' lang='lat' dir='ltr'><strong>servi,</strong></span> <span class='ocrx_word' id='word_1_730' title='bbox 2891 4764 3016 4834; x_wconf 88' lang='lat' dir='ltr'><strong>quia</strong></span> <span class='ocrx_word' id='word_1_731' title='bbox 3056 4777 3156 4831; x_wconf 91' lang='lat' dir='ltr'><strong>per</strong></span> <span class='ocrx_word' id='word_1_732' title='bbox 3204 4761 3437 4831; x_wconf 88' lang='lat' dir='ltr'><strong>gratiam</strong></span> 
     </span>
    </p>
   </div>
   <div class='ocr_carea' id='block_1_106' title="bbox 1852 4853 3439 4931">
    <p class='ocr_par' dir='ltr' id='par_1_106' title="bbox 1852 4853 3439 4931">
     <span class='ocr_line' id='line_1_106' title="bbox 1852 4853 3439 4931; baseline -0.006 -14"><span class='ocrx_word' id='word_1_733' title='bbox 1852 4860 1968 4931; x_wconf 85' lang='lat' dir='ltr'><strong>ejus</strong></span> <span class='ocrx_word' id='word_1_734' title='bbox 1990 4876 2266 4931; x_wconf 89' lang='lat' dir='ltr'><strong>nunquam</strong></span> <span class='ocrx_word' id='word_1_735' title='bbox 2300 4868 2503 4914; x_wconf 89' lang='lat' dir='ltr'><strong>tantam</strong></span> <span class='ocrx_word' id='word_1_736' title='bbox 2528 4858 2988 4931; x_wconf 87' lang='lat' dir='ltr'><strong>opportunitatem</strong></span> <span class='ocrx_word' id='word_1_737' title='bbox 3012 4853 3273 4921; x_wconf 86' lang='lat' dir='ltr'><strong>habuisti,</strong></span> <span class='ocrx_word' id='word_1_738' title='bbox 3296 4853 3439 4908; x_wconf 93' lang='lat' dir='ltr'><strong>sicut</strong></span> 
     </span>
    </p>
   </div>
   <div class='ocr_carea' id='block_1_107' title="bbox 1851 4944 3435 5011">
    <p class='ocr_par' dir='ltr' id='par_1_107' title="bbox 1851 4944 3435 5011">
     <span class='ocr_line' id='line_1_107' title="bbox 1851 4944 3435 5011; baseline -0.006 -2"><span class='ocrx_word' id='word_1_739' title='bbox 1851 4954 2012 5009; x_wconf 91' lang='lat' dir='ltr'><strong>modo</strong></span> <span class='ocrx_word' id='word_1_740' title='bbox 2039 4953 2209 5009; x_wconf 87' lang='lat' dir='ltr'><strong>habes</strong></span> <span class='ocrx_word' id='word_1_741' title='bbox 2232 4953 2281 5007; x_wconf 91' lang='lat' dir='ltr'><strong>ei</strong></span> <span class='ocrx_word' id='word_1_742' title='bbox 2308 4952 2596 5007; x_wconf 87' lang='lat' dir='ltr'><strong>serviendi.</strong></span> <span class='ocrx_word' id='word_1_743' title='bbox 2630 4949 2776 5005; x_wconf 88' lang='lat' dir='ltr'><strong>Petis</strong></span> <span class='ocrx_word' id='word_1_744' title='bbox 2802 4944 3203 5011; x_wconf 12' lang='lat' dir='ltr'><strong>absolutionem,</strong></span> <span class='ocrx_word' id='word_1_745' title='bbox 3232 4958 3435 5011; x_wconf 88' lang='lat' dir='ltr'><strong>meam,</strong></span> 
     </span>
    </p>
   </div>
   <div class='ocr_carea' id='block_1_108' title="bbox 1846 5044 2454 5116">
    <p class='ocr_par' dir='ltr' id='par_1_108' title="bbox 1846 5044 2454 5116">
     <span class='ocr_line' id='line_1_108' title="bbox 1846 5044 2454 5116; baseline -0.005 -16"><span class='ocrx_word' id='word_1_746' title='bbox 1846 5060 2007 5115; x_wconf 92' lang='lat' dir='ltr'><strong>quam</strong></span> <span class='ocrx_word' id='word_1_747' title='bbox 2030 5059 2130 5116; x_wconf 88' lang='lat' dir='ltr'><strong>ego</strong></span> <span class='ocrx_word' id='word_1_748' title='bbox 2152 5045 2310 5101; x_wconf 91' lang='lat' dir='ltr'><strong>mitto</strong></span> <span class='ocrx_word' id='word_1_749' title='bbox 2335 5044 2454 5099; x_wconf 88' lang='lat' dir='ltr'><strong>tibi.</strong></span> 
     </span>
    </p>
   </div>
   <div class='ocr_carea' id='block_1_109' title="bbox 2333 5130 2935 5191">
    <p class='ocr_par' dir='ltr' id='par_1_109' title="bbox 2333 5130 2935 5191">
     <span class='ocr_line' id='line_1_109' title="bbox 2333 5130 2935 5191; baseline -0.01 0"><span class='ocrx_word' id='word_1_750' title='bbox 2333 5133 2667 5191; x_wconf 81' lang='lat' dir='ltr'><strong>EPIS&#39;I&#39;OLA</strong></span> <span class='ocrx_word' id='word_1_751' title='bbox 2703 5130 2935 5187; x_wconf 81' lang='lat' dir='ltr'>LXXIII.</span> 
     </span>
    </p>
   </div>
   <div class='ocr_carea' id='block_1_110' title="bbox 2188 5238 3098 5282">
    <p class='ocr_par' dir='ltr' id='par_1_110' title="bbox 2188 5238 3098 5282">
     <span class='ocr_line' id='line_1_110' title="bbox 2188 5238 3098 5282; baseline -0.005 0"><span class='ocrx_word' id='word_1_752' title='bbox 2188 5242 2417 5282; x_wconf 72' lang='lat' dir='ltr'><strong>ANSELIII</strong></span> <span class='ocrx_word' id='word_1_753' title='bbox 2456 5241 2525 5279; x_wconf 78' lang='lat' dir='ltr'><strong>AD</strong></span> <span class='ocrx_word' id='word_1_754' title='bbox 2562 5240 2867 5282; x_wconf 73' lang='lat' dir='ltr'><strong>PASCBALEII</strong></span> <span class='ocrx_word' id='word_1_755' title='bbox 2905 5238 3098 5279; x_wconf 65' lang='lat' dir='ltr'><strong>PAPAH.</strong></span> 
     </span>
    </p>
   </div>
   <div class='ocr_carea' id='block_1_111' title="bbox 1921 5314 3439 5388">
    <p class='ocr_par' dir='ltr' id='par_1_111' title="bbox 1921 5314 3439 5388">
     <span class='ocr_line' id='line_1_111' title="bbox 1921 5314 3439 5388; baseline -0.007 -10"><span class='ocrx_word' id='word_1_756' title='bbox 1921 5320 2150 5378; x_wconf 88' lang='lat' dir='ltr'><strong>Domino</strong></span> <span class='ocrx_word' id='word_1_757' title='bbox 2173 5329 2229 5377; x_wconf 91' lang='lat' dir='ltr'><strong>et</strong></span> <span class='ocrx_word' id='word_1_758' title='bbox 2249 5319 2401 5376; x_wconf 82' lang='lat' dir='ltr'><strong>Patri</strong></span> <span class='ocrx_word' id='word_1_759' title='bbox 2430 5335 2553 5376; x_wconf 92' lang='lat' dir='ltr'><strong>cum</strong></span> <span class='ocrx_word' id='word_1_760' title='bbox 2585 5319 2901 5387; x_wconf 46' lang='lat' dir='ltr'><strong>reverentia,</strong></span> <span class='ocrx_word' id='word_1_761' title='bbox 2918 5314 3209 5388; x_wconf 84' lang='lat' dir='ltr'><strong>diligendo,</strong></span> <span class='ocrx_word' id='word_1_762' title='bbox 3232 5320 3287 5369; x_wconf 93' lang='lat' dir='ltr'><strong>et</strong></span> <span class='ocrx_word' id='word_1_763' title='bbox 3314 5327 3439 5370; x_wconf 89' lang='lat' dir='ltr'><strong>cum</strong></span> 
     </span>
    </p>
   </div>
   <div class='ocr_carea' id='block_1_112' title="bbox 1846 5401 3439 5484">
    <p class='ocr_par' dir='ltr' id='par_1_112' title="bbox 1846 5401 3439 5484">
     <span class='ocr_line' id='line_1_112' title="bbox 1846 5401 3439 5484; baseline -0.007 -12"><span class='ocrx_word' id='word_1_764' title='bbox 1846 5415 2135 5473; x_wconf 86' lang='lat' dir='ltr'><strong>dilectione</strong></span> <span class='ocrx_word' id='word_1_765' title='bbox 2164 5417 2482 5483; x_wconf 84' lang='lat' dir='ltr'><strong>reverendo,</strong></span> <span class='ocrx_word' id='word_1_766' title='bbox 2500 5415 2764 5481; x_wconf 77' lang='lat' dir='ltr'>PASCIIALI</span> <span class='ocrx_word' id='word_1_767' title='bbox 2796 5430 3011 5472; x_wconf 85' lang='lat' dir='ltr'><strong>summo</strong></span> <span class='ocrx_word' id='word_1_768' title='bbox 3035 5401 3302 5484; x_wconf 79' lang='lat' dir='ltr'><strong>pontiﬁci,</strong></span> <span class='ocrx_word' id='word_1_769' title='bbox 3330 5410 3439 5462; x_wconf 71' lang='lat' dir='ltr'><strong>An-</strong></span> 
     </span>
    </p>
   </div>
   <div class='ocr_carea' id='block_1_113' title="bbox 1848 5500 3435 5572">
    <p class='ocr_par' dir='ltr' id='par_1_113' title="bbox 1848 5500 3435 5572">
     <span class='ocr_line' id='line_1_113' title="bbox 1848 5500 3435 5572; baseline -0.008 -5"><span class='ocrx_word' id='word_1_770' title='bbox 1848 5526 2047 5568; x_wconf 75' lang='lat' dir='ltr'><strong>seums</strong></span> <span class='ocrx_word' id='word_1_771' title='bbox 2076 5526 2268 5568; x_wconf 84' lang='lat' dir='ltr'><strong>servus</strong></span> <span class='ocrx_word' id='word_1_772' title='bbox 2298 5510 2553 5567; x_wconf 74' lang='lat' dir='ltr'><strong>Ecclesiae</strong></span> <span class='ocrx_word' id='word_1_773' title='bbox 2576 5508 3012 5572; x_wconf 82' lang='lat' dir='ltr'><strong>Cautuariensis,</strong></span> <span class='ocrx_word' id='word_1_774' title='bbox 3045 5503 3284 5561; x_wconf 86' lang='lat' dir='ltr'><strong>debitam</strong></span> <span class='ocrx_word' id='word_1_775' title='bbox 3311 5500 3435 5557; x_wconf 86' lang='lat' dir='ltr'><strong>sub-</strong></span> 
     </span>
    </p>
   </div>
   <div class='ocr_carea' id='block_1_114' title="bbox 1841 5598 3216 5676">
    <p class='ocr_par' dir='ltr' id='par_1_114' title="bbox 1841 5598 3216 5676">
     <span class='ocr_line' id='line_1_114' title="bbox 1841 5598 3216 5676; baseline -0.01 -13"><span class='ocrx_word' id='word_1_776' title='bbox 1841 5605 2156 5676; x_wconf 74' lang='lat' dir='ltr'><strong>iectionem,</strong></span> <span class='ocrx_word' id='word_1_777' title='bbox 2182 5620 2305 5662; x_wconf 90' lang='lat' dir='ltr'><strong>cum</strong></span> <span class='ocrx_word' id='word_1_778' title='bbox 2340 5604 2482 5663; x_wconf 86' lang='lat' dir='ltr'><strong>fideli</strong></span> <span class='ocrx_word' id='word_1_779' title='bbox 2510 5605 2734 5663; x_wconf 85' lang='lat' dir='ltr'><strong>servitio</strong></span> <span class='ocrx_word' id='word_1_780' title='bbox 2767 5613 2823 5663; x_wconf 92' lang='lat' dir='ltr'><strong>et</strong></span> <span class='ocrx_word' id='word_1_781' title='bbox 2853 5598 3216 5660; x_wconf 82' lang='lat' dir='ltr'><strong>orationibus.</strong></span> 
     </span>
    </p>
   </div>
   <div class='ocr_carea' id='block_1_115' title="bbox 1658 5738 1887 5797">
    <p class='ocr_par' dir='ltr' id='par_1_115' title="bbox 1658 5738 1887 5797">
     <span class='ocr_line' id='line_1_115' title="bbox 1658 5738 1887 5797; baseline 0 -5"><span class='ocrx_word' id='word_1_782' title='bbox 1658 5738 1887 5797; x_wconf 63' lang='lat' dir='ltr'><strong>NOTJE.</strong></span> 
     </span>
    </p>
   </div>
   <div class='ocr_carea' id='block_1_116' title="bbox 234 5801 965 5875">
    <p class='ocr_par' dir='ltr' id='par_1_116' title="bbox 234 5801 965 5875">
     <span class='ocr_line' id='line_1_116' title="bbox 234 5801 965 5875; baseline 0.008 -22"><span class='ocrx_word' id='word_1_783' title='bbox 234 5801 345 5873; x_wconf 63' lang='lat' dir='ltr'><strong>(t7)</strong></span> <span class='ocrx_word' id='word_1_784' title='bbox 376 5801 526 5860; x_wconf 83' lang='lat' dir='ltr'><strong>Hanc</strong></span> <span class='ocrx_word' id='word_1_785' title='bbox 545 5803 761 5875; x_wconf 89' lang='lat' dir='ltr'><strong>scripsit</strong></span> <span class='ocrx_word' id='word_1_786' title='bbox 784 5802 965 5859; x_wconf 86' lang='lat' dir='ltr'><strong>abbas.</strong></span> 
     </span>
    </p>
   </div>
  </div>
