3946 6306
558 234 666 293 259

1110 234 1167 288 s.
1210 227 1509 285 ausum
1546 227 1895 285 CANTUAR.
1937 227 2257 285 menter.
2300 228 2450 284 ore.
2491 203 2675 285 esas
2713 228 2795 285 ιιι.
2840 260 2910 271 -
2949 228 3330 287 Eptsrom.
3768 236 3839 297 se

629 348 706 404 De
740 362 904 404 causa
937 348 1080 402 inter
1132 363 1311 416 regem
1349 344 1553 412 Anglia:
1583 354 1638 400 et
1670 360 1757 400 me
1800 345 1929 414 quid
1976 359 2147 415 nuper
2173 349 2220 406 Α
2249 361 2430 399 rarum
2478 354 2782 400 vestrarum
2834 345 3115 401 dulcedine
3153 344 3421 403 consolari
3468 353 3533 400 et
3573 343 3837 401 laetiﬁcas:

555 442 755 498 factum
794 442 884 506 sit,
934 440 1172 496 breviter
1206 439 1513 494 celsitudini
1558 448 1749 493 vestrae
1781 438 1983 502 scribo,
2016 438 2139 507 quia

562 533 739 605 legato
783 532 899 601 ejus
932 543 986 588 et
1017 544 1202 589 nostro
1247 532 1350 587 hoc
1382 532 1591 601 plenius
1638 530 2015 602 exponendum
2056 548 2142 587 re-

554 622 759 692 linquo.
793 623 1082 693 Postquam
1128 623 1423 678 auctoritas
1463 631 1642 676 vestra
1674 622 1857 678 comiti
1895 622 1963 676 de
2005 621 2137 676 Mel-

552 713 696 769 lento
725 724 778 769 et
808 715 929 770 aliis
970 716 1390 785 impedientibus
1430 714 1568 785 apud
1618 728 1800 782 regem
1840 711 2137 781 iussionem

548 818 818 876 vestram,
875 808 1158 862 introitum
1190 807 1447 862 Ecclesia:
1493 806 1805 876 prohibuit,
1849 806 2134 877 appropin-

547 901 706 970 quati
741 900 1171 965 Nortlunanniie,
1203 911 1255 954 et
1290 900 1492 954 factum
1540 909 1621 954 est
1664 914 1762 968 per
1801 899 2133 953 comitissam

547 988 945 1047 Carnotcusem
989 1007 1231 1046 sororem
1268 992 1409 1061 regis
1442 990 1807 1044 fidelissimam
1840 989 2002 1044 filiam
2035 989 2135 1043 Ec-

543 1081 724 1138 clesia:
754 1083 844 1137 Dei
888 1092 942 1137 et
987 1082 1180 1138 vestris
1223 1083 1505 1153 przeceptis
1546 1083 1907 1145 obedientem,
1958 1091 2017 1136 ut
2063 1081 2129 1135 ad

546 1172 963 1243 colloquendum
1015 1189 1107 1228 rex
1157 1182 1211 1228 et
1256 1189 1356 1241 ego
1404 1189 1526 1227 cum
1575 1174 1805 1243 quadam
1862 1188 1957 1241 spe
2009 1172 2129 1227 boui

547 1276 776 1319 eventus
805 1267 1240 1320 conveniremus.
1276 1265 1374 1320 Ubi
1409 1282 1493 1320 me
1530 1266 1595 1320 de
1637 1266 2128 1336 archiepiscopatu,

545 1356 691 1411 unde
720 1373 804 1412 me
835 1359 1163 1425 Spoliaverat
1193 1360 1488 1414 revcstivit.
1523 1360 1587 1414 Et
1620 1360 1686 1414 de
1735 1360 1818 1415 his
1852 1360 1903 1414 in
1937 1359 2131 1428 quibus

546 1449 1029 1518 dissentiebamus,
1062 1453 1271 1507 scilicet
1299 1453 1363 1507 de
1400 1451 1738 1506 investituris
1766 1451 2127 1505 Ecelesiarum

545 1546 601 1592 et
629 1538 883 1593 homiuiis
914 1541 1281 1611 pr:elatorum,
1317 1542 1383 1597 de
1410 1542 1606 1612 quibus
1636 1541 1797 1596 simul
1822 1551 1877 1597 et
1899 1541 2127 1596 similem

544 1633 598 1687 in
641 1632 889 1688 Romano
934 1634 1163 1690 roncilio
1202 1635 1382 1688 audivi
1423 1633 1868 1704 prohibitionem,
1901 1647 1960 1687 se
1994 1648 2127 1702 apoe

2246 434 2560 506 dignemini.
2593 434 2949 507 Omnipotens
2976 447 3027 491 ct
3055 438 3175 508 pius
3208 437 3472 493 Dominus
3516 451 3626 491 vos
3663 438 3837 507 ubith

2245 537 2549 593 conservet,
2571 528 2705 583 etde
2725 528 2899 582 reditu
2924 539 3105 583 vestro
3128 544 3212 584 me
3226 528 3289 582 ad
3316 544 3572 598 prtesens
3593 526 3833 583 laztiﬁcct

2242 620 2433 675 Amen.

2739 715 3070 772 EPISTOLA
3119 717 3329 772 LXXV.

2458 823 2669 861 IIENRICI
2700 823 2851 863 REGIS
2880 824 3160 864 ANGLORUM
3200 826 3268 863 AD
3307 827 3633 866 Αδδειιιυκ.

2311 896 2612 966 HENRICUS,
2669 902 2759 955 Dei
2801 903 2995 972 gratia,
3046 919 3139 957 rex
3187 905 3486 974 Anglorum
3515 948 3532 972 ,
3590 908 3834 961 Assur:

2239 986 2620 1047 Cantuariensi
2653 993 3087 1064 archiepiscopo,
3133 994 3465 1049 charissime
3513 994 3687 1049 Patri
3739 1013 3830 1053 see.

2237 1080 2463 1135 salutem
2494 1093 2548 1139 et
2578 1085 2897 1141 amicitiam.

2308 1170 2460 1227 Sciat
2508 1184 2688 1229 vestra
2739 1176 2973 1245 benigna
3024 1177 3326 1248 paternitas
3372 1178 3500 1247 quia
3567 1179 3758 1236 debeo
3796 1198 3829 1235 ει

2234 1262 2459 1318 nimium
2510 1264 2650 1319 intra
2701 1282 2786 1320 me
2833 1268 3129 1322 contristor
3180 1283 3290 1337 pra:
3340 1268 3539 1322 dolore
3605 1276 3831 1339 θοι-βοῆς

2233 1355 2397 1410 vestri
2435 1366 2488 1411 et
2522 1356 2860 1412 infirmitate.
2910 1357 2976 1411 Et
3020 1358 3218 1412 scitote
3262 1358 3388 1428 quia
3428 1360 3537 1413 nisi
3594 1376 3703 1415 vos
3733 1378 3829 1430 ope

2234 1446 2451 1510 riebar,
2496 1444 2609 1513 jam
2660 1446 2882 1501 fuissem
2935 1450 2988 1502 in
3049 1446 3473 1502 Northmannia.
3526 1447 3827 1505 Gauderer:

2232 1538 2376 1591 enim
2411 1538 2455 1592 si
2491 1538 2640 1607 prius
2670 1555 2766 1593 vos
2798 1539 3142 1609 reperissent,
3174 1555 3334 1609 quam
3369 1554 3399 1592 θ
3448 1540 3707 1609 regione
3742 1558 3827 1593 me:

2236 1632 2622 1697 recessissem;
2661 1648 2805 1685 nunc
2847 1642 3027 1685 autem
3067 1647 3261 1703 precor
3290 1646 3405 1696 vos,
3442 1630 3608 1685 sicut
3646 1645 3827 1701 patrem

540 1724 787 1780 stolicam
820 1726 1000 1781 sedem
1039 1740 1134 1794 per
1177 1724 1414 1796 legatum
1464 1740 1621 1779 suum
1659 1734 1784 1779 ante
1824 1724 2125 1794 proximam
2162 1707 2200 1760 Β
2234 1721 2394 1785 filius,
2426 1731 2484 1776 ut
2513 1723 2789 1792 paulisper
2817 1723 2934 1793 plus
2964 1722 3283 1794 indulgeatis
3314 1732 3533 1776 natura:
3564 1738 3827 1792 corpore:

538 1815 885 1873 Nativitatem
935 1818 1147 1873 Domini
1208 1817 1595 1887 requisiturum
1654 1815 2125 1872 conslituit.'t\'on

540 1918 717 1963 autem
751 1909 991 1964 intellexi
1021 1925 1107 1964 me
1135 1908 1335 1964 debere
1367 1916 1461 1962 aut
1501 1907 1826 1979 legationem
1859 1908 1977 1977 ejus
2003 1923 2128 1979 proo

538 1997 741 2063 bibere,
775 2008 867 2052 aut
895 1998 1273 2053 revestituram
1313 2014 1487 2053 meam
1520 2013 1792 2067 respuere.
1832 1998 1971 2066 Quid
1999 2011 2127 2053 vero

538 2091 654 2160 ipsc
683 2092 748 2145 de
780 2092 1053 2161 praedictis
1085 2091 1248 2145 rebus
1276 2091 1559 2155 concedat,
1606 2090 1688 2144 vel
1717 2090 1843 2160 quid
1869 2090 2127 2161 postulet,

531 2195 631 2252 per
654 2182 905 2237 eumdem
940 2181 1175 2250 legatum
1206 2180 1470 2235 sanctitas
1500 2189 1680 2235 vestra
1714 2190 2027 2251 cognoscet.
2059 2181 2127 2237 Et

535 2272 791 2340 quoniam
820 2272 985 2325 totius
1007 2285 1187 2325 causae
1212 2271 1334 2325 finis
1357 2271 1421 2324 de
1446 2282 1629 2325 vestro
1652 2270 1852 2341 pendet
1877 2272 2127 2343 arbitrio,

534 2362 657 2416 misi
694 2360 855 2415 simul
902 2362 1136 2431 legatum
1191 2371 1465 2426 nostrum,
1515 2372 1575 2417 ut
1624 2378 1947 2434 cognoscam
1983 2380 2123 2435 quo-

534 2450 696 2506 modo
742 2452 895 2506 vobis
937 2461 991 2507 et
1035 2452 1146 2523 regi
1195 2454 1498 2517 conveniat,
1532 2464 1585 2508 et
1633 2456 1761 2525 quid
1794 2456 2124 2525 mihijussio

532 2550 712 2594 vestra
751 2541 1050 2611 przecipiat.
1079 2541 1277 2596 Comiti
1311 2542 1378 2597 de
1422 2541 1674 2615 Mellento
1703 2559 1797 2615 per
1825 2548 2121 2601 auctoritas

536 2640 642 2686 tem
673 2634 875 2687 charta:
916 2646 1112 2689 vestra:
1147 2651 1306 2704 quam
1341 2634 1413 2688 illi
1451 2634 1752 2703 direxistis,
1786 2638 1838 2691 in
1869 2654 1976 2707 qua
2019 2638 2119 2709 legi

530 2721 662 2792 quia
684 2724 729 2780 si
764 2724 916 2779 vobis
965 2724 1231 2789 obcdiret,
1277 2726 1510 2794 gratiam
1553 2735 1794 2781 vestram
1826 2727 2118 2792 obtineret,

532 2815 774 2871 concessi
812 2817 1089 2872 introitum
1135 2817 1424 2882 Ecclesiae,
1471 2819 1726 2889 quoniam
1766 2818 2017 2890 promisit
2060 2834 2122 2875 se

532 2922 854 2969 conaturum
882 2924 937 2968 ut
980 2931 1073 2970 rex
1118 2915 1457 2985 jussionihus
1494 2917 1689 2971 vestris
1718 2917 1785 2970 ad
1815 2916 2118 2972 ubertatem

528 3003 787 3061 Ecclesia:
822 3007 1181 3076 obtemperet.
1229 3008 1303 3061 De
1330 3007 1453 3061 aliis
1482 3017 1663 3061 autem
1696 3007 1761 3061 de
1794 3008 1991 3076 quibus
2017 3024 2115 3063 au-

528 3101 834 3154 Ctoritatem
867 3109 1105 3153 vestram
1131 3112 1225 3168 per
1249 3097 1456 3168 legatos
1482 3099 1721 3168 requiro,
1746 3096 1864 3167 ejus
1897 3114 2119 3168 respon-

527 3191 758 3258 sionem,
786 3193 829 3246 si
879 3192 1074 3262 placet,
1122 3208 1217 3263 per
1266 3192 1483 3247 eosdem
1520 3192 1777 3263 efﬂagito.
1810 3192 1918 3248 Pro
1960 3210 2117 3251 reve-

530 3285 704 3341 γεηιό
737 3284 899 3339 Patre
953 3298 1074 3338 meo
1124 3284 1533 3354 archiepiscopo
1585 3285 2004 3355 Botltomagensi
2049 3288 2116 3342 ad

526 3384 711 3429 vestra
741 3374 966 3445 supplex
999 3384 1178 3431 mente
1208 3388 1291 3428 me
1318 3385 1604 3444 prosterno
1644 3376 1892 3446 vestigia,
1921 3386 2114 3446 quate~

526 3480 631 3521 nus
670 3466 965 3521 secundum
1012 3465 1154 3535 quod
1202 3480 1300 3533 per
1329 3463 1446 3531 ejus
1495 3462 1704 3534 legatos
1751 3465 2112 3536 cognoscetis,

524 3557 979 3628 supplicationem
1012 3570 1067 3611 et
1092 3556 1474 3619 humilitatem,
1512 3556 1769 3611 Ecclesia:
1790 3573 1901 3612 suae
1928 3572 2114 3613 neces-

522 3644 772 3717 sitatem,
798 3646 1107 3717 apostolica
1138 3646 1524 3702 misericordia:
1550 3647 1625 3701 illi
1657 3647 1985 3718 impendatis
2014 3649 2111 3704 be~

526 3737 867 3810 nignitatem.
898 3736 1252 3810 Omnipotens
1282 3740 1425 3793 Deus
1471 3738 1523 3793 in
1571 3739 1719 3795 omni
1757 3742 2112 3811 prosperitate

524 3837 761 3883 vestram
794 3830 884 3884 diu
916 3829 1173 3885 Ecclesiae
1203 3844 1315 3885 sua:
1343 3838 1629 3885 conservet
1662 3829 2105 3886 incolumitatem.

521 3916 715 3974 Amen.

1010 4006 1345 4065 EPISTOLA
1384 4006 1617 4064 LXXIV.

664 4115 953 4155 nummus
987 4115 1270 4155 ANGLORUI
1311 4115 1519 4155 REGIBUS
1556 4116 1623 4154 AD
1663 4114 1963 4156 Ακδεωιωι.

591 4188 956 4245 Dilectissimo
985 4190 1203 4244 domino
1232 4205 1331 4244 suo
1370 4199 1421 4243 et
1466 4189 1633 4253 Patri,
1679 4190 1933 4245 ANSELIIO
1962 4189 2106 4246 Can-

520 4280 785 4335 tuariensi
838 4280 1265 4350 archiepiscopo.
1320 4279 1625 4335 Mnutwts
1670 4282 1965 4351 Anglorum
2017 4298 2103 4337 re-

520 4370 669 4439 gina,
708 4369 939 4424 salutem
973 4370 1286 4425 coutinuam
1325 4387 1447 4426 cum
1494 4370 1803 4436 dilectione,
1836 4382 1891 4427 et
1934 4373 2095 4429 servi-
2140 4403 2184 4457 η

520 4462 652 4517 tium
675 4462 856 4518 fidele.

590 4550 708 4607 Non
744 4553 978 4624 ignoret,
1010 4552 1329 4607 charissime
1354 4552 1539 4618 Pater,
1574 4560 1773 4608 vestra:
1808 4554 2108 4609 sanctitatis

518 4644 845 4700 consolatrix
872 4644 1093 4700 dilectio
1119 4644 1355 4697 animam
1381 4658 1555 4698 meam
1586 4653 1764 4698 vestra
1790 4654 1899 4698 tam
1926 4644 2103 4714 longa,

518 4748 629 4791 tam
671 4740 891 4793 ta:diosa
920 4736 1167 4793 absentia
1199 4738 1438 4805 graviter
1465 4735 1581 4791 fore
1611 4736 1907 4792 turbatam.
1929 4738 2104 4793 Vestri

517 4832 714 4885 etenim
748 4832 954 4886 reditus
996 4828 1165 4900 optati
1218 4829 1503 4893 terminus,
1548 4839 1754 4899 quanto
1795 4829 2027 4886 celerior
2051 4840 2105 4886 et

516 4926 871 4996 prOpiuquior
901 4942 929 4978 a
964 4923 1207 4994 pluribus
1239 4923 1368 4978 mihi
1403 4924 1756 4995 promittitur,
1795 4936 1945 4981 tanto
1981 4943 2101 4983 ma-

516 5016 599 5085 gis
630 5029 660 5068 a
693 5032 778 5070 me
811 5025 990 5070 vestra
1023 5014 1129 5068 frui
1174 5023 1393 5084 optante
1422 5017 1708 5085 praesentia
1735 5028 1790 5073 et
1834 5018 2103 5075 locutione

516 5108 879 5164 desideratur.
929 5106 1085 5162 Nullo
1126 5108 1323 5177 itaque.
1376 5109 1827 5165 reverendissime
1863 5112 2098 5178 domine,

514 5200 760 5271 perfecto
791 5200 987 5268 gaudio
1014 5200 1189 5253 anima
1223 5214 1339 5254 mea
1372 5200 1757 5267 Iretificabitur,
1803 5200 1942 5255 nulli
1974 5218 2100 5257 vera

514 5290 806 5348 dilectione
844 5292 1257 5358 cxhilarabitur,
1297 5308 1577 5363 quousque
1622 5303 1889 5357 vestram,
1937 5308 2100 5362 quam

516 5383 645 5438 tatis
681 5385 879 5438 mentis
912 5397 1043 5437 mea:
1076 5383 1281 5438 viribus
1313 5384 1591 5447 desidero,
1641 5384 1983 5452 praesentiam
2014 5397 2101 5435 rc—

510 5474 697 5532 videre
727 5478 1026 5547 gaudenter
1053 5475 1280 5530 valeam.
1317 5474 1523 5531 Vestrte
1554 5476 1821 5544 siquidem
1855 5474 2099 5544 benigni-

509 5568 640 5624 tatis
688 5568 993 5623 tuellilluam
1037 5585 1202 5625 exoro
1249 5568 1613 5631 dulcedinem,
1662 5576 1721 5620 ut
1766 5566 1978 5621 interim
2014 5581 2097 5621 me

510 5659 786 5719 absentem
837 5673 1027 5721 vestrae
1075 5663 1395 5721 antmnitate
1441 5660 1804 5731 correptionis
1846 5668 1900 5715 et
1952 5659 2091 5716 litte-

2231 1824 2447 1877 vestrae.
2474 1825 2528 1868 et
2559 1830 2626 1867 ne
2659 1816 2727 1868 ita
2759 1813 3008 1885 aflhgatts
3039 1831 3234 1884 corpus
3266 1822 3541 1868 vestrum.
3594 1813 3741 1868 Volo
3762 1832 3831 1867 an.

2232 1912 2338 1957 tem
2387 1913 2440 1959 et
2471 1905 2724 1975 praecipio
2761 1913 2820 1958 ut
2864 1905 3064 1975 ubique
3102 1920 3200 1974 per
3229 1919 3422 1959 omnes
3453 1910 3833 1974 possessiones

2231 2009 2381 2050 meas
2409 1993 2817 2050 Northmannia:
2850 1996 3128 2066 imperctis
3182 1997 3317 2051 sicut
3352 2012 3455 2067 per
3482 2008 3725 2053 vestras
3752 1998 3831 2053 Do—

2232 2084 2481 2147 minicas,
2509 2092 2563 2136 et
2595 2085 2851 2152 gaudebit
2888 2100 2983 2139 cor
3041 2101 3220 2139 meum
3255 2085 3300 2139 si
3337 2085 3440 2139 hoc
3476 2084 3685 2156 ipsum
3718 2086 3832 2140 fece—

2232 2172 2372 2230 ritis.
2424 2174 2577 2228 Nuuc
2624 2191 2757 2229 vero
2802 2178 2955 2246 operi
2995 2192 3084 2231 me
3136 2177 3189 2230 in
3239 2175 3675 2232 Nortlunannia
3748 2178 3835 2248 Ego

2230 2264 2375 2317 enim
2413 2266 2629 2319 noviter
2658 2267 2922 2320 transibo.
2950 2265 3113 2322 Teste
3145 2265 3459 2322 Walderico
3490 2271 3660 2339 apud
3708 2269 3836 2323 Win-

2228 2356 2376 2410 deles
2404 2356 2591 2410 horas.

2717 2447 3053 2506 EPISTOLA
3092 2448 3328 2504 LXXVI.

2532 2554 2825 2595 HA'HIILDIS
2856 2556 3065 2596 REGINE
3099 2558 3166 2595 AD
3197 2555 3513 2597 ANSELHUH.

2301 2630 2530 2685 Domino
2560 2646 2683 2698 suo,
2717 2641 2768 2686 et
2810 2632 2955 2687 Patri
2988 2635 3314 2688 eharissumo
3344 2635 3629 2693 ANSELIO
3671 2640 3837 2695 archi-

2224 2723 2507 2793 episcopo,
2536 2724 2842 2783 MnntLots
2870 2727 3167 2797 Anglorum
3202 2728 3410 2801 regina,
3441 2731 3662 2790 salutis
3697 2737 3834 2791 boui
3902 2723 3903 2783 Υ

2223 2814 2609 2871 valetudinem.

2293 2907 2689 2964 Exsultationis
2714 2910 2951 2979 opinata:
2971 2909 3286 2977 jucunditas
3316 2921 3521 2969 vestra:
3565 2917 3718 2972 mihi
3749 2934 3832 2973 nu.

2222 3014 2322 3070 per
2374 3002 2646 3071 spondeus
2691 3003 2999 3057 sanctitatis
3045 3005 3364 3069 adventum,
3418 3016 3667 3075 quanto.
3707 3010 3825 3063 mihi

2222 3092 2400 3161 gaudii
2452 3093 2740 3164 solatiique
2789 3095 3221 3175 plustcollatura
3274 3097 3392 3163 fuit,
3442 3107 3603 3154 tanto
3661 3103 3827 3172 majus

2219 3184 2581 3254 praepediente
2633 3187 2971 3252 valetudine,
3025 3186 3250 3242 desolati
3302 3189 3564 3243 mmroris
3620 3191 3824 3246 incom-

2221 3275 2437 3329 modum
2483 3277 2730 3331 contulit.
2783 3276 3172 3349 Praecognitum
3226 3280 3391 3350 igitur
3438 3282 3579 3337 mihi
3630 3293 3821 3339 vestr:

2217 3364 2564 3433 paternitatis
2594 3363 2845 3420 affectum
2878 3367 3171 3421 miserabili
3201 3368 3599 3438 laerymatione
3625 3388 3820 3427 exon-

2219 3466 2331 3511 tum
2372 3458 2552 3523 venio,
2601 3469 2661 3513 ut
2701 3459 2744 3513 si
2794 3475 2923 3513 cura
2971 3460 3077 3514 mei
3127 3462 3268 3531 apud
3318 3477 3414 3516 vos
3446 3464 3679 3532 penitus
3723 3482 3817 3520 non

2216 3547 2423 3613 eviluit,
2452 3549 2782 3604 anxietatem
2826 3550 3208 3607 sollicitudinis
3237 3568 3370 3607 mea:
3401 3554 3467 3608 de
3503 3566 3701 3610 vestra
3736 3574 3814 3610 va-

2215 3641 2455 3697 letudine
2508 3642 2753 3712 quolibet
2798 3644 3133 3700 internuntio
3179 3648 3504 3716 quantocius
3560 3664 3815 3704 securam

2216 3734 2477 3791 reddatis.
2504 3738 2615 3791 Aut
2637 3737 2783 3791 enim
2813 3738 3037 3793 indilate
3068 3738 3133 3793 dc
3162 3750 3341 3793 chtra
3370 3741 3563 3795 eadem
3594 3744 3814 3811 quidem

2212 3834 2266 3879 ct
2300 3840 2421 3879 mea
2464 3826 2638 3881 salute
2673 3827 2950 3897 gaudebo;
2983 3836 3099 3894 aut,
3140 3830 3283 3897 quod
3323 3830 3415 3884 Dei
3456 3841 3683 3885 avertat
3724 3834 3816 3887 nti-

2212 3915 2443 3972 seratio!
2494 3919 2802 3972 communis
2847 3933 3009 3973 casus
3064 3919 3369 3976 aliisionem
3428 3921 3815 3980 indifferenter

2212 4008 2425 4065 subibo.
2455 4008 2755 4065 Convalere
2801 4025 2895 4066 vos
2930 4010 3091 4066 faciat
3133 4012 3377 4082 piissima
3434 4011 3527 4066 Dei
3559 4015 3816 4085 oumipo-

2213 4102 2397 4158 tentia.
2429 4103 2621 4158 Amen.

2589 4194 2756 4268 443
2784 4194 3119 4252 EPISTOLA
3158 4195 3416 4252 Lxxvu.

2414 4301 2627 4341 "ENMCI
2669 4301 2823 4341 REGIS
2857 4301 3142 4343 ANGLORUII
3181 4303 3250 4341 AD
3288 4302 3597 4342 Ακεεωωι.

2280 4376 2554 4432 llsxmcus
2589 4393 2685 4433 rex
2734 4367 3066 4448 Anglorum,
3118 4377 3315 4433 dilecto
3346 4377 3493 4433 Patri
3540 4394 3645 4435 suo
3707 4383 3814 4438 As-

2215 4483 2384 4526 sstuo
2412 4469 2790 4526 Cantuariensi
2835 4468 3244 4540 archiepiscopo
3268 4510 3282 4536 ,
3315 4469 3542 4524 salutem
3598 4479 3655 4526 et
3720 4474 3812 4528 filii

2210 4560 2574 4617 dilectionem.

2279 4648 2499 4713 Noscat,
2531 4649 2830 4704 reverende
2862 4648 3051 4718 Pater,
3079 4649 3336 4705 discretio
3368 4650 3682 4707 sanctitatis
3723 4670 3815 4709 ve-

2208 4749 2352 4805 strze,
2380 4743 2503 4810 quia
2536 4741 2708 4796 frater
2738 4756 2891 4796 meus
2924 4756 3108 4796 comes
3134 4742 3404 4797 Bobertus
3432 4744 3499 4796 ad
3538 4759 3628 4799 me
3656 4748 3813 4801 venit

2208 4833 2259 4888 in
2291 4833 2539 4904 Angliam
2584 4843 2638 4888 et
2678 4836 2909 4905 benigne
2950 4837 3200 4891 recessit.
3246 4835 3331 4891 Me
3358 4848 3539 4892 autem
3575 4840 3809 4907 scitote,

2208 4926 2258 4979 iu
2290 4926 2375 4981 die
2409 4926 2759 4982 Ascensionis
2810 4927 3048 4992 Domini,
3086 4941 3208 4983 esse
3243 4931 3309 4983 ad
3363 4945 3514 4984 mare
3545 4944 3808 4999 paratum

2208 5017 2463 5071 transire.
2496 5017 2559 5071 Et
2606 5033 2727 5072 emn
2777 5019 3071 5087 transiero,
3120 5034 3216 5091 per
3254 5034 3351 5075 vos
3400 5030 3455 5074 et
3502 5022 3807 5078 consilium

2204 5116 2467 5169 vestrum,
2486 5124 2549 5161 ea
2572 5125 2690 5178 qtuc
2714 5110 2923 5181 agenda
2948 5120 3127 5175 erunt,
3157 5127 3332 5181 agam.
3364 5110 3583 5166 Interim
3609 5124 3809 5172 autem

2204 5198 2246 5251 si
2285 5198 2606 5255 Guillehnus
2635 5201 2700 5256 de
2730 5201 3041 5258 Warelvast
3090 5204 3378 5272 czeterique
3413 5203 3573 5275 legati
3621 5209 3804 5263 nostri

2203 5289 2374 5343 Ruina
2417 5289 2695 5357 redierint,
2750 5294 2802 5347 in
2851 5295 3077 5349 arbitrio
3113 5295 3406 5350 voluntatis
3452 5306 3650 5351 vestra:
3700 5299 3803 5365 sit,

2201 5391 2384 5437 utrum
2413 5385 2478 5437 ad
2504 5401 2589 5439 me
2616 5398 2895 5443 transeant
2917 5390 2970 5443 in
2999 5390 3274 5462 Angliam,
3299 5399 3591 5461 antequam
3620 5400 3803 5448 trans-

2200 5493 2340 5539 eam,
2375 5492 2443 5531 an
2478 5478 2752 5535 vobiscum
2795 5493 3140 5550 remaneant,
3170 5483 3345 5538 donec
3377 5482 3478 5552 ipsi
3508 5483 3799 5538 vobiscum

2200 5585 2407 5623 mecum
2453 5570 2768 5641 loquantur.
2817 5572 2981 5632 TeSte
3036 5574 3127 5630 W.
3185 5575 3411 5633 cancell.
3458 5576 3596 5647 apud
3646 5575 3795 5633 Nor-

2200 5661 2587 5734 thamptonem.
