4014 6304
145 436 235 490 λιι
1328 443 1456 499 LIB.
1491 442 1578 507 ιν,
1622 440 1704 497 ΕΡ

1817 443 1841 493 ¹.
1877 441 2137 498 LXXXII.

608 546 943 612 EPISTOLA
980 553 1260 612 LXXVIII.

527 681 595 719 ΔΙ)
640 681 886 722 Ειιθειιωι
939 682 1169 723 PRIOREI
1225 683 1294 724 ΕΤ

788 754 834 792 S.
867 753 1125 793 Εωιωωι.

203 828 492 884 Αωεεωιυε
525 829 997 901 archiepiscopus,
1033 831 1243 887 dilectis
1292 832 1417 887 ﬁliis
1442 841 1497 888 et
1543 833 1728 888 fratri-

136 935 255 987 bus,
296 920 513 987 Ειιῖειιο
544 922 744 992 priori,
787 932 842 978 et
869 924 990 978 aliis
1025 925 1080 980 in
1123 926 1373 980 coenobio
1405 925 1588 980 Sancti
1622 926 1729 981 Ed-

137 1015 326 1071 mundi
363 1015 476 1071 Deo
503 1016 917 1086 famulantibus,
950 1018 1184 1074 salutem
1212 1032 1266 1075 et
1293 1020 1726 1077 benedictfonem

134 1106 221 1165 Dei
254 1118 312 1163 et
344 1124 525 1164 suam.

196 1199 357 1266 Quod
407 1201 671 1257 hactenus
702 1218 788 1256 me
819 1202 1093 1259 substraxi
1136 1219 1164 1258 a
1201 1204 1587 1261 communione
1632 1206 1727 1261 do-

133 1291 260 1346 mini
296 1291 545 1357 Roberti,
587 1294 690 1349 feci
740 1304 964 1364 propter
1008 1305 1340 1366 praeceptum
1380 1306 1435 1350 et
1466 1297 1723 1352 obedien-

132 1386 257 1440 tiam
325 1387 529 1441 domini
582 1402 756 1456 papae.
808 1387 965 1442 Nunc
1021 1398 1202 1442 autem
1257 1386 1483 1456 jubente
1533 1388 1725 1444 eodem

130 1478 350 1533 domino
380 1492 553 1549 papa,
606 1494 670 1535 ea
720 1480 930 1535 ratione
956 1495 1061 1550 qua
1116 1480 1232 1551 ipse
1280 1481 1411 1535 mihi
1444 1480 1722 1551 praecedit,

131 1586 249 1627 eum
300 1572 355 1626 in
399 1587 591 1642 pacem
641 1580 695 1627 et
736 1575 1171 1628 communionem
1220 1574 1455 1645 suscepi,
1486 1583 1541 1628 et
1572 1574 1725 1629 vobis

128 1665 325 1720 mando
362 1674 531 1735 atque
559 1665 818 1735 praecipio
849 1674 909 1721 ut
952 1666 1051 1735 ipsi
1082 1667 1337 1738 deinceps
1383 1667 1436 1721 in
1468 1667 1723 1722 omnibus

127 1757 447 1814 ubedientes
497 1760 636 1824 sitis,
689 1769 745 1814 et
792 1760 841 1815 ei
888 1759 1290 1816 confessionem
1340 1768 1397 1816 et
1449 1761 1553 1815 alia
1600 1777 1721 1830 quae

127 1853 323 1909 debent
352 1853 607 1908 monachi
647 1853 854 1917 abbati,
884 1852 1125 1917 faciatis,
1155 1868 1256 1907 nec
1285 1853 1354 1908 ab
1378 1853 1459 1909 eis
1490 1853 1718 1907 desista-

242 678 474 718 Αδεεωη
527 681 595 719 ΔΙ)
640 681 886 722 Ειιῖειιωι
939 682 1169 723 PRIOREI
1225 683 1294 724 ΕΤ
1348 684 1622 725 MONACHOS

126 1944 208 2011 tis,
250 1944 356 1998 nisi
386 1958 489 2015 ego
528 1944 581 1998 in
620 1942 802 1998 futuro
844 1944 970 1999 inde
1008 1944 1153 1999 aliud
1188 1945 1530 2015 prcecipiam.
1568 1945 1717 2015 Rogo
1750 1922 1792 1980 Β

124 2043 304 2089 autem
349 2050 472 2100 vos,
522 2035 606 2106 etf,
656 2035 831 2091 modis
877 2037 1076 2106 quibus
1119 2052 1374 2107 possum,
1428 2037 1619 2091 hortor
1665 2047 1720 2092 et

122 2143 317 2184 moneo
363 2137 642 2198 quatenus
689 2128 907 2185 solliciti
958 2129 1078 2183 sitis
1115 2128 1265 2183 circa
1311 2128 1715 2184 observantiam

119 2221 326 2276 ordinis
356 2220 547 2288 vestri,
584 2228 644 2276 ut
675 2220 808 2274 nihil
849 2220 914 2275 de
955 2220 1110 2274 vobis
1142 2220 1393 2274 audiatur
1428 2220 1529 2274 nisi
1572 2222 1715 2290 quod

124 2312 273 2366 decet
299 2311 480 2366 audiri
525 2313 593 2367 de
620 2311 777 2368 bonis
814 2310 1101 2366 monachis
1130 2319 1186 2366 et
1219 2311 1363 2366 veris
1392 2311 1564 2366 servis
1597 2312 1713 2366 Dei.

123 2401 302 2457 Amen

614 2493 950 2550 EPISTOLA
993 2492 1235 2551 LXXIX.

251 2604 486 2646 B1360le
512 2604 887 2647 CLUNIACENSIS
934 2604 1158 2644 ABIA‘I'IS
1189 2604 1256 2643 AD
1282 2604 1583 2645 ΑΝςειιιωι.

184 2681 666 2738 Revercndissimo
700 2681 873 2746 Patri,
919 2690 976 2736 et
1020 2681 1334 2737 dulcissimo
1380 2682 1557 2736 amico
1606 2681 1714 2735 As-

118 2788 283 2829 sauo
308 2771 694 2829 Cantuariensi
722 2772 1156 2840 archiepiscopo,
1182 2770 1408 2840 suisque
1433 2769 1709 2832 omnibus,

117 2861 286 2918 frater
317 2862 473 2919 Huco
512 2874 788 2933 peccator,
824 2860 1203 2918 Cluniacensis
1243 2862 1434 2929 abbas,
1481 2860 1711 2917 salutem

114 2964 167 3009 et
191 2955 312 3009 sine
340 2954 451 3009 ﬁne
477 2954 762 3025 gaudium.

181 3048 453 3114 Quoniam
481 3061 809 3101 noveramus
836 3055 1039 3116 quanta
1067 3045 1208 3101 inter
1230 3060 1326 3100 vos
1348 3054 1401 3100 et
1426 3045 1707 3100 dominum

117 3138 393 3212 nugonem
450 3138 862 3210 Lugdunensem
901 3138 1374 3208 archiepiscopum
1404 3180 1420 3205 ,
1459 3137 1569 3192 Deo
1616 3152 1711 3192 vo-

116 3228 273 3295 lente,
307 3230 602 3284 exstiterat
631 3228 997 3294 familiaritas,
1018 3229 1241 3298 dignum
1273 3229 1529 3283 duximus
1555 3229 1709 3283 vobis

116 3322 427 3392 signiﬁcare
447 3322 689 3392 ejusdem
727 3321 961 3385 obitum,
994 3321 1152 3375 nobis
1184 3329 1239 3376 et
1268 3336 1379 3375 omr
1406 3321 1524 3376 ibus
1550 3320 1708 3375 bonis

115 3413 245 3467 viris
273 3426 501 3483 gravem
530 3420 586 3464 et
622 3410 1125 3481 irrecuperabiliter
1165 3411 1477 3477 dolendum,
1519 3420 1707 3481 quate-

117 3518 215 3561 nus
250 3514 307 3559 et
334 3519 435 3574 per
463 3518 563 3558 vos
604 3512 657 3557 et
688 3518 787 3573 per
834 3513 1070 3569 vestros,
1115 3518 1295 3558 veram
1330 3520 1492 3573 quam
1520 3505 1708 3561 vivens

114 3600 212 3656 ad;
239 3600 360 3655 buit
404 3600 789 3667 dilectionem,
840 3616 983 3654 nunc
1023 3600 1073 3654 ei
1112 3599 1369 3655 defuncto
1419 3616 1707 3671 repensare

115 3693 397 3761 satagatis.
430 3690 583 3746 Obiit
612 3692 758 3745 enim
801 3692 854 3745 in
894 3707 1030 3761 pace
1071 3691 1239 3747 Nonis
1274 3690 1527 3758 Octobris
1565 3693 1705 3758 apud

113 3782 391 3850 Seusiam,
426 3786 555 3839 dum
592 3784 699 3839 iret
727 3784 794 3837 ad
838 3783 1154 3854 apostolica:
1194 3785 1494 3839 vocationis
1530 3785 1706 3838 conci-

115 3874 267 3940 lium,
283 3876 643 3946 sepultusque
668 3886 753 3931 est
780 3875 977 3931 ibidem
1002 3876 1139 3931 satis
1166 3876 1391 3931 honeste
1413 3876 1464 3929 in
1490 3876 1704 3931 abbatia

115 3966 296 4024 Sancti
340 3969 505 4024 Justi.
556 3967 808 4023 Vestram
848 3977 1029 4023 autem
1081 3969 1444 4024 reverentiam
1493 3966 1705 4039 plenius

110 4077 337 4117 noscere
368 4062 767 4127 desideramus,
809 4072 1112 4131 vestraeque
1148 4062 1526 4130 prostieritatis
1565 4077 1703 4114 nun-

109 4152 191 4208 tio
221 4153 590 4206 abundantius
625 4150 909 4217 lzetiﬁcari,
942 4168 1065 4207 cum
1105 4168 1227 4208 sese
1265 4163 1477 4223 tempus
1522 4152 1704 4206 locns-

111 4261 220 4315 que
257 4254 600 4315 opportunus
642 4245 913 4301 extulerit.
951 4245 1203 4301 Christus
1240 4244 1417 4309 Iesus,
1453 4243 1701 4300 Pontifex

109 4352 387 4403 summus,
420 4337 473 4393 in
509 4340 762 4392 omnibus
790 4347 1045 4408 operetur
1073 4338 1379 4393 vobiscum.

611 4427 938 4485 EPISTOLA
991 4428 1208 4485 LXXX.

556 4535 837 4575 HUGONIS
884 4536 961 4573 Αῐ)
1009 4535 1293 4575 ΕυὶΙΒΕΠ.

188 4609 574 4684 Amantissimo
612 4623 775 4680 atque
822 4611 1058 4682 glorioso
1105 4612 1278 4679 Patri,
1326 4610 1543 4667 domino
1590 4611 1777 4672 Au-D

111 4716 312 4764 ειιιο,
360 4703 659 4757 venerabili
722 4703 1199 4759 Cantuariensium
1265 4704 1696 4774 archiepiscopo,

110 4790 277 4846 frater
304 4791 459 4850 Hcco
491 4804 765 4862 peccator,
814 4794 1189 4849 Cluuiacensis
1238 4796 1429 4861 abbas,
1469 4794 1697 4851 salutem

107 4884 304 4939 mentis
333 4895 387 4939 et
421 4884 671 4953 corporis
701 4885 754 4938 in
785 4885 1029 4947 Christo,
1059 4894 1112 4939 et
1139 4886 1256 4941 sine
1285 4886 1391 4939 line
1419 4887 1695 4955 gaudium.

186 4970 473 5044 Postquam
513 4991 543 5028 a
580 4974 737 5030 nobis
784 4975 1146 5038 discessistis,
1195 4976 1278 5030 vir
1322 4975 1434 5031 Deo
1482 4977 1697 5042 dilecte,

110 5067 460 5133 nequivimus
506 5068 786 5137 percipere
816 5068 945 5136 quid
986 5068 1248 5123 acciderit
1288 5070 1563 5123 sanctitati
1600 5084 1697 5123 ve-

107 5165 273 5223 strae;
317 5158 425 5213 hoc
479 5168 659 5212 tamen
713 5158 779 5212 de
825 5158 919 5213 Dei
970 5159 1340 5214 misericordia
1395 5175 1696 5229 speramus,

105 5247 238 5316 quia
266 5251 573 5321 ubicunque
603 5258 783 5305 vestra
824 5251 1014 5321 religio
1042 5250 1225 5317 fuerit,
1256 5252 1500 5306 divinum
1541 5253 1699 5306 auxi-

108 5343 245 5397 lium
270 5354 467 5414 prmsto
497 5346 767 5399 habuerit.
796 5344 929 5412 Quis
954 5347 1100 5400 enim
1130 5363 1367 5417 unquam
1398 5356 1508 5401 tam
1540 5346 1700 5400 inim-

109 5449 306 5491 manus
351 5436 540 5500 fuerit,
573 5436 664 5506 qui
696 5445 980 5507 postquam
1022 5448 1279 5507 expertus
1309 5437 1475 5492 fuerit
1516 5438 1698 5492 dulce-

104 5524 291 5582 dinem
320 5528 486 5584 vestri
517 5528 791 5598 colloquii,
814 5544 912 5583 vos
945 5544 1047 5583 non
1075 5530 1305 5600 recipiat
1329 5539 1383 5585 et
1410 5539 1699 5585 veneretur

102 5619 269 5687 quasi
316 5621 569 5692 angelum
617 5621 747 5676 Dei?
799 5619 952 5677 Unde
986 5636 1106 5689 nos,
1143 5622 1266 5677 licet
1303 5624 1434 5676 satis
1470 5622 1693 5693 indigni,

102 5707 349 5765 divinam
382 5711 736 5783 imploramus
764 5712 1130 5778 clementiam,
1176 5723 1236 5767 ut
1276 5714 1365 5782 qui
1397 5713 1550 5769 vobis
1576 5723 1695 5768 tan-

102 5808 234 5854 tam
254 5803 479 5871 gratiam
513 5803 745 5859 contulit
777 5803 831 5859 in
863 5804 1044 5870 terris,
1071 5804 1187 5873 ipse
1216 5805 1370 5860 vobis
1396 5805 1695 5861 concedere

104 5891 365 5964 dignetur
388 5903 649 5952 aeternam
683 5894 907 5966 gloriam
935 5897 988 5951 in
1021 5895 1193 5951 cretis.
1222 5896 1287 5952 Et
1315 5912 1476 5963 nunc,
1509 5896 1692 5961 Pater,

3305 462 3415 518 242

1756 554 1802 613 Α
1840 553 2139 611 direximus
2167 556 2233 610 ad
2268 565 2444 614 terras
2474 560 2593 615 illas
2628 562 2767 619 ﬁlios
2791 574 3027 631 nostros,
3058 578 3266 627 vestros
3289 589 3417 632 vero

1832 658 2018 699 servos
2044 653 2099 699 et
2131 645 2316 702 ﬁdeles
2348 649 2573 716 amicos,
2602 668 2700 722 pro
2730 659 3045 714 monasterii
3071 663 3240 718 nostri
3264 679 3416 720 com-

1832 736 1979 790 muni
2005 738 2242 807 negotio.
2268 738 2415 805 Quos
2441 752 2633 798 vestrm
2664 747 2937 802 sanctitati
2972 754 3415 813 commendantes

1830 827 2077 883 volunms
2098 838 2154 884 ut
2176 832 2317 900 quod
2343 833 2394 885 in
2420 835 2730 904 regionibus
2754 838 2856 893 illis
2877 843 3047 895 acturi
3066 853 3210 909 sunt,
3233 857 3415 905 vestro

1830 931 2201 990 exsequantur
2223 925 2475 990 consilio,
2509 937 2796 998 vestroque
2830 934 3142 989 muniantur
3191 940 3412 997 auxilio.

1833 1013 1907 1067 De
1959 1029 2122 1069 causa
2173 1013 2267 1069 ﬁlii
2335 1019 2506 1072 nostri
2572 1020 2773 1075 domini
2836 1021 3091 1091 Theardi,
3144 1034 3415 1103 prmcipue

1828 1104 2061 1175 petimus
2107 1115 2165 1161 ut
2196 1108 2323 1177 quia
2368 1109 2619 1166 dominus
2662 1130 2795 1183 papa
2842 1115 2909 1170 de
2954 1118 3253 1175 ministerio
3298 1125 3414 1195 ejus

1825 1213 2043 1253 onmem
2107 1200 2160 1254 in
2218 1212 2400 1257 vestro
2463 1205 2688 1259 arbitrio
2739 1210 2919 1274 posuit
2976 1208 3410 1279 (IISleSIIIOIlelII,

1828 1304 2030 1360 vosque
2077 1292 2124 1347 ei
2162 1292 2287 1347 dum
2318 1294 2497 1350 adhuc
2538 1305 2683 1351 esset
2714 1297 2765 1351 in
2815 1300 3051 1355 cleric:tli
3085 1302 3271 1358 habitu
3305 1307 3413 1360 sic-

1828 1391 1885 1435 ut
1931 1383 1999 1436 ab
2040 1383 2155 1449 ipso
2185 1384 2501 1452 didicimus,
2540 1391 2890 1446 concessistis
2930 1394 3094 1449 totius
3126 1396 3412 1451 ministerii

1827 1472 1908 1525 sui
1943 1472 2287 1539 facultatem,
2334 1491 2476 1532 nunc
2506 1478 2660 1533 nobis
2693 1497 2816 1535 cum
2856 1482 2966 1537 Deo
3008 1485 3303 1542 miserante
3346 1490 3415 1545 ad

1826 1563 2178 1635 principalem
2234 1567 2492 1622 reductus
2538 1571 2671 1625 estis
2702 1573 3041 1643 dignitatem,
3081 1591 3178 1646 per
3209 1579 3414 1635 litteras

1826 1655 2063 1711 scribere
2094 1658 2353 1728 quidquid
2383 1662 2430 1715 ei
2462 1665 2766 1719 mandaturi
2795 1682 2982 1722 sumus
3013 1686 3118 1725 non
3154 1671 3413 1743 dedigne-

1823 1744 1980 1800 mini.
2023 1744 2272 1803 Gaudeat
2308 1765 2404 1821 per
2434 1750 2650 1824 longum
2702 1758 2961 1814 sanctitas
2991 1770 3173 1816 vestra
3205 1778 3413 1820 memor

1822 1844 2013 1898 nostri.

2305 1939 2639 1999 EPISTULA
2678 1945 2907 2003 LXXXI.

2151 2046 2377 2087 ANSELHI
2424 2050 2490 2088 AD
2531 2051 2779 2092 IlL'GONESI
2819 2056 3077 2097 COMITEM.

1890 2116 2175 2175 ANSELHUS
2205 2124 2667 2196 archiepiscopus,
2713 2128 2935 2185 domino
2976 2142 3031 2187 et
3058 2134 3235 2189 amico
3275 2136 3406 2192 cha-

1820 2211 2036 2268 rissimo
2090 2214 2296 2271 "UGONI
2345 2220 2553 2286 comiti,
2602 2221 2831 2277 salutent
2877 2234 2932 2278 et
2974 2225 3407 2287 benedictionem

1818 2304 1911 2359 Dei
1938 2316 1993 2360 et
2030 2322 2204 2361 suam.

1886 2394 2053 2451 Lator
2091 2399 2462 2467 praesentium,
2495 2402 2794 2458 monachus
2819 2402 3214 2476 Cluniacensis,
3262 2426 3409 2480 qua:-

1816 2488 1956 2544 ritur
1980 2491 2124 2559 quod
2154 2506 2247 2547 vos
2276 2493 2496 2563 cepistis
2527 2502 2582 2549 et
2617 2495 2669 2549 in
2702 2497 2955 2567 captione
2986 2502 3181 2556 tenetis
3202 2501 3405 2572 fquem-

1816 2579 1941 2634 dam
1989 2583 2313 2638 monachum
2362 2585 2820 2656 Cluniacensem,
2863 2597 2921 2644 et
2975 2590 3138 2645 alium
3193 2596 3407 2651 n0viter

1814 2674 2141 2727 monachum
2175 2677 2403 2743 factum,
2433 2688 2595 2747 atque
2634 2680 2965 2747 defunctum,
3003 2686 3071 2739 ab
3097 2685 3407 2745 hominibus

1814 2767 2016 2822 vestris
2061 2768 2356 2838 sublatum,
2394 2781 2447 2826 et
2479 2774 2567 2827 ubi
2606 2776 2687 2829 eis
2718 2776 2920 2845 placuit
2953 2794 3075 2835 esse
3112 2780 3402 2849 sepultum.

1815 2859 1943 2917 Herc
1975 2864 2020 2918 si
2072 2864 2146 2917 ita
2195 2880 2255 2919 se
2296 2866 2521 2931 habent,
2560 2868 2790 2923 multum
2834 2870 2991 2926 doleo
3026 2872 3150 2927 inde
3182 2883 3405 2943 propter

1813 2967 1933 3018 vos,
1962 2955 2090 3024 quia
2132 2956 2288 3010 valde
2316 2956 2474 3012 aliter
2507 2958 2645 3013 facta
2694 2971 2820 3015 sunt
2862 2978 3023 3032 quam
3067 2981 3173 3018 vos
3192 2968 3400 3021 deceat.

1815 3047 1970 3105 Unde
1999 3050 2221 3116 mando,
2250 3066 2465 3119 precor,
2495 3063 2548 3106 et
2574 3053 2800 3108 consulo
2829 3055 3007 3120 vobis,
3036 3056 3177 3111 sicut
3204 3058 3425 3125 amico,

1812 3149 2082 3210 quatenus
2134 3142 2462 3196 monachum
2512 3158 2673 3213 quem
2727 3146 2955 3213 tenetis,
3023 3149 3245 3203 reddere
3297 3166 3404 3205 non

1817 3230 2143 3297 moremini;
2185 3240 2241 3287 et
2288 3233 2413 3301 quia
2464 3250 2585 3287 cum
2629 3236 2867 3306 cepistis,
2917 3237 3156 3294 oﬂ'cratis
3190 3256 3286 3295 vos
3336 3242 3404 3297 ad

1814 3322 2191 3377 rectitudinem
2243 3323 2369 3377 inde
2421 3323 2726 3381 faciendam
2802 3327 2985 3383 Ilouor
3035 3331 3179 3384 enim
3222 3341 3404 3389 vester

1808 3424 1893 3469 est
1921 3424 1979 3469 ut
2018 3416 2121 3470 hoc
2164 3415 2401 3472 faciatis.
2443 3418 2637 3474 Postea
2676 3434 2804 3475 vero
2851 3422 2894 3477 si
2944 3423 3145 3493 aliquid
3192 3425 3403 3481 habetis
3496 3470 3499 3471 ν

1810 3520 1973 3574 super
2021 3508 2347 3561 monachum
2397 3508 2583 3574 istum,
2637 3510 2932 3568 clamorem
2968 3514 3091 3569 inde
3139 3514 3320 3579 facile,
3347 3527 3404 3571 et

1811 3599 1903 3654 ﬁet
1946 3601 2097 3655 vobis
2138 3601 2265 3657 inde
2312 3604 2455 3671 quod
2507 3603 2621 3657 ﬁeri
2657 3602 2805 3672 juste
2853 3606 3034 3665 debet.
3066 3607 3142 3661 De
3187 3617 3403 3663 mortuo

1812 3705 2027 3759 quoque
2056 3692 2278 3746 consulo
2308 3704 2365 3747 ut
2387 3694 2643 3749 similiter
2672 3711 2767 3750 vos
2796 3697 2861 3749 ad
2900 3711 3105 3751 reatum
3137 3696 3399 3765 oﬂ'eratis,

1809 3792 1863 3836 et
1884 3782 2057 3836 sicubi
2084 3781 2289 3852 justius
2313 3801 2435 3839 esse
2468 3787 2646 3842 debet.
2675 3787 3042 3842 Familiariter
3068 3802 3248 3842 autem
3277 3791 3401 3845 dico

1807 3872 1992 3941 vobis',
2042 3876 2185 3930 sicut
2230 3876 2433 3932 homini
2482 3878 2636 3945 cujus
2698 3879 2956 3932 honorem
3008 3888 3064 3934 et
3112 3890 3167 3932 ut
3192 3878 3398 3935 litatem

1806 3965 2035 4018 multum
2070 3981 2225 4033 amo,
2272 3967 2398 4036 quia
2432 3968 2474 4021 si
2509 3984 2616 4022 non
2651 3966 2890 4023 feceritis
2920 3970 3061 4036 quod
3095 3969 3236 4036 vico,
3277 3970 3401 4025 inde

1806 4054 2355 4124 blaspltemabimiui;
2410 4067 2464 4111 et
2493 4072 2595 4127 ego
2626 4058 2790 4110 etiam
2823 4056 2866 4111 si
2905 4073 3007 4111 non
3045 4057 3224 4111 fecero
3254 4058 3397 4126 quod

1804 4144 2169 4199 ecdesiastica
2211 4147 2491 4215 diScipliua
2536 4147 2781 4217 prmcipit
2820 4148 2943 4202 inde
2968 4148 3109 4216 ﬁeri,
3150 4164 3180 4203 a
3214 4148 3399 4204 multis

1804 4233 2247 4305 blasphcmabor.
2294 4237 2484 4292 Saluto
2516 4251 2743 4294 uxorem
2780 4249 3017 4294 vestram
3058 4241 3224 4296 tiliam
3263 4241 3397 4297 cha-

1806 4330 2077 4385 rissimum
2112 4347 2311 4385 meam.

2177 4422 2340 4497 447
2364 4422 2695 4480 EPISTOLA
2734 4422 2973 4479 LXXXII

2024 4533 2246 4571 ANSELMI
2276 4535 2343 4572 AD
2374 4534 2642 4573 IIENBICI'M
2676 4533 2847 4573 REGE!
2878 4534 3180 4574 Ακοιοιιωι.

1876 4607 2116 4662 IIENRICO
2177 4609 2349 4679 gratia
2398 4608 2490 4663 Dei
2555 4609 2788 4679 glorioso
2836 4609 2946 4679 regi
2999 4610 3291 4680 Anglorum
3339 4622 3395 4666 et

1804 4699 1926 4755 dum
1968 4698 2489 4762 Northmannorum.
2533 4700 2816 4755 Assewcs
2860 4700 3291 4771 arhiepiscopus,
3334 4702 3409 4771 ﬁ-l

1803 4790 1921 4845 delc
1962 4793 2241 4846 servitiqu
2275 4808 2395 4847 cum
2430 4792 2678 4846 ﬁdelibus
2705 4794 3063 4855 orationibus,
3094 4803 3149 4846 et
3180 4808 3393 4863 semper

1803 4882 1869 4937 ad
1925 4880 2129 4950 majora
2185 4891 2241 4936 et
2290 4881 2517 4937 meliora
2573 4897 2841 4949 crescere,
2886 4892 2940 4937 et
2982 4898 3253 4952 nunquam
3300 4884 3394 4939 de-

1802 4986 1985 5026 CI'CSCC
1993 4988 2067 5027 ΓΟ.

1870 5064 2093 5121 Gaudeo
2142 5074 2198 5120 et
2250 5065 2453 5137 gratias
2502 5081 2621 5136 ago,
2660 5074 2863 5135 quanto
2908 5063 3101 5121 eﬁ‘ectu
3144 5080 3384 5136 possum,

1802 5156 1933 5221 Deo,
1963 5171 1992 5209 a
2023 5172 2130 5225 quo
2159 5157 2299 5211 bona
2330 5166 2523 5211 cuncta
2560 5156 2882 5225 procedunt,
2913 5172 3010 5226 pro
3048 5166 3227 5211 vestra
3263 5173 3384 5229 pro-

1801 5249 2059 5318 speritate
2098 5257 2154 5301 et
2191 5264 2287 5317 pro
2330 5250 2527 5303 vestris
2569 5250 2930 5303 successibus.
2969 5248 3189 5305 Gaudeo
3221 5252 3386 5306 etiam

1801 5354 1853 5395 et
1879 5341 2080 5412 gratias
2111 5356 2210 5410 ago
2247 5355 2314 5395 ex
2347 5341 2538 5394 intimo
2566 5342 2748 5404 corde,
2808 5342 2956 5411 quia,
3013 5359 3134 5398 cum
3166 5358 3387 5414 prospe-

1800 5432 1960 5486 ritate
1998 5441 2235 5495 terrena,
2263 5431 2341 5486 sic
2370 5447 2465 5486 cor
2494 5441 2731 5485 vestrum
2760 5448 2856 5486 sua
2889 5436 3064 5504 gratia
3095 5435 3383 5501 illuminat,

1800 5533 1861 5578 ut
1888 5524 2018 5579 nihil
2067 5525 2119 5579 in
2164 5524 2439 5579 beneﬁciis
2465 5523 2584 5592 ejus
2625 5532 2680 5579 et
2714 5524 2957 5595 profectu
2998 5536 3199 5592 vestro,
3232 5528 3384 5582 vobis

1799 5628 1893 5673 aut
1929 5618 2179 5673 humanis
2226 5618 2454 5683 viribus,
2486 5619 2580 5673 sed
2623 5627 2792 5673 totum
2839 5620 2957 5689 ejus
3000 5619 3383 5674 misericordia:

1800 5711 2107 5782 imputetis,
2152 5718 2207 5763 et
2251 5710 2375 5777 quia
2417 5725 2606 5779 pacem
2651 5722 2706 5765 et
2751 5710 3053 5766 libertatem
3104 5709 3377 5773 Ecclesiae,

1799 5812 2057 5872 quantum
2108 5803 2161 5856 in
2208 5801 2361 5856 vobis
2402 5811 2505 5865 est,
2539 5802 2869 5872 promittitis,
2913 5801 2966 5855 in
3007 5816 3114 5871 quo
3154 5800 3377 5855 multum

1796 5910 1988 5967 precor
2028 5906 2081 5951 et
2122 5893 2363 5961 consulo,
2403 5894 2544 5950 sicut
2583 5893 2753 5949 ﬁdelis
2795 5901 2991 5956 vester,
3034 5899 3093 5946 ut
3132 5907 3379 5962 persevc~
