4014 6304
563 330 690 388 ειδ,
1107 330 1164 387 s.
1193 330 1492 389 ausum
1522 333 1872 394 CANTUAR.
1914 337 2148 405 ARCHII

2260 343 2406 401 OPP.
2442 345 2620 407 PARS
2643 350 2728 408 ΙΙΙ.
2755 381 2827 395 --
2855 354 3244 412 ΕΡΙΞΤΟιΕ.
3735 354 3845 414 244

564 442 719 511 retis,
745 442 871 513 quia
903 441 954 497 in
983 442 1085 498 hoc
1109 443 1214 498 erit
1234 443 1399 498 robur
1424 445 1768 504 sublimitatis
1797 459 2010 508 vestrm.
2042 452 2151 510 Oro
2180 461 2226 520 Α
2728 463 3061 522 EPISTQLA
3107 465 3391 524 LXXXV],

565 545 745 591 autem
790 550 886 591 ore
931 542 987 589 ει
1027 535 1212 603 corde,
1243 547 1504 607 quantum
1550 539 1692 597 valet
1730 555 1883 599 meus
1923 559 2061 610 mea,
2094 553 2149 601 et
2495 566 2812 611 (“sumi-13'“
2850 574 3152 614 ιυχιοειςειε
3181 575 3249 614 AD
3283 573 3586 615 Ακεειιυκ,

564 640 660 698 per
687 642 773 722 me
803 634 858 722 et
890 642 999 722 per
1027 626 1162 682 alios
1199 627 1367 722 Deum
1408 631 1856 702 omnipotentem,
1880 646 2148 706 quatenus
2318 641 2570 700 Anssnuo
2593 645 2688 701 Dei
2711 642 2881 716 gratia
2905 649 3201 722 Anglorum
3229 640 3622 720 archiprtesuli',
3643 651 3838 708 Grau-

563 721 615 773 ίη
658 713 1036 816 ξξιίεθῗῖξῖοξάίξι
1079 719 1269 789 Gratim
1307 735 1419 775 θυαε
1454 735 1615 791 quam
1655 724 1808 780 "0M5
1841 725 2003 796 οωρίε
2041 725 2144 780 im-
2247 748 2451 791 nemus
2483 737 2576 792 Dei
2607 755 2824 810 quoque
2863 713 3233 797 mi‘sei-icordia
3269 741 3594 800 Lunicensis
3622 745 3837 816 episco-

555 810 812 883 pendere,
848 809 1219 866 indesinenter
1245 813 1523 883 persistat,
1556 822 1616 868 ut
1650 815 1714 869 de
1753 825 1964 869 terrena
1997 815 2144 870 exal-
2245 836 2367 892 pus,
2401 825 2554 882 ﬁdele
2589 809 2870 884 seminum
2909 840 2964 885 ει
2997 830 3294 886 orationes,

559 900 765 956 tatioue
793 911 915 972 post
945 901 1088 958 hanc
1129 902 1318 970 vitam,
1352 907 1419 959 ad
1447 904 1668 961 caeleste
1708 920 1929 976 regnum
1955 914 2008 962 et
2033 908 2144 976 glo-

2314 916 2573 984 Audiens,
2608 919 2788 987 Pater,
2821 923 3139 977 certaminis
3180 923 3346 976 vestri
3384 922 3651 989 laborem,
3677 931 3731 976 et
3761 922 3836 975 la-

555 993 691 1050 riam
720 1004 981 1051 xternam
1013 1010 1107 1050 vos
1135 997 1412 1067 perducat.
1453 996 1645 1052 Amen.
2243 1006 2391 1061 boris
2420 1008 2729 1076 victoriam,
2793 1010 3038 1067 subditas
3081 1027 3202 1068 esse
3245 1012 3498 1068 videlicet
3540 1012 3835 1066 indomitas

1020 1085 1355 1144 EPlSTOLA
1400 1086 1659 1142 LXXXIII
2243 1095 2739 1155 Northtnannorum
2775 1113 2984 1159 mentes
3020 1103 3356 1175 regularibus
3391 1111 3705 1158 sanctorum
3733 1103 3831 1158 Pa-

861 1192 1142 1232 rascnaus
1173 1194 1209 1232 ιι
1244 1195 1388 1233 mra:
1422 1196 1490 1234 Αι)
1518 1194 1816 1235 anserum.
2245 1200 2383 1245 trum
2408 1192 2446 1247 d.

2245 1200 2383 1245 trum
2408 1192 2663 1262 decretis,
2690 1203 2749 1248 ut
2776 1196 3101 1266 regulariter
3129 1196 3223 1250 ﬁat
3255 1197 3511 1252 abbatum
3537 1205 3592 1251 et
3620 1211 3825 1267 praesu-

622 1269 937 1342 PASCIIALIS.
967 1286 1155 1326 SCWUS
1185 1286 1464 1326 εοηότυηι
1491 1272 1606 1336 Dei.
1638 1271 1938 1328 venerabili
1983 1271 2136 1328 fratri
2241 1281 2351 1338 lum
2373 1285 2566 1342 electio
2590 1297 2646 1343 et
2669 1289 3035 1354 consecratio,
3065 1289 3362 1344 immensas
3379 1288 3577 1344 divina:
3596 1287 3829 1342 clemen-

551 1363 804 1418 Aasuuo
863 1361 1240 1418 Cantuariensi
1296 1362 1738 1434 archiepiscopo,
1800 1362 2028 1419 salutem
2084 1373 2139 1419 et
2242 1378 2328 1433 ιίω
2378 1378 2556 1436 refero
2599 1381 2822 1452 gratias,
2853 1390 2908 1438 ει
2954 1397 3091 1452 quas
3133 1396 3350 1451 possum
3387 1382 3500 1437 Deo
3529 1395 3719 1451 preces
3746 1380 3828 1435 er.

550 1454 903 1525 apostolicam
935 1455 1387 1510 benedictionem.

2240 1469 2424 1538 fundo,
2452 1479 2512 1525 ut
2534 1473 2995 1543 perseverantiam
3022 1475 3177 1530 vobis
3207 1483 3267 1529 et
3294 1475 3426 1529 tanti
3457 1474 3661 1528 laboris
3687 1489 3825 1544 pra:-

620 1547 987 1618 Omnipotcnti
1020 1548 1126 1602 Deo
1153 1549 1354 1618 gratias
1376 1548 1585 1619 agimus
1607 1549 1732 1618 quia
1761 1549 1865 1604 tuis
1891 1547 2137 1620 plurimis
2236 1561 2407 1616 inium
2453 1563 2736 1634 largiatur.
2786 1565 3161 1621 Munusculqu
3211 1567 3549 1637 paupertatis
3596 1582 3732 1621 meae
3774 1575 3834 1620 et

550 1637 826 1694 laboribus
858 1639 912 1692 in
949 1637 1169 1708 Anglica
1206 1639 1449 1696 Ecclesia
1484 1640 1684 1712 fugatis
1719 1641 1958 1696 tenebris
1994 1640 2135 1696 anti-

2240 1653 2542 1712 devotioni‘s
2579 1659 2892 1715 transmitto
2930 1659 3119 1729 viginti
3151 1660 3392 1730 quinque
3431 1655 3825 1730 margaretulas

547 1728 713 1820 [inani
748 1728 931 1820 inme"
987 1728 1218 1785 refulsn-
1255 1730 1592 1802 γίίῦῖίίληαυηι
1636 1741 1813 1788 ῑαῐηειι
1852 1741 1937 1788 εει
1976 1748 2042 1788 ne
2078 1733 2130 1787 in
2165 1809 2205 1820 ﬁ
2236 1744 2379 1802 inter
2403 1747 2635 1817 optimas
2664 1758 2719 1804 et
2746 1728 3074 1814 viliores,iet
3104 1728 3234 1820 rogo
3270 1728 3339 1805 ne
3381 1749 3502 1804 sitis
3540 1728 3830 1802 immemor

549 1816 828 1873 Dominico
865 1833 997 1889 agro
1039 1835 1201 1890 super
1235 1823 1436 1878 bonum
1472 1838 1656 1879 semen
1706 1823 1955 1879 inimicus
1990 1824 2136 1878 ziza~
2165 1809 2208 1868 Β
2237 1837 2341 1892 ηιεί
2381 1809 2814 1895 ίηόι-ειὶοιιίυιιε
2852 1809 3053 1896 vestris
3099 1809 3398 1912 in'quibus
3436 1848 3566 1910 post
3587 1839 3829 1893 divinam

547 1909 690 2002 niam
718 1911 990 1982 projiciat,
1023 1926 1186 1984 atque
1215 1929 1381 1984 prava
1411 1916 1563 1970 radix
1595 1933 1819 1988 pravum
1846 1917 2133 1990 virgultum
2235 1929 2540 2002 largitatem
2571 1930 2804 1988 conﬁdo.
2836 1933 3031 1987 Amen.

545 2001 828 2068 producat.
870 2003 1193 2060 Audivimus
1242 2005 1477 2076 denique
1511 2009 1652 2078 quod
1701 2009 1917 2078 quidam
1953 2024 2136 2065 comes
2325 2001 2339 2002 ί
2684 2023 3018 2081 EPISTOLA
3054 2025 3364 2082 LXXXVII.

543 2091 838 2158 Robertus,
880 2095 982 2165 qui
1004 2097 1071 2151 ab
1098 2097 1324 2166 Anglico
1360 2114 1485 2169 rege
1522 2100 1576 2154 in
1608 2102 1859 2170 captione
1898 2110 2128 2170 tenetur,

2269 2130 2493 2172 ΑΝεεωίι
2535 2131 2605 2171 ΔΙ)
2644 2131 3024 2174 εοτεειιΑΝΝυιι
3071 2133 3526 2176 ΔΒΟΒΙΒΡΙΞΟΟΡῸΜ
3577 2135 3802 2177 ιυοοεο

547 2182 647 2238 sub
691 2184 1055 2253 prohibitione
1098 2189 1587 2258 consanguinitatis
1631 2206 1856 2246 uxorem
1899 2191 2130 2260 duxerit,
2901 2205 3128 2244 NENSEM.

545 2291 707 2344 quam
756 2277 873 2348 ejus
926 2280 1212 2350 propinqui
1269 2282 1495 2352 prwfato
1545 2284 1730 2340 comiti
1787 2285 2130 2341 remiserunt.

2305 2276 2653 2336 Jo'rsenarmo
2684 2280 2923 2346 domino,
2958 2290 3132 2352 atque
3168 2297 3292 2336 cum
3337 2281 3626 2337 dilectione
3672 2297 3841 2338 reve-

548 2366 703 2422 Unde
734 2371 1052 2427 mandamus
1074 2373 1348 2430 dilectioni
1379 2385 1499 2442 tuaz,
1523 2385 1582 2432 ut
1608 2378 1855 2432 eumdem
1882 2380 2133 2434 comitem
2237 2371 2429 2433 ΐθηάοο
2468 2379 2524 2426 ει
2571 2387 2694 2427 cum
2743 2373 3045 2427 ῐθνετθιιιίει
3091 2363 3366 2442 diiigélldo
3411 2373 3846 2443 ³Γο¹¹ῘθΡῘεε⁰Ρ⁰”

546 2459 862 2526 convenias,
888 2471 945 2516 et
986 2464 1030 2518 si
1072 2462 1189 2520 haec
1218 2481 1346 2520 vera
1393 2480 1516 2522 esse
1550 2468 1838 2537 repet-eris,
1876 2470 2135 2526 adhibitis
2233 2463 2601 2536 Lugdunensi,
2635 2464 2920 2522 Ansauws
2960 2465 3219 2521 Ecclesiae
3257 2465 3674 2522 Cantuariensis
3706 2481 3827 2522 ser-

547 2550 754 2608 idoneis
797 2554 1024 2611 testibus
1055 2557 1127 2611 ita
1165 2559 1440 2629 sapienter
1473 2560 1748 2631 disponas.
1775 2572 1834 2617 ut
1860 2563 2077 2632 utrique
2104 2581 2132 2618 a
2235 2573 2358 2622 \‘US.
2396 2557 2626 2615 Salutem
2655 2574 2776 2614 cum
2806 2560 3144 2616 orationibus
3172 2569 3228 2615 et
3255 2559 3498 2614 servitio.

545 2644 784 2710 peccatis
824 2643 1057 2712 liberati,
1099 2647 1264 2704 libere
1298 2650 1407 2706 Deo
1441 2650 1690 2707 {animari
1729 2651 1963 2708 valeant.
2006 2653 2136 2710 Oret
2305 2650 2457 2716 Quod
2501 2664 2630 2703 vera
2677 2651 2921 2705 Charitas
2968 2659 3150 2705 vestra
3194 2650 3602 2720 congratulatur
3643 2651 3823 2716 nobis.

544 2746 644 2802 pro
671 2733 828 2790 nobis
864 2735 1081 2793 dilectio
1110 2749 1311 2794 vestra.
1634 2764 1636 2768 λ
2233 2737 2360 2808 quia
2400 2738 2541 2793 Deus
2573 2739 2664 2808 qui
2706 2754 2810 2795 non
2853 2737 3178 2809 derelinquit
3217 2751 3499 2810 sperantes
3528 2740 3582 2794 in
3613 2755 3693 2804 se,
3724 2756 3840 2810 pro-

1001 2828 1334 2888 EPISTOLA
1375 2833 1588 2889 LXXXI
1599 2833 1660 2890 ν,
2234 2827 2423 2882 diebus
2438 2829 2634 2898 quibus
2647 2845 2746 2884 nos
2761 2829 3062 2884 humiliavit
3087 2846 3182 2885 sua
3198 2829 3675 2886 nosconsolatione
3686 2830 3827 2885 laeti-

755 2936 979 2976 ANSELHI
1008 2937 1075 2977 An
1110 2939 1380 2980 nmmum
1407 2941 1584 2982 ιιιεςειι
1616 2944 1918 2985 nam“...
1994 2967 1998 2970 η
2234 2919 2434 2987 ﬁcavit,
2466 2921 2671 2992 gratias
2698 2923 2931 2992 agimus,
2953 2932 3008 2978 et
3035 2923 3162 2992 quia
3197 2937 3291 2977 vos
3317 2921 3661 2992 eongaudere
3694 2937 3826 2976 sen-

611 3011 855 3068 HENBtco
884 3013 1206 3071 charissima
1246 3033 1344 3072 suo
1378 3018 1620 3086 domino,
1651 3019 1743 3074 Dei
1804 3020 1975 3090 gratia
2018 3021 2128 3092 regi
2235 3013 2419 3079 timur»
2463 3014 2635 3084 magis
2671 3014 2993 3085 gaudemus.
3025 3013 3307 3082 Quoniam
3338 3021 3522 3068 autem
3552 3011 3738 3067 multis
3764 3023 3820 3068 et

538 3101 858 3170 Anglorum,
879 3102 1162 3162 Anseutus
1181 3107 1639 3179 archiepiscopus,
1669 3110 1822 3166 fidele
1846 3109 2124 3166 sei-vitium
2156 3159 2198 3179 η
2233 3105 2512 3159 immensis
2560 3104 3020 3170 tribulationibus,
3061 3105 3131 3160 ab
3173 3105 3295 3159 iisa
3324 3103 3526 3174 quibus
3553 3101 3834 3158 auxilium.
3867 3113 3872 3115 ·

626 3159 656 3170 ν
844 3159 856 3168 ,
974 3159 979 3160 ν
1030 3159 1053 3161 ἡ
1108 3159 1155 3162 ,ἡ
1669 3159 1819 3166 --_---
1846 3159 2124 3166 ---ην-η-
3010 3159 3020 3170 .
3112 3159 3117 3160 κ
3341 3159 3355 3174 .

538 3209 662 3248 cum
689 3195 1046 3251 orationibus.
2155 3159 2200 3218 ο
2233 3205 2287 3251 et
2312 3197 2736 3274 consolationem
2769 3197 2822 3252 in
2855 3197 3272 3253 necessitatibus
3304 3196 3610 3267 sperabatis
3637 3205 3818 3252 vestra

609 3285 828 3343 Gratias
857 3302 959 3358 ago
992 3289 1103 3344 Deo
1132 3305 1230 3361 pro
1267 3291 1412 3348 bona
1453 3292 1754 3359 voluntate,
1784 3309 1944 3362 quam
1972 3297 2127 3353 vobis
2231 3290 2478 3358 pulsatur
2501 3291 2827 3356 reverentia,
2853 3290 3212 3359 eompatimur
3234 3297 3287 3343 et
3310 3288 3683 3344 condolemus.
3709 3287 3822 3344 Sed

537 3369 716 3446 dedit,
763 3388 818 3434 et
865 3379 1018 3436 vobis
1061 3383 1154 3452 qui
1182 3398 1302 3438 eam
1356 3399 1576 3441 servare
1625 3386 1874 3441 stridetis.
1921 3381 2126 3454 Quierit
2230 3381 2346 3437 hoc-
2375 3381 2690 3438 consolatur
2735 3396 2835 3436 nos
2879 3380 3003 3450 quia
3052 3380 3375 3436 conﬁdimus
3418 3380 3472 3434 in
3516 3379 3630 3436 Deo
3670 3381 3822 3450 quod

536 3470 820 3525 consilium
852 3471 1113 3528 celsitudo
1139 3483 1316 3530 vestra
1346 3476 1473 3546 quid
1500 3476 1602 3531 sibi
1635 3477 1936 3531 faciendum
1964 3478 2034 3532 sit
2059 3479 2125 3534 dc
2232 3474 2377 3529 nullo
2435 3472 2750 3539 ﬂuminum,
2808 3472 2956 3528 nullo
3010 3481 3292 3528 ventorum
3346 3472 3581 3543 impulsu
3633 3481 3830 3527 vestra!

537 3561 640 3615 ltoc
656 3555 791 3630 quia
829 3571 985 3631 pacta
1027 3572 1110 3617 est
1149 3564 1314 3620 ﬁliam
1361 3583 1516 3622 suam
1563 3568 1693 3621 dare
1729 3567 2016 3624 Guillelmo
2056 3569 2124 3625 de
2228 3563 2570 3618 concutietur
2608 3562 2937 3629 constantia,
2970 3570 3028 3617 et
3053 3563 3178 3633 quia
3227 3563 3370 3618 Deus
3398 3563 3491 3632 qui
3523 3582 3540 3614 ι
3567 3564 3823 3631 superbis

534 3648 840 3720 Vuarenne;
871 3670 991 3710 cum
1026 3655 1138 3726 ipse
1165 3667 1218 3711 et
1254 3657 1363 3712 ﬁlia
1396 3667 1572 3713 vestra
1602 3673 1668 3712 ex
1697 3674 1802 3712 una
1831 3668 1985 3730 parte
2015 3661 2125 3714 sint
2229 3655 2452 3722 resistit,
2478 3653 2772 3710 humilibus
2793 3665 2974 3708 autem
3003 3655 3094 3709 dat
3121 3654 3349 3725 gratiam
3376 3653 3426 3725 (1
3447 3652 3590 3707 Patr.
3615 3669 3668 3718 ν,
3691 3654 3770 3725 5),
3792 3673 3826 3706 ο.

535 3744 751 3816 cognati
783 3746 836 3800 iu
870 3756 1064 3815 quarta
1093 3751 1458 3816 generatione,
1485 3760 1538 3806 et
1567 3765 1634 3804 ex
1661 3750 1828 3806 altera
1862 3751 1915 3806 in
1944 3764 2121 3807 sexta.
2225 3749 2532 3818 superbiam
2579 3747 2989 3818 malignantium
3039 3747 3291 3817 franget,
3348 3756 3404 3801 et
3473 3747 3821 3802 auctoritatis

534 3833 738 3889 Scitote
782 3836 988 3906 absque
1023 3837 1186 3893 dubio
1235 3839 1362 3908 quia
1404 3838 1606 3893 nullum
1651 3849 1867 3909 pactum
1913 3841 2120 3895 servari
2225 3848 2419 3892 vestrae
2443 3837 2669 3908 pedibus
2686 3839 3096 3904 substernet,ct
3125 3854 3247 3893 cum
3271 3837 3445 3892 virtus
3481 3847 3658 3893 vestra
3691 3854 3826 3908 pro-

532 3926 692 3982 debet
721 3940 908 3984 contra
938 3929 1106 4001 legem
1135 3929 1584 3986 Christianitatis.
1623 3930 1700 3985 llli
1731 3942 1934 3998 autem,
1967 3933 2117 3990 si-ita
2224 3930 2350 3985 bata
2399 3929 2592 3995 fuerit,
2643 3929 2873 4000 accipiet
2915 3945 3172 3986 coronam
3218 3930 3343 3985 vitae
3400 3930 3816 3999 repromissam.

530 4007 820 4090 propinqui
860 4030 1008 4083 sunt,
1051 4021 1196 4077 nullo
1237 4024 1396 4078 modo
1437 4024 1676 4094 legitime
1709 4024 1953 4093 copulari
1989 4043 2116 4097 pos-
2224 4020 2466 4088 Qualiter
2491 4030 2675 4076 autem
2706 4031 2950 4079 nostrum
2994 4036 3118 4076 esse
3155 4022 3244 4087 sit,
3275 4022 3419 4092 quod
3445 4031 3624 4078 vestra
3653 4023 3818 4078 ben?-

533 4120 691 4176 sunt,
739 4128 916 4183 neque
965 4113 1082 4169 sine
1131 4113 1480 4170 damnatione
1528 4116 1829 4170 animarum
1874 4133 2115 4185 suarum,
2223 4112 2400 4181 gnitas
2439 4127 2598 4168 nosse
2637 4112 2933 4180 desiderat,
2965 4113 3158 4168 melius
3198 4128 3294 4183 per
3331 4113 3540 4185 legatos
3575 4123 3817 4181 vestros,

530 4218 710 4272 neque
757 4205 874 4261 sine
910 4221 1108 4277 magno
1144 4217 1367 4275 peccato
1414 4221 1601 4261 eorum
1650 4209 1740 4276 qui
1784 4209 1886 4264 hoc
1929 4217 1988 4264 ut
2023 4208 2120 4264 ﬁat
2223 4217 2385 4271 quam
2415 4216 2512 4272 Per
2529 4202 2808 4270 BPiSlOiam
2832 4202 3081 4272 Ροιθνίιῖε
3103 4217 3449 4271 Cognoscere-

529 4294 913 4364 procurabunt.
943 4295 1144 4352 Precor
1163 4297 1330 4367 igitur
1354 4306 1408 4351 et
1432 4297 1668 4354 consulo
1689 4300 1840 4354 vobis
1867 4315 1934 4354 ex
1964 4310 2119 4369 parte
2554 4295 2722 4368 448
2757 4295 3092 4351 EPISTOLA
3132 4295 3462 4354 LXXXVIII».

531 4385 628 4440 Dei
657 4387 800 4442 sicut
829 4389 1154 4445 charissimo
1181 4390 1418 4454 domino,
1451 4396 1509 4442 ut
1538 4387 1843 4444 nullatenus
1867 4405 1962 4446 vos
1991 4390 2118 4445 huic
2257 4404 2480 4444 ANSELMI
2520 4403 2588 4443 an
2625 4403 2845 4441 tuomst
2883 4401 3267 4441 senescens“.
3295 4401 3775 4443 ABCHIEPISCOPUI.

529 4488 755 4547 peccato
784 4479 1081 4547 ruisceatis,
1113 4480 1288 4551 neque
1311 4481 1477 4535 ﬁliam
1501 4491 1735 4537 vestram
1763 4481 1940 4537 eidem
1969 4480 2117 4536 Guil-
2153 4514 2196 4568 Β
2290 4482 2575 4536 Anseutus
2630 4480 3070 4549 archiepiscopus
3128 4478 3573 4544 Cantuariensis,
3634 4481 3819 4534 amico

529 4567 693 4624 lelmo
748 4579 938 4626 contra
1002 4571 1173 4642 legem
1224 4581 1280 4627 et
1331 4571 1664 4628 voluntatem
1725 4573 1814 4627 Dei
1870 4572 2114 4628 tradatis.
2154 4567 2161 4568 ί
2202 4577 2320 4628 suo
2368 4573 2574 4628 Tuomst
2626 4572 2812 4628 electo.
2851 4572 3258 4643 archiepiscopo
3303 4571 3667 4638 Eboracensi,
3724 4586 3818 4628 sa-

527 4663 882 4733 Omnipotens
913 4663 1056 4744 Deus
1085 4663 1283 4734 dirigat
1312 4678 1407 4718 vos
1435 4673 1490 4720 et
1517 4679 1708 4718 omnes
1732 4672 1882 4719 actus
1907 4675 2118 4721 vestros
2220 4664 2408 4719 lutet».

529 4757 580 4812 in
610 4757 948 4827 beneplacito
971 4772 1090 4813 suo.
2289 4754 2584 4814 Mandastis
2626 4755 2755 4808 tuihi
2793 4754 2842 4809 in
2872 4754 3069 4810 litteris
3097 4755 3296 4810 vestris
3326 4754 3472 4824 quod
3501 4754 3739 4809 termino
3778 4770 3828 4807 at

577 4859 579 4861 ‘
994 4847 1331 4905 EPISTOLA
1371 4847 1636 4904 LXXXV.
1857 4875 1859 4878 i
2219 4863 2306 4902 me
2335 4848 2489 4903 vobis
2518 4847 2829 4911 eomtituto,
2868 4847 2977 4901 Deo
3010 4846 3325 4908 auxiliante,
3357 4844 3664 4900 Cantuariae
3700 4843 3816 4897 eri-

669 4956 1032 4997 IUBIABDACRI
1068 4956 1220 4996 REGIS
1249 4956 1515 4995 BIBEBNLE
1556 4955 1624 4994 an
1668 4956 1970 4998 ANSELHUI.
2219 4940 2287 4996 tis
2329 4941 2374 4995 si
2420 4947 2720 5010 opportune
2761 4939 3032 5010 poteritis,
3061 4945 3414 5008 suscepturus
3457 4944 3516 4989 et
3561 4933 3814 4989 facturus

598 5028 1022 5088 Mummmcuus
1061 5045 1155 5086 rex
1199 5031 1496 5099 Hibernite,
1536 5033 1789 5088 Ausum
1817 5033 2110 5104 Anglorum
2215 5033 2357 5101 quod
2378 5031 2673 5086 debebitis:
2702 5030 2939 5099 rogastis
2957 5044 3171 5100 quoque
3193 5036 3273 5092 ut,
3301 5027 3345 5081 si
3377 5026 3431 5080 id
3460 5023 3679 5080 echere
3702 5040 3814 5080 non

526 5123 921 5195 archipraasuli,
954 5123 1210 5190 salutem,
1241 5135 1295 5180 et
1325 5124 1479 5180 ﬁdele
1506 5126 1807 5180 servitium.
2215 5123 2426 5188 valetis,
2458 5122 2811 5177 concederem
2845 5129 3114 5190 quatenus
3145 5119 3197 5172 id
3226 5117 3366 5172 mihi
3395 5117 3582 5171 decem
3616 5116 3820 5170 diebus

600 5213 772 5281 Quam
798 5229 1024 5285 magnas
1043 5215 1196 5271 vobis
1217 5225 1418 5286 grates,
1436 5217 1671 5282 domine,
1698 5217 1901 5274 referre
1920 5218 2110 5284 debeo,
2215 5226 2340 5270 ante
2384 5215 2700 5269 renuntiare
2747 5213 3000 5283 possetis.
3061 5211 3167 5266 Sed
3209 5209 3527 5266 Guillelmus
3572 5207 3832 5264 clericus

525 5305 652 5375 quia
689 5305 829 5359 sicut
869 5305 1000 5359 mihi
1045 5306 1272 5361 relatum
1302 5316 1403 5370 est,
1437 5295 1754 5363 memeriam
1792 5309 1894 5363 mei
1924 5323 2112 5378 pecca-
2216 5307 2434 5362 nuntius
2457 5315 2637 5361 vester
2661 5313 2912 5376 precatus
2932 5312 3013 5358 est
3038 5318 3125 5357 me
3150 5317 3218 5357 ex
3251 5311 3428 5356 vestra
3468 5308 3645 5370 parte,
3669 5316 3819 5370 qua—

528 5395 662 5452 toris
702 5395 756 5450 in
783 5395 1056 5450 continuis
1091 5396 1286 5453 vestris
1311 5399 1523 5470 peragis
1553 5398 1907 5463 orationibus,
1935 5398 2027 5452 sed
2057 5407 2112 5452 ct
2216 5407 2371 5452 tenus
2402 5412 2503 5468 ego
2533 5398 2706 5467 ipsum
2733 5395 3022 5452 terminum
3049 5396 3315 5450 adventus
3347 5392 3519 5449 vestri
3556 5392 3824 5461 aliquan-

524 5501 730 5556 geuero
773 5503 895 5543 meo
925 5487 1146 5543 Ernulfo
1173 5489 1374 5544 auxilio
1404 5498 1459 5543 et
1493 5489 1910 5554 iuterventione,
1937 5504 2113 5556 quan-
2216 5491 2384 5546 tulum
2421 5490 2794 5553 extenderent,
2827 5498 2886 5543 ut
2926 5488 2996 5544 ad
3038 5503 3140 5543 nos
3178 5486 3537 5556 opportunius
3575 5483 3826 5553 possetis

529 5591 641 5632 tum
673 5577 847 5635 fuerat
873 5579 1122 5651 dignitati
1149 5591 1348 5635 vestrae
1374 5580 1476 5644 fas,
1505 5577 1841 5634 succurristi.
1875 5577 2029 5633 Scias
2055 5587 2107 5631 tu
2213 5583 2420 5636 venire.
2455 5581 2608 5648 Quod
2635 5589 2690 5634 et
2713 5593 2816 5650 ego
2841 5593 3002 5634 causa
3029 5576 3198 5632 vestri
3230 5575 3438 5638 amoris
3460 5583 3516 5628 et
3542 5582 3830 5642 opportu-

525 5685 742 5742 quoque
782 5658 870 5726 me
900 5672 1051 5728 vobis
1096 5672 1153 5729 in
1188 5671 1256 5730 iis
1292 5686 1411 5743 qua:
1451 5669 1789 5727 mandaveris
1821 5669 2109 5724 fautulatu-
2214 5673 2401 5729 uitatis
2442 5673 2675 5728 libenter
2703 5670 2867 5726 facio.
2911 5670 2990 5726 Ne
3033 5671 3216 5738 itaque
3251 5683 3386 5738 opus
3424 5667 3496 5722 sit
3531 5682 3629 5720 vos
3672 5665 3834 5720 mihi.

526 5779 665 5822 rum.
699 5745 854 5824 Vale.
2208 5764 2504 5835 quidquam
2550 5771 2677 5820 ante
2716 5763 2781 5817 de
2808 5769 3001 5818 vestro.
3027 5761 3261 5818 adventu
3307 5757 3642 5822 renuntiare,
3679 5755 3822 5812 subs
