4014 6304
208 370 325 427 245

1488 361 1613 417 LIB.
1657 358 1744 427 IV,
1784 356 2001 413 EPIST.
2030 358 2205 415 XCIII.

3389 367 3496 423 2I6

213 500 409 542 moneo
437 499 534 539 vos
560 491 617 539 ut
645 482 732 538 die
770 480 1072 547 Dominico,
1104 478 1196 551 qui
1226 479 1329 534 erit
1354 478 1543 548 quinto
1572 477 1798 532 Kalend.
1832 479 1877 537 Α
1907 490 2045 544 queo
2092 474 2333 531 invenire
2380 476 2544 552 verba
2594 476 2789 546 quibus
2835 474 3075 544 affetum,
3113 493 3275 548 quem
3317 491 3499 535 servat

214 578 427 651 0ctob._
464 574 772 632 Cantuaria:
809 574 930 629 sitis
973 573 1041 628 ad
1085 572 1396 628 faciendum
1441 571 1583 642 quod
1622 569 1803 625 facere

213 670 445 735 debetis,
471 678 528 724 et
547 668 614 723 ad
638 666 1033 738 suscipiendam
1058 664 1520 721 consecrationem
1542 674 1823 743 vestram.»

212 762 484 820 Praeterea
524 761 669 832 quod
709 760 891 815 dicitis
938 760 992 815 in
1031 758 1229 813 litteris
1265 758 1479 822 vestris,
1510 772 1605 812 vos
1644 771 1806 827 pecu-

213 856 361 910 niam
389 869 641 925 qurerere
668 862 727 908 ut
754 852 983 907 Romam
1024 850 1254 906 mittatis
1287 866 1386 921 pro
1427 850 1589 921 pallio
1620 848 1807 903 Eccle-

213 947 309 1001 size
354 954 577 1011 vestraa,
616 959 719 998 non
753 943 1011 999 concedo.
1057 942 1123 997 Et
1163 953 1292 1013 puto
1335 941 1459 1012 quia
1505 940 1557 995 id
1602 939 1803 993 frustra

212 1038 505 1103 faceretis,
562 1036 817 1108 quoniam
870 1035 1047 1091 nullus
1094 1036 1255 1091 debet
1312 1033 1515 1089 habere
1560 1030 1801 1102 pallium,

212 1139 509 1198 antequam
532 1128 603 1181 sit
625 1137 997 1181 consecratus.
1028 1124 1265 1180 Litteras
1295 1139 1429 1193 quas
1461 1122 1801 1193 requiritisin

214 1220 588 1276 testimonium
620 1233 863 1287 persona:
891 1226 945 1272 et
972 1217 1255 1273 electionis
1283 1225 1491 1278 vestra},
1520 1230 1642 1270 cum
1672 1214 1803 1268 mihi

211 1308 431 1365 locutus
460 1308 692 1370 fueritis,
724 1316 781 1363 et
823 1307 1173 1364 ostenderitis
1212 1307 1297 1362 cui
1328 1321 1422 1363 eas
1454 1305 1687 1376 dirigere
1719 1304 1807 1359 de-

210 1403 339 1466 beo,
369 1400 603 1455 libenter
639 1399 837 1455 faciam
872 1414 970 1471 pro
998 1398 1172 1465 vobis,
1204 1398 1347 1453 sicut
1384 1412 1482 1468 pro
1518 1395 1694 1451 amico
1734 1395 1807 1449 fa-

212 1505 339 1545 cere
369 1490 565 1547 debeo.

682 1580 1017 1637 EPISTOLA
1057 1580 1344 1636 LXXXIX.

209 1686 473 1743 ξηιεεωιι
512 1688 580 1725 AD
612 1686 951 1728 ςυιιιιῖιιωι
994 1688 1453 1729 ROTIIOMACENSEM
1499 1686 1773 1727 ARCIIIEPI-

898 1758 1125 1799 SCOPCM.

283 1833 518 1888 Domino
548 1844 603 1889 et
630 1832 776 1889 Patri
824 1835 1120 1890 reverendo
1161 1835 1569 1905 archiepiscolio
1606 1835 1810 1890 Rotho-
1844 1826 1885 1879 Β

216 1928 459 1997 magensi
517 1926 872 1991 GUILu-zuo,
924 1929 1243 1994 Axscauus,
1300 1945 1490 1985 servus
1554 1930 1809 1984 Ecclesia:

214 2016 655 2078 Cantuariensis.
711 2018 972 2086 salutem,
1027 2027 1083 2074 et
1128 2019 1316 2075 ﬁdeles
1362 2021 1635 2076 orationes
1685 2036 1807 2077 cum

215 2108 463 2163 servitio.

286 2198 586 2254 blandaStis
626 2201 758 2255 mihi
793 2201 847 2255 in
879 2200 1073 2256 litteris
1104 2202 1302 2257 vestris
1334 2203 1456 2270 quia
1489 2201 1809 2258 Guillelmus

217 2292 563 2345 camerarius
594 2300 645 2345 et
676 2306 814 2345 uxor
838 2292 954 2360 ejus
981 2292 1166 2347 dicunt
1194 2307 1278 2346 me
1305 2292 1406 2346 sibi
1440 2291 1641 2346 dixisse
1667 2294 1809 2361 quod

216 2380 318 2450 ipsi
348 2391 571 2450 possent
611 2380 973 2452 eleemosynis
1015 2381 1282 2437 redimere
1310 2392 1592 2452 peccatum
1628 2398 1807 2450 suum,

216 2472 351 2526 illud
384 2473 595 2527 scilicet
625 2473 749 2543 quia
796 2474 909 2541 ipse
951 2474 1269 2530 Guillclmus
1310 2475 1361 2527 in
1395 2491 1617 2530 uxorem
1652 2476 1812 2529 habet

214 2578 339 2618 eam
371 2579 494 2633 qua:
536 2562 640 2616 fuit
676 2563 890 2634 cognati
912 2563 1037 2631 isui.
1083 2563 1239 2631 Quod
1266 2565 1403 2618 sciat
1432 2564 1691 2619 sanctitas
1719 2579 1813 2618 ve-

212 2663 335 2707 stra
376 2669 465 2708 me
506 2669 777 2723 nunquam
819 2655 899 2710 eis
945 2656 1170 2720 dixisse,
1202 2658 1294 2709 sed
1327 2656 1507 2727 potius
1536 2656 1656 2710 dico
1683 2656 1807 2724 quia

216 2752 417 2800 neuter
457 2744 692 2809 illorum,
722 2746 766 2799 si
812 2744 866 2798 in
919 2746 1022 2800 hoc
1075 2755 1301 2815 peccato
1339 2755 1583 2802 mortuus
1622 2745 1808 2807 fuerit,

215 2835 426 2891 videbit
455 2835 680 2905 gloriam
711 2835 826 2890 Dei.
858 2836 1066 2891 Valete.

778 2925 1114 2982 EPISTOLA
1148 2926 1257 2982 XC.

396 3032 622 3072 ANSELHI
666 3034 733 3071 AD
762 3034 1215 3075 ARCIIIEPISCOPUI
1248 3035 1626 3076 LINDONENSEM.

285 3111 576 3165 Anszuws
632 3110 1068 3180 archiepiscopus
1121 3111 1458 3179 Cautuariae,
1512 3114 1808 3167 reverendo

213 3202 500 3257 Lundonis
549 3201 627 3272 (in
653 3203 847 3273 Dam'a)
872 3202 1127 3258 Ecclesia;
1151 3206 1649 3275 archiepiscopo,at
1669 3220 1810 3273 sero,
1841 3185 1883 3241 (ἶ

213 3294 455 3348 salutem
478 3302 533 3347 et
562 3308 741 3347 veram
769 3293 1062 3348 amicitiam
1094 3296 1145 3349 in
1172 3293 1410 3350 Christo.

290 3386 450 3451 Quod
494 3398 581 3438 me
622 3386 854 3455 rogastis
900 3385 969 3440 de
1015 3386 1213 3442 domno
1253 3386 1505 3441 Albcrico
1545 3386 1810 3441 cardinali

216 3479 483 3533 Romana:
523 3476 774 3532 Ecclesiae
812 3478 1043 3533 libenter
1074 3478 1200 3546 feci,
1244 3494 1354 3533 tum
1396 3488 1618 3549 propter
1646 3480 1813 3534 hono-

216 3585 340 3624 rem
386 3570 645 3623 Iiomana:
691 3569 965 3635 Ecclesiae,
1001 3579 1113 3623 tum
1158 3579 1377 3641 prepter
1416 3582 1674 3636 vestrum,
1716 3586 1813 3640 pro

213 3677 332 3731 quo
354 3662 583 3715 libenter
611 3660 791 3719 facere
816 3661 957 3727 volo,
983 3663 1027 3716 si
1058 3663 1184 3731 quid
1209 3662 1349 3731 quod
1380 3662 1589 3732 placeat
1616 3664 1815 3718 sancti-

217 3752 337 3805 tati.
363 3761 557 3805 vestra:
600 3750 937 3806 intellexero.
972 3752 1192 3806 Gratias
1234 3754 1446 3819 agimus
1484 3752 1593 3807 Deo
1630 3754 1721 3822 qui
1758 3754 1811 3807 in

217 3857 393 3913 regno
422 3842 695 3897 Danorum
738 3852 975 3897 vestram
1019 3842 1323 3912 religiosam
1365 3844 1727 3912 prudentiam,
1758 3854 1814 3899 et

212 3935 547 4006 prudentem
572 3935 887 4007 religionem
915 3938 982 3991 ad
1008 3937 1531 4006 archiepiscopatum
1556 3938 1814 3994 sublima-

214 4029 323 4081 vit.
368 4028 702 4083 Conﬁdimus
744 4029 888 4083 enim
922 4030 1068 4099 quia,
1104 4030 1276 4100 gratia
1318 4029 1412 4085 Dei
1457 4042 1808 4101 cooperante,

216 4135 287 4175 ea
321 4134 440 4189 quae
487 4118 808 4189 corrigemla
854 4129 980 4173 sunt
1029 4120 1341 4190 corrigetis,
1384 4129 1439 4174 et
1479 4136 1599 4189 qua:
1639 4123 1810 4176 mdili-

217 4212 399 4269 canda
430 4211 787 4275 :ediﬁcabitis,
818 4220 873 4265 et
917 4226 1036 4280 qua:
1077 4213 1364 4266 nutrienda
1394 4213 1666 4268 nutrietis.
1697 4215 1810 4268 Au-

216 4304 458 4361 divimus
495 4317 785 4372 namquca
817 4301 1041 4372 prtefato
1078 4303 1339 4358 cardinali
1374 4304 1537 4359 multa
1568 4306 1705 4361 bona
1741 4306 1809 4363 de

214 4396 410 4461 vobis;
447 4394 588 4449 unde
619 4394 781 4448 istam
812 4394 1076 4449 habemus
1104 4394 1381 4460 ﬁduciam,
1416 4404 1470 4450 et
1501 4412 1721 4451 oramus
1750 4407 1811 4453 ut

1906 581 2119 635 semper
2153 583 2248 622 cor
2292 583 2467 623 meum
2503 583 2683 623 coram
2720 567 2830 624 Deo
2871 568 2935 623 de
2974 569 3145 635 vobis,
3174 570 3373 640 possim
3404 586 3500 625 ex-

1904 658 2163 727 primere,
2198 658 2302 713 nisi
2350 658 2488 714 forte
2531 674 2628 729 per
2673 660 2776 715 hoc
2819 660 2966 715 illum
3007 662 3198 716 melius
3228 662 3497 732 exprimo,

1905 752 2031 822 quia
2074 767 2157 807 me
2206 752 2380 807 fateor
2425 742 2731 823 exprimere
2769 768 2875 808 non
2918 770 3096 825 posse.
3130 756 3335 827 Quippe
3374 772 3496 812 cum

1905 854 2085 899 mente
2124 855 2346 914 peracto
2382 843 2731 901 affectuosam
2765 847 3105 903 dilectionem
3134 865 3291 919 quam
3323 851 3373 903 in
3404 865 3499 904 vo-

1904 935 1987 990 bis
2013 944 2234 1004 propter
2259 935 2426 989 Deum
2458 950 2584 1006 erga
2615 950 2701 989 me
2726 935 2908 991 multis
2939 939 3109 993 modis
3140 955 3259 994 sum
3301 954 3497 1009 exper-

1908 1034 2019 1089 tus,
2056 1025 2189 1079 nihil
2222 1025 2273 1079 in
2306 1041 2391 1080 me
2417 1040 2631 1094 possum
2661 1026 2902 1097 cogitare
2933 1028 3074 1097 quod
3103 1030 3169 1081 ad
3203 1028 3317 1097 ejus
3345 1030 3500 1083 retri-

1906 1114 2212 1181 butionem,
2257 1124 2350 1169 aut
2384 1117 2680 1185 gratiarum
2728 1117 3018 1182 actionem,
3058 1120 3351 1173 secundum
3401 1136 3497 1173 vo—

1907 1204 2167 1260 luntatem
2204 1222 2378 1260 meam
2418 1207 2590 1277 possit
2622 1207 2886 1262 sufﬁcere.
2918 1208 3181 1275 Quoniam
3223 1226 3351 1279 ergo
3383 1227 3497 1266 me-

1907 1297 2014 1353 lius
2054 1314 2155 1352 nec
2192 1299 2305 1353 scio
2355 1314 2455 1354 nec
2495 1299 2671 1366 valeo,
2701 1303 2765 1353 ad
2800 1300 2969 1356 Deum
3014 1316 3100 1356 me
3140 1290 3417 1367 converto,
3446 1314 3503 1356 et

1907 1407 2004 1446 oro
2036 1401 2093 1446 ut
2130 1392 2242 1463 ipse
2288 1391 2562 1447 dilectioni
2598 1402 2793 1448 vestra:
2823 1410 2975 1447 suam
3014 1411 3110 1465 pro
3143 1410 3229 1449 me
3254 1395 3498 1449 dilectio-

1909 1498 2032 1537 nem
2069 1498 2189 1553 qua:
2217 1494 2435 1552 superat
2467 1485 2648 1538 omnia
2680 1485 2873 1537 merita
2904 1484 3183 1539 hominum
3217 1485 3501 1539 retribuat.

1910 1571 2024 1627 IIoc
2049 1573 2289 1642 quotidie
2309 1572 2469 1640 facio,
2499 1574 2601 1629 hoc
2624 1575 2861 1643 quandiu
2888 1576 3066 1628 vivam
3101 1574 3208 1630 Deo
3231 1584 3504 1629 annuente

1909 1662 2089 1719 facere
2135 1680 2239 1718 non
2292 1665 2567 1719 desistam.
2604 1664 2783 1720 Nostis
2835 1666 3162 1720 desiderium
3210 1682 3389 1721 meum
3436 1666 3501 1721 de

1911 1757 2085 1820 vobis,
2116 1758 2258 1825 quod
2310 1757 2514 1809 utinam
2561 1757 2775 1810 audiam
2820 1766 3111 1825 antequam
3162 1757 3367 1811 moriar
3408 1772 3497 1826 per

1911 1848 2138 1915 gratiam
2173 1846 2261 1900 Dei
2293 1847 2628 1917 completum
2646 1862 2782 1901 esse.
2819 1847 3015 1901 Verum
3052 1847 3172 1901 dico
3203 1848 3353 1902 vobis
3378 1848 3502 1916 quia

1911 1939 2082 1994 laetior
2108 1940 2285 1995 exiret
2322 1940 2500 1994 anima
2530 1944 2595 1995 de
2622 1956 2871 2010 corpore.
2917 1940 3168 1996 Nostrum
3205 1956 3325 1995 esse
3359 1929 3503 2009 quod

1911 2028 2052 2079 scire
2087 2026 2431 2093 desideratis,
2464 2026 2603 2081 lator
2632 2028 2977 2097 praesentium
3003 2028 3136 2081 satis
3168 2026 3319 2081 vobis
3358 2036 3506 2096 pote—

1912 2117 1983 2169 rit
2008 2117 2241 2171 edicere.
2272 2116 2508 2186 Spiritus
2540 2128 2761 2173 sanctus
2786 2120 2858 2173 sit
2895 2133 3108 2188 semper
3135 2126 3319 2173 custos
3344 2126 3398 2173 et
3425 2118 3505 2173 di-

1914 2216 2095 2264 rcctor
2118 2209 2301 2263 cordis
2329 2209 2493 2264 vestri
2524 2218 2579 2263 et
2604 2210 2726 2263 vitae
2752 2219 2967 2264 vestrae.
2999 2211 3189 2264 Amen.

2444 2298 2779 2353 EPISTULA
2820 2298 2979 2353 XCII.

2268 2408 2490 2449 ANSELMI
2522 2409 2589 2448 AD
2618 2410 2863 2449 HACONEI
2885 2410 3148 2451 COMITEM.

1982 2495 2266 2543 AxssLuus
2314 2487 2491 2557 gratia
2524 2485 2641 2555 Dei,
2674 2488 3115 2558 archiepiscopus
3144 2484 3502 2541 Cantuarien-

1912 2580 2007 2644 sis,
2039 2577 2243 2633 “AGONI
2282 2577 2468 2632 comiti
2500 2575 3167 2645 Orcadensium,_salutem
3198 2585 3252 2631 et
3280 2573 3504 2630 benedi-

1913 2671 2148 2725 ctionem
2182 2670 2298 2724 Dei.

1985 2759 2161 2814 Audio
2197 2760 2323 2829 quia
2365 2768 2587 2830 propter
2613 2759 2965 2831 indigentiam
2994 2760 3299 2824 doctorum,
3324 2758 3504 2813 minus

1914 2866 2075 2921 quam
2116 2837 2353 2921 expedit,
2384 2851 2614 2921 populus
2635 2852 2725 2921 qui
2751 2854 2851 2906 sub
2882 2862 3057 2905 vestra
3098 2860 3369 2921 potestate
3394 2861 3501 2918 est,

1914 2953 2205 3016 cognoscat
2230 2952 2286 2997 et
2310 2943 2452 2998 colat
2475 2943 2842 2998 Christianam
2875 2943 3209 3015 religionem.
3240 2942 3344 2999 Sed
3367 2961 3501 3015 gau-

1915 3035 2017 3091 deo
2040 3035 2168 3105 quia
2199 3034 2471 3091 referente
2496 3036 2749 3106 episc0po
2789 3054 2948 3107 quem
2987 3053 3127 3091 nunc
3152 3053 3249 3107 per
3274 3037 3501 3108 gratiam

1915 3125 2010 3181 Dei
2055 3127 2288 3191 habetis,
2329 3126 2493 3182 didici
2547 3127 2672 3197 quia
2722 3128 3007 3199 prudentia
3045 3137 3223 3183 vestra
3276 3128 3505 3183 libenter

1915 3216 2141 3285 suscipit
2168 3218 2389 3271 verbum
2434 3217 2550 3283 Dei,
2576 3227 2631 3273 et
2661 3219 2941 3274 consilium
2982 3219 3124 3289 quod
3162 3220 3398 3289 pertinet
3439 3217 3504 3271 ad

1915 3308 2168 3363 salutem.
2198 3308 2311 3363 llac
2342 3309 2506 3380 igitur
2542 3311 2732 3365 fiducia
2777 3312 2932 3365 mitto
2967 3312 3277 3366 strenuitati
3309 3321 3507 3365 vestra:

1914 3399 2125 3455 l‘ttcras
2166 3401 2483 3456 monitionis
2526 3416 2679 3464 meae,
2707 3412 2973 3471 quatenus
3002 3418 3060 3458 se
3091 3404 3332 3458 studiose
3359 3418 3508 3457 com-

1916 3492 2092 3547 mittat
2119 3492 2488 3561 prardicationi
2518 3502 2572 3547 ct
2594 3493 2854 3549 doctrina:
2881 3495 3119 3565 ejusdem
3148 3494 3416 3565 episcopi;
3449 3503 3505 3548 et

1914 3592 2174 3653 quantum
2204 3586 2256 3639 in
2282 3586 2437 3640 vobis
2462 3594 2546 3640 est
2576 3586 2838 3641 studeatis
2861 3596 2919 3641 ut
2943 3588 3173 3658 populus
3196 3595 3372 3642 vester
3402 3588 3506 3642 hoc

1914 3674 2089 3743 ipsum
2121 3676 2305 3730 faciat.
2340 3675 2483 3731 Nihil
2506 3677 2651 3732 enim
2685 3678 2865 3733 facere
2893 3680 3120 3749 potestis
3153 3680 3293 3734 unde
3333 3680 3506 3748 magis

1915 3767 2288 3821 remissionem
2332 3776 2715 3835 peccatorum,
2765 3778 2820 3822 et
2856 3770 2979 3824 vitae
3021 3779 3235 3824 mternte
3276 3770 3504 3841 gloriam

1917 3857 2144 3927 adipisci
2176 3858 2401 3912 valeatis
2436 3872 2598 3927 quam
2632 3860 2676 3913 si
2706 3861 2960 3935 populum
3002 3872 3239 3917 vestrum
3281 3863 3348 3916 ad
3394 3862 3507 3916 cul-

1916 3958 2029 4002 tum
2059 3947 2386 4003 Christianae
2434 3951 2712 4020 religionis
2758 3953 3057 4017 monendo,
3081 3962 3134 4007 et
3175 3953 3507 4022 quibuscun-

1913 4053 2017 4108 que
2047 4042 2219 4095 modis
2245 4041 2476 4111 potestis
2500 4042 2652 4096 vobis
2680 4057 2804 4096 eum
2838 4044 3128 4098 attrahitis.
3153 4044 3306 4110 Quod
3331 4042 3502 4099 effica-

1913 4132 2067 4198 citer,
2094 4132 2204 4187 Deo
2229 4132 2410 4198 dante,
2430 4133 2651 4201 implere
2681 4135 2946 4204 poteritis,
2965 4136 3032 4202 si,
3051 4136 3504 4206 quemadmodum

1913 4238 2075 4292 θυμω
2096 4234 2099 4237 ·
2122 4222 2231 4276 dixi
2263 4223 2434 4288 vobis,
2467 4239 2562 4278 vos
2594 4225 2788 4279 devote
2816 4235 2874 4280 et
2902 4238 3087 4282 sancta
3121 4228 3423 4284 humilitate
3452 4238 3507 4283 et

1912 4325 2044 4380 pura
2076 4313 2349 4367 voluntate
2379 4314 2631 4383 episcopo
2661 4324 2840 4370 vestro
2880 4318 3126 4373 subditis.
3164 4318 3219 4373 Si
3250 4334 3346 4376 vos
3374 4336 3505 4376 con-

1912 4403 2034 4459 silio
2062 4414 2251 4460 nostro
2272 4415 2328 4461 et
2350 4408 2741 4477 exhortationi,
2784 4408 2894 4467 Deo
2937 4412 3257 4483 inspirante,
3283 4418 3505 4486 acquie-

217 4488 389 4552 Deus,
418 4487 509 4557 qui
551 4488 653 4541 hoc
691 4486 990 4555 iucwpitin
1022 4486 1197 4554 vobis,
1231 4487 1295 4541 ad
1332 4488 1531 4543 bonum
1559 4490 1807 4545 effectum
1843 4523 1888 4577 Β
1913 4509 2067 4552 scere
2110 4496 2408 4561 volueritis,
2451 4515 2548 4555 oro
2591 4501 2759 4556 Deum
2794 4504 3222 4575 omnipotentem
3283 4516 3340 4561 ut
3387 4509 3503 4579 ipsa

216 4588 464 4635 vestram
497 4592 712 4647 semper
749 4578 1008 4647 perducat
1037 4576 1388 4632 voluntatem.
1430 4578 1580 4649 Rogo
1611 4582 1810 4636 sancti-

218 4680 390 4725 tatem
423 4677 663 4723 vestram
692 4676 958 4737 quatenus
1000 4684 1226 4738 regnum
1256 4670 1384 4724 illnd
1417 4681 1598 4726 vestro
1622 4682 1811 4727 sancto

220 4762 406 4817 studio
439 4759 747 4814 emundetis
783 4761 851 4816 ab
887 4762 1168 4830 apostatis,
1200 4771 1259 4815 ut
1299 4762 1476 4818 nullus
1510 4763 1811 4836 alienigena

220 4853 295 4908 ibi
341 4852 574 4922 recipiat
618 4851 850 4922 aliquem
886 4851 1335 4908 "ecclesiasticum
1382 4854 1650 4923 ordinem,
1682 4858 1809 4926 quia

220 4945 300 5000 illi
328 4946 422 5016 qui
447 4945 518 4999 ab
539 4945 807 5015 episc0pis
831 4945 943 5000 suis
971 4945 1324 5015 repelluntur,
1354 4945 1479 5001 illuc
1505 4958 1736 5017 pergunt
1757 4957 1813 5004 et
1878 4954 1881 4955 ⁷

222 5038 577 5093 exitiabiliter
597 5039 664 5094 ad
687 5038 935 5095 diversos
957 5040 1177 5095 ordines
1198 5048 1502 5096 sacrantur.
1530 5039 1733 5109 Valete,
1758 5050 1813 5099 et

222 5136 378 5183 orate
405 5142 505 5198 pro
528 5142 635 5183 me.

772 5217 1107 5275 EPISTOLA
1144 5220 1277 5275 XCI:

592 5324 812 5362 ANSELMI
844 5326 910 5364 AD
940 5326 1083 5365 Αυλιι
1112 5328 1454 5368 (ΣΟΙΙΊῚδεΑὶί.

295 5396 542 5451 Dominae
578 5407 633 5449 et
665 5399 823 5452 matri
862 5399 915 5452 in
948 5399 1059 5455 Deo
1090 5402 1430 5458 charissima:
1465 5404 1619 5468 Ana,
1651 5419 1810 5459 vene-

226 5488 385 5542 rabili
412 5490 726 5558 comitissaa,
751 5490 1055 5558 Assstuus,
1083 5508 1273 5549 servus
1300 5494 1552 5550 Ecclesia:
1576 5495 1814 5550 Cantua-

228 5578 449 5641 riensis,
479 5577 626 5647 quod
662 5580 877 5647 melius,
908 5584 1052 5651 quod
1095 5584 1323 5651 dulcius,
1368 5583 1510 5640 ouod
1556 5584 1812 5641 affectuo-

231 5670 344 5721 sius
369 5677 550 5737 potest
586 5669 879 5723 secundum
909 5671 1096 5725 Deum.

303 5766 436 5822 Cum
471 5774 664 5823 vestra:
700 5769 822 5826 volo
851 5771 1091 5827 scribere
1128 5771 1451 5840 celsitudini,
1495 5775 1679 5844 utique
1725 5791 1813 5830 ne-

1913 4601 2009 4641 vos
2038 4596 2093 4642 et
2125 4597 2291 4641 totum
2327 4590 2583 4659 populum
2618 4601 2861 4647 vestrum
2906 4611 3000 4649 sua
3028 4598 3198 4666 gratia
3229 4598 3425 4668 dirigat
3448 4609 3505 4654 et

1912 4685 2185 4746 protegat,
2210 4687 2265 4732 et
2291 4694 2444 4732 suam
2480 4680 2914 4739 benedictionem
2941 4696 2998 4739 et
3026 4687 3414 4742 absolutionem
3447 4699 3502 4742 et

1913 4770 2189 4824 orationes
2235 4770 2559 4827 humilitatis
2600 4790 2734 4830 meae
2772 4792 2839 4831 ex
2883 4779 3047 4832 corde
3083 4780 3236 4835 vobis
3281 4780 3496 4835 mando.

1913 4860 2273 4929 Omnipotens
2302 4862 2443 4918 Deus
2471 4864 2549 4919 sic
2570 4880 2666 4921 vos
2691 4866 2855 4925 faciat
2883 4870 3068 4923 vivere
3098 4871 3150 4923 in
3178 4871 3278 4924 hoc
3302 4870 3499 4927 saecqu

1915 4958 1976 5004 ut
2012 4950 2065 5004 in
2096 4951 2275 5007 futuro
2304 4952 2605 5025 jungamini
2642 4956 2803 5011 beato.
2843 4959 3157 5030 angelorum
3199 4960 3495 5018 consortio.

1914 5040 2107 5097 Amen.

2330 5137 2496 5211 M9
2526 5140 2861 5197 EPISTOLA
2902 5144 3076 5200 XCIII.
3124 5135 3131 5140 ’

2124 5241 2336 5283 HENRICI
2368 5246 2647 5286 ANCLORUI
2691 5247 2844 5288 REGIS
2878 5251 2946 5288 AD
2977 5251 3278 5293 ANSELMUM.

1988 5318 2279 5385 HENRICUS,
2328 5324 2501 5392 gratia
2554 5324 2647 5379 Dei
2706 5340 2799 5379 rex
2839 5327 3187 5399 Anglorum,
3243 5334 3496 5394 ANSELIIO

1926 5410 2305 5469 Cantuariensi
2352 5416 2785 5489 archiepiscopo,
2833 5422 3157 5480 charissima
3200 5426 3347 5484 Patri
3377 5445 3494 5499 suo,

1922 5503 2152 5560 salutem
2184 5515 2239 5560 et
2265 5506 2629 5564 dilectionem.

1986 5599 2252 5669 Agnosce,
2280 5598 2447 5655 Pater
2472 5603 2569 5670 mi,
2596 5604 2720 5674 quia
2743 5620 2843 5677 ego
2865 5608 3039 5678 gratia
3061 5610 3155 5665 Dei
3188 5625 3352 5669 sanus
3378 5630 3495 5669 sum

1918 5698 1973 5741 et
2020 5688 2330 5756 incolumis,
2378 5700 2433 5745 et
2474 5696 2655 5749 omnia
2706 5713 2823 5752 mea
2876 5699 3114 5756 salubria
3168 5702 3497 5760 inccduntct

1923 5792 2200 5848 prospere.
2248 5780 2401 5848 Quod
2444 5794 2625 5841 autem
2651 5787 2715 5843 de
2748 5797 2800 5844 te
2826 5805 2889 5845 ac
2927 5790 3102 5847 salute
3142 5801 3230 5848 tua
3259 5809 3355 5864 per
3383 5795 3493 5847 Au-
