3946 6306
534 301 635 358 24⁸1

1103 295 1160 351 S.
1195 294 1498 350 ANSELMI
1535 293 1890 350 CANTUAR.
1921 292 2243 349 ARCHlEl'.
2274 291 2426 348 OPP.
2470 291 2649 349 PARS
2678 292 2765 348 llI.
2791 325 2860 335 ——
2896 294 3279 354 EPISTOLJE.

3749 300 3831 355 ω

536 413 739 467 fridum
781 408 1041 465 clericum
1082 419 1232 464 tuum
1259 418 1312 463 et
1344 423 1441 479 per
1484 407 1620 464 alios
1648 408 1856 480 accepi,
1882 423 1983 464 nec
2016 422 2120 462 non
2154 411 2200 466 A
2227 420 2341 461 rem
2387 414 2628 461 vestrum
2674 407 2933 463 auxilium
2978 419 3033 464 et
3065 408 3442 470 fortitudinem
3501 421 3630 469 telo
3684 416 3830 469 corde

539 505 608 560 de
647 504 715 558 iis
751 518 872 573 qua
910 501 1054 558 circa
1109 511 1161 558 te
1200 509 1465 571 geruntur
1510 500 1775 557 felicitate
1822 500 2011 556 sa'lutis
2062 509 2115 554 et

535 594 917 665 prosperitatis
972 592 1205 664 agitari,
1266 592 1403 648 scito
1455 607 1542 647 me
1593 592 1959 664 congratulari
2009 609 2114 648 non

537 686 842 740 minimum.
876 683 989 740 Nec
1016 699 1145 739 vero
1173 682 1565 739 conscientiam
1596 684 1983 739 benevolentiae
2012 695 2115 741 tute

535 779 718 844 lateat,
745 778 1017 848 quomodo
1038 777 1331 848 contigerit
1356 777 1513 832 nobis
1540 778 1607 833 de
1634 777 1903 847 colloquio
1930 788 2118 835 nostro

532 874 674 928 inter
692 889 777 927 me
798 882 854 928 et
872 872 1202 927 Lodovicum
1221 870 1465 926 Francia:
1484 886 1685 939 regem,
1700 873 1841 927 scias
1860 872 2113 941 quoniam

533 980 655 1037 ego,
690 981 813 1019 cum
847 965 1104 1035 pleraque
1146 965 1300 1033 copia
1352 963 1583 1018 militum
1627 979 1894 1027 meorum,
1918 972 1976 1019 et
2002 964 2116 1035 ipse

529 1072 653 1109 cum
710 1055 1040 1110 fortitudine
1099 1071 1195 1111 sua
1250 1054 1489 1123 undique
1548 1054 1776 1109 collecta
1845 1055 2115 1109 tenuimus

529 1147 887 1218 colloquium.
931 1148 1044 1220 Ego
1084 1156 1265 1202 autem
1303 1147 1531 1202 studens
1560 1147 1755 1201 rationi
1786 1155 1842 1201 et
1873 1147 2111 1218 :equitati

529 1254 653 1293 cum
696 1241 979 1294 moderata
1027 1238 1354 1303 humilitate,
1405 1238 1693 1292 observata
1740 1246 1915 1292 tamen
1966 1238 2113 1308 regia

527 1331 874 1397 austeritate,
909 1340 1119 1385 tantum
1146 1338 1312 1398 ’icquo
1357 1326 1575 1397 etjusto
1622 1329 1889 1399 acquievi,
1942 1330 2115 1386 donec

526 1423 645 1492 ipse
678 1423 819 1478 fastu
849 1434 1278 1494 przesumptuoso
1300 1424 1468 1478 nimia
1492 1438 1554 1477 ac
1578 1423 1811 1494 superba
1849 1424 1979 1478 mihi
2023 1440 2114 1480 su-

527 1517 898 1585 perqumsivit.
922 1516 1009 1582 Et,
1036 1517 1107 1571 ita
1132 1517 1445 1586 disponente
1458 1516 1696 1587 Spiritus
1718 1517 1891 1572 sancti
1916 1518 2113 1589 gratia,

525 1604 942 1660 collocutionem
1006 1621 1181 1680 meam
1236 1606 1429 1672 finivi,
1496 1617 1554 1662 ut
1610 1608 1908 1663 comitibus
1976 1608 2111 1662 mihi

524 1697 886 1752 existentibus
913 1697 1125 1752 ratione
1149 1707 1203 1751 et
1224 1697 1437 1765 justitia
1466 1699 1810 1753 recesserim.
1840 1698 1918 1752 lta
1944 1699 2108 1754 etiam

520 1796 584 1842 ut
609 1788 705 1857 ipsi
744 1805 878 1860 quos
912 1791 1025 1859 ipse
1065 1790 1373 1846 Ludovicus
1420 1791 1475 1845 in
1522 1792 1887 1847 conventione
1918 1801 2097 1847 nostra

2282 1777 2544 1845 Quamvis
2597 1795 2704 1835 non
2757 1795 2826 1835 ex
2870 1782 3080 1837 meritis
3130 1783 3288 1847 meis,
3355 1793 3556 1838 tamen
3610 1799 3811 1854 quam

2210 1872 2336 1941 quia
2365 1872 2548 1927 vident
2578 1888 2664 1927 me
2688 1873 2740 1927 in
2771 1875 2953 1929 causis
2980 1876 3116 1931 meis
3138 1877 3548 1946 benignitatem
3597 1891 3812 1932 vestram
3868 1870 3877 1891 “

2210 1976 2427 2033 semper
2477 1963 2683 2020 habere
2729 1975 3074 2035 praesentem,
3117 1978 3311 2038 putant
3343 1984 3435 2023 me
3467 1972 3635 2039 apud
3680 1972 3814 2024 eelsi-
3870 1972 3877 2053 ξ

520 1878 656 1932 mihi
685 1879 961 1952 hostagios
988 1897 1055 1936 ex
1083 1889 1238 1950 parte
1260 1894 1357 1934 sua
1383 1880 1580 1950 posuit,
1608 1880 1745 1950 parti
1769 1895 1950 1936 causa:
1973 1895 2108 1936 mete

521 1972 843 2037 assentiant,
886 1982 940 2026 et
980 1988 1200 2027 causam
1252 1988 1427 2026 meam
1459 1981 1735 2037 tueantur,
1792 1982 1848 2028 et
1884 1990 2105 2029 causam

517 2059 774 2115 Lodovici
826 2062 1106 2117 infirmant
1146 2071 1201 2117 et
1252 2063 1565 2133 reprobant.
1612 2063 1907 2134 Propterea
1960 2067 2106 2121 scias

519 2152 780 2221 quoniam
832 2153 1111 2223 negotium
1156 2153 1301 2223 quod
1348 2154 1493 2207 inter
1525 2168 1611 2207 me
1639 2163 1693 2208 et
1723 2155 2102 2224 imperatorem

516 2242 890 2298 Romanorum
941 2243 1306 2308 tractabatur,
1351 2244 1527 2311 gratia
1579 2244 1670 2299 Dei
1727 2246 1794 2300 ad
1842 2246 2103 2301 honorem

517 2334 612 2387 Dei
657 2343 713 2390 et
748 2344 1015 2400 nostrum,
1056 2344 1111 2388 et
1157 2344 1360 2389 sanctie
1408 2334 1665 2390 Ecclesia:
1710 2346 1764 2390 et
1808 2335 2103 2391 Christiani

524 2424 704 2495 populi
733 2425 800 2479 ad
824 2424 988 2480 ﬁnem
1026 2425 1399 2496 perduximus.
1432 2424 1507 2479 De
1537 2436 1758 2493 erctero,
1794 2429 1860 2481 de
1896 2428 1961 2482 iis
1984 2442 2105 2498 quae

518 2518 571 2570 in
602 2516 794 2588 Anglia
846 2529 997 2584 sunt,
1035 2527 1092 2573 et
1119 2534 1241 2589 quae
1292 2518 1364 2573 ibi
1405 2527 1730 2587 tractantur,
1780 2518 1901 2573 volo
1925 2528 1983 2572 ut
2012 2534 2103 2573 vo-

514 2607 709 2663 luntati
771 2620 876 2664 tute
926 2620 1155 2681 pareant
1206 2620 1262 2665 et
1313 2611 1541 2665 consilio
1585 2621 1676 2666 tuo
1719 2610 2098 2681 disponantur.

514 2697 667 2765 Quod
694 2700 859 2755 etiam
887 2716 988 2773 ego
1021 2700 1353 2770 justiciariis
1401 2702 1604 2757 nostris
1650 2702 1749 2757 feci
1797 2701 2097 2771 cognitum.

516 2791 713 2847 Filium
752 2810 931 2850 meum
974 2804 1030 2851 et
1074 2796 1242 2849 filiam
1290 2795 1389 2851 tibi
1431 2798 1736 2859 committo,
1792 2802 2098 2865 utpalerna

510 2883 803 2949 dilectione
849 2903 944 2942 eos
1008 2887 1217 2953 foveas,
1269 2898 1325 2941 et
1381 2889 1448 2943 de
1503 2888 1567 2942 iis
1620 2887 1877 2941 liliastino
1914 2899 2100 2939 amore

515 2990 708 3032 curam
742 2994 894 3050 agas.
929 2980 1090 3037 Teste
1139 2979 1379 3051 Rauulfo
1428 2980 1758 3036 cancellario
1805 2979 1947 3050 apud
1995 2979 2098 3033 Ro-

512 3068 848 3138 lbomagum.

1023 3156 1366 3216 Ei’lSTOLA
1408 3160 1589 3215 XCIV.

704 3264 930 3304 ANSELII
968 3266 1037 3304 AD
1074 3265 1343 3306 llENBlCUM
1383 3266 1558 3307 REGE!
1598 3267 1898 3307 ANGLORL’M.

591 3338 825 3394 Domino
885 3356 984 3397 suo
1042 3341 1366 3398 charissimo
1441 3342 1715 3409 “ESBICO,
1768 3343 1943 3415 gratia
2003 3343 2094 3398 Dei

516 3431 755 3502 glorioso
790 3435 902 3505 regi
950 3435 1273 3506 Anglorum,
1320 3437 1601 3491 ANSELML‘S
1657 3437 2099 3507 archiepiscOpus

514 3523 947 3593 Cantuariensis,
977 3526 1133 3582 ﬁdele
1160 3528 1443 3583 servitium
1490 3544 1608 3583 cum
1649 3530 2011 3599 orationibus,
2042 3538 2096 3584 ct

527 3618 971 3674 benedictionem
1005 3618 1100 3675 Dei
1129 3629 1184 3673 et
1213 3636 1390 3687 suam,
1416 3633 1675 3690 quantum
1708 3621 1867 3677 valet.

585 3709 808 3766 Gratias
851 3727 954 3783 ago
1005 3713 1359 3783 omnipotenti
1412 3715 1522 3769 Deo
1568 3729 1636 3769 ex
1679 3715 1873 3770 intimo
1913 3714 2096 3770 cordis

514 3799 708 3857 affectu
750 3817 851 3873 pro
890 3805 1102 3860 cunctis
1144 3805 1600 3875 prosperitatibus
1645 3815 1701 3861 et
1748 3806 2095 3862 successibus

507 3910 647 3963 quos
702 3895 846 3952 Deus
904 3912 1002 3967 per
1055 3914 1210 3954 suam
1254 3901 1486 3970 gratiam
1541 3915 1667 3971 erga
1714 3917 1814 3967 vos
1861 3902 2094 3970 benigne

505 3989 760 4061 dignatur
809 3991 1051 4061 operari,
1079 4002 1135 4047 et
1176 4008 1275 4048 oro
1315 4008 1437 4048 eum
1480 4002 1540 4047 ut
1575 4008 1789 4063 semper
1820 3992 2095 4048 celsitudi-

507 4068 629 4134 nem
659 4092 897 4137 vestram
923 4083 991 4138 ad
1021 4083 1227 4153 majora
1262 4094 1319 4139 et
1346 4086 1571 4141 meliora
1611 4086 1776 4142 faciat
1801 4086 2088 4156 prolicere,

504 4180 561 4225 et
584 4187 679 4242 per
700 4174 1018 4228 continuam
1050 4177 1253 4231 terreni
1280 4178 1425 4248 regni
1456 4178 1869 4247 prosperitatent
1896 4178 2091 4246 perdu-

505 4271 596 4316 cat
645 4265 711 4316 ad
763 4264 1001 4320 caslestis
1051 4269 1203 4338 regni
1265 4269 1609 4325 felicitatem.
1655 4271 1875 4326 Gratias
1922 4272 2088 4326 etiam

506 4344 608 4423 ago
631 4352 927 4419 dignationi
954 4365 1167 4422 vestrae,
1201 4374 1322 4428 quae
1350 4360 1507 4424 mihi,
1545 4361 1687 4415 sicut
1710 4361 1856 4415 fideli
1886 4371 1940 4416 et
1962 4376 2089 4416 vere

2229 496 2496 567 supplico,
2532 506 2593 552 ut
2635 498 2952 569 dignitatem
2991 500 3249 559 Ecclesia:
3295 503 3743 560 Cantuaricnsis
3780 508 3829 557 ait

2222 588 2660 644 antecessoribus
2710 591 2908 646 vestris
2964 603 3257 657 servatam,
3311 609 3478 663 quam
3536 593 3705 648 Deus
3747 598 3826 648 tsi-

2227 681 2358 737 tioni
2406 691 2599 736 vestra:
2645 683 2941 747 commisit,
2994 694 3049 739 et
3093 685 3248 753 cujus
3293 686 3344 741 11(
3364 703 3473 745 nor
3508 698 3825 747 vesterest.
3874 682 3875 719 Ὺ

2219 772 2475 827 minorari
2500 788 2605 828 non
2632 773 2975 842 permittatis.
2996 774 3070 829 De
3093 791 3178 830 me
3201 788 3349 833 certe
3370 779 3499 832 dico
3524 778 3699 833 vobis
3721 782 3823 845 quia

2220 863 2402 932 potius
2451 874 2672 932 paratus
2718 880 2837 919 smn
2885 866 3047 931 mori,
3081 876 3135 921 ut
3165 867 3284 936 ejus
3329 869 3585 939 dignitas
3623 868 3823 937 integr:

2222 965 2487 1019 servetur,
2519 971 2679 1025 quam
2715 967 2775 1012 ut
2804 974 2923 1013 mea
2966 959 3295 1031 negligentia
3327 962 3702 1032 aliquatenus
3734 964 3823 1015 vio-

2218 1045 2378 1102 letur.
2430 1045 2782 1117 Omnipotens
2832 1048 2975 1105 Deus
3012 1064 3107 1105 vos
3142 1060 3197 1106 et
3230 1061 3414 1107 vestra
3444 1066 3691 1122 semper
3717 1054 3821 1108 diri-
3876 1124 3877 1139 χ

2217 1147 2310 1208 gat
2338 1148 2393 1192 et
2418 1148 2689 1211 protegat.
2716 1141 2914 1198 Amen.

2748 1232 3086 1291 EPISTOLA
3126 1234 3284 1291 XCV.

2558 1337 2785 1381 ANSELMI
2820 1340 2889 1378 AD
2930 1340 3237 1381 PASCHALEH
3277 1341 3477 1382 ΡΛΡΑΙ.

2290 1412 2553 1469 ΡΑδοιιΑιι
2594 1429 2810 1471 summo
2861 1419 3127 1487 pontifici,
3173 1434 3294 1474 cum
3328 1419 3653 1476 dilectione
3684 1434 3814 1474 rere
3876 1464 3877 1491 ἦ

2218 1504 2409 1567 rendo,
2446 1514 2646 1559 etcum
2695 1509 3001 1563 reverentia
3047 1510 3341 1581 diligendo,
3379 1512 3705 1567 Auseums
3726 1527 3815 1565 ser-

2217 1610 2317 1651 vus
2363 1595 2625 1652 Ecclesia:
2670 1595 3101 1664 Cantuariensis,
3126 1601 3366 1657 debitam
3414 1600 3815 1672 subiectiones:
3876 1598 3877 1615 ³

2216 1700 2340 1741 cum
2371 1687 2680 1742 orationum
2706 1688 3051 1744 assiduitate.

2213 2057 2454 2111 tudinem
2500 2067 2736 2113 vestram
2769 2060 2825 2114 in
2857 2060 2923 2115 iis
2951 2076 3072 2130 quae
3097 2061 3243 2115 illam
3277 2063 3479 2117 decent
3506 2064 3677 2118 sicut
3708 2064 3812 2119 fide-
3870 2076 3875 2130 j

2212 2147 2317 2204 lem
2378 2164 2598 2204 servum
2665 2150 2871 2221 aliquid
2924 2166 3107 2221 posse.
3167 2152 3525 2224 Quapropter
3594 2155 3809 2209 aliorum

2209 2241 2464 2311 precibus
2512 2252 2734 2297 coactus
2785 2243 3057 2311 majestati
3090 2254 3285 2300 vestra:
3316 2246 3665 2315 supplicare
3699 2265 3811 2318 pm

2208 2348 2382 2398 sumo,
2417 2343 2475 2388 ut
2505 2336 2692 2391 latoris
2729 2336 3077 2405 prtnsentium
3124 2352 3348 2393 causam
3382 2340 3601 2394 audire
3644 2342 3811 2411 digne-

2210 2434 2329 2490 tur;
2364 2427 2511 2481 etde
2540 2443 2602 2484 ea
2631 2428 2772 2497 quod
2811 2427 3097 2496 sapientiae
3137 2445 3249 2484 sua:
3294 2432 3578 2500 placebit,
3638 2434 3809 2502 praxi-

2208 2530 2360 2586 pere.
2410 2516 2767 2588 Omnipotens
2820 2520 2964 2573 Deus
3020 2520 3072 2574 in
3125 2520 3382 2574 diuturna
3437 2524 3807 2594 prosperitate

2204 2608 2549 2664 sanctitatem
2578 2619 2810 2666 vestram
2844 2611 3002 2666 nobis
3026 2623 3339 2668 conservet.
3371 2614 3591 2671 Amen.

2718 2699 3057 2756 EPISTULA
3096 2701 3260 2757 XCVI

2284 2805 2508 2847 ANSEIJII
2548 2809 2615 2849 Αι)
2651 2808 2929 2847 SAMSONEII
2967 2809 3358 2849 WIGORNEXSESI
3400 2810 3742 2854 EPISCOPCI.

2271 2881 2555 2938 Axsemws
2615 2886 3055 2955 archiepiscopus
3128 2886 3482 2952 Cantuarizn,
3562 2889 3805 2945 Susum

2202 2971 2457 3042 episcopo
2485 2974 2849 3045 Wigornensi,
2879 2977 3133 3031 salutem.

2281 3065 2385 3121 Vos
2409 3067 2569 3122 scitis
2598 3068 2730 3138 quid
2768 3068 3010 3124 Ecclesia
3057 3070 3424 3126 Eboracensis
3463 3072 3685 3129 debeat
3722 3076 3804 3131 Ec-

2157 3148 2170 3166 ⁴
2199 3156 2380 3216 (ειρεῑω
2406 3160 2810 3225 Cautuariensi,
2837 3171 2894 3217 et
2924 3165 3197 3231 quomodo
3223 3163 3296 3217 illi
3325 3162 3589 3231 subjecta
3628 3169 3805 3222 debeat

2198 3266 2336 3306 esse.
2366 3251 2655 3323 Postquam
2697 3271 2828 3325 ergo
2861 3256 3099 3313 Thomas
3141 3258 3348 3313 electus
3394 3271 3485 3314 est
3535 3265 3805 3334 archiepi-

2198 3359 2395 3414 scopus
2416 3344 2795 3411 Eboracensis,
2819 3348 3007 3402 debuit
3028 3350 3303 3419 requirere
3324 3356 3803 3411 consecrationem

2199 3450 2376 3500 suam,
2415 3446 2469 3490 et
2500 3440 2742 3506 proliteri
2782 3440 3149 3495 obedien'iam
3189 3458 3351 3511 quam
3402 3443 3581 3499 debet
3640 3451 3803 3501 archi-
3880 3440 3881 3505 Ῐ

2204 3527 2491 3596 episcopus
2514 3527 3189 3600 Eboracaearchiepiscopo
3210 3541 3263 3585 et
3279 3530 3549 3587 Ecclesim
3572 3536 3803 3590 Cantua-

2201 3618 2658 3690 ria‘.Contempsit
2681 3621 2859 3676 facere
2873 3623 3016 3692 quod
3044 3622 3224 3677 facere
3243 3624 3453 3678 debuit.
3477 3625 3606 3696 Ego
3633 3642 3802 3683 tamen

2199 3727 2261 3765 es
2289 3712 2615 3766 abundantia
2649 3714 2935 3769 charitatis
2968 3715 3194 3768 invitavi
3236 3730 3358 3769 eum
3394 3715 3482 3771 bis
3519 3734 3630 3788 per
3660 3723 3807 3776 cleri-

2196 3818 2290 3855 cos
2322 3812 2559 3867 nostros,
2590 3813 2645 3857 et
2673 3804 2832 3857 tertio
2858 3820 2954 3872 per
2989 3805 3128 3860 duos
3152 3806 3464 3875 episcopos,
3507 3820 3569 3863 ut
3598 3814 3801 3865 veniret

2197 3896 2263 3949 ad
2307 3906 2534 3951 matrem
2581 3913 2731 3951 suam
2776 3896 3229 3953 Cautuarieuscnt
3285 3899 3634 3963 Ecclesium,
3662 3917 3716 3958 et
3745 3908 3800 3958 ad

2197 4003 2282 4041 me
2309 3987 2393 4042 cui
2424 3986 2787 4042 ministerium
2822 3987 2939 4057 ejus
2970 3989 3323 4043 commissum
3351 4000 3458 4054 est,
3502 4002 3563 4046 et
3600 3994 3801 4048 faceret

2193 4090 2246 4134 et
2290 4081 2586 4149 susciperet
2620 4081 2762 4150 quod
2805 4081 3050 4137 deberet.
3087 4081 3187 4149 Qui
3219 4083 3361 4151 quod
3393 4083 3595 4139 debuit
3628 4087 3799 4142 facere

2195 4172 2451 4241 neglexit,
2496 4180 2552 4226 et
2600 4173 2879 4241 respondit
2915 4187 2974 4228 se
3020 4174 3233 4228 misisse
3265 4176 3490 4229 nuntios
3524 4193 3669 4233 suos
3700 4181 3798 4234 Ro-

2195 4280 2363 4328 mam,
2417 4274 2473 4319 et
2520 4264 2574 4319 in
2621 4263 3112 4331 Northmanuiam;
3160 4268 3250 4336 qui
3316 4282 3440 4320 cum
3514 4271 3797 4336 redirent,

2193 4356 2396 4413 faceret
2439 4358 2582 4428 quod
2624 4358 2850 4413 consilio
2879 4344 3099 4413 suarum
3138 4361 3435 4429 acciperet.
3477 4361 3651 4429 Quod
3688 4382 3796 4420 res-

506 4443 753 4499 dilectori
796 4460 919 4513 suo,
962 4448 1325 4506 amicabiliter
1355 4466 1476 4520 qua:
1505 4452 1655 4505 circa
1681 4466 1740 4504 se
1771 4461 1918 4514 sunt,
1948 4450 2089 4507 litte-
2122 4486 2170 4545 υ
2193 4464 2420 4518 ponsum
2469 4450 2524 4503 in
2569 4450 2671 4503 hoc
2706 4450 2926 4520 negotio
2974 4449 3324 4521 intelligimus
3361 4466 3469 4505 non
3512 4469 3651 4510 esse
3685 4473 3797 4511 sns-

504 4537 583 4592 ris
613 4538 727 4593 suis
768 4539 1113 4611 significavit,
1162 4552 1218 4598 et
1260 4558 1353 4597 cor
1405 4559 1585 4598 nicum
1631 4543 1697 4597 de
1746 4543 1929 4597 Imtitia
1988 4558 2085 4597 sua

503 4639 559 4685 et
587 4636 951 4703 prosperitate
996 4634 1310 4690 ltetiiicavit.
1356 4636 1510 4703 Quod
1550 4644 1730 4690 autem
1770 4651 1903 4691 mea:
1942 4652 2087 4691 curae

504 4733 667 4794 atque
695 4724 975 4783 dilectioni
1021 4728 1189 4782 filium
1232 4739 1474 4783 vestrum
1507 4738 1561 4783 et
1597 4727 1759 4782 filiam
1800 4737 1907 4781 tam
1960 4728 2083 4783 dili-

503 4827 695 4889 genter
721 4819 1140 4887 commendatis,
1173 4826 1223 4871 cl
1252 4819 1393 4886 quod
1420 4818 1677 4874 voluntati
1702 4834 1834 4873 mese
1862 4834 2083 4888 regnum

505 4920 745 4967 vestrum
778 4922 833 4967 et
862 4912 1079 4984 negotia
1121 4911 1269 4980 regni
1301 4912 1467 4966 vestri
1496 4912 1855 4974 committitis,
1889 4927 2082 4982 quam-

501 5004 586 5057 vis
616 5002 667 5057 in
696 5019 781 5058 me
809 5020 915 5058 non
944 5004 1016 5058 sit
1042 5004 1307 5073 sapientia
1334 5005 1399 5057 ad
1432 5005 1535 5059 hoc
1569 5004 1861 5069 sullieiens,
1902 5014 2081 5062 tamen

500 5095 624 5165 quia
656 5095 1084 5150 benevolentiam
1120 5104 1355 5149 vestram
1390 5096 1729 5160 immensam,
1756 5105 1812 5152 et
1842 5096 2083 5167 gratiam

502 5201 627 5255 erga
675 5201 761 5240 me
809 5186 1074 5256 intelligo,
1122 5195 1383 5257 quantum
1428 5188 1481 5241 in
1533 5202 1620 5242 me
1662 5197 1765 5252 est,
1803 5199 2082 5259 gratanter

501 5277 759 5346 suscipio,
795 5285 850 5330 et
881 5292 999 5346 quae
1039 5278 1171 5331 mihi
1216 5278 1579 5342 committitis,
1633 5278 1727 5334 Dei
1776 5294 1872 5348 per
1918 5295 2077 5349 quem

503 5374 699 5419 cuncta
748 5363 886 5419 bene
939 5365 1321 5436 disponuntur,
1373 5368 1693 5424 commendo
1736 5367 2079 5439 dispositioni

501 5466 557 5509 et
588 5456 811 5512 auxilio.
856 5457 931 5512 De
981 5459 1157 5515 electo
1204 5458 1561 5515 Eboracensis
1602 5461 1857 5517 Ecclesia:
1899 5462 2079 5516 archi-

502 5549 777 5619 episcopo,
821 5552 1269 5621 quemadmodum
1313 5568 1370 5609 se
1411 5569 1495 5610 res
1539 5554 1723 5625 habet,
1777 5568 1874 5625 per
1922 5553 2079 5608 dom-

501 5658 631 5699 uum
675 5642 1061 5701 Baldenvinum
1120 5645 1329 5702 fidelem
1369 5658 1425 5703 et
1476 5647 1793 5703 dilectorem
1839 5655 2077 5701 vestrum

504 5733 827 5798 sublimitati,
873 5752 1062 5795 vestrae
1110 5738 1228 5793 viva
1285 5755 1416 5795 voce
1473 5738 1737 5796 sianilico.
1795 5736 1873 5792 Ad
1915 5753 2077 5808 quam

2194 4542 2465 4611 ceptibile.
2520 4541 2715 4595 Mando
2745 4557 2878 4612 ergo
2906 4542 3059 4596 vobis
3083 4542 3223 4597 sicut
3250 4544 3429 4596 amico
3453 4552 3513 4596 et
3538 4546 3794 4613 professo

2188 4634 2442 4690 Ecclesiae
2479 4642 2703 4700 nostrae,
2734 4642 2794 4687 ut
2819 4641 3008 4688 contra
3039 4632 3180 4688 hanc
3204 4633 3481 4701 iujnriam,
3519 4651 3655 4705 qua:
3693 4654 3792 4691 non

2188 4732 2272 4779 est
2319 4732 2528 4778 tantum
2577 4738 2742 4793 super
2787 4738 2899 4787 me,
2949 4722 3047 4777 sed
3080 4738 3247 4792 super
3276 4738 3465 4777 omnes
3498 4726 3792 4796 episcopos

2186 4824 2242 4871 et
2286 4815 2550 4871 ecclesias
2600 4814 3106 4884 archiepiscopatus
3159 4823 3214 4868 et
3258 4815 3532 4885 primatus
3581 4820 3784 4879 uestri,

2186 4922 2350 4976 super
2381 4920 2605 4975 regnum
2639 4905 2808 4961 etiam
2839 4903 3072 4974 Anglize,
3109 4904 3233 4965 sitis
3261 4904 3391 4958 mihi
3418 4905 3470 4957 in
3511 4908 3789 4961 auxilium

2184 4999 2251 5052 ad
2276 5000 2736 5068 comprimendam
2780 5008 2891 5052 tam
2950 4997 3345 5059 intolerabilem
3392 5005 3783 5070 przesumptio-

2185 5104 2331 5145 nem.
2380 5090 2540 5145 Certa
2587 5090 2773 5158 utique
2822 5090 2893 5145 sit
2930 5098 3109 5144 vestra
3145 5090 3443 5144 reverentia
3478 5092 3612 5159 quia
3649 5092 3785 5146 nihEl

2183 5182 2329 5252 quod
2387 5180 2568 5238 facere
2614 5181 2855 5251 possim,
2908 5190 3002 5236 aut
3057 5179 3200 5251 apud
3251 5182 3417 5236 Deum
3473 5192 3574 5234 aut
3636 5186 3781 5254 apud

2184 5275 2432 5331 homines
2483 5275 2779 5339 dimittam,
2833 5282 2893 5327 ut
2941 5275 3058 5331 haec
3113 5268 3231 5339 eius
3285 5273 3590 5328 inordinata
3637 5291 3779 5343 pra:-

2183 5367 2421 5438 sumptio
2467 5367 2824 5423 annihiletur.
2871 5364 3187 5421 Meminisse
3211 5365 3437 5421 deberet
3465 5366 3601 5434 quia
3630 5370 3779 5423 ordi«

2184 5477 2284 5519 nes
2324 5462 2560 5532 majores
2591 5476 2728 5531 quos
2756 5461 2922 5516 habet
2949 5462 3004 5514 in
3038 5458 3508 5529 archicpiscopatu
3539 5474 3692 5524 meo,
3723 5472 3777 5515 et

2182 5556 2552 5613 sacerdotium
2603 5569 2722 5609 mea
2765 5551 3012 5621 iussione
3056 5552 3315 5622 suscepit,
3350 5561 3402 5606 et
3433 5566 3556 5605 meo
3584 5550 3775 5608 favore

2183 5647 2303 5716 ejus
2331 5646 2529 5702 electio
2565 5644 2716 5701 facta
2744 5644 2866 5698 fuit.
2892 5642 3237 5714 Quapropter
3264 5642 3307 5698 si
3337 5653 3485 5698 recte
3514 5645 3772 5699 conside-

2185 5746 2358 5805 raret,
2408 5751 2517 5795 non
2569 5750 2630 5793 se
2674 5733 2896 5792 deberet
2937 5742 3049 5791 tam
3097 5734 3403 5791 inordinate
3430 5742 3623 5789 contra
3659 5750 3767 5799 ine,
