3946 6306
141 333 250 391 149

1459 318 1588 372 LIB.
1620 313 1707 375 IV.
1735 311 1953 370 EPIST.
1989 313 2076 368 CI.

3311 311 3420 388 sse

143 451 251 501 imo
274 451 438 506 super
475 445 560 486 me
607 429 856 503 erigere;
914 431 983 487 de
1033 432 1134 487 hac
1180 447 1238 487 re
1287 441 1526 486 vestrum
1575 430 1732 499 exigo
1763 439 1809 497 Α
1841 427 1948 481 lius
1999 441 2221 496 possum
2275 423 2616 496 intelligere;
2671 424 3125 494 quemadmodum
3165 439 3263 496 per
3303 424 3421 493 ejus

143 529 454 595 consilium.
487 526 554 581 Et
581 527 838 596 quoniam
872 525 1008 579 duos
1037 524 1324 594 episCOpos
1355 521 1646 578 Rolensem
1671 531 1727 576 et

145 623 592 687 Tedfordiensem
641 617 867 674 consilio
913 615 1142 671 aliorum
1192 616 1594 686 episcoporum,
1662 615 1729 668 ad

145 735 284 794 quos
304 718 537 789 pertinet
569 715 683 769 haec
705 710 927 778 injuria,
958 710 1171 764 mittatn
1211 710 1263 764 in
1294 708 1542 780 proximo
1567 706 1732 780 550

145 814 212 868 ad
235 809 513 866 dominum
545 812 792 859 nostrum
841 816 1050 870 regem,
1105 814 1172 854 ex
1214 815 1333 854 mea
1365 808 1522 868 parte
1549 811 1602 855 et
1633 813 1730 852 eo-

147 916 296 964 rum,
345 897 462 968 ejus
498 893 769 960 postulare
815 891 1099 956 auxilium,
1146 890 1212 942 ad
1247 889 1550 944 faciendum
1587 889 1730 958 quod

147 991 217 1046 de
245 991 350 1044 hac
379 1002 437 1042 re
459 983 726 1041 canonice
758 981 931 1037 debeo
970 990 1028 1034 et
1065 979 1187 1035 volo
1231 979 1438 1044 facere;
1473 978 1733 1033 mandate

150 1081 358 1138 eisdem
409 1075 817 1146 episcopis,.ut
859 1089 924 1127 ex
975 1082 1157 1126 vestra
1198 1082 1355 1141 parte
1405 1071 1548 1126 sicut
1596 1069 1734 1126 alio-

148 1187 269 1226 rum
287 1171 667 1242 episcoporum
691 1165 1018 1237 legationem
1042 1179 1194 1220 suam
1213 1173 1602 1235 exsequantur.
1631 1162 1718 1217 Va.

142 1263 272 1320 lem.
637 1349 974 1406 EPISTOLA
1012 1348 1103 1406 XC
1113 1349 1221 1405 νει.

215 1478 470 1520 δληςομιε
503 1477 889 1519 WIGORNIENSIS
927 1478 1193 1517 ECCLESIJS
1229 1477 1554 1517 SACEI'IDOTIS
1593 1477 1661 1514 AD

790 1549 1094 1588 ANSELMUM.

213 1627 447 1681 Domino
497 1640 599 1682 suo
639 1636 693 1680 et
725 1625 875 1680 Patri
906 1623 1230 1680 charissima
1259 1625 1532 1688 Assumo,
1571 1639 1734 1678 vene-

148 1719 309 1773 rabili
351 1719 735 1774 Cantuariensi
780 1719 1217 1790 archiepiscopo,
1261 1716 1474 1771 Samson
1515 1715 1734 1786 Wigor-

149 1811 361 1866 niensis
408 1811 665 1866 Ecclesiae
697 1811 979 1876 sacerdos,
1020 1810 1275 1874 salutem,
1322 1819 1379 1864 et
1411 1807 1729 1870 servitium,

143 1910 202 1956 et
228 1903 512 1958 orationes
549 1902 758 1957 fideles.
1011 1908 1016 1910 '

213 1992 516 2049 Mandastis
560 1993 714 2060 tnihi,
765 1991 1004 2060 domine,
1041 2000 1096 2047 et
1125 1991 1266 2047 sicut
1305 1990 1610 2062 professum
1637 1991 1736 2044 Ec-

143 2083 329 2139 clesia:
369 2095 566 2138 vestras
612 2094 667 2138 et
709 2093 952 2139 vestrum
1014 2084 1428 2144 submonnistis,
1470 2094 1736 2152 quatenus

144 2175 211 2229 de
255 2177 477 2247 negotio
524 2176 668 2247 quod
701 2187 786 2232 est
819 2179 959 2231 inter
987 2191 1084 2230 vos
1117 2185 1174 2230 et
1220 2175 1486 2230 Thomam
1531 2176 1736 2229 Ebora-

139 2269 324 2322 censis
350 2268 606 2323 Ecelesiae
629 2268 885 2333 electum,
914 2269 968 2322 in
996 2268 1202 2324 auxilio
1225 2268 1379 2322 vobis
1403 2277 1459 2322 et
1480 2269 1735 2323 Ecclesia:

142 2369 372 2426 vestrm,
431 2360 645 2416 scilicet
700 2361 1126 2426 Cantuariensi,
1195 2361 1510 2415 existerem.
1579 2359 1736 2416 Unde

146 2464 338 2519 precor
383 2451 764 2507 excellentiam
814 2463 1079 2514 vestram,
1132 2465 1200 2506 ne
1247 2451 1314 2506 de
1358 2466 1443 2505 me
1473 2450 1734 2504 dubitetis

145 2542 288 2608 quod
337 2542 757 2610 professionem,
813 2557 975 2611 quam
1024 2543 1125 2596 feci
1172 2551 1226 2596 et
1270 2540 1446 2596 adhuc
1489 2540 1650 2605 facio,
1681 2552 1736 2596 et

142 2643 239 2698 per
283 2633 475 2686 omnia
529 2633 766 2687 retinere
810 2633 974 2696 volo,
1031 2633 1083 2686 in
1135 2631 1316 2701 aliquo
1364 2633 1448 2687 vel
1513 2643 1736 2702 propter

133 2721 362 2793 aliquem
387 2725 658 2780 fraudare
682 2725 867 2779 velim.
895 2724 1159 2780 Existimo
1184 2725 1329 2779 enim
1357 2725 1500 2794 quod
1529 2723 1734 2778 nullum

136 2815 186 2870 in
217 2832 378 2873 causa
432 2827 614 2880 vestra
663 2817 936 2873 habebitis
981 2816 1302 2881 fideliorem,
1343 2824 1398 2871 et
1440 2831 1542 2885 pro
1577 2829 1735 2884 posse

132 2924 250 2966 meo
291 2913 420 2983 plus
474 2913 732 2968 devotum
781 2911 1121 2981 adiutorem.
1167 2912 1242 2968 De
1282 2912 1510 2967 consilio
1553 2920 1734 2964 autem

137 3001 274 3067 quod
304 3020 332 3056 a
361 3019 470 3059 nne
514 3003 806 3072 quaesistis,
834 3003 878 3056 si
902 3002 1100 3057 scirem
1129 3001 1403 3056 veraciter
1427 2999 1553 3070 quid
1579 2998 1734 3053 vobis

139 3101 190 3144 et
216 3093 371 3150 nobis
447 3093 626 3164 magis
674 3093 977 3163 expediret,
1035 3093 1220 3148 dicere
1269 3107 1376 3146 non
1434 3090 1728 3145 differrem.

137 3173 246 3232 I-Ioc
274 3189 497 3235 tantum
527 3180 650 3234 dico
679 3178 805 3248 quia
857 3178 988 3233 mihi
1033 3179 1248 3233 videtur
1289 3178 1568 3246 indignum
1613 3191 1734 3230 esse

140 3281 234 3336 pro
275 3271 379 3329 hac
437 3287 602 3328 causa
659 3286 757 3325 vos
812 3271 974 3326 nimis
1024 3271 1206 3325 irasci.
1261 3270 1396 3326 Cum
1448 3269 1593 3325 enim
1657 3277 1732 3321 tot

140 3361 450 3433 episcopos,
482 3375 560 3420 tot
589 3365 838 3430 abbates,
874 3372 954 3417 tot
980 3364 1270 3432 optimates
1293 3365 1439 3418 viros
1473 3362 1734 3416 habemus

142 3456 323 3519 testes,
373 3455 542 3510 facile
588 3456 719 3510 ntihi
771 3454 986 3509 videtur
1020 3464 1127 3508 tam
1174 3469 1356 3524 parva:
1397 3453 1482 3508 vel
1534 3452 1736 3508 nullius

143 3547 491 3601 auctoritatis
542 3545 772 3602 clericos
827 3561 985 3618 posse
1024 3545 1274 3601 refutari.
1324 3545 1542 3599 Illorum
1584 3543 1732 3598 enim

141 3643 222 3686 est
263 3638 383 3694 talis
434 3639 832 3703 controversia,
889 3655 1146 3710 quorum,
1177 3639 1310 3693 mihi
1339 3639 1578 3702 videtur,
1621 3652 1730 3691 non

143 3731 225 3777 est
271 3744 440 3798 grave
490 3732 928 3800 przesumptivam
977 3729 1280 3784 annihilare
1308 3729 1615 3783 audaciam.
1658 3729 1735 3783 De

149 3809 269 3880 ipso
295 3832 430 3874 vero
458 3818 655 3884 elecm,
683 3829 741 3875 ut
774 3819 983 3875 credidi
1015 3829 1069 3874 et
1097 3821 1284 3883 credo,
1335 3829 1390 3874 et
1435 3820 1536 3874 sibi
1581 3819 1730 3874 credi

145 3917 379 3974 Oportet,
403 3913 679 3968 veraciter
721 3911 930 3968 aﬂirtno
970 3912 1096 3982 quia
1127 3927 1254 3983 erga
1283 3927 1380 3966 vos
1404 3927 1508 3966 non
1535 3912 1732 3966 habeat

149 3994 390 4052 animum
423 4002 524 4056 nisi
557 4003 783 4066 bonum,
810 4013 866 4057 et
899 4002 953 4056 in
987 4010 1248 4070 quantum
1278 4002 1548 4066 vixeritis,
1578 4001 1732 4055 vobis

143 4092 198 4136 et
221 4085 473 4144 Ecclesiae
495 4102 690 4146 vestra:
716 4106 814 4160 per
832 4091 1012 4146 omnia
1033 4092 1382 4146 devotissime
1404 4090 1729 4157 subjectum.

143 4171 281 4227 Illud
327 4188 508 4232 autem
558 4181 736 4249 placet
766 4181 896 4234 mihi
921 4183 1050 4248 quia
1095 4181 1301 4236 fecistis
1357 4182 1500 4250 quod
1553 4181 1733 4235 facere

146 4259 440 4336 debuistis,
492 4285 556 4322 ex
604 4270 744 4323 bona
779 4270 1060 4324 voluntate
1099 4271 1396 4337 suadendo,
1442 4281 1493 4326 et
1535 4286 1602 4326 ex
1640 4287 1750 4324 au-

141 4355 400 4414 ctoritate
445 4362 625 4415 debita
672 4363 1055 4434 praecipiendo,
1102 4364 1228 4434 quia
1283 4363 1328 4418 si
1371 4364 1424 4418 in
1471 4363 1732 4418 dilatione

1833 519 2011 572 vivam
2055 532 2245 572 vocem
2288 516 2540 588 poteritis
2590 526 2776 587 aperte
2806 531 3155 588 cognoscere.
3187 517 3418 592 Absolu-

1835 611 2037 665 tionem
2063 620 2336 677 nostram,
2378 625 2541 680 quam
2575 625 2672 680 per
2700 610 2952 665 eumdem
2992 610 3237 676 fratrem,
3279 609 3420 666 sicut

1835 704 1951 774 ipse
1988 702 2120 757 mihi
2153 701 2360 766 retulit,
2393 718 2422 756 a
2451 717 2535 756 me
2567 704 2768 773 petitis,
2810 712 2863 758 et
2898 704 3082 768 corde,
3121 715 3177 758 et
3213 720 3332 768 ore,
3365 713 3420 758 et

1834 797 2102 869 scriptura
2155 796 2430 850 dilectioni
2463 805 2657 850 vestra:
2703 799 2877 861 mitto,
2929 807 2984 852 et
3033 798 3277 869 quotidie
3319 813 3420 868 pro

1835 889 1988 944 vobis
2017 903 2137 943 oro.
2190 888 2548 959 Omnipotens
2598 887 2744 944 Deus
2793 899 3040 946 sanctum
3091 890 3421 946 desiderium

1840 992 2079 1036 vestrum
2132 982 2304 1053 magis
2325 998 2394 1047 ac
2431 981 2613 1050 magis
2650 983 2936 1049 accendat,
2985 992 3040 1038 et
3081 984 3150 1038 ad
3201 985 3417 1040 beatum

1835 1074 2088 1132 effectum
2113 1074 2396 1146 perducat.
2435 1075 2629 1129 Amen.

2346 1209 2681 1266 EPISTULA
2725 1210 2902 1265 XCIX.

2155 1313 2381 1354 ANSELIII
2422 1317 2489 1354 AD
2528 1315 2812 1356 ROBERTUII
2851 1315 3110 1356 COMITEI.

1909 1407 2198 1465 Assewus
2236 1411 2682 1481 archiepiscopus
2730 1411 3057 1475 Cantuarhe,
3109 1411 3329 1466 domino
3369 1423 3426 1467 et

1839 1501 2015 1554 amico
2081 1514 2179 1554 suo
2234 1501 2559 1555 charissima
2625 1501 2884 1556 Rossnro
2943 1501 3126 1555 comiti
3183 1502 3250 1554 de
3298 1499 3428 1555 Mel-

1838 1591 2003 1654 lento,
2035 1591 2265 1646 salutem
2290 1599 2346 1646 et
2370 1592 2801 1647 benedictionem
2833 1592 2925 1648 Dei
2956 1605 3010 1648 et
3036 1607 3219 1659 suam,
3252 1607 3426 1662 quan-

1840 1691 1953 1737 tum
1987 1693 2182 1755 potest.

1766 1809 1809 1864 Β
1911 1776 1987 1829 De
2028 1769 2193 1831 causa
2236 1792 2359 1848 quae
2398 1788 2481 1833 est
2525 1776 2670 1832 inter
2700 1793 2784 1831 me
2815 1785 2868 1832 et
2897 1777 3161 1832 Thomam
3190 1776 3424 1832 electum

1838 1868 2262 1933 Eboracensem,
2316 1871 2513 1924 mando
2548 1870 2700 1924 vobis
2727 1879 2782 1924 et
2810 1885 3026 1939 precor,
3057 1872 3196 1926 sicut
3224 1886 3423 1926 verum

1838 1958 2071 2012 amicum
2100 1967 2156 2014 et
2186 1958 2353 2013 filium
2395 1960 2586 2013 matris
2623 1959 2879 2015 Ecclesia:
2912 1961 3344 2030 Cantuariensis,
3373 1973 3430 2016 ct

1837 2050 2086 2116 consulo,
2132 2051 2277 2106 sicut
2319 2051 2460 2108 fideli
2509 2052 2848 2117 Christiano,
2873 2063 2928 2108 et
2964 2053 3197 2108 fideliter
3223 2053 3429 2110 atnanti

1841 2145 2099 2202 honorem
2128 2157 2181 2200 et
2211 2147 2528 2217 dignitatem
2561 2148 2704 2217 regis
2729 2157 2786 2202 et
2816 2149 2981 2203 totius
3015 2149 3166 2221 regni
3195 2148 3427 2218 Anglite,

1837 2247 2108 2307 quatenus
2154 2236 2573 2307 diligentissime
2620 2247 2675 2292 et
2723 2237 3126 2292 studiosissime
3177 2239 3428 2292 consido-

1837 2330 1972 2384 retis
1998 2329 2210 2398 pondus
2260 2330 2395 2383 tanti
2441 2329 2566 2383 mali
2611 2330 2754 2398 quod
2800 2330 2916 2398 ipse
2965 2328 3205 2385 Thomas
3247 2329 3432 2385 facere

1837 2433 2089 2486 conatur,
2112 2431 2164 2475 et
2193 2423 2450 2477 omnibus
2482 2423 2689 2478 viribus
2725 2423 2867 2477 sicut
2900 2423 3157 2492 injuriam
3187 2433 3242 2478 et
3273 2424 3426 2494 igno-

1836 2511 2087 2574 miniam,
2117 2521 2173 2567 et
2202 2514 2346 2582 regis
2371 2523 2425 2568 et
2454 2515 2620 2567 totius
2649 2513 2799 2583 regni
2843 2515 3075 2583 Anglia},
3129 2525 3185 2567 et
3235 2515 3430 2568 matris

1839 2613 2033 2659 vestra:
2080 2606 2362 2670 Ecclesiae,
2411 2615 2465 2659 et
2508 2606 3049 2676 archiepiscoporum
3095 2606 3428 2670 Cantttarim,

1839 2695 2196 2751 intentionem
2241 2699 2358 2766 ejus
2415 2697 2746 2767 reprimatis.
2798 2699 2874 2752 De
2918 2714 3004 2753 me
3040 2700 3229 2768 utique
3255 2698 3307 2751 in
3331 2713 3430 2769 spe

1837 2787 2025 2842 auxilii
2061 2789 2154 2843 Dei
2203 2774 2431 2853 afﬁrmo,
2471 2790 2600 2858 quia
2643 2804 2918 2859 nunquam
2965 2805 3062 2858 per
3096 2806 3182 2844 me
3207 2791 3332 2856 erit,
3374 2797 3432 2843 et

1836 2880 1880 2938 si
1909 2881 2105 2937 scirem
2153 2897 2238 2936 me
2282 2898 2408 2938 cras
2461 2884 2787 2938 moriturum
2825 2892 3119 2952 antequam
3174 2884 3274 2936 ista
3308 2884 3430 2952 ejus

1835 2973 2106 3029 ealumnia
2153 2976 2422 3030 exstincta
2472 2984 2642 3039 esset,
2674 2990 2930 3044 ponerem
2963 2990 3127 3044 super
3151 2989 3276 3031 eum
3308 2991 3432 3030 sen-

1838 3066 2059 3120 tentiam
2115 3075 2319 3136 quanto
2365 3067 2676 3138 graviorem
2721 3081 2810 3121 me
2839 3081 3000 3135 posse
3045 3066 3426 3136 intelligerent.

1762 3158 1802 3214 C
1839 3158 1913 3212 De
1945 3157 2047 3212 hoc
2086 3170 2266 3212 autem
2300 3159 2552 3214 certa-sit
2584 3168 2768 3214 vestra
2818 3157 3038 3213 dilectio
3076 3158 3201 3228 quia
3251 3156 3430 3212 nullus

1839 3250 1983 3306 hanc
2033 3249 2150 3320 ejus
2192 3253 2672 3322 prtesumptionem
2716 3251 2825 3306 ullo
2856 3252 3017 3308 modo
3047 3267 3210 3306 manu
3246 3259 3432 3306 tenere

1839 3352 2044 3413 potest,
2100 3343 2218 3399 sine
2271 3359 2370 3399 suo
2419 3360 2614 3415 magno
2666 3354 2894 3416 peccato
2943 3353 3000 3401 et
3048 3346 3167 3401 sine
3199 3346 3276 3400 ira
3312 3343 3428 3398 Dei.

1838 3432 2075 3504 Spiritus
2121 3445 2344 3490 sanctus
2397 3435 2597 3508 dirigat
2635 3451 2731 3490 cor
2765 3444 3006 3491 vestrum
3060 3436 3118 3491 in
3175 3435 3427 3492 veritate.

1835 3527 2029 3583 Amen.

1907 3745 2138 3786 ANSELMI
2175 3746 2244 3786 ΑΙ)
2279 3745 2564 3786 ιιουυιῖωι
2605 3745 3005 3786 CICESTIIENSEM
3044 3747 3354 3788 EPISCOPL'SI.
3400 3763 3404 3768 ·

1903 3827 2215 3889 ANSELIUS,
2269 3824 2713 3894 archiepiscopus
2777 3824 3120 3881 Zantuariaz.
3180 3824 3438 3881 Bonum

1835 3916 2093 3987 episcopo
2122 3916 2473 3981 Cicestrensi,
2507 3917 2758 3971 salutem.

1906 4010 2102 4064 Audivi
2151 4010 2296 4079 quod
2348 4009 2770 4064 archidiaconus
2805 4019 2988 4064 vester
3017 4009 3229 4078 accepit
3258 4008 3440 4062 homi-

1837 4117 1934 4158 nes
1981 4116 2133 4157 meos
2173 4103 2329 4170 quasi
2361 4116 2461 4170 pro
2488 4101 2838 4156 forisfactnra
2868 4101 3057 4156 fracta:
3089 4102 3428 4173 festivitatis,

1835 4195 1988 4247 etde
2021 4195 2086 4247 iis
2118 4193 2323 4264 plegios
2373 4194 2607 4263 accepit,
2661 4210 2762 4250 nec
2813 4204 2938 4250 ante
2987 4211 3082 4250 eos
3129 4195 3303 4249 voluit
3351 4196 3434 4251 div

1837 4286 2058 4340 mittere
2107 4301 2272 4354 quam
2324 4285 2532 4357 plegios
2575 4286 2834 4352 haberet;
2876 4288 3020 4358 quod
3046 4303 3147 4342 nec
3189 4285 3290 4343 sibi
3326 4303 3431 4342 nec

1838 4379 1998 4436 alicui
2052 4395 2301 4450 personas.
2351 4381 2482 4437 licet
2530 4397 2694 4452 super
2748 4382 2997 4438 homines
3049 4398 3222 4437 meos.
3276 4380 3448 4436 Unde

140 4451 570 4507 consecrationis
638 4462 722 4508 est
779 4463 1093 4522 peccatum,
1155 4453 1380 4508 alterius
1416 4469 1585 4537 quam
1631 4470 1726 4509 ve-

142 4538 315 4560 ειιηι...

1845 4468 2033 4522 mando
2056 4465 2210 4522 vobis
2237 4475 2296 4521 ut
2322 4467 2464 4523 idem
2508 4467 2672 4539 plegii
2723 4479 2992 4524 vocentur
3029 4470 3222 4540 quieti,
3257 4477 3314 4523 et
3362 4469 3442 4521 de

142 4538 340 4592 strum.

668 4632 1006 4688 EPISTOLA
1047 4633 1273 4690 XCVIII.

520 4739 748 4779 ANSELII
787 4742 855 4780 AD
893 4742 1058 4781 ELIAM
1095 4741 1358 4783 COIITEH.

213 4806 501 4872 Ansauws
534 4831 723 4872 servus
759 4818 1014 4872 Ecclesiae
1036 4818 1470 4887 Cantuariensis,
1509 4820 1728 4875 domino

142 4905 196 4949 et
223 4905 426 4972 amico,
455 4921 510 4962 et
539 4908 591 4962 in
626 4909 734 4964 Deo
763 4909 1120 4965 dilectissimo
1151 4912 1298 4967 Eua:
1331 4912 1544 4980 comiti,
1577 4915 1724 4968 salu-

148 4994 278 5060 tem,
305 5007 359 5052 et
390 5001 562 5071 gratia
597 4999 688 5054 Dei
713 5015 929 5070 semper
953 5003 1110 5075 dirigi
1141 5015 1195 5058 et
1215 5007 1444 5076 protegi.

209 5081 432 5146 Gaudeo
453 5100 508 5146 et
534 5093 736 5162 gratias
765 5107 867 5164 ago
897 5095 1002 5149 Deo
1039 5097 1395 5166 omnipotenti
1424 5115 1454 5152 a
1481 5115 1589 5170 quo
1629 5109 1715 5155 est

142 5183 300 5232 omne
345 5183 570 5249 bonum,
619 5185 708 5254 qui
756 5201 852 5239 cor
892 5197 1130 5242 vestrum
1184 5189 1322 5243 bona
1369 5190 1644 5246 voluntate
1671 5203 1724 5246 et

145 5274 331 5326 sancta
360 5275 660 5330 intentione
694 5277 765 5330 ita
799 5277 1040 5345 implevit
1070 5290 1130 5333 ut
1159 5282 1558 5338 studiosissime
1580 5299 1726 5353 quae-

146 5359 279 5414 ratis
309 5367 621 5433 consilium,
650 5385 755 5438 qua
785 5372 870 5424 via
904 5380 958 5425 et
984 5388 1088 5442 qua
1119 5375 1226 5428 vita
1259 5377 1504 5431 securius
1535 5385 1593 5430 et
1613 5375 1725 5430 eiii-

146 5451 323 5538 facitts
357 5463 574 5532 possitis
607 5465 889 5535 pervenire
913 5465 979 5519 ad
1015 5481 1238 5538 regnum
1268 5469 1530 5523 caelorum
1573 5479 1629 5524 et
1659 5469 1726 5524 atl

148 5531 358 5606 beatam
388 5557 701 5612 societatem
733 5559 1070 5628 angelorum.
1098 5560 1251 5628 Quod
1281 5562 1538 5630 quoniam
1571 5578 1600 5616 a
1638 5578 1724 5618 me

151 5639 412 5725 queritis,
462 5650 661 5704 mando
703 5651 834 5707 illud
876 5651 1034 5708 vobis
1068 5669 1166 5725 per
1196 5653 1455 5710 dilectum
1496 5653 1721 5711 fratrem

151 5711 381 5792 Hardum
425 5741 665 5799 amicum
686 5751 742 5799 et
769 5743 1090 5804 familiarem
1121 5755 1384 5814 vestrum,
1436 5748 1576 5805 sicut
1602 5761 1722 5806 me-
1755 5758 1758 5761 '

1830 4558 2218 4615 archidiacono
2246 4558 2378 4614 mihi
2417 4559 2690 4628 justitiam
2754 4561 2937 4625 facile,
2982 4561 3075 4631 qui
3118 4561 3246 4615 talia
3293 4573 3437 4629 pne-

1835 4651 2066 4720 sumpsit
2115 4665 2283 4721 super
2332 4651 2583 4706 homines
2637 4666 2813 4707 meos.
2867 4649 3019 4718 Quod
3069 4660 3250 4704 autem
3297 4645 3433 4702 mihi

1830 4743 2130 4798 mamlastis
2187 4752 2247 4797 ut
2276 4744 2604 4814 castigarem
2640 4744 2889 4799 homines
2933 4752 3180 4807 nostros,
3231 4756 3301 4795 ne
3337 4740 3445 4797 alii.

1835 4835 2109 4904 accipiant
2136 4833 2336 4888 malum
2367 4833 2680 4902 exemplum
2715 4833 2782 4888 ab
2815 4833 2914 4891 eis.
2945 4840 3128 4900 grates
3153 4829 3349 4891 refero,
3375 4837 3432 4886 et

1829 4928 1972 4994 quod
2019 4926 2146 4981 inde
2187 4923 2370 4982 facere
2415 4926 2679 4982 debuero.
2745 4923 2858 4979 Deo
2884 4932 3160 4978 annuente
3208 4920 3431 4981 faciam.

1831 5017 2040 5074 Valete.

2404 5105 2747 5162 EPISTOLA
2783 5105 2866 5162 CI.

2241 5215 2469 5255 ANSEIJII
2507 5215 2574 5254 AD
2616 5215 2668 5253 Β.
2708 5213 3022 5256 ειηδοονωι.

1900 5289 2209 5358 Anssutns,
2241 5292 2684 5362 archiepiscOpns
2725 5291 3160 5358 Catttnariensis,
3224 5291 3431 5352 dilecto

1830 5383 2006 5438 amico
2036 5398 2135 5438 suo
2167 5386 2469 5439 reverenda
2497 5385 2761 5456 episcopo
2791 5386 2882 5451 R.,
2915 5386 3168 5442 salutem.

1899 5476 2093 5532 Mando
2140 5485 2196 5533 et
2237 5478 2492 5549 praecipio
2545 5479 2696 5536 vobis
2744 5495 2843 5551 per
2872 5491 3126 5536 sanctam
3166 5480 3428 5537 obedien-

1831 5569 1962 5623 tiam
2041 5585 2204 5640 quam
2269 5569 2528 5626 Ecclesiae
2593 5570 2975 5628 Cantuariensi
3029 5581 3086 5628 et
3133 5572 3269 5627 mihi
3331 5573 3427 5628 dc~

1831 5661 1995 5728 betis,
2049 5671 2107 5717 ut
2154 5662 2359 5720 scilicet
2408 5666 2639 5735 quodin
2698 5663 2964 5734 subjectis
3023 5664 3223 5720 litteris
3285 5649 3439 5734 quas

1827 5751 2048 5810 Thomas
2088 5753 2267 5818 electo
2306 5755 2561 5814 Ecclesia:
2604 5757 2942 5816 Eboracensi
2975 5757 3245 5814 destinari
3287 5743 3442 5812 seri?
