  <div class='ocr_page' id='page_1' title='image "/cluster/home/n/w/nwhite01/storage/ocr_20150623/159/hvd.32044024236648/133.png"; bbox 0 0 4014 6304; ppageno 0'>
   <div class='ocr_carea' id='block_1_1' title="bbox 491 319 592 379">
    <p class='ocr_par' dir='ltr' id='par_1_1' title="bbox 491 319 592 379">
     <span class='ocr_line' id='line_1_1' title="bbox 491 319 592 379; baseline 0.03 -3"><span class='ocrx_word' id='word_1_1' title='bbox 491 319 592 379; x_wconf 71' lang='grc'><strong>251</strong></span> 
     </span>
    </p>
   </div>
   <div class='ocr_carea' id='block_1_2' title="bbox 481 409 2155 512">
    <p class='ocr_par' dir='ltr' id='par_1_2' title="bbox 481 409 2155 512">
     <span class='ocr_line' id='line_1_2' title="bbox 481 409 2155 512; baseline -0.005 -18"><span class='ocrx_word' id='word_1_2' title='bbox 481 409 644 512; x_wconf 82' lang='lat' dir='ltr'><strong>ptum</strong></span> <span class='ocrx_word' id='word_1_3' title='bbox 699 440 813 500; x_wconf 90' lang='lat' dir='ltr'><strong>est,</strong></span> <span class='ocrx_word' id='word_1_4' title='bbox 875 443 972 484; x_wconf 91' lang='lat' dir='ltr'><strong>vos</strong></span> <span class='ocrx_word' id='word_1_5' title='bbox 1027 443 1155 502; x_wconf 85' lang='lat' dir='ltr'><strong>erga</strong></span> <span class='ocrx_word' id='word_1_6' title='bbox 1221 429 1396 500; x_wconf 87' lang='lat' dir='ltr'><strong>ipsum</strong></span> <span class='ocrx_word' id='word_1_7' title='bbox 1447 427 1714 484; x_wconf 85' lang='lat' dir='ltr'><strong>Thomam</strong></span> <span class='ocrx_word' id='word_1_8' title='bbox 1763 429 1958 486; x_wconf 82' lang='lat' dir='ltr'><strong>amodo</strong></span> <span class='ocrx_word' id='word_1_9' title='bbox 1997 427 2155 486; x_wconf 78' lang='lat' dir='ltr'><strong>tc-A</strong></span> 
     </span>
    </p>
   </div>
   <div class='ocr_carea' id='block_1_3' title="bbox 485 542 687 587">
    <p class='ocr_par' dir='ltr' id='par_1_3' title="bbox 485 542 687 587">
     <span class='ocr_line' id='line_1_3' title="bbox 485 542 687 587; baseline -0.005 -2"><span class='ocrx_word' id='word_1_10' title='bbox 485 542 687 587; x_wconf 72' lang='lat' dir='ltr'><strong>&quot;neatis.</strong></span> 
     </span>
    </p>
   </div>
   <div class='ocr_carea' id='block_1_4' title="bbox 949 610 1612 686">
    <p class='ocr_par' dir='ltr' id='par_1_4' title="bbox 949 610 1612 686">
     <span class='ocr_line' id='line_1_4' title="bbox 949 610 1612 686; baseline 0.011 -23"><span class='ocrx_word' id='word_1_11' title='bbox 949 611 1110 686; x_wconf 62' lang='lat'><strong>451</strong></span> <span class='ocrx_word' id='word_1_12' title='bbox 1140 610 1472 668; x_wconf 84' lang='lat' dir='ltr'><strong>EPISTOLA</strong></span> <span class='ocrx_word' id='word_1_13' title='bbox 1503 614 1612 671; x_wconf 87' lang='lat' dir='ltr'><strong>cu.</strong></span> 
     </span>
    </p>
   </div>
   <div class='ocr_carea' id='block_1_5' title="bbox 840 707 1718 779">
    <p class='ocr_par' dir='ltr' id='par_1_5' title="bbox 840 707 1718 779">
     <span class='ocr_line' id='line_1_5' title="bbox 840 707 1718 779; baseline 0.003 -18"><span class='ocrx_word' id='word_1_14' title='bbox 840 719 1107 761; x_wconf 71' lang='lat' dir='ltr'><strong>cmesou</strong></span> <span class='ocrx_word' id='word_1_15' title='bbox 1152 720 1220 760; x_wconf 75' lang='lat' dir='ltr'><strong>AD</strong></span> <span class='ocrx_word' id='word_1_16' title='bbox 1263 721 1545 763; x_wconf 63' lang='lat' dir='ltr'><strong>anserum</strong></span> <span class='ocrx_word' id='word_1_17' title='bbox 1585 707 1718 779; x_wconf 61' lang='lat'><strong>($8).</strong></span> 
     </span>
    </p>
   </div>
   <div class='ocr_carea' id='block_1_6' title="bbox 563 794 2076 872">
    <p class='ocr_par' dir='ltr' id='par_1_6' title="bbox 563 794 2076 872">
     <span class='ocr_line' id='line_1_6' title="bbox 563 794 2076 872; baseline 0.003 -22"><span class='ocrx_word' id='word_1_18' title='bbox 563 797 818 851; x_wconf 69' lang='lat' dir='ltr'><strong>Axssuo</strong></span> <span class='ocrx_word' id='word_1_19' title='bbox 873 794 1286 851; x_wconf 79' lang='lat' dir='ltr'><strong>Cantuarien&#39;sis</strong></span> <span class='ocrx_word' id='word_1_20' title='bbox 1335 797 1590 854; x_wconf 73' lang='lat' dir='ltr'><strong>Ecclesiae</strong></span> <span class='ocrx_word' id='word_1_21' title='bbox 1645 799 2076 872; x_wconf 79' lang='lat' dir='ltr'><strong>archiepiscopo,</strong></span> 
     </span>
    </p>
   </div>
   <div class='ocr_carea' id='block_1_7' title="bbox 489 886 2077 957">
    <p class='ocr_par' dir='ltr' id='par_1_7' title="bbox 489 886 2077 957">
     <span class='ocr_line' id='line_1_7' title="bbox 489 886 2077 957; baseline 0.004 -17"><span class='ocrx_word' id='word_1_22' title='bbox 489 886 706 957; x_wconf 86' lang='lat' dir='ltr'><strong>quidam</strong></span> <span class='ocrx_word' id='word_1_23' title='bbox 739 887 1035 942; x_wconf 76' lang='lat' dir='ltr'><strong>Dominicze</strong></span> <span class='ocrx_word' id='word_1_24' title='bbox 1074 888 1254 944; x_wconf 89' lang='lat' dir='ltr'><strong>crucis</strong></span> <span class='ocrx_word' id='word_1_25' title='bbox 1285 903 1472 944; x_wconf 80' lang='lat' dir='ltr'><strong>servus</strong></span> <span class='ocrx_word' id='word_1_26' title='bbox 1511 897 1568 945; x_wconf 89' lang='lat' dir='ltr'><strong>et</strong></span> <span class='ocrx_word' id='word_1_27' title='bbox 1596 891 1844 946; x_wconf 73' lang='lat' dir='ltr'><strong>minister</strong></span> <span class='ocrx_word' id='word_1_28' title='bbox 1867 891 2077 946; x_wconf 87' lang='lat' dir='ltr'><strong>Pratel-</strong></span> 
     </span>
    </p>
   </div>
   <div class='ocr_carea' id='block_1_8' title="bbox 483 978 2077 1054">
    <p class='ocr_par' dir='ltr' id='par_1_8' title="bbox 483 978 2077 1054">
     <span class='ocr_line' id='line_1_8' title="bbox 483 978 2077 1054; baseline 0.003 -20"><span class='ocrx_word' id='word_1_29' title='bbox 483 978 586 1034; x_wconf 79' lang='lat' dir='ltr'><strong>lini</strong></span> <span class='ocrx_word' id='word_1_30' title='bbox 635 979 892 1048; x_wconf 72' lang='lat' dir='ltr'><strong>cmuobii,</strong></span> <span class='ocrx_word' id='word_1_31' title='bbox 955 996 1118 1036; x_wconf 90' lang='lat' dir='ltr'><strong>cursu</strong></span> <span class='ocrx_word' id='word_1_32' title='bbox 1171 979 1491 1052; x_wconf 78' lang='lat' dir='ltr'><strong>infatigabili</strong></span> <span class='ocrx_word' id='word_1_33' title='bbox 1525 984 1784 1037; x_wconf 76' lang='lat' dir='ltr'><strong>‘stadium</strong></span> <span class='ocrx_word' id='word_1_34' title='bbox 1839 993 2077 1054; x_wconf 66' lang='lat' dir='ltr'><strong>paternae</strong></span> 
     </span>
    </p>
   </div>
   <div class='ocr_carea' id='block_1_9' title="bbox 484 1071 2080 1148">
    <p class='ocr_par' dir='ltr' id='par_1_9' title="bbox 484 1071 2080 1148">
     <span class='ocr_line' id='line_1_9' title="bbox 484 1071 2080 1148; baseline 0.004 -22"><span class='ocrx_word' id='word_1_35' title='bbox 484 1071 936 1143; x_wconf 75' lang='lat' dir='ltr'><strong>peregrinationis</strong></span> <span class='ocrx_word' id='word_1_36' title='bbox 961 1082 1215 1144; x_wconf 89' lang='lat' dir='ltr'><strong>tanquam</strong></span> <span class='ocrx_word' id='word_1_37' title='bbox 1247 1074 1406 1130; x_wconf 84' lang='lat' dir='ltr'><strong>militi</strong></span> <span class='ocrx_word' id='word_1_38' title='bbox 1435 1075 1632 1131; x_wconf 74' lang='lat' dir='ltr'><strong>sumini</strong></span> <span class='ocrx_word' id='word_1_39' title='bbox 1659 1075 1824 1148; x_wconf 83' lang='lat' dir='ltr'><strong>Regis</strong></span> <span class='ocrx_word' id='word_1_40' title='bbox 1847 1075 2080 1132; x_wconf 85' lang='lat' dir='ltr'><strong>feliciter</strong></span> 
     </span>
    </p>
   </div>
   <div class='ocr_carea' id='block_1_10' title="bbox 485 1177 1560 1242">
    <p class='ocr_par' dir='ltr' id='par_1_10' title="bbox 485 1177 1560 1242">
     <span class='ocr_line' id='line_1_10' title="bbox 485 1177 1560 1242; baseline 0.007 -26"><span class='ocrx_word' id='word_1_41' title='bbox 485 1177 712 1218; x_wconf 91' lang='lat' dir='ltr'><strong>consum</strong></span> <span class='ocrx_word' id='word_1_42' title='bbox 721 1179 889 1218; x_wconf 89' lang='lat' dir='ltr'><strong>mare.</strong></span> <span class='ocrx_word' id='word_1_43' title='bbox 1557 1237 1560 1242; x_wconf 94' lang='lat'><em>_</em></span> 
     </span>
    </p>
   </div>
   <div class='ocr_carea' id='block_1_11' title="bbox 554 1255 2074 1324">
    <p class='ocr_par' dir='ltr' id='par_1_11' title="bbox 554 1255 2074 1324">
     <span class='ocr_line' id='line_1_11' title="bbox 554 1255 2074 1324; baseline 0.005 -14"><span class='ocrx_word' id='word_1_44' title='bbox 554 1255 836 1324; x_wconf 81' lang='lat' dir='ltr'><strong>Quamvis,</strong></span> <span class='ocrx_word' id='word_1_45' title='bbox 857 1257 1016 1314; x_wconf 88' lang='lat' dir='ltr'><strong>Pater</strong></span> <span class='ocrx_word' id='word_1_46' title='bbox 1033 1257 1340 1314; x_wconf 74' lang='lat' dir='ltr'><strong>venerande</strong></span> <span class='ocrx_word' id='word_1_47' title='bbox 1367 1267 1420 1314; x_wconf 92' lang='lat' dir='ltr'><strong>et</strong></span> <span class='ocrx_word' id='word_1_48' title='bbox 1449 1260 1592 1314; x_wconf 90' lang='lat' dir='ltr'><strong>inter</strong></span> <span class='ocrx_word' id='word_1_49' title='bbox 1607 1261 1844 1316; x_wconf 89' lang='lat' dir='ltr'><strong>membra</strong></span> <span class='ocrx_word' id='word_1_50' title='bbox 1871 1261 2074 1318; x_wconf 86' lang='lat' dir='ltr'><strong>Christi</strong></span> 
     </span>
    </p>
   </div>
   <div class='ocr_carea' id='block_1_12' title="bbox 485 1347 2076 1420">
    <p class='ocr_par' dir='ltr' id='par_1_12' title="bbox 485 1347 2076 1420">
     <span class='ocr_line' id='line_1_12' title="bbox 485 1347 2076 1420; baseline 0.005 -22"><span class='ocrx_word' id='word_1_51' title='bbox 485 1351 744 1416; x_wconf 87' lang='lat' dir='ltr'><strong>tanquam</strong></span> <span class='ocrx_word' id='word_1_52' title='bbox 789 1357 1002 1402; x_wconf 86' lang='lat' dir='ltr'><strong>amator</strong></span> <span class='ocrx_word' id='word_1_53' title='bbox 1040 1358 1096 1402; x_wconf 87' lang='lat' dir='ltr'><strong>et</strong></span> <span class='ocrx_word' id='word_1_54' title='bbox 1137 1347 1314 1404; x_wconf 85' lang='lat' dir='ltr'><strong>cultor</strong></span> <span class='ocrx_word' id='word_1_55' title='bbox 1359 1350 1606 1404; x_wconf 89' lang='lat' dir='ltr'><strong>veritatis</strong></span> <span class='ocrx_word' id='word_1_56' title='bbox 1632 1349 1922 1420; x_wconf 89' lang='lat' dir='ltr'><strong>plurimum</strong></span> <span class='ocrx_word' id='word_1_57' title='bbox 1953 1351 2076 1408; x_wconf 88' lang='lat' dir='ltr'><strong>dili-</strong></span> 
     </span>
    </p>
   </div>
   <div class='ocr_carea' id='block_1_13' title="bbox 484 1433 2074 1512">
    <p class='ocr_par' dir='ltr' id='par_1_13' title="bbox 484 1433 2074 1512">
     <span class='ocr_line' id='line_1_13' title="bbox 484 1433 2074 1512; baseline 0.007 -22"><span class='ocrx_word' id='word_1_58' title='bbox 484 1437 680 1506; x_wconf 87' lang='lat' dir='ltr'><strong>gende,</strong></span> <span class='ocrx_word' id='word_1_59' title='bbox 709 1439 931 1493; x_wconf 88' lang='lat' dir='ltr'><strong>crebras</strong></span> <span class='ocrx_word' id='word_1_60' title='bbox 959 1433 1264 1494; x_wconf 83' lang='lat' dir='ltr'><strong>simultates</strong></span> <span class='ocrx_word' id='word_1_61' title='bbox 1313 1449 1368 1494; x_wconf 93' lang='lat' dir='ltr'><strong>et</strong></span> <span class='ocrx_word' id='word_1_62' title='bbox 1418 1441 1852 1512; x_wconf 87' lang='lat' dir='ltr'><strong>impugnationes</strong></span> <span class='ocrx_word' id='word_1_63' title='bbox 1895 1445 2074 1500; x_wconf 91' lang='lat' dir='ltr'><strong>homi-</strong></span> 
     </span>
    </p>
   </div>
   <div class='ocr_carea' id='block_1_14' title="bbox 483 1527 2072 1606">
    <p class='ocr_par' dir='ltr' id='par_1_14' title="bbox 483 1527 2072 1606">
     <span class='ocr_line' id='line_1_14' title="bbox 483 1527 2072 1606; baseline 0.006 -26"><span class='ocrx_word' id='word_1_64' title='bbox 483 1541 611 1580; x_wconf 88' lang='lat' dir='ltr'><strong>num</strong></span> <span class='ocrx_word' id='word_1_65' title='bbox 643 1527 1096 1595; x_wconf 83' lang='lat' dir='ltr'><strong>i‘acinorosorum,</strong></span> <span class='ocrx_word' id='word_1_66' title='bbox 1139 1529 1269 1584; x_wconf 87' lang='lat' dir='ltr'><strong>item</strong></span> <span class='ocrx_word' id='word_1_67' title='bbox 1315 1529 1534 1586; x_wconf 87' lang='lat' dir='ltr'><strong>aculeos</strong></span> <span class='ocrx_word' id='word_1_68' title='bbox 1569 1531 1930 1603; x_wconf 81' lang='lat' dir='ltr'><strong>malignorum</strong></span> <span class='ocrx_word' id='word_1_69' title='bbox 1961 1536 2072 1606; x_wconf 89' lang='lat' dir='ltr'><strong>spi-</strong></span> 
     </span>
    </p>
   </div>
   <div class='ocr_carea' id='block_1_15' title="bbox 483 1615 2078 1689">
    <p class='ocr_par' dir='ltr' id='par_1_15' title="bbox 483 1615 2078 1689">
     <span class='ocr_line' id='line_1_15' title="bbox 483 1615 2078 1689; baseline 0.007 -19"><span class='ocrx_word' id='word_1_70' title='bbox 483 1615 684 1670; x_wconf 84' lang='lat' dir='ltr'><strong>rituum</strong></span> <span class='ocrx_word' id='word_1_71' title='bbox 712 1617 1034 1672; x_wconf 84' lang='lat' dir='ltr'><strong>intrinsecus</strong></span> <span class='ocrx_word' id='word_1_72' title='bbox 1055 1618 1374 1688; x_wconf 90' lang='lat' dir='ltr'><strong>plerumque</strong></span> <span class='ocrx_word' id='word_1_73' title='bbox 1396 1621 1714 1689; x_wconf 87' lang='lat' dir='ltr'><strong>sustineam,</strong></span> <span class='ocrx_word' id='word_1_74' title='bbox 1732 1632 1910 1680; x_wconf 88' lang='lat' dir='ltr'><strong>tamen</strong></span> <span class='ocrx_word' id='word_1_75' title='bbox 1937 1640 2078 1681; x_wconf 89' lang='lat' dir='ltr'><strong>onus</strong></span> 
     </span>
    </p>
   </div>
   <div class='ocr_carea' id='block_1_16' title="bbox 482 1709 2073 1782">
    <p class='ocr_par' dir='ltr' id='par_1_16' title="bbox 482 1709 2073 1782">
     <span class='ocr_line' id='line_1_16' title="bbox 482 1709 2073 1782; baseline 0.008 -20"><span class='ocrx_word' id='word_1_76' title='bbox 482 1709 802 1764; x_wconf 69' lang='lat' dir='ltr'><strong>obedientiae</strong></span> <span class='ocrx_word' id='word_1_77' title='bbox 833 1725 993 1780; x_wconf 89' lang='lat' dir='ltr'><strong>quam</strong></span> <span class='ocrx_word' id='word_1_78' title='bbox 1045 1712 1279 1782; x_wconf 88' lang='lat' dir='ltr'><strong>imponis</strong></span> <span class='ocrx_word' id='word_1_79' title='bbox 1325 1715 1456 1768; x_wconf 89' lang='lat' dir='ltr'><strong>mihi</strong></span> <span class='ocrx_word' id='word_1_80' title='bbox 1506 1715 1840 1772; x_wconf 89' lang='lat' dir='ltr'><strong>levissimum</strong></span> <span class='ocrx_word' id='word_1_81' title='bbox 1866 1727 1920 1774; x_wconf 90' lang='lat' dir='ltr'><strong>et</strong></span> <span class='ocrx_word' id='word_1_82' title='bbox 1950 1729 2073 1775; x_wconf 90' lang='lat' dir='ltr'><strong>actu</strong></span> 
     </span>
    </p>
   </div>
   <div class='ocr_carea' id='block_1_17' title="bbox 1071 310 3229 384">
    <p class='ocr_par' dir='ltr' id='par_1_17' title="bbox 1071 310 3229 384">
     <span class='ocr_line' id='line_1_17' title="bbox 1071 310 3229 384; baseline 0.007 -16"><span class='ocrx_word' id='word_1_83' title='bbox 1071 312 1128 368; x_wconf 93' lang='lat' dir='ltr'><strong>s.</strong></span> <span class='ocrx_word' id='word_1_84' title='bbox 1156 310 1454 368; x_wconf 74' lang='lat' dir='ltr'><strong>ANSELMI</strong></span> <span class='ocrx_word' id='word_1_85' title='bbox 1493 312 1847 370; x_wconf 66' lang='lat' dir='ltr'><strong>caurum.</strong></span> <span class='ocrx_word' id='word_1_86' title='bbox 1875 311 2196 368; x_wconf 79' lang='lat' dir='ltr'><strong>ARCHIEP.</strong></span> <span class='ocrx_word' id='word_1_87' title='bbox 2223 313 2379 372; x_wconf 76' lang='lat' dir='ltr'><strong>opp.</strong></span> <span class='ocrx_word' id='word_1_88' title='bbox 2413 317 2592 377; x_wconf 66' lang='lat' dir='ltr'><strong>rans</strong></span> <span class='ocrx_word' id='word_1_89' title='bbox 2631 321 2718 378; x_wconf 92' lang='grc' dir='ltr'>ιιι.</span> <span class='ocrx_word' id='word_1_90' title='bbox 2751 355 2819 364; x_wconf 83' lang='grc'><strong>-</strong></span> <span class='ocrx_word' id='word_1_91' title='bbox 2845 324 3229 384; x_wconf 69' lang='lat' dir='ltr'><strong>EPISTOLAE.</strong></span> 
     </span>
    </p>
   </div>
   <div class='ocr_carea' id='block_1_18' title="bbox 3664 329 3773 392">
    <p class='ocr_par' dir='ltr' id='par_1_18' title="bbox 3664 329 3773 392">
     <span class='ocr_line' id='line_1_18' title="bbox 3664 329 3773 392; baseline 0.018 -2"><span class='ocrx_word' id='word_1_92' title='bbox 3664 329 3773 392; x_wconf 69' lang='lat'><strong>252</strong></span> 
     </span>
    </p>
   </div>
   <div class='ocr_carea' id='block_1_19' title="bbox 2721 434 3215 494">
    <p class='ocr_par' dir='ltr' id='par_1_19' title="bbox 2721 434 3215 494">
     <span class='ocr_line' id='line_1_19' title="bbox 2721 434 3215 494; baseline 0.01 -6"><span class='ocrx_word' id='word_1_93' title='bbox 2721 434 3056 493; x_wconf 77' lang='lat' dir='ltr'><strong>EPISTULA</strong></span> <span class='ocrx_word' id='word_1_94' title='bbox 3084 437 3215 494; x_wconf 77' lang='lat' dir='ltr'><strong>CIII.</strong></span> 
     </span>
    </p>
   </div>
   <div class='ocr_carea' id='block_1_20' title="bbox 2551 533 3418 607">
    <p class='ocr_par' dir='ltr' id='par_1_20' title="bbox 2551 533 3418 607">
     <span class='ocr_line' id='line_1_20' title="bbox 2551 533 3418 607; baseline 0.012 -27"><span class='ocrx_word' id='word_1_95' title='bbox 2551 542 2776 584; x_wconf 67' lang='lat' dir='ltr'><strong>assum</strong></span> <span class='ocrx_word' id='word_1_96' title='bbox 2800 545 2868 584; x_wconf 77' lang='lat' dir='ltr'><strong>AD</strong></span> <span class='ocrx_word' id='word_1_97' title='bbox 2903 547 3252 589; x_wconf 68' lang='lat' dir='ltr'><strong>LANFRANCUII</strong></span> <span class='ocrx_word' id='word_1_98' title='bbox 3283 533 3418 607; x_wconf 70' lang='grc'><strong>(49).</strong></span> 
     </span>
    </p>
   </div>
   <div class='ocr_carea' id='block_1_21' title="bbox 2250 614 3699 702">
    <p class='ocr_par' dir='ltr' id='par_1_21' title="bbox 2250 614 3699 702">
     <span class='ocr_line' id='line_1_21' title="bbox 2250 614 3699 702; baseline 0.014 -33"><span class='ocrx_word' id='word_1_99' title='bbox 2250 614 2320 670; x_wconf 86' lang='lat' dir='ltr'><strong>Ei</strong></span> <span class='ocrx_word' id='word_1_100' title='bbox 2366 632 2496 684; x_wconf 79' lang='lat' dir='ltr'><strong>opus</strong></span> <span class='ocrx_word' id='word_1_101' title='bbox 2538 636 2715 702; x_wconf 57' lang='lat' dir='ltr'><strong>animi,</strong></span> <span class='ocrx_word' id='word_1_102' title='bbox 2775 624 2915 702; x_wconf 64' lang='lat' dir='ltr'><strong>quod</strong></span> <span class='ocrx_word' id='word_1_103' title='bbox 2965 623 3325 702; x_wconf 80' lang='lat' dir='ltr'><strong>Mon_olog_ium</strong></span> <span class='ocrx_word' id='word_1_104' title='bbox 3377 629 3699 702; x_wconf 77' lang='lat' dir='ltr'><strong>inscribitur,</strong></span> 
     </span>
    </p>
   </div>
   <div class='ocr_carea' id='block_1_22' title="bbox 2421 691 3524 764">
    <p class='ocr_par' dir='ltr' id='par_1_22' title="bbox 2421 691 3524 764">
     <span class='ocr_line' id='line_1_22' title="bbox 2421 691 3524 764; baseline 0.012 -23"><span class='ocrx_word' id='word_1_105' title='bbox 2421 691 2888 760; x_wconf 26' lang='lat' dir='ltr'><strong>corrigendum’oel</strong></span> <span class='ocrx_word' id='word_1_106' title='bbox 2915 691 3312 764; x_wconf 62' lang='lat' dir='ltr'><strong>approbantium</strong></span> <span class='ocrx_word' id='word_1_107' title='bbox 3345 702 3524 757; x_wconf 80' lang='lat' dir='ltr'><strong>mittil.</strong></span> 
     </span>
    </p>
   </div>
   <div class='ocr_carea' id='block_1_23' title="bbox 2197 779 3772 854">
    <p class='ocr_par' dir='ltr' id='par_1_23' title="bbox 2197 779 3772 854">
     <span class='ocr_line' id='line_1_23' title="bbox 2197 779 3772 854; baseline 0.014 -22"><span class='ocrx_word' id='word_1_108' title='bbox 2197 817 2200 820; x_wconf 57' lang='grc'>‹</span> <span class='ocrx_word' id='word_1_109' title='bbox 2257 779 2572 838; x_wconf 80' lang='lat' dir='ltr'><strong>Reverendo</strong></span> <span class='ocrx_word' id='word_1_110' title='bbox 2621 792 2678 838; x_wconf 85' lang='lat' dir='ltr'><strong>et</strong></span> <span class='ocrx_word' id='word_1_111' title='bbox 2739 787 2973 842; x_wconf 84' lang='lat' dir='ltr'><strong>amando</strong></span> <span class='ocrx_word' id='word_1_112' title='bbox 3021 787 3246 846; x_wconf 89' lang='lat' dir='ltr'><strong>domino</strong></span> <span class='ocrx_word' id='word_1_113' title='bbox 3285 804 3490 849; x_wconf 85' lang='lat' dir='ltr'><strong>snoet</strong></span> <span class='ocrx_word' id='word_1_114' title='bbox 3519 793 3672 853; x_wconf 85' lang='lat' dir='ltr'><strong>Patri</strong></span> <span class='ocrx_word' id='word_1_115' title='bbox 3719 809 3772 854; x_wconf 85' lang='lat' dir='ltr'><strong>ct</strong></span> 
     </span>
    </p>
   </div>
   <div class='ocr_carea' id='block_1_24' title="bbox 2182 873 3770 958">
    <p class='ocr_par' dir='ltr' id='par_1_24' title="bbox 2182 873 3770 958">
     <span class='ocr_line' id='line_1_24' title="bbox 2182 873 3770 958; baseline 0.013 -32"><span class='ocrx_word' id='word_1_116' title='bbox 2182 873 2410 940; x_wconf 83' lang='lat' dir='ltr'><strong>doctori,</strong></span> <span class='ocrx_word' id='word_1_117' title='bbox 2433 873 2740 933; x_wconf 71' lang='lat' dir='ltr'><strong>Cantuaria:</strong></span> <span class='ocrx_word' id='word_1_118' title='bbox 2759 879 3170 951; x_wconf 81' lang='lat' dir='ltr'><strong>archiepiscopo</strong></span> <span class='ocrx_word' id='word_1_119' title='bbox 3201 883 3496 956; x_wconf 79' lang='lat' dir='ltr'><strong>Anglorum</strong></span> <span class='ocrx_word' id='word_1_120' title='bbox 3527 889 3770 958; x_wconf 83' lang='lat' dir='ltr'><strong>primati,</strong></span> 
     </span>
    </p>
   </div>
   <div class='ocr_carea' id='block_1_25' title="bbox 2181 965 3772 1049">
    <p class='ocr_par' dir='ltr' id='par_1_25' title="bbox 2181 965 3772 1049">
     <span class='ocr_line' id='line_1_25' title="bbox 2181 965 3772 1049; baseline 0.013 -31"><span class='ocrx_word' id='word_1_121' title='bbox 2181 965 2340 1020; x_wconf 80' lang='lat' dir='ltr'><strong>matri</strong></span> <span class='ocrx_word' id='word_1_122' title='bbox 2383 966 2639 1023; x_wconf 68' lang='lat' dir='ltr'><strong>Ecclesia:</strong></span> <span class='ocrx_word' id='word_1_123' title='bbox 2683 971 2985 1038; x_wconf 68' lang='lat' dir='ltr'><strong>catholicae,</strong></span> <span class='ocrx_word' id='word_1_124' title='bbox 3027 973 3156 1029; x_wconf 81' lang='lat' dir='ltr'><strong>ﬁdei</strong></span> <span class='ocrx_word' id='word_1_125' title='bbox 3179 975 3538 1049; x_wconf 82' lang='lat' dir='ltr'><strong>utilitatisque</strong></span> <span class='ocrx_word' id='word_1_126' title='bbox 3573 983 3772 1039; x_wconf 89' lang='lat' dir='ltr'><strong>merito</strong></span> 
     </span>
    </p>
   </div>
   <div class='ocr_carea' id='block_1_26' title="bbox 2181 1057 3774 1135">
    <p class='ocr_par' dir='ltr' id='par_1_26' title="bbox 2181 1057 3774 1135">
     <span class='ocr_line' id='line_1_26' title="bbox 2181 1057 3774 1135; baseline 0.015 -25"><span class='ocrx_word' id='word_1_127' title='bbox 2181 1057 2408 1113; x_wconf 89' lang='lat' dir='ltr'><strong>multum</strong></span> <span class='ocrx_word' id='word_1_128' title='bbox 2445 1060 2822 1130; x_wconf 90' lang='lat' dir='ltr'><strong>amplectendo</strong></span> <span class='ocrx_word' id='word_1_129' title='bbox 2872 1063 3214 1135; x_wconf 69' lang='lat' dir='ltr'><strong>LANPRANCO,</strong></span> <span class='ocrx_word' id='word_1_130' title='bbox 3257 1068 3430 1126; x_wconf 82' lang='lat' dir='ltr'><strong>frater</strong></span> <span class='ocrx_word' id='word_1_131' title='bbox 3490 1071 3774 1134; x_wconf 64' lang='lat' dir='ltr'><strong>Ausculta</strong></span> 
     </span>
    </p>
   </div>
   <div class='ocr_carea' id='block_1_27' title="bbox 2179 1149 3512 1225">
    <p class='ocr_par' dir='ltr' id='par_1_27' title="bbox 2179 1149 3512 1225">
     <span class='ocr_line' id='line_1_27' title="bbox 2179 1149 3512 1225; baseline 0.012 -23"><span class='ocrx_word' id='word_1_132' title='bbox 2179 1149 2486 1221; x_wconf 87' lang='lat' dir='ltr'><strong>Beccensis,</strong></span> <span class='ocrx_word' id='word_1_133' title='bbox 2516 1154 2627 1209; x_wconf 90' lang='lat' dir='ltr'><strong>vita</strong></span> <span class='ocrx_word' id='word_1_134' title='bbox 2659 1163 2934 1225; x_wconf 87' lang='lat' dir='ltr'><strong>peccator,</strong></span> <span class='ocrx_word' id='word_1_135' title='bbox 2970 1157 3156 1214; x_wconf 88' lang='lat' dir='ltr'><strong>habitu</strong></span> <span class='ocrx_word' id='word_1_136' title='bbox 3193 1163 3512 1218; x_wconf 81' lang='lat' dir='ltr'><strong>monachus.</strong></span> 
     </span>
    </p>
   </div>
   <div class='ocr_carea' id='block_1_28' title="bbox 2251 1242 3772 1322">
    <p class='ocr_par' dir='ltr' id='par_1_28' title="bbox 2251 1242 3772 1322">
     <span class='ocr_line' id='line_1_28' title="bbox 2251 1242 3772 1322; baseline 0.012 -26"><span class='ocrx_word' id='word_1_137' title='bbox 2251 1242 2517 1311; x_wconf 90' lang='lat' dir='ltr'><strong>Quoniam</strong></span> <span class='ocrx_word' id='word_1_138' title='bbox 2577 1248 2784 1316; x_wconf 87' lang='lat' dir='ltr'><strong>agenda</strong></span> <span class='ocrx_word' id='word_1_139' title='bbox 2839 1257 2966 1303; x_wconf 85' lang='lat' dir='ltr'><strong>sunt</strong></span> <span class='ocrx_word' id='word_1_140' title='bbox 2993 1251 3176 1306; x_wconf 90' lang='lat' dir='ltr'><strong>omnia</strong></span> <span class='ocrx_word' id='word_1_141' title='bbox 3233 1253 3482 1322; x_wconf 90' lang='lat' dir='ltr'><strong>consilio,</strong></span> <span class='ocrx_word' id='word_1_142' title='bbox 3521 1257 3619 1312; x_wconf 89' lang='lat' dir='ltr'><strong>sed</strong></span> <span class='ocrx_word' id='word_1_143' title='bbox 3665 1273 3772 1314; x_wconf 88' lang='lat' dir='ltr'><strong>non</strong></span> 
     </span>
    </p>
   </div>
   <div class='ocr_carea' id='block_1_29' title="bbox 2178 1335 3776 1411">
    <p class='ocr_par' dir='ltr' id='par_1_29' title="bbox 2178 1335 3776 1411">
     <span class='ocr_line' id='line_1_29' title="bbox 2178 1335 3776 1411; baseline 0.011 -23"><span class='ocrx_word' id='word_1_144' title='bbox 2178 1335 2322 1388; x_wconf 91' lang='lat' dir='ltr'><strong>omni</strong></span> <span class='ocrx_word' id='word_1_145' title='bbox 2339 1337 2588 1401; x_wconf 88' lang='lat' dir='ltr'><strong>consilio,</strong></span> <span class='ocrx_word' id='word_1_146' title='bbox 2611 1339 2754 1394; x_wconf 84' lang='lat' dir='ltr'><strong>sicut</strong></span> <span class='ocrx_word' id='word_1_147' title='bbox 2769 1339 3028 1411; x_wconf 89' lang='lat' dir='ltr'><strong>scriptum</strong></span> <span class='ocrx_word' id='word_1_148' title='bbox 3043 1351 3124 1398; x_wconf 89' lang='lat' dir='ltr'><strong>est</strong></span> <span class='ocrx_word' id='word_1_149' title='bbox 3145 1361 3158 1397; x_wconf 86' lang='lat'>:</span> <span class='ocrx_word' id='word_1_150' title='bbox 3185 1343 3377 1400; x_wconf 81' lang='lat' dir='ltr'><strong>Omnia</strong></span> <span class='ocrx_word' id='word_1_151' title='bbox 3398 1347 3480 1402; x_wconf 85' lang='lat' dir='ltr'><strong>fac</strong></span> <span class='ocrx_word' id='word_1_152' title='bbox 3501 1364 3626 1404; x_wconf 91' lang='lat' dir='ltr'><strong>cum</strong></span> <span class='ocrx_word' id='word_1_153' title='bbox 3645 1365 3776 1406; x_wconf 85' lang='lat' dir='ltr'><strong>con-</strong></span> 
     </span>
    </p>
   </div>
   <div class='ocr_carea' id='block_1_30' title="bbox 2177 1426 3776 1502">
    <p class='ocr_par' dir='ltr' id='par_1_30' title="bbox 2177 1426 3776 1502">
     <span class='ocr_line' id='line_1_30' title="bbox 2177 1426 3776 1502; baseline 0.011 -21"><span class='ocrx_word' id='word_1_154' title='bbox 2177 1426 2299 1482; x_wconf 86' lang='lat' dir='ltr'><strong>silio</strong></span> <span class='ocrx_word' id='word_1_155' title='bbox 2325 1427 2514 1498; x_wconf 81' lang='lat' dir='ltr'><strong>(Eccli.</strong></span> <span class='ocrx_word' id='word_1_156' title='bbox 2539 1445 2713 1495; x_wconf 80' lang='lat' dir='ltr'><strong>xxx&quot;,</strong></span> <span class='ocrx_word' id='word_1_157' title='bbox 2765 1431 2894 1502; x_wconf 66' lang='lat'><strong>24);</strong></span> <span class='ocrx_word' id='word_1_158' title='bbox 2923 1441 3009 1487; x_wconf 89' lang='lat' dir='ltr'><strong>et:</strong></span> <span class='ocrx_word' id='word_1_159' title='bbox 3041 1433 3390 1492; x_wconf 77' lang='lat' dir='ltr'><strong>Consiliarius</strong></span> <span class='ocrx_word' id='word_1_160' title='bbox 3413 1440 3612 1494; x_wconf 77' lang='lat' dir='ltr'><strong>tuussit</strong></span> <span class='ocrx_word' id='word_1_161' title='bbox 3638 1458 3776 1498; x_wconf 71' lang='lat' dir='ltr'><strong>unus</strong></span> 
     </span>
    </p>
   </div>
   <div class='ocr_carea' id='block_1_31' title="bbox 2178 1515 3777 1596">
    <p class='ocr_par' dir='ltr' id='par_1_31' title="bbox 2178 1515 3777 1596">
     <span class='ocr_line' id='line_1_31' title="bbox 2178 1515 3777 1596; baseline 0.012 -27"><span class='ocrx_word' id='word_1_162' title='bbox 2178 1515 2242 1570; x_wconf 83' lang='lat' dir='ltr'><strong>de</strong></span> <span class='ocrx_word' id='word_1_163' title='bbox 2272 1516 2414 1571; x_wconf 84' lang='lat' dir='ltr'><strong>mille</strong></span> <span class='ocrx_word' id='word_1_164' title='bbox 2444 1517 2632 1590; x_wconf 62' lang='lat' dir='ltr'><strong>fEccli.</strong></span> <span class='ocrx_word' id='word_1_165' title='bbox 2667 1535 2738 1584; x_wconf 79' lang='lat' dir='ltr'><strong>vi,</strong></span> <span class='ocrx_word' id='word_1_166' title='bbox 2783 1521 2879 1592; x_wconf 83' lang='lat'><strong>6);</strong></span> <span class='ocrx_word' id='word_1_167' title='bbox 2921 1537 3086 1576; x_wconf 90' lang='lat' dir='ltr'><strong>unum</strong></span> <span class='ocrx_word' id='word_1_168' title='bbox 3127 1540 3290 1596; x_wconf 89' lang='lat' dir='ltr'><strong>quem</strong></span> <span class='ocrx_word' id='word_1_169' title='bbox 3349 1528 3525 1593; x_wconf 89' lang='lat' dir='ltr'><strong>scitis,</strong></span> <span class='ocrx_word' id='word_1_170' title='bbox 3557 1545 3664 1584; x_wconf 91' lang='lat' dir='ltr'><strong>non</strong></span> <span class='ocrx_word' id='word_1_171' title='bbox 3712 1532 3777 1588; x_wconf 86' lang='lat' dir='ltr'><strong>de</strong></span> 
     </span>
    </p>
   </div>
   <div class='ocr_carea' id='block_1_32' title="bbox 2180 1606 3776 1694">
    <p class='ocr_par' dir='ltr' id='par_1_32' title="bbox 2180 1606 3776 1694">
     <span class='ocr_line' id='line_1_32' title="bbox 2180 1606 3776 1694; baseline 0.014 -34"><span class='ocrx_word' id='word_1_172' title='bbox 2180 1606 2348 1675; x_wconf 88' lang='lat' dir='ltr'><strong>mille,</strong></span> <span class='ocrx_word' id='word_1_173' title='bbox 2377 1609 2470 1663; x_wconf 91' lang='lat' dir='ltr'><strong>sed</strong></span> <span class='ocrx_word' id='word_1_174' title='bbox 2519 1609 2586 1664; x_wconf 91' lang='lat' dir='ltr'><strong>de</strong></span> <span class='ocrx_word' id='word_1_175' title='bbox 2625 1611 2878 1668; x_wconf 91' lang='lat' dir='ltr'><strong>omnibus</strong></span> <span class='ocrx_word' id='word_1_176' title='bbox 2908 1615 3228 1672; x_wconf 84' lang='lat' dir='ltr'><strong>mortalibus</strong></span> <span class='ocrx_word' id='word_1_177' title='bbox 3254 1618 3411 1689; x_wconf 82' lang='lat' dir='ltr'><strong>elegi,</strong></span> <span class='ocrx_word' id='word_1_178' title='bbox 3459 1635 3625 1691; x_wconf 87' lang='lat' dir='ltr'><strong>quem</strong></span> <span class='ocrx_word' id='word_1_179' title='bbox 3663 1621 3776 1694; x_wconf 67' lang='grc' dir='ltr'>ιιι-ω</span> 
     </span>
    </p>
   </div>
   <div class='ocr_carea' id='block_1_33' title="bbox 2181 1699 3772 1776">
    <p class='ocr_par' dir='ltr' id='par_1_33' title="bbox 2181 1699 3772 1776">
     <span class='ocr_line' id='line_1_33' title="bbox 2181 1699 3772 1776; baseline 0.011 -24"><span class='ocrx_word' id='word_1_180' title='bbox 2181 1699 2435 1755; x_wconf 87' lang='lat' dir='ltr'><strong>omnibus</strong></span> <span class='ocrx_word' id='word_1_181' title='bbox 2482 1699 2737 1757; x_wconf 85' lang='lat' dir='ltr'><strong>haberem</strong></span> <span class='ocrx_word' id='word_1_182' title='bbox 2771 1705 3136 1762; x_wconf 88' lang='lat' dir='ltr'><strong>consultorem</strong></span> <span class='ocrx_word' id='word_1_183' title='bbox 3185 1708 3244 1763; x_wconf 88' lang='lat' dir='ltr'><strong>in</strong></span> <span class='ocrx_word' id='word_1_184' title='bbox 3267 1711 3464 1775; x_wconf 84' lang='lat' dir='ltr'><strong>dubiis,</strong></span> <span class='ocrx_word' id='word_1_185' title='bbox 3493 1714 3772 1776; x_wconf 81' lang='lat' dir='ltr'><strong>doctorem</strong></span> 
     </span>
    </p>
   </div>
   <div class='ocr_carea' id='block_1_34' title="bbox 477 1783 3777 1878">
    <p class='ocr_par' dir='ltr' id='par_1_34' title="bbox 477 1783 3777 1878">
     <span class='ocr_line' id='line_1_34' title="bbox 477 1783 3777 1878; baseline 0.011 -54"><span class='ocrx_word' id='word_1_186' title='bbox 477 1799 694 1868; x_wconf 60' lang='lat' dir='ltr'><strong>quidem</strong></span> <span class='ocrx_word' id='word_1_187' title='bbox 727 1809 781 1854; x_wconf 67' lang='grc' dir='ltr'>ει</span> <span class='ocrx_word' id='word_1_188' title='bbox 825 1800 1036 1855; x_wconf 66' lang='lat' dir='ltr'><strong>sincera</strong></span> <span class='ocrx_word' id='word_1_189' title='bbox 1085 1803 1373 1859; x_wconf 52' lang='lat' dir='ltr'><strong>devotione</strong></span> <span class='ocrx_word' id='word_1_190' title='bbox 1399 1821 1506 1874; x_wconf 66' lang='lat' dir='ltr'><strong>qua</strong></span> <span class='ocrx_word' id='word_1_191' title='bbox 1545 1816 1596 1860; x_wconf 69' lang='grc' dir='ltr'>ιο</span> <span class='ocrx_word' id='word_1_192' title='bbox 1649 1807 1812 1878; x_wconf 60' lang='lat' dir='ltr'><strong>diligo</strong></span> <span class='ocrx_word' id='word_1_193' title='bbox 1850 1824 2074 1878; x_wconf 66' lang='lat' dir='ltr'><strong>prorsus</strong></span> <span class='ocrx_word' id='word_1_194' title='bbox 2105 1783 2150 1844; x_wconf 86' lang='grc' dir='ltr'><strong>Β</strong></span> <span class='ocrx_word' id='word_1_195' title='bbox 2179 1789 2231 1843; x_wconf 91' lang='lat' dir='ltr'><strong>in</strong></span> <span class='ocrx_word' id='word_1_196' title='bbox 2255 1789 2574 1860; x_wconf 88' lang='lat' dir='ltr'><strong>ignorantiis</strong></span> <span class='ocrx_word' id='word_1_197' title='bbox 2605 1791 3054 1868; x_wconf 84' lang='lat' dir='ltr'><strong>[al.,ignoratis],</strong></span> <span class='ocrx_word' id='word_1_198' title='bbox 3081 1797 3132 1850; x_wconf 88' lang='lat' dir='ltr'><strong>in</strong></span> <span class='ocrx_word' id='word_1_199' title='bbox 3161 1801 3476 1857; x_wconf 77' lang='lat' dir='ltr'><strong>excessibus</strong></span> <span class='ocrx_word' id='word_1_200' title='bbox 3503 1815 3777 1861; x_wconf 68' lang='lat' dir='ltr'><strong>correctoa</strong></span> 
     </span>
    </p>
   </div>
   <div class='ocr_carea' id='block_1_35' title="bbox 477 1889 2076 1969">
    <p class='ocr_par' dir='ltr' id='par_1_35' title="bbox 477 1889 2076 1969">
     <span class='ocr_line' id='line_1_35' title="bbox 477 1889 2076 1969; baseline 0.008 -25"><span class='ocrx_word' id='word_1_201' title='bbox 477 1891 710 1946; x_wconf 79' lang='lat' dir='ltr'><strong>:estimo.</strong></span> <span class='ocrx_word' id='word_1_202' title='bbox 746 1889 951 1962; x_wconf 85' lang='lat' dir='ltr'><strong>Quippe</strong></span> <span class='ocrx_word' id='word_1_203' title='bbox 977 1891 1110 1946; x_wconf 89' lang='lat' dir='ltr'><strong>nihil</strong></span> <span class='ocrx_word' id='word_1_204' title='bbox 1135 1891 1348 1950; x_wconf 76' lang='lat' dir='ltr'><strong>difﬁcile</strong></span> <span class='ocrx_word' id='word_1_205' title='bbox 1383 1898 1654 1968; x_wconf 84' lang='lat' dir='ltr'><strong>reperitur</strong></span> <span class='ocrx_word' id='word_1_206' title='bbox 1677 1901 1819 1969; x_wconf 86' lang='lat' dir='ltr'><strong>quod</strong></span> <span class='ocrx_word' id='word_1_207' title='bbox 1851 1901 2076 1957; x_wconf 89' lang='lat' dir='ltr'><strong>cuilibet</strong></span> 
     </span>
    </p>
   </div>
   <div class='ocr_carea' id='block_1_36' title="bbox 477 1984 2075 2065">
    <p class='ocr_par' dir='ltr' id='par_1_36' title="bbox 477 1984 2075 2065">
     <span class='ocr_line' id='line_1_36' title="bbox 477 1984 2075 2065; baseline 0.006 -25"><span class='ocrx_word' id='word_1_208' title='bbox 477 1984 603 2052; x_wconf 84' lang='lat' dir='ltr'><strong>igne</strong></span> <span class='ocrx_word' id='word_1_209' title='bbox 654 1984 860 2039; x_wconf 88' lang='lat' dir='ltr'><strong>amoris</strong></span> <span class='ocrx_word' id='word_1_210' title='bbox 889 1987 1209 2041; x_wconf 69' lang='lat' dir='ltr'><strong>exmstuanti</strong></span> <span class='ocrx_word' id='word_1_211' title='bbox 1254 1986 1414 2044; x_wconf 80' lang='lat' dir='ltr'><strong>facile</strong></span> <span class='ocrx_word' id='word_1_212' title='bbox 1443 2006 1548 2046; x_wconf 90' lang='lat' dir='ltr'><strong>non</strong></span> <span class='ocrx_word' id='word_1_213' title='bbox 1600 1992 1871 2048; x_wconf 86' lang='lat' dir='ltr'><strong>videatur.</strong></span> <span class='ocrx_word' id='word_1_214' title='bbox 1903 1995 2075 2065; x_wconf 87' lang='lat' dir='ltr'><strong>igitur</strong></span> 
     </span>
    </p>
   </div>
   <div class='ocr_carea' id='block_1_37' title="bbox 476 2061 2084 2156">
    <p class='ocr_par' dir='ltr' id='par_1_37' title="bbox 476 2061 2084 2156">
     <span class='ocr_line' id='line_1_37' title="bbox 476 2061 2084 2156; baseline 0.009 -30"><span class='ocrx_word' id='word_1_215' title='bbox 476 2061 530 2126; x_wconf 86' lang='lat' dir='ltr'><strong>in</strong></span> <span class='ocrx_word' id='word_1_216' title='bbox 558 2073 754 2128; x_wconf 90' lang='lat' dir='ltr'><strong>librum</strong></span> <span class='ocrx_word' id='word_1_217' title='bbox 799 2074 1073 2130; x_wconf 83' lang='lat' dir='ltr'><strong>Ceuescos</strong></span> <span class='ocrx_word' id='word_1_218' title='bbox 1098 2075 1211 2146; x_wconf 89' lang='lat' dir='ltr'><strong>jam</strong></span> <span class='ocrx_word' id='word_1_219' title='bbox 1242 2080 1538 2136; x_wconf 88' lang='lat' dir='ltr'><strong>enucleatis</strong></span> <span class='ocrx_word' id='word_1_220' title='bbox 1567 2097 1598 2136; x_wconf 90' lang='lat' dir='ltr'><strong>a</strong></span> <span class='ocrx_word' id='word_1_221' title='bbox 1647 2099 1734 2137; x_wconf 89' lang='lat' dir='ltr'><strong>me</strong></span> <span class='ocrx_word' id='word_1_222' title='bbox 1765 2085 2084 2156; x_wconf 81' lang='lat' dir='ltr'><strong>mysteriis,</strong></span> 
     </span>
    </p>
   </div>
   <div class='ocr_carea' id='block_1_38' title="bbox 473 2165 2070 2246">
    <p class='ocr_par' dir='ltr' id='par_1_38' title="bbox 473 2165 2070 2246">
     <span class='ocr_line' id='line_1_38' title="bbox 473 2165 2070 2246; baseline 0.011 -30"><span class='ocrx_word' id='word_1_223' title='bbox 473 2173 710 2234; x_wconf 86' lang='lat' dir='ltr'><strong>quatuor</strong></span> <span class='ocrx_word' id='word_1_224' title='bbox 762 2165 854 2234; x_wconf 92' lang='lat' dir='ltr'><strong>qui</strong></span> <span class='ocrx_word' id='word_1_225' title='bbox 905 2177 1114 2221; x_wconf 87' lang='lat' dir='ltr'><strong>restant</strong></span> <span class='ocrx_word' id='word_1_226' title='bbox 1171 2177 1258 2223; x_wconf 86' lang='lat' dir='ltr'><strong>tua</strong></span> <span class='ocrx_word' id='word_1_227' title='bbox 1309 2169 1553 2238; x_wconf 89' lang='lat' dir='ltr'><strong>jussione</strong></span> <span class='ocrx_word' id='word_1_228' title='bbox 1605 2188 1966 2246; x_wconf 84' lang='lat' dir='ltr'><strong>aggressurus</strong></span> <span class='ocrx_word' id='word_1_229' title='bbox 2013 2187 2070 2233; x_wconf 91' lang='lat' dir='ltr'><strong>et</strong></span> 
     </span>
    </p>
   </div>
   <div class='ocr_carea' id='block_1_39' title="bbox 475 2255 2070 2323">
    <p class='ocr_par' dir='ltr' id='par_1_39' title="bbox 475 2255 2070 2323">
     <span class='ocr_line' id='line_1_39' title="bbox 475 2255 2070 2323; baseline 0.008 -13"><span class='ocrx_word' id='word_1_230' title='bbox 475 2255 700 2312; x_wconf 82' lang='lat' dir='ltr'><strong>dextera</strong></span> <span class='ocrx_word' id='word_1_231' title='bbox 753 2257 968 2313; x_wconf 87' lang='lat' dir='ltr'><strong>Domini</strong></span> <span class='ocrx_word' id='word_1_232' title='bbox 1021 2259 1124 2314; x_wconf 86' lang='lat' dir='ltr'><strong>mei</strong></span> <span class='ocrx_word' id='word_1_233' title='bbox 1176 2259 1302 2316; x_wconf 82' lang='lat' dir='ltr'><strong>Jesu</strong></span> <span class='ocrx_word' id='word_1_234' title='bbox 1333 2261 1538 2318; x_wconf 86' lang='lat' dir='ltr'><strong>Christi</strong></span> <span class='ocrx_word' id='word_1_235' title='bbox 1590 2266 1857 2320; x_wconf 89' lang='lat' dir='ltr'><strong>calamum</strong></span> <span class='ocrx_word' id='word_1_236' title='bbox 1887 2283 2070 2323; x_wconf 90' lang='lat' dir='ltr'><strong>meum</strong></span> 
     </span>
    </p>
   </div>
   <div class='ocr_carea' id='block_1_40' title="bbox 473 2349 2074 2420">
    <p class='ocr_par' dir='ltr' id='par_1_40' title="bbox 473 2349 2074 2420">
     <span class='ocr_line' id='line_1_40' title="bbox 473 2349 2074 2420; baseline 0.009 -19"><span class='ocrx_word' id='word_1_237' title='bbox 473 2357 694 2420; x_wconf 83' lang='lat' dir='ltr'><strong>regente</strong></span> <span class='ocrx_word' id='word_1_238' title='bbox 722 2349 1131 2420; x_wconf 77' lang='lat' dir='ltr'><strong>explanaturus,</strong></span> <span class='ocrx_word' id='word_1_239' title='bbox 1163 2353 1454 2408; x_wconf 88' lang='lat' dir='ltr'><strong>admodum</strong></span> <span class='ocrx_word' id='word_1_240' title='bbox 1495 2355 1598 2412; x_wconf 90' lang='lat' dir='ltr'><strong>tuis</strong></span> <span class='ocrx_word' id='word_1_241' title='bbox 1633 2358 1970 2414; x_wconf 87' lang='lat' dir='ltr'><strong>orationibus</strong></span> <span class='ocrx_word' id='word_1_242' title='bbox 1993 2360 2074 2415; x_wconf 85' lang='lat' dir='ltr'><strong>in-</strong></span> 
     </span>
    </p>
   </div>
   <div class='ocr_carea' id='block_1_41' title="bbox 477 2439 2062 2518">
    <p class='ocr_par' dir='ltr' id='par_1_41' title="bbox 477 2439 2062 2518">
     <span class='ocr_line' id='line_1_41' title="bbox 477 2439 2062 2518; baseline 0.008 -25"><span class='ocrx_word' id='word_1_243' title='bbox 477 2439 656 2512; x_wconf 85' lang='lat' dir='ltr'><strong>digeo,</strong></span> <span class='ocrx_word' id='word_1_244' title='bbox 681 2449 735 2494; x_wconf 90' lang='lat' dir='ltr'><strong>ut</strong></span> <span class='ocrx_word' id='word_1_245' title='bbox 760 2441 804 2496; x_wconf 90' lang='lat' dir='ltr'><strong>is</strong></span> <span class='ocrx_word' id='word_1_246' title='bbox 823 2443 914 2512; x_wconf 85' lang='lat' dir='ltr'><strong>qui</strong></span> <span class='ocrx_word' id='word_1_247' title='bbox 936 2441 1136 2496; x_wconf 82' lang='lat' dir='ltr'><strong>claudit</strong></span> <span class='ocrx_word' id='word_1_248' title='bbox 1162 2453 1209 2497; x_wconf 82' lang='lat' dir='ltr'><strong>et</strong></span> <span class='ocrx_word' id='word_1_249' title='bbox 1241 2459 1391 2498; x_wconf 85' lang='lat' dir='ltr'><strong>nemo</strong></span> <span class='ocrx_word' id='word_1_250' title='bbox 1422 2449 1609 2516; x_wconf 83' lang='lat' dir='ltr'><strong>aperit,</strong></span> <span class='ocrx_word' id='word_1_251' title='bbox 1648 2449 1814 2518; x_wconf 80' lang='lat' dir='ltr'><strong>aperit</strong></span> <span class='ocrx_word' id='word_1_252' title='bbox 1835 2460 1883 2503; x_wconf 84' lang='lat' dir='ltr'><strong>et</strong></span> <span class='ocrx_word' id='word_1_253' title='bbox 1915 2467 2062 2506; x_wconf 84' lang='lat' dir='ltr'><strong>nemo</strong></span> 
     </span>
    </p>
   </div>
   <div class='ocr_carea' id='block_1_42' title="bbox 472 2530 2069 2612">
    <p class='ocr_par' dir='ltr' id='par_1_42' title="bbox 472 2530 2069 2612">
     <span class='ocr_line' id='line_1_42' title="bbox 472 2530 2069 2612; baseline 0.009 -30"><span class='ocrx_word' id='word_1_254' title='bbox 472 2530 674 2584; x_wconf 83' lang='lat' dir='ltr'><strong>claudit</strong></span> <span class='ocrx_word' id='word_1_255' title='bbox 695 2532 881 2602; x_wconf 83' lang='lat' dir='ltr'><strong>(Apoc.</strong></span> <span class='ocrx_word' id='word_1_256' title='bbox 911 2549 994 2596; x_wconf 89' lang='grc' dir='ltr'>ιιι,</span> <span class='ocrx_word' id='word_1_257' title='bbox 1033 2533 1109 2604; x_wconf 86' lang='lat'><strong>7),</strong></span> <span class='ocrx_word' id='word_1_258' title='bbox 1136 2535 1268 2590; x_wconf 91' lang='lat' dir='ltr'><strong>mihi</strong></span> <span class='ocrx_word' id='word_1_259' title='bbox 1301 2535 1495 2590; x_wconf 87' lang='lat' dir='ltr'><strong>librum</strong></span> <span class='ocrx_word' id='word_1_260' title='bbox 1535 2538 1808 2610; x_wconf 86' lang='lat' dir='ltr'><strong>signatum</strong></span> <span class='ocrx_word' id='word_1_261' title='bbox 1838 2543 2069 2612; x_wconf 88' lang='lat' dir='ltr'><strong>aperiat,</strong></span> 
     </span>
    </p>
   </div>
   <div class='ocr_carea' id='block_1_43' title="bbox 474 2622 2072 2708">
    <p class='ocr_par' dir='ltr' id='par_1_43' title="bbox 474 2622 2072 2708">
     <span class='ocr_line' id='line_1_43' title="bbox 474 2622 2072 2708; baseline 0.011 -32"><span class='ocrx_word' id='word_1_262' title='bbox 474 2622 630 2693; x_wconf 89' lang='lat' dir='ltr'><strong>cujus</strong></span> <span class='ocrx_word' id='word_1_263' title='bbox 655 2623 940 2680; x_wconf 83' lang='lat' dir='ltr'><strong>historiam</strong></span> <span class='ocrx_word' id='word_1_264' title='bbox 972 2643 1134 2697; x_wconf 88' lang='lat' dir='ltr'><strong>quam</strong></span> <span class='ocrx_word' id='word_1_265' title='bbox 1158 2629 1350 2685; x_wconf 90' lang='lat' dir='ltr'><strong>beatus</strong></span> <span class='ocrx_word' id='word_1_266' title='bbox 1375 2633 1708 2704; x_wconf 83' lang='lat' dir='ltr'><strong>Augustinus</strong></span> <span class='ocrx_word' id='word_1_267' title='bbox 1733 2635 1890 2708; x_wconf 80' lang='lat' dir='ltr'><strong>juxta</strong></span> <span class='ocrx_word' id='word_1_268' title='bbox 1922 2639 2072 2694; x_wconf 91' lang='lat' dir='ltr'><strong>litte-</strong></span> 
     </span>
    </p>
   </div>
   <div class='ocr_carea' id='block_1_44' title="bbox 472 2719 2069 2800">
    <p class='ocr_par' dir='ltr' id='par_1_44' title="bbox 472 2719 2069 2800">
     <span class='ocr_line' id='line_1_44' title="bbox 472 2719 2069 2800; baseline 0.013 -35"><span class='ocrx_word' id='word_1_269' title='bbox 472 2727 590 2766; x_wconf 88' lang='lat' dir='ltr'><strong>ram</strong></span> <span class='ocrx_word' id='word_1_270' title='bbox 642 2731 814 2785; x_wconf 87' lang='lat' dir='ltr'><strong>usque</strong></span> <span class='ocrx_word' id='word_1_271' title='bbox 857 2719 923 2772; x_wconf 88' lang='lat' dir='ltr'><strong>ad</strong></span> <span class='ocrx_word' id='word_1_272' title='bbox 959 2720 1163 2774; x_wconf 84' lang='lat' dir='ltr'><strong>exitum</strong></span> <span class='ocrx_word' id='word_1_273' title='bbox 1201 2722 1360 2791; x_wconf 88' lang='lat' dir='ltr'><strong>primi</strong></span> <span class='ocrx_word' id='word_1_274' title='bbox 1409 2725 1656 2794; x_wconf 87' lang='lat' dir='ltr'><strong>parentis</strong></span> <span class='ocrx_word' id='word_1_275' title='bbox 1696 2728 1762 2784; x_wconf 90' lang='lat' dir='ltr'><strong>de</strong></span> <span class='ocrx_word' id='word_1_276' title='bbox 1810 2731 2069 2800; x_wconf 89' lang='lat' dir='ltr'><strong>paradiso</strong></span> 
     </span>
    </p>
   </div>
   <div class='ocr_carea' id='block_1_45' title="bbox 472 2805 2068 2879">
    <p class='ocr_par' dir='ltr' id='par_1_45' title="bbox 472 2805 2068 2879">
     <span class='ocr_line' id='line_1_45' title="bbox 472 2805 2068 2879; baseline 0.013 -21"><span class='ocrx_word' id='word_1_277' title='bbox 472 2805 830 2861; x_wconf 88' lang='lat' dir='ltr'><strong>multifariam</strong></span> <span class='ocrx_word' id='word_1_278' title='bbox 875 2821 1196 2879; x_wconf 88' lang='lat' dir='ltr'><strong>prosecutus</strong></span> <span class='ocrx_word' id='word_1_279' title='bbox 1246 2825 1330 2869; x_wconf 88' lang='lat' dir='ltr'><strong>est</strong></span> <span class='ocrx_word' id='word_1_280' title='bbox 1375 2816 1634 2872; x_wconf 85' lang='lat' dir='ltr'><strong>intactam</strong></span> <span class='ocrx_word' id='word_1_281' title='bbox 1699 2821 1929 2877; x_wconf 90' lang='lat' dir='ltr'><strong>dimitto.</strong></span> <span class='ocrx_word' id='word_1_282' title='bbox 1972 2822 2068 2878; x_wconf 56' lang='lat' dir='ltr'><strong>Et.</strong></span> 
     </span>
    </p>
   </div>
   <div class='ocr_carea' id='block_1_46' title="bbox 469 2896 2070 2976">
    <p class='ocr_par' dir='ltr' id='par_1_46' title="bbox 469 2896 2070 2976">
     <span class='ocr_line' id='line_1_46' title="bbox 469 2896 2070 2976; baseline 0.011 -27"><span class='ocrx_word' id='word_1_283' title='bbox 469 2896 614 2950; x_wconf 89' lang='lat' dir='ltr'><strong>enim</strong></span> <span class='ocrx_word' id='word_1_284' title='bbox 649 2899 978 2968; x_wconf 72' lang='lat' dir='ltr'><strong>arrogantia:</strong></span> <span class='ocrx_word' id='word_1_285' title='bbox 1007 2901 1254 2972; x_wconf 89' lang='lat' dir='ltr'><strong>deputari</strong></span> <span class='ocrx_word' id='word_1_286' title='bbox 1289 2915 1470 2974; x_wconf 85' lang='lat' dir='ltr'><strong>posset</strong></span> <span class='ocrx_word' id='word_1_287' title='bbox 1492 2907 1843 2976; x_wconf 90' lang='lat' dir='ltr'><strong>intolerabili,</strong></span> <span class='ocrx_word' id='word_1_288' title='bbox 1873 2913 1916 2966; x_wconf 90' lang='lat' dir='ltr'><strong>si</strong></span> <span class='ocrx_word' id='word_1_289' title='bbox 1952 2928 2070 2966; x_wconf 87' lang='lat' dir='ltr'><strong>ma-</strong></span> 
     </span>
    </p>
   </div>
   <div class='ocr_carea' id='block_1_47' title="bbox 471 2999 2070 3070">
    <p class='ocr_par' dir='ltr' id='par_1_47' title="bbox 471 2999 2070 3070">
     <span class='ocr_line' id='line_1_47' title="bbox 471 2999 2070 3070; baseline 0.011 -30"><span class='ocrx_word' id='word_1_290' title='bbox 471 2999 602 3041; x_wconf 85' lang='lat' dir='ltr'><strong>num</strong></span> <span class='ocrx_word' id='word_1_291' title='bbox 642 3003 820 3043; x_wconf 90' lang='lat' dir='ltr'><strong>meam</strong></span> <span class='ocrx_word' id='word_1_292' title='bbox 857 3005 1224 3061; x_wconf 88' lang='lat' dir='ltr'><strong>superponere</strong></span> <span class='ocrx_word' id='word_1_293' title='bbox 1252 3009 1636 3060; x_wconf 75' lang='lat' dir='ltr'><strong>przesumerem</strong></span> <span class='ocrx_word' id='word_1_294' title='bbox 1680 3000 1921 3070; x_wconf 87' lang='lat' dir='ltr'><strong>ejusdem</strong></span> <span class='ocrx_word' id='word_1_295' title='bbox 1955 3019 2070 3057; x_wconf 86' lang='lat' dir='ltr'><strong>ma—</strong></span> 
     </span>
    </p>
   </div>
   <div class='ocr_carea' id='block_1_48' title="bbox 468 3077 2140 3191">
    <p class='ocr_par' dir='ltr' id='par_1_48' title="bbox 468 3077 2140 3191">
     <span class='ocr_line' id='line_1_48' title="bbox 468 3077 2140 3191; baseline 0.013 -61"><span class='ocrx_word' id='word_1_296' title='bbox 468 3077 582 3132; x_wconf 90' lang='lat' dir='ltr'><strong>nui.</strong></span> <span class='ocrx_word' id='word_1_297' title='bbox 617 3080 686 3135; x_wconf 81' lang='lat' dir='ltr'><strong>At</strong></span> <span class='ocrx_word' id='word_1_298' title='bbox 739 3080 830 3136; x_wconf 90' lang='lat' dir='ltr'><strong>ubi</strong></span> <span class='ocrx_word' id='word_1_299' title='bbox 871 3091 1093 3138; x_wconf 85' lang='lat' dir='ltr'><strong>ventum</strong></span> <span class='ocrx_word' id='word_1_300' title='bbox 1159 3083 1321 3142; x_wconf 90' lang='lat' dir='ltr'><strong>fuerit</strong></span> <span class='ocrx_word' id='word_1_301' title='bbox 1360 3089 1428 3142; x_wconf 91' lang='lat' dir='ltr'><strong>ad</strong></span> <span class='ocrx_word' id='word_1_302' title='bbox 1474 3081 1654 3146; x_wconf 81' lang='lat' dir='ltr'><strong>locum</strong></span> <span class='ocrx_word' id='word_1_303' title='bbox 1701 3092 1792 3148; x_wconf 91' lang='lat' dir='ltr'><strong>ubi</strong></span> <span class='ocrx_word' id='word_1_304' title='bbox 1846 3095 2064 3152; x_wconf 86' lang='lat' dir='ltr'><strong>senaria</strong></span> <span class='ocrx_word' id='word_1_305' title='bbox 2096 3130 2140 3191; x_wconf 64' lang='grc' dir='ltr'>Ο</span> 
     </span>
    </p>
   </div>
   <div class='ocr_carea' id='block_1_49' title="bbox 469 3169 2068 3244">
    <p class='ocr_par' dir='ltr' id='par_1_49' title="bbox 469 3169 2068 3244">
     <span class='ocr_line' id='line_1_49' title="bbox 469 3169 2068 3244; baseline 0.013 -20"><span class='ocrx_word' id='word_1_306' title='bbox 469 3169 851 3229; x_wconf 85' lang='lat' dir='ltr'><strong>distributione</strong></span> <span class='ocrx_word' id='word_1_307' title='bbox 886 3174 1077 3231; x_wconf 71' lang='lat' dir='ltr'><strong>forma:</strong></span> <span class='ocrx_word' id='word_1_308' title='bbox 1116 3178 1408 3234; x_wconf 75' lang='lat' dir='ltr'><strong>visibilium</strong></span> <span class='ocrx_word' id='word_1_309' title='bbox 1442 3197 1623 3238; x_wconf 86' lang='lat' dir='ltr'><strong>rerum</strong></span> <span class='ocrx_word' id='word_1_310' title='bbox 1681 3201 2068 3244; x_wconf 90' lang='lat' dir='ltr'><strong>consumman-</strong></span> 
     </span>
    </p>
   </div>
   <div class='ocr_carea' id='block_1_50' title="bbox 469 3265 2067 3348">
    <p class='ocr_par' dir='ltr' id='par_1_50' title="bbox 469 3265 2067 3348">
     <span class='ocr_line' id='line_1_50' title="bbox 469 3265 2067 3348; baseline 0.014 -33"><span class='ocrx_word' id='word_1_311' title='bbox 469 3279 578 3333; x_wconf 52' lang='lat' dir='ltr'><strong>tur,</strong></span> <span class='ocrx_word' id='word_1_312' title='bbox 616 3265 855 3332; x_wconf 80' lang='lat' dir='ltr'><strong>tentabo,</strong></span> <span class='ocrx_word' id='word_1_313' title='bbox 905 3277 1063 3338; x_wconf 88' lang='lat' dir='ltr'><strong>prout</strong></span> <span class='ocrx_word' id='word_1_314' title='bbox 1099 3270 1277 3326; x_wconf 83' lang='lat' dir='ltr'><strong>divina</strong></span> <span class='ocrx_word' id='word_1_315' title='bbox 1310 3275 1573 3344; x_wconf 88' lang='lat' dir='ltr'><strong>sapientia</strong></span> <span class='ocrx_word' id='word_1_316' title='bbox 1611 3278 1742 3333; x_wconf 88' lang='lat' dir='ltr'><strong>mihi</strong></span> <span class='ocrx_word' id='word_1_317' title='bbox 1801 3279 2067 3348; x_wconf 88' lang='lat' dir='ltr'><strong>adfuerit,</strong></span> 
     </span>
    </p>
   </div>
   <div class='ocr_carea' id='block_1_51' title="bbox 473 3353 2068 3438">
    <p class='ocr_par' dir='ltr' id='par_1_51' title="bbox 473 3353 2068 3438">
     <span class='ocr_line' id='line_1_51' title="bbox 473 3353 2068 3438; baseline 0.014 -30"><span class='ocrx_word' id='word_1_318' title='bbox 473 3353 712 3410; x_wconf 83' lang='lat' dir='ltr'><strong>litteram</strong></span> <span class='ocrx_word' id='word_1_319' title='bbox 747 3355 905 3427; x_wconf 88' lang='lat' dir='ltr'><strong>hujus</strong></span> <span class='ocrx_word' id='word_1_320' title='bbox 931 3359 1052 3414; x_wconf 88' lang='lat' dir='ltr'><strong>libri</strong></span> <span class='ocrx_word' id='word_1_321' title='bbox 1084 3365 1379 3420; x_wconf 89' lang='lat' dir='ltr'><strong>secundum</strong></span> <span class='ocrx_word' id='word_1_322' title='bbox 1419 3367 1687 3438; x_wconf 88' lang='lat' dir='ltr'><strong>triplicem</strong></span> <span class='ocrx_word' id='word_1_323' title='bbox 1733 3371 2068 3429; x_wconf 88' lang='lat' dir='ltr'><strong>intellectum</strong></span> 
     </span>
    </p>
   </div>
   <div class='ocr_carea' id='block_1_52' title="bbox 470 3443 2066 3530">
    <p class='ocr_par' dir='ltr' id='par_1_52' title="bbox 470 3443 2066 3530">
     <span class='ocr_line' id='line_1_52' title="bbox 470 3443 2066 3530; baseline 0.014 -33"><span class='ocrx_word' id='word_1_324' title='bbox 470 3443 761 3516; x_wconf 88' lang='lat' dir='ltr'><strong>aliquando</strong></span> <span class='ocrx_word' id='word_1_325' title='bbox 794 3455 1046 3504; x_wconf 88' lang='lat' dir='ltr'><strong>tractare.</strong></span> <span class='ocrx_word' id='word_1_326' title='bbox 1075 3450 1345 3508; x_wconf 69' lang='lat' dir='ltr'><strong>Cat-ternm</strong></span> <span class='ocrx_word' id='word_1_327' title='bbox 1377 3455 1636 3512; x_wconf 86' lang='lat' dir='ltr'><strong>Dominus</strong></span> <span class='ocrx_word' id='word_1_328' title='bbox 1659 3459 1891 3530; x_wconf 90' lang='lat' dir='ltr'><strong>inopiam</strong></span> <span class='ocrx_word' id='word_1_329' title='bbox 1934 3480 2066 3520; x_wconf 82' lang='lat' dir='ltr'><strong>meae</strong></span> 
     </span>
    </p>
   </div>
   <div class='ocr_carea' id='block_1_53' title="bbox 469 3534 2064 3614">
    <p class='ocr_par' dir='ltr' id='par_1_53' title="bbox 469 3534 2064 3614">
     <span class='ocr_line' id='line_1_53' title="bbox 469 3534 2064 3614; baseline 0.011 -24"><span class='ocrx_word' id='word_1_330' title='bbox 469 3534 713 3590; x_wconf 76' lang='lat' dir='ltr'><strong>scientia:</strong></span> <span class='ocrx_word' id='word_1_331' title='bbox 751 3539 920 3604; x_wconf 84' lang='lat' dir='ltr'><strong>novit,</strong></span> <span class='ocrx_word' id='word_1_332' title='bbox 969 3541 1192 3596; x_wconf 90' lang='lat' dir='ltr'><strong>cuinon</strong></span> <span class='ocrx_word' id='word_1_333' title='bbox 1249 3543 1370 3598; x_wconf 88' lang='lat' dir='ltr'><strong>ﬁcte</strong></span> <span class='ocrx_word' id='word_1_334' title='bbox 1397 3545 1645 3614; x_wconf 88' lang='lat' dir='ltr'><strong>loquitur</strong></span> <span class='ocrx_word' id='word_1_335' title='bbox 1693 3551 2064 3608; x_wconf 88' lang='lat' dir='ltr'><strong>testimonium</strong></span> 
     </span>
    </p>
   </div>
   <div class='ocr_carea' id='block_1_54' title="bbox 467 3623 2064 3712">
    <p class='ocr_par' dir='ltr' id='par_1_54' title="bbox 467 3623 2064 3712">
     <span class='ocr_line' id='line_1_54' title="bbox 467 3623 2064 3712; baseline 0.013 -33"><span class='ocrx_word' id='word_1_336' title='bbox 467 3641 604 3680; x_wconf 70' lang='lat' dir='ltr'><strong>meae</strong></span> <span class='ocrx_word' id='word_1_337' title='bbox 633 3629 978 3684; x_wconf 71' lang='lat' dir='ltr'><strong>conscientiae</strong></span> <span class='ocrx_word' id='word_1_338' title='bbox 1007 3631 1088 3686; x_wconf 87' lang='lat' dir='ltr'><strong>vel</strong></span> <span class='ocrx_word' id='word_1_339' title='bbox 1120 3633 1457 3701; x_wconf 88' lang='lat' dir='ltr'><strong>intentionis,</strong></span> <span class='ocrx_word' id='word_1_340' title='bbox 1487 3623 1638 3707; x_wconf 28' lang='lat' dir='ltr'><strong>quia.</strong></span> <span class='ocrx_word' id='word_1_341' title='bbox 1665 3657 1762 3696; x_wconf 91' lang='lat' dir='ltr'><strong>nec</strong></span> <span class='ocrx_word' id='word_1_342' title='bbox 1788 3657 2064 3712; x_wconf 85' lang='lat' dir='ltr'><strong>praesumo</strong></span> 
     </span>
    </p>
   </div>
   <div class='ocr_carea' id='block_1_55' title="bbox 467 3715 2065 3798">
    <p class='ocr_par' dir='ltr' id='par_1_55' title="bbox 467 3715 2065 3798">
     <span class='ocr_line' id='line_1_55' title="bbox 467 3715 2065 3798; baseline 0.014 -31"><span class='ocrx_word' id='word_1_343' title='bbox 467 3715 682 3771; x_wconf 89' lang='lat' dir='ltr'><strong>viribus</strong></span> <span class='ocrx_word' id='word_1_344' title='bbox 727 3720 882 3782; x_wconf 86' lang='lat' dir='ltr'><strong>meis,</strong></span> <span class='ocrx_word' id='word_1_345' title='bbox 916 3735 1018 3776; x_wconf 92' lang='lat' dir='ltr'><strong>uec</strong></span> <span class='ocrx_word' id='word_1_346' title='bbox 1050 3723 1116 3776; x_wconf 90' lang='lat' dir='ltr'><strong>ad</strong></span> <span class='ocrx_word' id='word_1_347' title='bbox 1167 3723 1414 3793; x_wconf 89' lang='lat' dir='ltr'><strong>plausum</strong></span> <span class='ocrx_word' id='word_1_348' title='bbox 1449 3729 1785 3798; x_wconf 89' lang='lat' dir='ltr'><strong>mortalium,</strong></span> <span class='ocrx_word' id='word_1_349' title='bbox 1844 3748 1944 3789; x_wconf 90' lang='lat' dir='ltr'><strong>nec</strong></span> <span class='ocrx_word' id='word_1_350' title='bbox 1996 3735 2065 3792; x_wconf 90' lang='lat' dir='ltr'><strong>ad</strong></span> 
     </span>
    </p>
   </div>
   <div class='ocr_carea' id='block_1_56' title="bbox 465 3807 2064 3896">
    <p class='ocr_par' dir='ltr' id='par_1_56' title="bbox 465 3807 2064 3896">
     <span class='ocr_line' id='line_1_56' title="bbox 465 3807 2064 3896; baseline 0.014 -36"><span class='ocrx_word' id='word_1_351' title='bbox 465 3807 700 3864; x_wconf 85' lang='lat' dir='ltr'><strong>fructum</strong></span> <span class='ocrx_word' id='word_1_352' title='bbox 729 3811 1055 3867; x_wconf 75' lang='lat' dir='ltr'><strong>transitorios</strong></span> <span class='ocrx_word' id='word_1_353' title='bbox 1093 3819 1550 3875; x_wconf 87' lang='lat' dir='ltr'><strong>remunerationis</strong></span> <span class='ocrx_word' id='word_1_354' title='bbox 1590 3836 1812 3892; x_wconf 89' lang='lat' dir='ltr'><strong>operam</strong></span> <span class='ocrx_word' id='word_1_355' title='bbox 1855 3825 2064 3896; x_wconf 89' lang='lat' dir='ltr'><strong>impen-</strong></span> 
     </span>
    </p>
   </div>
   <div class='ocr_carea' id='block_1_57' title="bbox 467 3898 2064 3982">
    <p class='ocr_par' dir='ltr' id='par_1_57' title="bbox 467 3898 2064 3982">
     <span class='ocr_line' id='line_1_57' title="bbox 467 3898 2064 3982; baseline 0.014 -31"><span class='ocrx_word' id='word_1_356' title='bbox 467 3898 558 3964; x_wconf 92' lang='lat' dir='ltr'><strong>do,</strong></span> <span class='ocrx_word' id='word_1_357' title='bbox 620 3899 686 3954; x_wconf 92' lang='lat' dir='ltr'><strong>ad</strong></span> <span class='ocrx_word' id='word_1_358' title='bbox 732 3901 1130 3971; x_wconf 82' lang='lat' dir='ltr'><strong>explanandum</strong></span> <span class='ocrx_word' id='word_1_359' title='bbox 1181 3907 1436 3976; x_wconf 89' lang='lat' dir='ltr'><strong>perplexa</strong></span> <span class='ocrx_word' id='word_1_360' title='bbox 1503 3913 1763 3982; x_wconf 86' lang='lat' dir='ltr'><strong>mysteria</strong></span> <span class='ocrx_word' id='word_1_361' title='bbox 1814 3913 2064 3972; x_wconf 70' lang='lat' dir='ltr'><strong>Mosaicae</strong></span> 
     </span>
    </p>
   </div>
   <div class='ocr_carea' id='block_1_58' title="bbox 464 3987 2062 4062">
    <p class='ocr_par' dir='ltr' id='par_1_58' title="bbox 464 3987 2062 4062">
     <span class='ocr_line' id='line_1_58' title="bbox 464 3987 2062 4062; baseline 0.013 -20"><span class='ocrx_word' id='word_1_362' title='bbox 464 3987 620 4058; x_wconf 80' lang='lat' dir='ltr'><strong>legis.</strong></span> <span class='ocrx_word' id='word_1_363' title='bbox 643 3989 701 4046; x_wconf 90' lang='lat' dir='ltr'><strong>In</strong></span> <span class='ocrx_word' id='word_1_364' title='bbox 732 3989 886 4059; x_wconf 89' lang='lat' dir='ltr'><strong>cujus</strong></span> <span class='ocrx_word' id='word_1_365' title='bbox 916 3993 1182 4062; x_wconf 87' lang='lat' dir='ltr'><strong>siquidem</strong></span> <span class='ocrx_word' id='word_1_366' title='bbox 1215 3997 1432 4052; x_wconf 89' lang='lat' dir='ltr'><strong>amabili</strong></span> <span class='ocrx_word' id='word_1_367' title='bbox 1466 4003 1822 4058; x_wconf 90' lang='lat' dir='ltr'><strong>contubernio</strong></span> <span class='ocrx_word' id='word_1_368' title='bbox 1845 4017 1901 4059; x_wconf 86' lang='lat' dir='ltr'><strong>et</strong></span> <span class='ocrx_word' id='word_1_369' title='bbox 1929 4021 2062 4061; x_wconf 88' lang='lat' dir='ltr'><strong>con-</strong></span> 
     </span>
    </p>
   </div>
   <div class='ocr_carea' id='block_1_59' title="bbox 467 4069 2062 4164">
    <p class='ocr_par' dir='ltr' id='par_1_59' title="bbox 467 4069 2062 4164">
     <span class='ocr_line' id='line_1_59' title="bbox 467 4069 2062 4164; baseline 0.013 -34"><span class='ocrx_word' id='word_1_370' title='bbox 467 4078 734 4134; x_wconf 84' lang='lat' dir='ltr'><strong>tubernali</strong></span> <span class='ocrx_word' id='word_1_371' title='bbox 762 4069 949 4137; x_wconf 80' lang='lat' dir='ltr'><strong>amore</strong></span> <span class='ocrx_word' id='word_1_372' title='bbox 971 4081 1145 4138; x_wconf 89' lang='lat' dir='ltr'><strong>ferme</strong></span> <span class='ocrx_word' id='word_1_373' title='bbox 1166 4084 1280 4155; x_wconf 90' lang='lat' dir='ltr'><strong>jam</strong></span> <span class='ocrx_word' id='word_1_374' title='bbox 1325 4097 1452 4142; x_wconf 84' lang='lat' dir='ltr'><strong>sunt.</strong></span> <span class='ocrx_word' id='word_1_375' title='bbox 1494 4092 1752 4147; x_wconf 87' lang='lat' dir='ltr'><strong>transacti</strong></span> <span class='ocrx_word' id='word_1_376' title='bbox 1784 4095 1971 4164; x_wconf 80' lang='lat' dir='ltr'><strong>viginti</strong></span> <span class='ocrx_word' id='word_1_377' title='bbox 2005 4107 2062 4153; x_wconf 92' lang='lat' dir='ltr'><strong>et</strong></span> 
     </span>
    </p>
   </div>
   <div class='ocr_carea' id='block_1_60' title="bbox 464 4171 2055 4252">
    <p class='ocr_par' dir='ltr' id='par_1_60' title="bbox 464 4171 2055 4252">
     <span class='ocr_line' id='line_1_60' title="bbox 464 4171 2055 4252; baseline 0.014 -29"><span class='ocrx_word' id='word_1_378' title='bbox 464 4179 587 4224; x_wconf 89' lang='lat' dir='ltr'><strong>octo</strong></span> <span class='ocrx_word' id='word_1_379' title='bbox 611 4171 757 4237; x_wconf 90' lang='lat' dir='ltr'><strong>anni,</strong></span> <span class='ocrx_word' id='word_1_380' title='bbox 790 4181 958 4228; x_wconf 90' lang='lat' dir='ltr'><strong>totum</strong></span> <span class='ocrx_word' id='word_1_381' title='bbox 991 4191 1077 4231; x_wconf 91' lang='lat' dir='ltr'><strong>me</strong></span> <span class='ocrx_word' id='word_1_382' title='bbox 1105 4179 1322 4234; x_wconf 91' lang='lat' dir='ltr'><strong>retrusi.</strong></span> <span class='ocrx_word' id='word_1_383' title='bbox 1346 4179 1404 4234; x_wconf 87' lang='lat' dir='ltr'><strong>in</strong></span> <span class='ocrx_word' id='word_1_384' title='bbox 1430 4182 1584 4252; x_wconf 88' lang='lat' dir='ltr'><strong>cujus</strong></span> <span class='ocrx_word' id='word_1_385' title='bbox 1613 4184 1870 4242; x_wconf 89' lang='lat' dir='ltr'><strong>nimirum</strong></span> <span class='ocrx_word' id='word_1_386' title='bbox 1901 4203 2055 4244; x_wconf 89' lang='lat' dir='ltr'><strong>mau-</strong></span> 
     </span>
    </p>
   </div>
   <div class='ocr_carea' id='block_1_61' title="bbox 465 4261 2074 4351">
    <p class='ocr_par' dir='ltr' id='par_1_61' title="bbox 465 4261 2074 4351">
     <span class='ocr_line' id='line_1_61' title="bbox 465 4261 2074 4351; baseline 0.014 -35"><span class='ocrx_word' id='word_1_387' title='bbox 465 4261 606 4317; x_wconf 92' lang='lat' dir='ltr'><strong>datis</strong></span> <span class='ocrx_word' id='word_1_388' title='bbox 655 4267 1044 4335; x_wconf 88' lang='lat' dir='ltr'><strong>prosequendis</strong></span> <span class='ocrx_word' id='word_1_389' title='bbox 1089 4267 1216 4324; x_wconf 91' lang='lat' dir='ltr'><strong>dum</strong></span> <span class='ocrx_word' id='word_1_390' title='bbox 1275 4272 1502 4340; x_wconf 90' lang='lat' dir='ltr'><strong>desudo,</strong></span> <span class='ocrx_word' id='word_1_391' title='bbox 1545 4277 1701 4332; x_wconf 88' lang='lat' dir='ltr'><strong>valde</strong></span> <span class='ocrx_word' id='word_1_392' title='bbox 1751 4281 2074 4351; x_wconf 77' lang='lat' dir='ltr'><strong>requiesco.</strong></span> 
     </span>
    </p>
   </div>
   <div class='ocr_carea' id='block_1_62' title="bbox 464 4351 2060 4442">
    <p class='ocr_par' dir='ltr' id='par_1_62' title="bbox 464 4351 2060 4442">
     <span class='ocr_line' id='line_1_62' title="bbox 464 4351 2060 4442; baseline 0.014 -36"><span class='ocrx_word' id='word_1_393' title='bbox 464 4351 710 4422; x_wconf 87' lang='lat' dir='ltr'><strong>Cumque</strong></span> <span class='ocrx_word' id='word_1_394' title='bbox 743 4354 814 4410; x_wconf 88' lang='lat' dir='ltr'><strong>ab</strong></span> <span class='ocrx_word' id='word_1_395' title='bbox 853 4357 996 4414; x_wconf 89' lang='lat' dir='ltr'><strong>illius</strong></span> <span class='ocrx_word' id='word_1_396' title='bbox 1027 4360 1370 4429; x_wconf 84' lang='lat' dir='ltr'><strong>amplexibus</strong></span> <span class='ocrx_word' id='word_1_397' title='bbox 1419 4365 1837 4436; x_wconf 88' lang='lat' dir='ltr'><strong>importunitate</strong></span> <span class='ocrx_word' id='word_1_398' title='bbox 1890 4388 2060 4442; x_wconf 77' lang='lat' dir='ltr'><strong>nego-</strong></span> 
     </span>
    </p>
   </div>
   <div class='ocr_carea' id='block_1_63' title="bbox 2183 1881 3774 1962">
    <p class='ocr_par' dir='ltr' id='par_1_63' title="bbox 2183 1881 3774 1962">
     <span class='ocr_line' id='line_1_63' title="bbox 2183 1881 3774 1962; baseline 0.011 -30"><span class='ocrx_word' id='word_1_399' title='bbox 2183 1893 2320 1944; x_wconf 90' lang='lat' dir='ltr'><strong>rem,</strong></span> <span class='ocrx_word' id='word_1_400' title='bbox 2376 1881 2430 1934; x_wconf 91' lang='lat' dir='ltr'><strong>in</strong></span> <span class='ocrx_word' id='word_1_401' title='bbox 2481 1890 2628 1936; x_wconf 89' lang='lat' dir='ltr'><strong>recte</strong></span> <span class='ocrx_word' id='word_1_402' title='bbox 2679 1885 2816 1938; x_wconf 88' lang='lat' dir='ltr'><strong>aclis</strong></span> <span class='ocrx_word' id='word_1_403' title='bbox 2867 1887 3309 1956; x_wconf 87' lang='lat' dir='ltr'><strong>approbatorem.</strong></span> <span class='ocrx_word' id='word_1_404' title='bbox 3363 1888 3484 1956; x_wconf 90' lang='lat' dir='ltr'><strong>Quo</strong></span> <span class='ocrx_word' id='word_1_405' title='bbox 3520 1894 3774 1962; x_wconf 83' lang='lat' dir='ltr'><strong>quamvis</strong></span> 
     </span>
    </p>
   </div>
   <div class='ocr_carea' id='block_1_64' title="bbox 2178 1971 3770 2048">
    <p class='ocr_par' dir='ltr' id='par_1_64' title="bbox 2178 1971 3770 2048">
     <span class='ocr_line' id='line_1_64' title="bbox 2178 1971 3770 2048; baseline 0.008 -22"><span class='ocrx_word' id='word_1_406' title='bbox 2178 1971 2475 2028; x_wconf 89' lang='lat' dir='ltr'><strong>secundum</strong></span> <span class='ocrx_word' id='word_1_407' title='bbox 2499 1983 2684 2028; x_wconf 89' lang='lat' dir='ltr'><strong>votum</strong></span> <span class='ocrx_word' id='word_1_408' title='bbox 2709 1976 2788 2030; x_wconf 88' lang='lat' dir='ltr'><strong>uti</strong></span> <span class='ocrx_word' id='word_1_409' title='bbox 2813 1991 2928 2032; x_wconf 86' lang='lat' dir='ltr'><strong>non</strong></span> <span class='ocrx_word' id='word_1_410' title='bbox 2951 1979 3174 2048; x_wconf 89' lang='lat' dir='ltr'><strong>possim,</strong></span> <span class='ocrx_word' id='word_1_411' title='bbox 3209 1979 3427 2036; x_wconf 83' lang='lat' dir='ltr'><strong>decrevi</strong></span> <span class='ocrx_word' id='word_1_412' title='bbox 3461 1990 3643 2038; x_wconf 83' lang='lat' dir='ltr'><strong>tamen</strong></span> <span class='ocrx_word' id='word_1_413' title='bbox 3673 1986 3770 2048; x_wconf 87' lang='lat' dir='ltr'><strong>uti,</strong></span> 
     </span>
    </p>
   </div>
   <div class='ocr_carea' id='block_1_65' title="bbox 2177 2069 3776 2138">
    <p class='ocr_par' dir='ltr' id='par_1_65' title="bbox 2177 2069 3776 2138">
     <span class='ocr_line' id='line_1_65' title="bbox 2177 2069 3776 2138; baseline 0.01 -21"><span class='ocrx_word' id='word_1_414' title='bbox 2177 2073 2442 2134; x_wconf 89' lang='lat' dir='ltr'><strong>quantum</strong></span> <span class='ocrx_word' id='word_1_415' title='bbox 2493 2083 2736 2138; x_wconf 87' lang='lat' dir='ltr'><strong>possum.</strong></span> <span class='ocrx_word' id='word_1_416' title='bbox 2783 2069 3240 2137; x_wconf 42' lang='lat' dir='ltr'><strong>Quamvis&#39;enim</strong></span> <span class='ocrx_word' id='word_1_417' title='bbox 3277 2074 3434 2132; x_wconf 84' lang='lat' dir='ltr'><strong>valde</strong></span> <span class='ocrx_word' id='word_1_418' title='bbox 3483 2077 3776 2133; x_wconf 85' lang='lat' dir='ltr'><strong>multisint</strong></span> 
     </span>
    </p>
   </div>
   <div class='ocr_carea' id='block_1_66' title="bbox 2175 2160 3772 2238">
    <p class='ocr_par' dir='ltr' id='par_1_66' title="bbox 2175 2160 3772 2238">
     <span class='ocr_line' id='line_1_66' title="bbox 2175 2160 3772 2238; baseline 0.011 -29"><span class='ocrx_word' id='word_1_419' title='bbox 2175 2169 2376 2226; x_wconf 69' lang='lat' dir='ltr'><strong>praeter</strong></span> <span class='ocrx_word' id='word_1_420' title='bbox 2423 2160 2765 2230; x_wconf 86' lang='lat' dir='ltr'><strong>prudentiam</strong></span> <span class='ocrx_word' id='word_1_421' title='bbox 2813 2173 3076 2231; x_wconf 85' lang='lat' dir='ltr'><strong>vestram,</strong></span> <span class='ocrx_word' id='word_1_422' title='bbox 3129 2167 3197 2222; x_wconf 90' lang='lat' dir='ltr'><strong>de</strong></span> <span class='ocrx_word' id='word_1_423' title='bbox 3240 2181 3471 2238; x_wconf 87' lang='lat' dir='ltr'><strong>quorum</strong></span> <span class='ocrx_word' id='word_1_424' title='bbox 3540 2170 3772 2226; x_wconf 88' lang='lat' dir='ltr'><strong>multum</strong></span> 
     </span>
    </p>
   </div>
   <div class='ocr_carea' id='block_1_67' title="bbox 2175 2249 3770 2338">
    <p class='ocr_par' dir='ltr' id='par_1_67' title="bbox 2175 2249 3770 2338">
     <span class='ocr_line' id='line_1_67' title="bbox 2175 2249 3770 2338; baseline 0.009 -34"><span class='ocrx_word' id='word_1_425' title='bbox 2175 2249 2442 2321; x_wconf 82' lang='lat' dir='ltr'><strong>proiicere</strong></span> <span class='ocrx_word' id='word_1_426' title='bbox 2477 2253 2764 2324; x_wconf 89' lang='lat' dir='ltr'><strong>imperitus</strong></span> <span class='ocrx_word' id='word_1_427' title='bbox 2807 2257 3010 2326; x_wconf 89' lang='lat' dir='ltr'><strong>possim</strong></span> <span class='ocrx_word' id='word_1_428' title='bbox 3049 2259 3246 2328; x_wconf 89' lang='lat' dir='ltr'><strong>peritia</strong></span> <span class='ocrx_word' id='word_1_429' title='bbox 3278 2260 3374 2332; x_wconf 84' lang='grc' dir='ltr'><strong>[αι.</strong></span> <span class='ocrx_word' id='word_1_430' title='bbox 3417 2261 3770 2338; x_wconf 69' lang='lat' dir='ltr'><strong>praesentia],</strong></span> 
     </span>
    </p>
   </div>
   <div class='ocr_carea' id='block_1_68' title="bbox 2176 2345 3771 2424">
    <p class='ocr_par' dir='ltr' id='par_1_68' title="bbox 2176 2345 3771 2424">
     <span class='ocr_line' id='line_1_68' title="bbox 2176 2345 3771 2424; baseline 0.007 -26"><span class='ocrx_word' id='word_1_431' title='bbox 2176 2351 2231 2398; x_wconf 89' lang='lat' dir='ltr'><strong>et</strong></span> <span class='ocrx_word' id='word_1_432' title='bbox 2265 2357 2502 2412; x_wconf 89' lang='lat' dir='ltr'><strong>quorum</strong></span> <span class='ocrx_word' id='word_1_433' title='bbox 2537 2345 2819 2414; x_wconf 77' lang='lat' dir='ltr'><strong>subiacere</strong></span> <span class='ocrx_word' id='word_1_434' title='bbox 2845 2361 3090 2404; x_wconf 67' lang='lat' dir='ltr'><strong>censurae</strong></span> <span class='ocrx_word' id='word_1_435' title='bbox 3109 2367 3198 2406; x_wconf 90' lang='lat' dir='ltr'><strong>me</strong></span> <span class='ocrx_word' id='word_1_436' title='bbox 3219 2367 3339 2406; x_wconf 89' lang='lat' dir='ltr'><strong>mea</strong></span> <span class='ocrx_word' id='word_1_437' title='bbox 3363 2361 3522 2424; x_wconf 84' lang='lat' dir='ltr'><strong>cogat</strong></span> <span class='ocrx_word' id='word_1_438' title='bbox 3547 2354 3771 2422; x_wconf 84' lang='lat' dir='ltr'><strong>imperi-</strong></span> 
     </span>
    </p>
   </div>
   <div class='ocr_carea' id='block_1_69' title="bbox 2177 2431 3774 2512">
    <p class='ocr_par' dir='ltr' id='par_1_69' title="bbox 2177 2431 3774 2512">
     <span class='ocr_line' id='line_1_69' title="bbox 2177 2431 3774 2512; baseline 0.011 -27"><span class='ocrx_word' id='word_1_439' title='bbox 2177 2431 2274 2497; x_wconf 88' lang='lat' dir='ltr'><strong>tia,</strong></span> <span class='ocrx_word' id='word_1_440' title='bbox 2307 2433 2516 2489; x_wconf 88' lang='lat' dir='ltr'><strong>nullum</strong></span> <span class='ocrx_word' id='word_1_441' title='bbox 2557 2444 2738 2492; x_wconf 87' lang='lat' dir='ltr'><strong>tamen</strong></span> <span class='ocrx_word' id='word_1_442' title='bbox 2778 2454 2965 2494; x_wconf 89' lang='lat' dir='ltr'><strong>eorum</strong></span> <span class='ocrx_word' id='word_1_443' title='bbox 3014 2441 3162 2507; x_wconf 89' lang='lat' dir='ltr'><strong>novi,</strong></span> <span class='ocrx_word' id='word_1_444' title='bbox 3191 2441 3347 2512; x_wconf 89' lang='lat' dir='ltr'><strong>cujus</strong></span> <span class='ocrx_word' id='word_1_445' title='bbox 3387 2460 3476 2500; x_wconf 86' lang='lat' dir='ltr'><strong>me</strong></span> <span class='ocrx_word' id='word_1_446' title='bbox 3507 2445 3774 2502; x_wconf 73' lang='lat' dir='ltr'><strong>doctrina:</strong></span> 
     </span>
    </p>
   </div>
   <div class='ocr_carea' id='block_1_70' title="bbox 2169 2523 3774 2609">
    <p class='ocr_par' dir='ltr' id='par_1_70' title="bbox 2169 2523 3774 2609">
     <span class='ocr_line' id='line_1_70' title="bbox 2169 2523 3774 2609; baseline 0.01 -30"><span class='ocrx_word' id='word_1_447' title='bbox 2169 2523 2442 2594; x_wconf 89' lang='lat' dir='ltr'><strong>judiciove</strong></span> <span class='ocrx_word' id='word_1_448' title='bbox 2497 2536 2605 2582; x_wconf 89' lang='lat' dir='ltr'><strong>tam</strong></span> <span class='ocrx_word' id='word_1_449' title='bbox 2663 2530 3003 2588; x_wconf 78' lang='lat' dir='ltr'><strong>confidenter</strong></span> <span class='ocrx_word' id='word_1_450' title='bbox 3051 2543 3272 2606; x_wconf 86' lang='lat' dir='ltr'><strong>tamque</strong></span> <span class='ocrx_word' id='word_1_451' title='bbox 3305 2535 3561 2603; x_wconf 88' lang='lat' dir='ltr'><strong>libenter,</strong></span> <span class='ocrx_word' id='word_1_452' title='bbox 3601 2554 3774 2609; x_wconf 86' lang='lat' dir='ltr'><strong>quam</strong></span> 
     </span>
    </p>
   </div>
   <div class='ocr_carea' id='block_1_71' title="bbox 2173 2620 3764 2702">
    <p class='ocr_par' dir='ltr' id='par_1_71' title="bbox 2173 2620 3764 2702">
     <span class='ocr_line' id='line_1_71' title="bbox 2173 2620 3764 2702; baseline 0.012 -30"><span class='ocrx_word' id='word_1_453' title='bbox 2173 2629 2358 2675; x_wconf 87' lang='lat' dir='ltr'><strong>vestro</strong></span> <span class='ocrx_word' id='word_1_454' title='bbox 2379 2620 2667 2688; x_wconf 86' lang='lat' dir='ltr'><strong>subjiciam</strong></span> <span class='ocrx_word' id='word_1_455' title='bbox 2691 2633 2746 2678; x_wconf 90' lang='lat' dir='ltr'><strong>et</strong></span> <span class='ocrx_word' id='word_1_456' title='bbox 2767 2625 2857 2694; x_wconf 89' lang='lat' dir='ltr'><strong>qui</strong></span> <span class='ocrx_word' id='word_1_457' title='bbox 2885 2627 3017 2682; x_wconf 91' lang='lat' dir='ltr'><strong>mihi</strong></span> <span class='ocrx_word' id='word_1_458' title='bbox 3037 2637 3143 2682; x_wconf 89' lang='lat' dir='ltr'><strong>tam</strong></span> <span class='ocrx_word' id='word_1_459' title='bbox 3185 2639 3417 2700; x_wconf 89' lang='lat' dir='ltr'><strong>paterno</strong></span> <span class='ocrx_word' id='word_1_460' title='bbox 3449 2632 3651 2689; x_wconf 71' lang='lat' dir='ltr'><strong>affectu</strong></span> <span class='ocrx_word' id='word_1_461' title='bbox 3683 2651 3764 2702; x_wconf 91' lang='lat' dir='ltr'><strong>se,</strong></span> 
     </span>
    </p>
   </div>
   <div class='ocr_carea' id='block_1_72' title="bbox 2173 2711 3768 2800">
    <p class='ocr_par' dir='ltr' id='par_1_72' title="bbox 2173 2711 3768 2800">
     <span class='ocr_line' id='line_1_72' title="bbox 2173 2711 3768 2800; baseline 0.011 -32"><span class='ocrx_word' id='word_1_462' title='bbox 2173 2711 2218 2768; x_wconf 87' lang='lat' dir='ltr'><strong>si</strong></span> <span class='ocrx_word' id='word_1_463' title='bbox 2249 2727 2336 2767; x_wconf 86' lang='lat' dir='ltr'><strong>res</strong></span> <span class='ocrx_word' id='word_1_464' title='bbox 2365 2713 2592 2783; x_wconf 83' lang='lat' dir='ltr'><strong>indiget,</strong></span> <span class='ocrx_word' id='word_1_465' title='bbox 2625 2717 2904 2784; x_wconf 79' lang='lat' dir='ltr'><strong>exhibeat,</strong></span> <span class='ocrx_word' id='word_1_466' title='bbox 2953 2729 3062 2785; x_wconf 81' lang='lat' dir='ltr'><strong>aut,</strong></span> <span class='ocrx_word' id='word_1_467' title='bbox 3108 2721 3154 2776; x_wconf 91' lang='lat' dir='ltr'><strong>si</strong></span> <span class='ocrx_word' id='word_1_468' title='bbox 3197 2739 3284 2779; x_wconf 91' lang='lat' dir='ltr'><strong>res</strong></span> <span class='ocrx_word' id='word_1_469' title='bbox 3307 2726 3496 2796; x_wconf 82' lang='lat' dir='ltr'><strong>exigit,</strong></span> <span class='ocrx_word' id='word_1_470' title='bbox 3525 2743 3768 2800; x_wconf 84' lang='lat' dir='ltr'><strong>congau-</strong></span> 
     </span>
    </p>
   </div>
   <div class='ocr_carea' id='block_1_73' title="bbox 2173 2803 3760 2888">
    <p class='ocr_par' dir='ltr' id='par_1_73' title="bbox 2173 2803 3760 2888">
     <span class='ocr_line' id='line_1_73' title="bbox 2173 2803 3760 2888; baseline 0.009 -28"><span class='ocrx_word' id='word_1_471' title='bbox 2173 2803 2317 2860; x_wconf 89' lang='lat' dir='ltr'><strong>deat.</strong></span> <span class='ocrx_word' id='word_1_472' title='bbox 2352 2804 2534 2872; x_wconf 87' lang='lat' dir='ltr'><strong>Quare</strong></span> <span class='ocrx_word' id='word_1_473' title='bbox 2575 2808 2834 2876; x_wconf 86' lang='lat' dir='ltr'><strong>quoniam</strong></span> <span class='ocrx_word' id='word_1_474' title='bbox 2871 2811 3134 2882; x_wconf 88' lang='lat' dir='ltr'><strong>quidquid</strong></span> <span class='ocrx_word' id='word_1_475' title='bbox 3184 2813 3249 2868; x_wconf 89' lang='lat' dir='ltr'><strong>de</strong></span> <span class='ocrx_word' id='word_1_476' title='bbox 3301 2824 3529 2884; x_wconf 88' lang='lat' dir='ltr'><strong>paterno</strong></span> <span class='ocrx_word' id='word_1_477' title='bbox 3573 2829 3760 2888; x_wconf 79' lang='lat' dir='ltr'><strong>vestro</strong></span> 
     </span>
    </p>
   </div>
   <div class='ocr_carea' id='block_1_74' title="bbox 2172 2895 3768 2980">
    <p class='ocr_par' dir='ltr' id='par_1_74' title="bbox 2172 2895 3768 2980">
     <span class='ocr_line' id='line_1_74' title="bbox 2172 2895 3768 2980; baseline 0.011 -30"><span class='ocrx_word' id='word_1_478' title='bbox 2172 2895 2304 2951; x_wconf 91' lang='lat' dir='ltr'><strong>mihi</strong></span> <span class='ocrx_word' id='word_1_479' title='bbox 2352 2905 2574 2968; x_wconf 87' lang='lat' dir='ltr'><strong>pectore</strong></span> <span class='ocrx_word' id='word_1_480' title='bbox 2617 2899 2972 2970; x_wconf 88' lang='lat' dir='ltr'><strong>impenditur,</strong></span> <span class='ocrx_word' id='word_1_481' title='bbox 3015 2911 3071 2957; x_wconf 90' lang='lat' dir='ltr'><strong>et</strong></span> <span class='ocrx_word' id='word_1_482' title='bbox 3095 2905 3362 2976; x_wconf 86' lang='lat' dir='ltr'><strong>sapientia</strong></span> <span class='ocrx_word' id='word_1_483' title='bbox 3395 2919 3482 2964; x_wconf 89' lang='lat' dir='ltr'><strong>est</strong></span> <span class='ocrx_word' id='word_1_484' title='bbox 3526 2913 3768 2980; x_wconf 81' lang='lat' dir='ltr'><strong>exquisi-</strong></span> 
     </span>
    </p>
   </div>
   <div class='ocr_carea' id='block_1_75' title="bbox 2177 2990 3766 3059">
    <p class='ocr_par' dir='ltr' id='par_1_75' title="bbox 2177 2990 3766 3059">
     <span class='ocr_line' id='line_1_75' title="bbox 2177 2990 3766 3059; baseline 0.013 -21"><span class='ocrx_word' id='word_1_485' title='bbox 2177 2991 2309 3050; x_wconf 90' lang='lat' dir='ltr'><strong>tum,</strong></span> <span class='ocrx_word' id='word_1_486' title='bbox 2343 2997 2397 3042; x_wconf 88' lang='lat' dir='ltr'><strong>et</strong></span> <span class='ocrx_word' id='word_1_487' title='bbox 2433 2990 2761 3045; x_wconf 88' lang='lat' dir='ltr'><strong>auctoritate</strong></span> <span class='ocrx_word' id='word_1_488' title='bbox 2809 2994 3142 3059; x_wconf 85' lang='lat' dir='ltr'><strong>roboratam,</strong></span> <span class='ocrx_word' id='word_1_489' title='bbox 3189 3005 3244 3052; x_wconf 90' lang='lat' dir='ltr'><strong>et</strong></span> <span class='ocrx_word' id='word_1_490' title='bbox 3293 2997 3588 3056; x_wconf 89' lang='lat' dir='ltr'><strong>dilectione</strong></span> <span class='ocrx_word' id='word_1_491' title='bbox 3629 3019 3766 3057; x_wconf 83' lang='lat' dir='ltr'><strong>eon—</strong></span> 
     </span>
    </p>
   </div>
   <div class='ocr_carea' id='block_1_76' title="bbox 2172 3073 3770 3152">
    <p class='ocr_par' dir='ltr' id='par_1_76' title="bbox 2172 3073 3770 3152">
     <span class='ocr_line' id='line_1_76' title="bbox 2172 3073 3770 3152; baseline 0.012 -24"><span class='ocrx_word' id='word_1_492' title='bbox 2172 3073 2366 3142; x_wconf 83' lang='lat' dir='ltr'><strong>ditum,</strong></span> <span class='ocrx_word' id='word_1_493' title='bbox 2387 3093 2510 3132; x_wconf 91' lang='lat' dir='ltr'><strong>cum</strong></span> <span class='ocrx_word' id='word_1_494' title='bbox 2541 3079 2747 3149; x_wconf 91' lang='lat' dir='ltr'><strong>aliquid</strong></span> <span class='ocrx_word' id='word_1_495' title='bbox 2772 3082 2898 3138; x_wconf 90' lang='lat' dir='ltr'><strong>inde</strong></span> <span class='ocrx_word' id='word_1_496' title='bbox 2927 3084 3144 3152; x_wconf 90' lang='lat' dir='ltr'><strong>haurio,</strong></span> <span class='ocrx_word' id='word_1_497' title='bbox 3173 3088 3224 3142; x_wconf 92' lang='lat' dir='ltr'><strong>id</strong></span> <span class='ocrx_word' id='word_1_498' title='bbox 3254 3104 3340 3144; x_wconf 90' lang='lat' dir='ltr'><strong>me</strong></span> <span class='ocrx_word' id='word_1_499' title='bbox 3365 3105 3462 3145; x_wconf 89' lang='lat' dir='ltr'><strong>sua</strong></span> <span class='ocrx_word' id='word_1_500' title='bbox 3495 3101 3548 3146; x_wconf 90' lang='lat' dir='ltr'><strong>et</strong></span> <span class='ocrx_word' id='word_1_501' title='bbox 3581 3093 3770 3147; x_wconf 84' lang='lat' dir='ltr'><strong>dulce-</strong></span> 
     </span>
    </p>
   </div>
   <div class='ocr_carea' id='block_1_77' title="bbox 2175 3164 3774 3252">
    <p class='ocr_par' dir='ltr' id='par_1_77' title="bbox 2175 3164 3774 3252">
     <span class='ocr_line' id='line_1_77' title="bbox 2175 3164 3774 3252; baseline 0.013 -33"><span class='ocrx_word' id='word_1_502' title='bbox 2175 3164 2301 3221; x_wconf 90' lang='lat' dir='ltr'><strong>dine</strong></span> <span class='ocrx_word' id='word_1_503' title='bbox 2343 3167 2594 3235; x_wconf 88' lang='lat' dir='ltr'><strong>delectat,</strong></span> <span class='ocrx_word' id='word_1_504' title='bbox 2640 3180 2695 3226; x_wconf 90' lang='lat' dir='ltr'><strong>ct</strong></span> <span class='ocrx_word' id='word_1_505' title='bbox 2746 3173 3043 3230; x_wconf 89' lang='lat' dir='ltr'><strong>securitate</strong></span> <span class='ocrx_word' id='word_1_506' title='bbox 3089 3177 3276 3232; x_wconf 88' lang='lat' dir='ltr'><strong>satiat.</strong></span> <span class='ocrx_word' id='word_1_507' title='bbox 3331 3178 3437 3236; x_wconf 90' lang='lat' dir='ltr'><strong>Sed</strong></span> <span class='ocrx_word' id='word_1_508' title='bbox 3501 3183 3774 3252; x_wconf 87' lang='lat' dir='ltr'><strong>quoniam-</strong></span> 
     </span>
    </p>
   </div>
   <div class='ocr_carea' id='block_1_78' title="bbox 2174 3255 3768 3336">
    <p class='ocr_par' dir='ltr' id='par_1_78' title="bbox 2174 3255 3768 3336">
     <span class='ocr_line' id='line_1_78' title="bbox 2174 3255 3768 3336; baseline 0.013 -26"><span class='ocrx_word' id='word_1_509' title='bbox 2174 3255 2289 3313; x_wconf 85' lang='lat' dir='ltr'><strong>hacc</strong></span> <span class='ocrx_word' id='word_1_510' title='bbox 2351 3259 2466 3328; x_wconf 89' lang='lat' dir='ltr'><strong>ipsa</strong></span> <span class='ocrx_word' id='word_1_511' title='bbox 2519 3262 2714 3317; x_wconf 87' lang='lat' dir='ltr'><strong>scienti</strong></span> <span class='ocrx_word' id='word_1_512' title='bbox 2759 3263 2974 3336; x_wconf 84' lang='lat' dir='ltr'><strong>loquor,</strong></span> <span class='ocrx_word' id='word_1_513' title='bbox 3011 3265 3095 3322; x_wconf 90' lang='lat' dir='ltr'><strong>his</strong></span> <span class='ocrx_word' id='word_1_514' title='bbox 3126 3270 3363 3336; x_wconf 89' lang='lat' dir='ltr'><strong>omissis,</strong></span> <span class='ocrx_word' id='word_1_515' title='bbox 3411 3287 3510 3328; x_wconf 87' lang='lat' dir='ltr'><strong>cur</strong></span> <span class='ocrx_word' id='word_1_516' title='bbox 3571 3291 3768 3331; x_wconf 83' lang='lat' dir='ltr'><strong>eorum</strong></span> 
     </span>
    </p>
   </div>
   <div class='ocr_carea' id='block_1_79' title="bbox 2171 3347 3762 3432">
    <p class='ocr_par' dir='ltr' id='par_1_79' title="bbox 2171 3347 3762 3432">
     <span class='ocr_line' id='line_1_79' title="bbox 2171 3347 3762 3432; baseline 0.012 -32"><span class='ocrx_word' id='word_1_517' title='bbox 2171 3347 2512 3403; x_wconf 87' lang='lat' dir='ltr'><strong>meminerim</strong></span> <span class='ocrx_word' id='word_1_518' title='bbox 2553 3351 2857 3421; x_wconf 83' lang='lat' dir='ltr'><strong>expediam.</strong></span> <span class='ocrx_word' id='word_1_519' title='bbox 2891 3355 3120 3423; x_wconf 90' lang='lat' dir='ltr'><strong>Quidam</strong></span> <span class='ocrx_word' id='word_1_520' title='bbox 3148 3357 3366 3427; x_wconf 89' lang='lat' dir='ltr'><strong>fratres,</strong></span> <span class='ocrx_word' id='word_1_521' title='bbox 3397 3363 3538 3417; x_wconf 87' lang='lat' dir='ltr'><strong>servi</strong></span> <span class='ocrx_word' id='word_1_522' title='bbox 3569 3365 3762 3432; x_wconf 85' lang='lat' dir='ltr'><strong>vestri,</strong></span> 
     </span>
    </p>
   </div>
   <div class='ocr_carea' id='block_1_80' title="bbox 2170 3442 3764 3525">
    <p class='ocr_par' dir='ltr' id='par_1_80' title="bbox 2170 3442 3764 3525">
     <span class='ocr_line' id='line_1_80' title="bbox 2170 3442 3764 3525; baseline 0.013 -33"><span class='ocrx_word' id='word_1_523' title='bbox 2170 3447 2222 3493; x_wconf 89' lang='lat' dir='ltr'><strong>et</strong></span> <span class='ocrx_word' id='word_1_524' title='bbox 2253 3442 2504 3497; x_wconf 81' lang='lat' dir='ltr'><strong>conservi</strong></span> <span class='ocrx_word' id='word_1_525' title='bbox 2532 3445 2636 3498; x_wconf 90' lang='lat' dir='ltr'><strong>mei</strong></span> <span class='ocrx_word' id='word_1_526' title='bbox 2663 3461 2749 3500; x_wconf 90' lang='lat' dir='ltr'><strong>me</strong></span> <span class='ocrx_word' id='word_1_527' title='bbox 2771 3461 2915 3516; x_wconf 62' lang='lat' dir='ltr'><strong>saepe</strong></span> <span class='ocrx_word' id='word_1_528' title='bbox 2937 3449 3276 3520; x_wconf 89' lang='lat' dir='ltr'><strong>multumque</strong></span> <span class='ocrx_word' id='word_1_529' title='bbox 3315 3463 3591 3525; x_wconf 87' lang='lat' dir='ltr'><strong>rogantes,</strong></span> <span class='ocrx_word' id='word_1_530' title='bbox 3641 3467 3764 3512; x_wconf 87' lang='lat' dir='ltr'><strong>tan-</strong></span> 
     </span>
    </p>
   </div>
   <div class='ocr_carea' id='block_1_81' title="bbox 2168 3529 3766 3614">
    <p class='ocr_par' dir='ltr' id='par_1_81' title="bbox 2168 3529 3766 3614">
     <span class='ocr_line' id='line_1_81' title="bbox 2168 3529 3766 3614; baseline 0.012 -29"><span class='ocrx_word' id='word_1_531' title='bbox 2168 3529 2291 3587; x_wconf 88' lang='lat' dir='ltr'><strong>dem</strong></span> <span class='ocrx_word' id='word_1_532' title='bbox 2337 3543 2630 3602; x_wconf 86' lang='lat' dir='ltr'><strong>coegerunt</strong></span> <span class='ocrx_word' id='word_1_533' title='bbox 2659 3545 2720 3591; x_wconf 90' lang='lat' dir='ltr'><strong>ut</strong></span> <span class='ocrx_word' id='word_1_534' title='bbox 2747 3539 3153 3608; x_wconf 67' lang='lat' dir='ltr'><strong>acquiescerent</strong></span> <span class='ocrx_word' id='word_1_535' title='bbox 3185 3543 3290 3599; x_wconf 88' lang='lat' dir='ltr'><strong>illis</strong></span> <span class='ocrx_word' id='word_1_536' title='bbox 3319 3547 3564 3614; x_wconf 81' lang='lat' dir='ltr'><strong>quaedam</strong></span> <span class='ocrx_word' id='word_1_537' title='bbox 3620 3550 3766 3604; x_wconf 78' lang='lat' dir='ltr'><strong>scri-</strong></span> 
     </span>
    </p>
   </div>
   <div class='ocr_carea' id='block_1_82' title="bbox 2167 3621 3758 3703">
    <p class='ocr_par' dir='ltr' id='par_1_82' title="bbox 2167 3621 3758 3703">
     <span class='ocr_line' id='line_1_82' title="bbox 2167 3621 3758 3703; baseline 0.011 -25"><span class='ocrx_word' id='word_1_538' title='bbox 2167 3621 2319 3687; x_wconf 89' lang='lat' dir='ltr'><strong>bere,</strong></span> <span class='ocrx_word' id='word_1_539' title='bbox 2341 3625 2480 3680; x_wconf 87' lang='lat' dir='ltr'><strong>sicut</strong></span> <span class='ocrx_word' id='word_1_540' title='bbox 2511 3628 2563 3680; x_wconf 94' lang='lat' dir='ltr'><strong>in</strong></span> <span class='ocrx_word' id='word_1_541' title='bbox 2586 3625 2829 3695; x_wconf 86' lang='lat' dir='ltr'><strong>ejusdem</strong></span> <span class='ocrx_word' id='word_1_542' title='bbox 2863 3632 3147 3702; x_wconf 64' lang='lat' dir='ltr'><strong>scripturae</strong></span> <span class='ocrx_word' id='word_1_543' title='bbox 3178 3633 3587 3703; x_wconf 68' lang='lat' dir='ltr'><strong>praefatiuncula</strong></span> <span class='ocrx_word' id='word_1_544' title='bbox 3621 3654 3758 3694; x_wconf 87' lang='lat' dir='ltr'><strong>con-</strong></span> 
     </span>
    </p>
   </div>
   <div class='ocr_carea' id='block_1_83' title="bbox 2167 3713 3772 3800">
    <p class='ocr_par' dir='ltr' id='par_1_83' title="bbox 2167 3713 3772 3800">
     <span class='ocr_line' id='line_1_83' title="bbox 2167 3713 3772 3800; baseline 0.011 -32"><span class='ocrx_word' id='word_1_545' title='bbox 2167 3713 2408 3770; x_wconf 90' lang='lat' dir='ltr'><strong>siderare</strong></span> <span class='ocrx_word' id='word_1_546' title='bbox 2437 3719 2706 3787; x_wconf 86' lang='lat' dir='ltr'><strong>poteritis.</strong></span> <span class='ocrx_word' id='word_1_547' title='bbox 2731 3721 2808 3774; x_wconf 91' lang='lat' dir='ltr'><strong>De</strong></span> <span class='ocrx_word' id='word_1_548' title='bbox 2836 3735 2943 3792; x_wconf 88' lang='lat' dir='ltr'><strong>quo</strong></span> <span class='ocrx_word' id='word_1_549' title='bbox 2968 3724 3228 3792; x_wconf 90' lang='lat' dir='ltr'><strong>opusculo</strong></span> <span class='ocrx_word' id='word_1_550' title='bbox 3255 3725 3358 3781; x_wconf 90' lang='lat' dir='ltr'><strong>hoc</strong></span> <span class='ocrx_word' id='word_1_551' title='bbox 3377 3737 3577 3796; x_wconf 81' lang='lat' dir='ltr'><strong>praeter</strong></span> <span class='ocrx_word' id='word_1_552' title='bbox 3601 3745 3772 3800; x_wconf 77' lang='lat' dir='ltr'><strong>Spem-</strong></span> 
     </span>
    </p>
   </div>
   <div class='ocr_carea' id='block_1_84' title="bbox 2167 3802 3769 3890">
    <p class='ocr_par' dir='ltr' id='par_1_84' title="bbox 2167 3802 3769 3890">
     <span class='ocr_line' id='line_1_84' title="bbox 2167 3802 3769 3890; baseline 0.011 -32"><span class='ocrx_word' id='word_1_553' title='bbox 2167 3802 2262 3877; x_wconf 77' lang='grc' dir='ltr'><strong>[αι.</strong></span> <span class='ocrx_word' id='word_1_554' title='bbox 2293 3818 2452 3876; x_wconf 88' lang='lat' dir='ltr'><strong>prout</strong></span> <span class='ocrx_word' id='word_1_555' title='bbox 2500 3807 2663 3880; x_wconf 72' lang='lat' dir='ltr'><strong>saepe]</strong></span> <span class='ocrx_word' id='word_1_556' title='bbox 2701 3812 2903 3875; x_wconf 88' lang='lat' dir='ltr'><strong>evenit,</strong></span> <span class='ocrx_word' id='word_1_557' title='bbox 2937 3821 2996 3867; x_wconf 90' lang='lat' dir='ltr'><strong>ut</strong></span> <span class='ocrx_word' id='word_1_558' title='bbox 3039 3829 3150 3868; x_wconf 87' lang='lat' dir='ltr'><strong>non</strong></span> <span class='ocrx_word' id='word_1_559' title='bbox 3202 3815 3375 3870; x_wconf 89' lang='lat' dir='ltr'><strong>solum</strong></span> <span class='ocrx_word' id='word_1_560' title='bbox 3407 3817 3506 3883; x_wconf 85' lang='lat' dir='ltr'><strong>illi,</strong></span> <span class='ocrx_word' id='word_1_561' title='bbox 3556 3820 3769 3890; x_wconf 76' lang='lat' dir='ltr'><strong>quibus</strong></span> 
     </span>
    </p>
   </div>
   <div class='ocr_carea' id='block_1_85' title="bbox 2157 3895 3760 3975">
    <p class='ocr_par' dir='ltr' id='par_1_85' title="bbox 2157 3895 3760 3975">
     <span class='ocr_line' id='line_1_85' title="bbox 2157 3895 3760 3975; baseline 0.01 -25"><span class='ocrx_word' id='word_1_562' title='bbox 2157 3895 2491 3954; x_wconf 86' lang='lat' dir='ltr'><strong>instantibus</strong></span> <span class='ocrx_word' id='word_1_563' title='bbox 2520 3900 2722 3954; x_wconf 89' lang='lat' dir='ltr'><strong>editum</strong></span> <span class='ocrx_word' id='word_1_564' title='bbox 2743 3910 2848 3966; x_wconf 87' lang='lat' dir='ltr'><strong>est,</strong></span> <span class='ocrx_word' id='word_1_565' title='bbox 2873 3903 2967 3958; x_wconf 89' lang='lat' dir='ltr'><strong>sed</strong></span> <span class='ocrx_word' id='word_1_566' title='bbox 2993 3911 3048 3958; x_wconf 88' lang='lat' dir='ltr'><strong>et</strong></span> <span class='ocrx_word' id='word_1_567' title='bbox 3069 3903 3252 3975; x_wconf 89' lang='lat' dir='ltr'><strong>plures</strong></span> <span class='ocrx_word' id='word_1_568' title='bbox 3281 3907 3371 3961; x_wconf 87' lang='lat' dir='ltr'><strong>alii</strong></span> <span class='ocrx_word' id='word_1_569' title='bbox 3418 3908 3550 3964; x_wconf 91' lang='lat' dir='ltr'><strong>illud</strong></span> <span class='ocrx_word' id='word_1_570' title='bbox 3589 3911 3760 3967; x_wconf 84' lang='lat' dir='ltr'><strong>velint</strong></span> 
     </span>
    </p>
   </div>
   <div class='ocr_carea' id='block_1_86' title="bbox 2165 3985 3760 4059">
    <p class='ocr_par' dir='ltr' id='par_1_86' title="bbox 2165 3985 3760 4059">
     <span class='ocr_line' id='line_1_86' title="bbox 2165 3985 3760 4059; baseline 0.012 -21"><span class='ocrx_word' id='word_1_571' title='bbox 2165 4000 2270 4040; x_wconf 89' lang='lat' dir='ltr'><strong>non</strong></span> <span class='ocrx_word' id='word_1_572' title='bbox 2297 3985 2472 4041; x_wconf 89' lang='lat' dir='ltr'><strong>solum</strong></span> <span class='ocrx_word' id='word_1_573' title='bbox 2505 3987 2714 4059; x_wconf 83' lang='lat' dir='ltr'><strong>legere,</strong></span> <span class='ocrx_word' id='word_1_574' title='bbox 2739 3991 2834 4045; x_wconf 89' lang='lat' dir='ltr'><strong>sed</strong></span> <span class='ocrx_word' id='word_1_575' title='bbox 2862 3993 3028 4047; x_wconf 90' lang='lat' dir='ltr'><strong>etiam</strong></span> <span class='ocrx_word' id='word_1_576' title='bbox 3065 3998 3454 4054; x_wconf 89' lang='lat' dir='ltr'><strong>transcribere.</strong></span> <span class='ocrx_word' id='word_1_577' title='bbox 3487 4000 3760 4058; x_wconf 87' lang='lat' dir='ltr'><strong>Dubitans</strong></span> 
     </span>
    </p>
   </div>
   <div class='ocr_carea' id='block_1_87' title="bbox 2163 4075 3762 4158">
    <p class='ocr_par' dir='ltr' id='par_1_87' title="bbox 2163 4075 3762 4158">
     <span class='ocr_line' id='line_1_87' title="bbox 2163 4075 3762 4158; baseline 0.013 -30"><span class='ocrx_word' id='word_1_578' title='bbox 2163 4075 2328 4146; x_wconf 88' lang='lat' dir='ltr'><strong>igitur</strong></span> <span class='ocrx_word' id='word_1_579' title='bbox 2353 4085 2532 4132; x_wconf 88' lang='lat' dir='ltr'><strong>utrum</strong></span> <span class='ocrx_word' id='word_1_580' title='bbox 2565 4079 2698 4135; x_wconf 89' lang='lat' dir='ltr'><strong>illud</strong></span> <span class='ocrx_word' id='word_1_581' title='bbox 2731 4081 3042 4140; x_wconf 89' lang='lat' dir='ltr'><strong>volentibus</strong></span> <span class='ocrx_word' id='word_1_582' title='bbox 3073 4087 3342 4158; x_wconf 78' lang='lat' dir='ltr'><strong>denegare</strong></span> <span class='ocrx_word' id='word_1_583' title='bbox 3380 4092 3633 4155; x_wconf 78' lang='lat' dir='ltr'><strong>debeam,</strong></span> <span class='ocrx_word' id='word_1_584' title='bbox 3661 4103 3762 4148; x_wconf 86' lang='lat' dir='ltr'><strong>aut</strong></span> 
     </span>
    </p>
   </div>
   <div class='ocr_carea' id='block_1_88' title="bbox 2161 4169 3763 4254">
    <p class='ocr_par' dir='ltr' id='par_1_88' title="bbox 2161 4169 3763 4254">
     <span class='ocr_line' id='line_1_88' title="bbox 2161 4169 3763 4254; baseline 0.014 -33"><span class='ocrx_word' id='word_1_585' title='bbox 2161 4169 2488 4238; x_wconf 91' lang='lat' dir='ltr'><strong>concedere,</strong></span> <span class='ocrx_word' id='word_1_586' title='bbox 2525 4187 2596 4228; x_wconf 91' lang='lat' dir='ltr'><strong>ne</strong></span> <span class='ocrx_word' id='word_1_587' title='bbox 2617 4189 2703 4228; x_wconf 91' lang='lat' dir='ltr'><strong>me</strong></span> <span class='ocrx_word' id='word_1_588' title='bbox 2729 4183 2821 4229; x_wconf 91' lang='lat' dir='ltr'><strong>aut</strong></span> <span class='ocrx_word' id='word_1_589' title='bbox 2859 4176 3098 4232; x_wconf 88' lang='lat' dir='ltr'><strong>invidum</strong></span> <span class='ocrx_word' id='word_1_590' title='bbox 3116 4189 3369 4249; x_wconf 88' lang='lat' dir='ltr'><strong>putantes</strong></span> <span class='ocrx_word' id='word_1_591' title='bbox 3397 4183 3633 4254; x_wconf 86' lang='lat' dir='ltr'><strong>oderint,</strong></span> <span class='ocrx_word' id='word_1_592' title='bbox 3664 4197 3763 4242; x_wconf 89' lang='lat' dir='ltr'><strong>aut</strong></span> 
     </span>
    </p>
   </div>
   <div class='ocr_carea' id='block_1_89' title="bbox 2160 4259 3758 4346">
    <p class='ocr_par' dir='ltr' id='par_1_89' title="bbox 2160 4259 3758 4346">
     <span class='ocr_line' id='line_1_89' title="bbox 2160 4259 3758 4346; baseline 0.013 -32"><span class='ocrx_word' id='word_1_593' title='bbox 2160 4259 2381 4316; x_wconf 86' lang='lat' dir='ltr'><strong>stultum</strong></span> <span class='ocrx_word' id='word_1_594' title='bbox 2405 4275 2763 4334; x_wconf 84' lang='lat' dir='ltr'><strong>agnoscentes</strong></span> <span class='ocrx_word' id='word_1_595' title='bbox 2777 4268 3078 4336; x_wconf 85' lang='lat' dir='ltr'><strong>derideant,</strong></span> <span class='ocrx_word' id='word_1_596' title='bbox 3106 4273 3174 4326; x_wconf 93' lang='lat' dir='ltr'><strong>ad</strong></span> <span class='ocrx_word' id='word_1_597' title='bbox 3194 4274 3541 4346; x_wconf 67' lang='lat' dir='ltr'><strong>singularem</strong></span> <span class='ocrx_word' id='word_1_598' title='bbox 3573 4293 3758 4334; x_wconf 86' lang='lat' dir='ltr'><strong>meum</strong></span> 
     </span>
    </p>
   </div>
   <div class='ocr_carea' id='block_1_90' title="bbox 2159 4357 3759 4438">
    <p class='ocr_par' dir='ltr' id='par_1_90' title="bbox 2159 4357 3759 4438">
     <span class='ocr_line' id='line_1_90' title="bbox 2159 4357 3759 4438; baseline 0.012 -30"><span class='ocrx_word' id='word_1_599' title='bbox 2159 4366 2384 4410; x_wconf 86' lang='lat' dir='ltr'><strong>recurro</strong></span> <span class='ocrx_word' id='word_1_600' title='bbox 2403 4357 2772 4414; x_wconf 89' lang='lat' dir='ltr'><strong>consiliarium</strong></span> <span class='ocrx_word' id='word_1_601' title='bbox 2797 4369 2853 4415; x_wconf 88' lang='lat' dir='ltr'><strong>et</strong></span> <span class='ocrx_word' id='word_1_602' title='bbox 2877 4363 3203 4432; x_wconf 90' lang='lat' dir='ltr'><strong>scripturam</strong></span> <span class='ocrx_word' id='word_1_603' title='bbox 3235 4381 3406 4438; x_wconf 79' lang='lat' dir='ltr'><strong>ipsam</strong></span> <span class='ocrx_word' id='word_1_604' title='bbox 3435 4371 3759 4427; x_wconf 81' lang='lat' dir='ltr'><strong>examinan-</strong></span> 
     </span>
    </p>
   </div>
   <div class='ocr_carea' id='block_1_91' title="bbox 468 4445 2065 4534">
    <p class='ocr_par' dir='ltr' id='par_1_91' title="bbox 468 4445 2056 4534">
     <span class='ocr_line' id='line_1_91' title="bbox 468 4445 2056 4534; baseline 0.016 -38"><span class='ocrx_word' id='word_1_605' title='bbox 468 4445 666 4498; x_wconf 91' lang='lat' dir='ltr'><strong>tiorum</strong></span> <span class='ocrx_word' id='word_1_606' title='bbox 693 4447 1090 4505; x_wconf 86' lang='lat' dir='ltr'><strong>mundanorum</strong></span> <span class='ocrx_word' id='word_1_607' title='bbox 1145 4455 1468 4522; x_wconf 63' lang='lat' dir='ltr'><strong>praevalente</strong></span> <span class='ocrx_word' id='word_1_608' title='bbox 1489 4457 1808 4530; x_wconf 83' lang='lat' dir='ltr'><strong>frequenter</strong></span> <span class='ocrx_word' id='word_1_609' title='bbox 1831 4465 2056 4534; x_wconf 87' lang='lat' dir='ltr'><strong>avellor,</strong></span> 
     </span>
    </p>
   </div>
   <div class='ocr_carea' id='block_1_92' title="bbox 2176 4445 3770 4534">
    <p class='ocr_par' dir='ltr' id='par_1_92' title="bbox 2176 4445 3770 4526">
     <span class='ocr_line' id='line_1_92' title="bbox 2176 4445 3770 4526; baseline 0.013 -26"><span class='ocrx_word' id='word_1_610' title='bbox 2176 4445 2282 4500; x_wconf 80' lang='lat' dir='ltr'><strong>iam</strong></span> <span class='ocrx_word' id='word_1_611' title='bbox 2329 4456 2513 4504; x_wconf 90' lang='lat' dir='ltr'><strong>vestro</strong></span> <span class='ocrx_word' id='word_1_612' title='bbox 2554 4451 2712 4505; x_wconf 84' lang='lat' dir='ltr'><strong>mitto</strong></span> <span class='ocrx_word' id='word_1_613' title='bbox 2749 4452 2979 4522; x_wconf 92' lang='lat' dir='ltr'><strong>judicio,</strong></span> <span class='ocrx_word' id='word_1_614' title='bbox 3015 4465 3074 4510; x_wconf 89' lang='lat' dir='ltr'><strong>ut</strong></span> <span class='ocrx_word' id='word_1_615' title='bbox 3118 4456 3236 4526; x_wconf 87' lang='lat' dir='ltr'><strong>ejus</strong></span> <span class='ocrx_word' id='word_1_616' title='bbox 3291 4461 3614 4518; x_wconf 86' lang='lat' dir='ltr'><strong>auctoritate</strong></span> <span class='ocrx_word' id='word_1_617' title='bbox 3660 4473 3770 4520; x_wconf 73' lang='lat' dir='ltr'><strong>aut</strong></span> 
     </span>
    </p>
   </div>
   <div class='ocr_carea' id='block_1_93' title="bbox 462 4535 2058 4620">
    <p class='ocr_par' dir='ltr' id='par_1_93' title="bbox 462 4535 2058 4620">
     <span class='ocr_line' id='line_1_93' title="bbox 462 4535 2058 4620; baseline 0.016 -34"><span class='ocrx_word' id='word_1_618' title='bbox 462 4546 570 4586; x_wconf 88' lang='lat' dir='ltr'><strong>nou</strong></span> <span class='ocrx_word' id='word_1_619' title='bbox 598 4535 868 4612; x_wconf 87' lang='lat' dir='ltr'><strong>modicum</strong></span> <span class='ocrx_word' id='word_1_620' title='bbox 899 4537 1135 4595; x_wconf 88' lang='lat' dir='ltr'><strong>laborem</strong></span> <span class='ocrx_word' id='word_1_621' title='bbox 1167 4543 1410 4600; x_wconf 90' lang='lat' dir='ltr'><strong>incurro.</strong></span> <span class='ocrx_word' id='word_1_622' title='bbox 1441 4545 1518 4602; x_wconf 87' lang='lat' dir='ltr'><strong>Ne</strong></span> <span class='ocrx_word' id='word_1_623' title='bbox 1541 4549 1644 4605; x_wconf 90' lang='lat' dir='ltr'><strong>hoc</strong></span> <span class='ocrx_word' id='word_1_624' title='bbox 1692 4551 1913 4620; x_wconf 89' lang='lat' dir='ltr'><strong>quidem</strong></span> <span class='ocrx_word' id='word_1_625' title='bbox 1954 4556 2058 4610; x_wconf 89' lang='lat' dir='ltr'><strong>mi-</strong></span> 
     </span>
    </p>
   </div>
   <div class='ocr_carea' id='block_1_94' title="bbox 462 4625 2078 4716">
    <p class='ocr_par' dir='ltr' id='par_1_94' title="bbox 462 4625 2078 4716">
     <span class='ocr_line' id='line_1_94' title="bbox 462 4625 2078 4716; baseline 0.017 -41"><span class='ocrx_word' id='word_1_626' title='bbox 462 4637 606 4690; x_wconf 86' lang='lat' dir='ltr'><strong>rum,</strong></span> <span class='ocrx_word' id='word_1_627' title='bbox 639 4625 764 4694; x_wconf 90' lang='lat' dir='ltr'><strong>quia</strong></span> <span class='ocrx_word' id='word_1_628' title='bbox 793 4629 932 4698; x_wconf 87' lang='lat' dir='ltr'><strong>apud</strong></span> <span class='ocrx_word' id='word_1_629' title='bbox 959 4630 1106 4685; x_wconf 85' lang='lat' dir='ltr'><strong>illam</strong></span> <span class='ocrx_word' id='word_1_630' title='bbox 1139 4634 1296 4703; x_wconf 88' lang='lat' dir='ltr'><strong>panis</strong></span> <span class='ocrx_word' id='word_1_631' title='bbox 1318 4635 1444 4692; x_wconf 73' lang='lat' dir='ltr'><strong>vitae</strong></span> <span class='ocrx_word' id='word_1_632' title='bbox 1472 4647 1528 4692; x_wconf 88' lang='lat' dir='ltr'><strong>et</strong></span> <span class='ocrx_word' id='word_1_633' title='bbox 1555 4639 1861 4698; x_wconf 87' lang='lat' dir='ltr'><strong>intellectus</strong></span> <span class='ocrx_word' id='word_1_634' title='bbox 1892 4653 2078 4716; x_wconf 86' lang='lat' dir='ltr'><strong>atque</strong></span> 
     </span>
    </p>
   </div>
   <div class='ocr_carea' id='block_1_95' title="bbox 461 4716 2058 4797">
    <p class='ocr_par' dir='ltr' id='par_1_95' title="bbox 461 4716 2058 4797">
     <span class='ocr_line' id='line_1_95' title="bbox 461 4716 2058 4797; baseline 0.017 -31"><span class='ocrx_word' id='word_1_635' title='bbox 461 4721 624 4784; x_wconf 85' lang='lat' dir='ltr'><strong>potus</strong></span> <span class='ocrx_word' id='word_1_636' title='bbox 679 4716 1049 4776; x_wconf 82' lang='lat' dir='ltr'><strong>inveniantur.</strong></span> <span class='ocrx_word' id='word_1_637' title='bbox 1093 4721 1260 4779; x_wconf 84' lang='lat' dir='ltr'><strong>Panis</strong></span> <span class='ocrx_word' id='word_1_638' title='bbox 1313 4739 1412 4795; x_wconf 92' lang='lat' dir='ltr'><strong>per</strong></span> <span class='ocrx_word' id='word_1_639' title='bbox 1452 4741 1614 4797; x_wconf 89' lang='lat' dir='ltr'><strong>quem</strong></span> <span class='ocrx_word' id='word_1_640' title='bbox 1669 4732 1884 4788; x_wconf 58' lang='lat' dir='ltr'><strong>amissaa</strong></span> <span class='ocrx_word' id='word_1_641' title='bbox 1913 4736 2058 4794; x_wconf 87' lang='lat' dir='ltr'><strong>vires</strong></span> 
     </span>
    </p>
   </div>
   <div class='ocr_carea' id='block_1_96' title="bbox 465 4806 2053 4894">
    <p class='ocr_par' dir='ltr' id='par_1_96' title="bbox 465 4806 2053 4894">
     <span class='ocr_line' id='line_1_96' title="bbox 465 4806 2053 4894; baseline 0.018 -38"><span class='ocrx_word' id='word_1_642' title='bbox 465 4806 663 4860; x_wconf 88' lang='lat' dir='ltr'><strong>mentis</strong></span> <span class='ocrx_word' id='word_1_643' title='bbox 694 4807 978 4866; x_wconf 73' lang='lat' dir='ltr'><strong>imbecilla:</strong></span> <span class='ocrx_word' id='word_1_644' title='bbox 1002 4812 1056 4867; x_wconf 93' lang='lat' dir='ltr'><strong>in</strong></span> <span class='ocrx_word' id='word_1_645' title='bbox 1089 4814 1331 4884; x_wconf 85' lang='lat' dir='ltr'><strong>vigorem</strong></span> <span class='ocrx_word' id='word_1_646' title='bbox 1360 4817 1648 4886; x_wconf 90' lang='lat' dir='ltr'><strong>pristinum</strong></span> <span class='ocrx_word' id='word_1_647' title='bbox 1709 4837 2053 4894; x_wconf 85' lang='lat' dir='ltr'><strong>reparantur.</strong></span> 
     </span>
    </p>
   </div>
   <div class='ocr_carea' id='block_1_97' title="bbox 461 4895 2054 4987">
    <p class='ocr_par' dir='ltr' id='par_1_97' title="bbox 461 4895 2054 4987">
     <span class='ocr_line' id='line_1_97' title="bbox 461 4895 2054 4987; baseline 0.017 -36"><span class='ocrx_word' id='word_1_648' title='bbox 461 4895 648 4964; x_wconf 84' lang='lat' dir='ltr'><strong>Polus,</strong></span> <span class='ocrx_word' id='word_1_649' title='bbox 675 4914 772 4970; x_wconf 90' lang='lat' dir='ltr'><strong>per</strong></span> <span class='ocrx_word' id='word_1_650' title='bbox 792 4915 950 4971; x_wconf 89' lang='lat' dir='ltr'><strong>quem</strong></span> <span class='ocrx_word' id='word_1_651' title='bbox 979 4905 1099 4960; x_wconf 88' lang='lat' dir='ltr'><strong>sitis</strong></span> <span class='ocrx_word' id='word_1_652' title='bbox 1143 4909 1538 4965; x_wconf 88' lang='lat' dir='ltr'><strong>mundanarum</strong></span> <span class='ocrx_word' id='word_1_653' title='bbox 1585 4918 2054 4987; x_wconf 84' lang='lat' dir='ltr'><strong>concupiscentia-</strong></span> 
     </span>
    </p>
   </div>
   <div class='ocr_carea' id='block_1_98' title="bbox 461 4993 2054 5072">
    <p class='ocr_par' dir='ltr' id='par_1_98' title="bbox 461 4993 2054 5072">
     <span class='ocr_line' id='line_1_98' title="bbox 461 4993 2054 5072; baseline 0.018 -29"><span class='ocrx_word' id='word_1_654' title='bbox 461 5005 583 5044; x_wconf 87' lang='lat' dir='ltr'><strong>rum</strong></span> <span class='ocrx_word' id='word_1_655' title='bbox 614 4993 999 5065; x_wconf 82' lang='lat' dir='ltr'><strong>exstinguitur,</strong></span> <span class='ocrx_word' id='word_1_656' title='bbox 1022 5005 1078 5050; x_wconf 88' lang='lat' dir='ltr'><strong>et</strong></span> <span class='ocrx_word' id='word_1_657' title='bbox 1117 5001 1464 5067; x_wconf 89' lang='lat' dir='ltr'><strong>postmodum</strong></span> <span class='ocrx_word' id='word_1_658' title='bbox 1489 5007 1813 5065; x_wconf 90' lang='lat' dir='ltr'><strong>suavissimo</strong></span> <span class='ocrx_word' id='word_1_659' title='bbox 1835 5011 2054 5072; x_wconf 88' lang='lat' dir='ltr'><strong>fervore</strong></span> 
     </span>
    </p>
   </div>
   <div class='ocr_carea' id='block_1_99' title="bbox 460 5081 2052 5173">
    <p class='ocr_par' dir='ltr' id='par_1_99' title="bbox 460 5081 2052 5173">
     <span class='ocr_line' id='line_1_99' title="bbox 460 5081 2052 5173; baseline 0.018 -37"><span class='ocrx_word' id='word_1_660' title='bbox 460 5081 530 5136; x_wconf 89' lang='lat' dir='ltr'><strong>ad</strong></span> <span class='ocrx_word' id='word_1_661' title='bbox 581 5083 828 5140; x_wconf 87' lang='lat' dir='ltr'><strong>rimanda</strong></span> <span class='ocrx_word' id='word_1_662' title='bbox 882 5086 1025 5142; x_wconf 89' lang='lat' dir='ltr'><strong>illius</strong></span> <span class='ocrx_word' id='word_1_663' title='bbox 1069 5097 1280 5146; x_wconf 83' lang='lat' dir='ltr'><strong>secreta</strong></span> <span class='ocrx_word' id='word_1_664' title='bbox 1321 5093 1676 5152; x_wconf 87' lang='lat' dir='ltr'><strong>vehementer</strong></span> <span class='ocrx_word' id='word_1_665' title='bbox 1724 5101 1771 5157; x_wconf 91' lang='lat' dir='ltr'><strong>is</strong></span> <span class='ocrx_word' id='word_1_666' title='bbox 1804 5106 1897 5173; x_wconf 92' lang='lat' dir='ltr'><strong>qui</strong></span> <span class='ocrx_word' id='word_1_667' title='bbox 1926 5106 2052 5164; x_wconf 91' lang='lat' dir='ltr'><strong>inde</strong></span> 
     </span>
    </p>
   </div>
   <div class='ocr_carea' id='block_1_100' title="bbox 461 5177 2052 5264">
    <p class='ocr_par' dir='ltr' id='par_1_100' title="bbox 461 5177 2052 5264">
     <span class='ocr_line' id='line_1_100' title="bbox 461 5177 2052 5264; baseline 0.018 -37"><span class='ocrx_word' id='word_1_668' title='bbox 461 5182 611 5242; x_wconf 84' lang='lat' dir='ltr'><strong>potat</strong></span> <span class='ocrx_word' id='word_1_669' title='bbox 629 5177 965 5232; x_wconf 90' lang='lat' dir='ltr'><strong>accenditur.</strong></span> <span class='ocrx_word' id='word_1_670' title='bbox 995 5179 1116 5234; x_wconf 84' lang='lat' dir='ltr'><strong>Jam</strong></span> <span class='ocrx_word' id='word_1_671' title='bbox 1141 5181 1355 5240; x_wconf 90' lang='lat' dir='ltr'><strong>demum</strong></span> <span class='ocrx_word' id='word_1_672' title='bbox 1380 5189 1552 5258; x_wconf 85' lang='lat' dir='ltr'><strong>gratia</strong></span> <span class='ocrx_word' id='word_1_673' title='bbox 1591 5189 1680 5247; x_wconf 88' lang='lat' dir='ltr'><strong>Dei</strong></span> <span class='ocrx_word' id='word_1_674' title='bbox 1710 5199 2052 5264; x_wconf 71' lang='lat' dir='ltr'><strong>praecedente</strong></span> 
     </span>
    </p>
   </div>
   <div class='ocr_carea' id='block_1_101' title="bbox 461 5265 2052 5359">
    <p class='ocr_par' dir='ltr' id='par_1_101' title="bbox 461 5265 2052 5359">
     <span class='ocr_line' id='line_1_101' title="bbox 461 5265 2052 5359; baseline 0.016 -39"><span class='ocrx_word' id='word_1_675' title='bbox 461 5265 527 5332; x_wconf 83' lang='lat' dir='ltr'><strong>ad</strong></span> <span class='ocrx_word' id='word_1_676' title='bbox 555 5267 718 5322; x_wconf 89' lang='lat' dir='ltr'><strong>verba</strong></span> <span class='ocrx_word' id='word_1_677' title='bbox 761 5266 888 5322; x_wconf 87' lang='lat' dir='ltr'><strong>libri</strong></span> <span class='ocrx_word' id='word_1_678' title='bbox 934 5269 1240 5340; x_wconf 89' lang='lat' dir='ltr'><strong>veniamus,</strong></span> <span class='ocrx_word' id='word_1_679' title='bbox 1269 5283 1324 5331; x_wconf 87' lang='lat' dir='ltr'><strong>et</strong></span> <span class='ocrx_word' id='word_1_680' title='bbox 1347 5277 1546 5334; x_wconf 90' lang='lat' dir='ltr'><strong>virtute</strong></span> <span class='ocrx_word' id='word_1_681' title='bbox 1573 5281 1896 5342; x_wconf 73' lang='lat' dir='ltr'><strong>obedientia:</strong></span> <span class='ocrx_word' id='word_1_682' title='bbox 1921 5303 2052 5359; x_wconf 88' lang='lat' dir='ltr'><strong>sup-</strong></span> 
     </span>
    </p>
   </div>
   <div class='ocr_carea' id='block_1_102' title="bbox 459 5357 2048 5439">
    <p class='ocr_par' dir='ltr' id='par_1_102' title="bbox 459 5357 2048 5439">
     <span class='ocr_line' id='line_1_102' title="bbox 459 5357 2048 5439; baseline 0.018 -29"><span class='ocrx_word' id='word_1_683' title='bbox 459 5357 736 5426; x_wconf 89' lang='lat' dir='ltr'><strong>peditante</strong></span> <span class='ocrx_word' id='word_1_684' title='bbox 759 5359 890 5428; x_wconf 90' lang='lat' dir='ltr'><strong>quid</strong></span> <span class='ocrx_word' id='word_1_685' title='bbox 911 5371 1102 5430; x_wconf 84' lang='lat' dir='ltr'><strong>gerant</strong></span> <span class='ocrx_word' id='word_1_686' title='bbox 1123 5367 1384 5435; x_wconf 87' lang='lat' dir='ltr'><strong>mysterii,</strong></span> <span class='ocrx_word' id='word_1_687' title='bbox 1413 5382 1572 5439; x_wconf 89' lang='lat' dir='ltr'><strong>prout</strong></span> <span class='ocrx_word' id='word_1_688' title='bbox 1591 5373 1854 5434; x_wconf 87' lang='lat' dir='ltr'><strong>Dominus</strong></span> <span class='ocrx_word' id='word_1_689' title='bbox 1887 5357 2048 5438; x_wconf 83' lang='lat' dir='ltr'><strong>nobis</strong></span> 
     </span>
    </p>
   </div>
   <div class='ocr_carea' id='block_1_103' title="bbox 459 5446 1659 5534">
    <p class='ocr_par' dir='ltr' id='par_1_103' title="bbox 459 5446 1659 5534">
     <span class='ocr_line' id='line_1_103' title="bbox 459 5446 1659 5534; baseline 0.016 -32"><span class='ocrx_word' id='word_1_690' title='bbox 459 5446 692 5514; x_wconf 86' lang='lat' dir='ltr'><strong>dederit,</strong></span> <span class='ocrx_word' id='word_1_691' title='bbox 721 5449 1008 5520; x_wconf 86' lang='lat' dir='ltr'><strong>diligenter</strong></span> <span class='ocrx_word' id='word_1_692' title='bbox 1034 5456 1302 5526; x_wconf 87' lang='lat' dir='ltr'><strong>vestigare</strong></span> <span class='ocrx_word' id='word_1_693' title='bbox 1323 5469 1659 5534; x_wconf 85' lang='lat' dir='ltr'><strong>satagamus.</strong></span> 
     </span>
    </p>
   </div>
   <div class='ocr_carea' id='block_1_104' title="bbox 529 5581 2046 5663">
    <p class='ocr_par' dir='ltr' id='par_1_104' title="bbox 529 5581 2046 5663">
     <span class='ocr_line' id='line_1_104' title="bbox 529 5581 2046 5663; baseline 0.021 -31"><span class='ocrx_word' id='word_1_694' title='bbox 529 5582 646 5663; x_wconf 75' lang='lat'><strong>(4_8_)</strong></span> <span class='ocrx_word' id='word_1_695' title='bbox 684 5581 759 5663; x_wconf 61' lang='lat' dir='ltr'><strong>Ex</strong></span> <span class='ocrx_word' id='word_1_696' title='bbox 795 5591 1236 5663; x_wconf 77' lang='lat' dir='ltr'><strong>nis.__mon_a_sterii</strong></span> <span class='ocrx_word' id='word_1_697' title='bbox 1259 5593 1323 5649; x_wconf 91' lang='lat' dir='ltr'><strong>de</strong></span> <span class='ocrx_word' id='word_1_698' title='bbox 1343 5595 1609 5655; x_wconf 90' lang='lat' dir='ltr'><strong>Pratellis.</strong></span> <span class='ocrx_word' id='word_1_699' title='bbox 1642 5632 1715 5642; x_wconf 55' lang='grc' dir='ltr'><strong>-ν-</strong></span> <span class='ocrx_word' id='word_1_700' title='bbox 1737 5603 1832 5660; x_wconf 83' lang='lat' dir='ltr'><strong>Est</strong></span> <span class='ocrx_word' id='word_1_701' title='bbox 1859 5604 2046 5663; x_wconf 80' lang='lat' dir='ltr'><strong>Ricar-</strong></span> 
     </span>
    </p>
   </div>
   <div class='ocr_carea' id='block_1_105' title="bbox 457 5651 2039 5734">
    <p class='ocr_par' dir='ltr' id='par_1_105' title="bbox 457 5651 2039 5734">
     <span class='ocr_line' id='line_1_105' title="bbox 457 5651 2039 5734; baseline 0.016 -26"><span class='ocrx_word' id='word_1_702' title='bbox 457 5651 514 5734; x_wconf 70' lang='grc' dir='ltr'>ιιρ</span> <span class='ocrx_word' id='word_1_703' title='bbox 541 5653 751 5734; x_wconf 53' lang='lat' dir='ltr'><strong>amans</strong></span> <span class='ocrx_word' id='word_1_704' title='bbox 779 5653 851 5734; x_wconf 78' lang='lat' dir='ltr'><strong>de</strong></span> <span class='ocrx_word' id='word_1_705' title='bbox 891 5655 1134 5734; x_wconf 76' lang='lat' dir='ltr'><strong>l’ratellis</strong></span> <span class='ocrx_word' id='word_1_706' title='bbox 1159 5677 1287 5734; x_wconf 81' lang='lat' dir='ltr'><strong>suos</strong></span> <span class='ocrx_word' id='word_1_707' title='bbox 1315 5665 1368 5722; x_wconf 93' lang='lat' dir='ltr'><strong>in</strong></span> <span class='ocrx_word' id='word_1_708' title='bbox 1397 5651 1634 5728; x_wconf 52' lang='lat' dir='ltr'><strong>Genesi}.</strong></span> <span class='ocrx_word' id='word_1_709' title='bbox 1685 5651 2039 5734; x_wconf 64' lang='grc' dir='ltr'><strong>ρὸὶῖιήἰὲίἶῖιέέ</strong></span> 
     </span>
    </p>
   </div>
   <div class='ocr_carea' id='block_1_106' title="bbox 457 5721 1221 5788">
    <p class='ocr_par' dir='ltr' id='par_1_106' title="bbox 457 5721 1221 5788">
     <span class='ocr_line' id='line_1_106' title="bbox 457 5721 1221 5788; baseline 0.012 -9"><span class='ocrx_word' id='word_1_710' title='bbox 457 5723 570 5779; x_wconf 81' lang='lat' dir='ltr'><strong>rios</strong></span> <span class='ocrx_word' id='word_1_711' title='bbox 598 5721 656 5778; x_wconf 91' lang='lat' dir='ltr'><strong>S.</strong></span> <span class='ocrx_word' id='word_1_712' title='bbox 693 5723 945 5784; x_wconf 86' lang='lat' dir='ltr'><strong>Ansclmu</strong></span> <span class='ocrx_word' id='word_1_713' title='bbox 973 5728 1221 5788; x_wconf 87' lang='lat' dir='ltr'><strong>dicantis.</strong></span> 
     </span>
    </p>
   </div>
   <div class='ocr_carea' id='block_1_107' title="bbox 2163 4535 3758 4622">
    <p class='ocr_par' dir='ltr' id='par_1_107' title="bbox 2163 4535 3758 4622">
     <span class='ocr_line' id='line_1_107' title="bbox 2163 4535 3758 4622; baseline 0.015 -34"><span class='ocrx_word' id='word_1_714' title='bbox 2163 4535 2344 4606; x_wconf 89' lang='lat' dir='ltr'><strong>inepta</strong></span> <span class='ocrx_word' id='word_1_715' title='bbox 2371 4551 2403 4592; x_wconf 93' lang='lat' dir='ltr'><strong>a</strong></span> <span class='ocrx_word' id='word_1_716' title='bbox 2433 4551 2725 4611; x_wconf 89' lang='lat' dir='ltr'><strong>conspectu</strong></span> <span class='ocrx_word' id='word_1_717' title='bbox 2755 4544 3130 4616; x_wconf 89' lang='lat' dir='ltr'><strong>prohibeatur,</strong></span> <span class='ocrx_word' id='word_1_718' title='bbox 3161 4559 3256 4604; x_wconf 88' lang='lat' dir='ltr'><strong>aut</strong></span> <span class='ocrx_word' id='word_1_719' title='bbox 3294 4561 3538 4609; x_wconf 88' lang='lat' dir='ltr'><strong>correcta</strong></span> <span class='ocrx_word' id='word_1_720' title='bbox 3567 4555 3758 4622; x_wconf 82' lang='lat' dir='ltr'><strong>volen-</strong></span> 
     </span>
    </p>
   </div>
   <div class='ocr_carea' id='block_1_108' title="bbox 2164 4625 2662 4700">
    <p class='ocr_par' dir='ltr' id='par_1_108' title="bbox 2164 4625 2662 4700">
     <span class='ocr_line' id='line_1_108' title="bbox 2164 4625 2662 4700; baseline 0.016 -20"><span class='ocrx_word' id='word_1_721' title='bbox 2164 4625 2308 4683; x_wconf 90' lang='lat' dir='ltr'><strong>tibus</strong></span> <span class='ocrx_word' id='word_1_722' title='bbox 2335 4631 2662 4700; x_wconf 83' lang='lat' dir='ltr'><strong>praebeatur.</strong></span> 
     </span>
    </p>
   </div>
   <div class='ocr_carea' id='block_1_109' title="bbox 2705 4751 3214 4814">
    <p class='ocr_par' dir='ltr' id='par_1_109' title="bbox 2705 4751 3214 4814">
     <span class='ocr_line' id='line_1_109' title="bbox 2705 4751 3214 4814; baseline 0.02 -10"><span class='ocrx_word' id='word_1_723' title='bbox 2705 4751 3040 4811; x_wconf 81' lang='lat' dir='ltr'><strong>EPISTOLA</strong></span> <span class='ocrx_word' id='word_1_724' title='bbox 3083 4755 3214 4814; x_wconf 79' lang='lat' dir='ltr'><strong>CIV.</strong></span> 
     </span>
    </p>
   </div>
   <div class='ocr_carea' id='block_1_110' title="bbox 2317 4846 3574 4914">
    <p class='ocr_par' dir='ltr' id='par_1_110' title="bbox 2317 4846 3574 4914">
     <span class='ocr_line' id='line_1_110' title="bbox 2317 4846 3574 4914; baseline 0.014 -22"><span class='ocrx_word' id='word_1_725' title='bbox 2317 4853 2542 4896; x_wconf 68' lang='lat' dir='ltr'><strong>ausam</strong></span> <span class='ocrx_word' id='word_1_726' title='bbox 2571 4856 2640 4896; x_wconf 67' lang='lat' dir='ltr'><strong>an</strong></span> <span class='ocrx_word' id='word_1_727' title='bbox 2672 4846 2994 4902; x_wconf 72' lang='lat' dir='ltr'><strong>DERNARDUH</strong></span> <span class='ocrx_word' id='word_1_728' title='bbox 3023 4865 3250 4914; x_wconf 84' lang='lat' dir='ltr'><strong>EJUSQUE</strong></span> <span class='ocrx_word' id='word_1_729' title='bbox 3277 4868 3574 4910; x_wconf 76' lang='lat' dir='ltr'><strong>MONACHOS.</strong></span> 
     </span>
    </p>
   </div>
   <div class='ocr_carea' id='block_1_111' title="bbox 2225 4929 3751 5016">
    <p class='ocr_par' dir='ltr' id='par_1_111' title="bbox 2225 4929 3751 5016">
     <span class='ocr_line' id='line_1_111' title="bbox 2225 4929 3751 5016; baseline 0.014 -32"><span class='ocrx_word' id='word_1_730' title='bbox 2225 4929 2532 5000; x_wconf 75' lang='lat' dir='ltr'><strong>ANSELuus,</strong></span> <span class='ocrx_word' id='word_1_731' title='bbox 2583 4933 2676 4990; x_wconf 89' lang='lat' dir='ltr'><strong>Dei</strong></span> <span class='ocrx_word' id='word_1_732' title='bbox 2729 4939 2903 5008; x_wconf 87' lang='lat' dir='ltr'><strong>gratia</strong></span> <span class='ocrx_word' id='word_1_733' title='bbox 2963 4943 3409 5016; x_wconf 85' lang='lat' dir='ltr'><strong>archiepiscopus</strong></span> <span class='ocrx_word' id='word_1_734' title='bbox 3438 4987 3454 5016; x_wconf 88' lang='lat'><strong>,</strong></span> <span class='ocrx_word' id='word_1_735' title='bbox 3517 4947 3751 5008; x_wconf 89' lang='lat' dir='ltr'><strong>Domino</strong></span> 
     </span>
    </p>
   </div>
   <div class='ocr_carea' id='block_1_112' title="bbox 2155 5023 3754 5098">
    <p class='ocr_par' dir='ltr' id='par_1_112' title="bbox 2155 5023 3754 5098">
     <span class='ocr_line' id='line_1_112' title="bbox 2155 5023 3754 5098; baseline 0.015 -23"><span class='ocrx_word' id='word_1_736' title='bbox 2155 5023 2320 5093; x_wconf 90' lang='lat' dir='ltr'><strong>priori</strong></span> <span class='ocrx_word' id='word_1_737' title='bbox 2347 5025 2655 5094; x_wconf 70' lang='lat' dir='ltr'><strong>Beanmno,</strong></span> <span class='ocrx_word' id='word_1_738' title='bbox 2701 5039 2756 5085; x_wconf 89' lang='lat' dir='ltr'><strong>et</strong></span> <span class='ocrx_word' id='word_1_739' title='bbox 2800 5031 2919 5088; x_wconf 85' lang='lat' dir='ltr'><strong>aliis</strong></span> <span class='ocrx_word' id='word_1_740' title='bbox 2948 5032 3208 5092; x_wconf 87' lang='lat' dir='ltr'><strong>fratribus</strong></span> <span class='ocrx_word' id='word_1_741' title='bbox 3253 5039 3305 5092; x_wconf 91' lang='lat' dir='ltr'><strong>in</strong></span> <span class='ocrx_word' id='word_1_742' title='bbox 3337 5042 3588 5096; x_wconf 88' lang='lat' dir='ltr'><strong>coenobio</strong></span> <span class='ocrx_word' id='word_1_743' title='bbox 3612 5041 3754 5098; x_wconf 89' lang='lat' dir='ltr'><strong>Sau-</strong></span> 
     </span>
    </p>
   </div>
   <div class='ocr_carea' id='block_1_113' title="bbox 2153 5115 3748 5194">
    <p class='ocr_par' dir='ltr' id='par_1_113' title="bbox 2153 5115 3748 5194">
     <span class='ocr_line' id='line_1_113' title="bbox 2153 5115 3748 5194; baseline 0.014 -25"><span class='ocrx_word' id='word_1_744' title='bbox 2153 5115 2228 5170; x_wconf 89' lang='lat' dir='ltr'><strong>cti</strong></span> <span class='ocrx_word' id='word_1_745' title='bbox 2269 5117 2462 5172; x_wconf 84' lang='lat' dir='ltr'><strong>Albani</strong></span> <span class='ocrx_word' id='word_1_746' title='bbox 2504 5125 2984 5194; x_wconf 85' lang='lat' dir='ltr'><strong>conversantibus,</strong></span> <span class='ocrx_word' id='word_1_747' title='bbox 3021 5127 3254 5184; x_wconf 89' lang='lat' dir='ltr'><strong>salutem</strong></span> <span class='ocrx_word' id='word_1_748' title='bbox 3310 5139 3364 5188; x_wconf 91' lang='lat' dir='ltr'><strong>et</strong></span> <span class='ocrx_word' id='word_1_749' title='bbox 3401 5131 3748 5192; x_wconf 85' lang='lat' dir='ltr'><strong>benedictio-</strong></span> 
     </span>
    </p>
   </div>
   <div class='ocr_carea' id='block_1_114' title="bbox 2153 5205 2300 5262">
    <p class='ocr_par' dir='ltr' id='par_1_114' title="bbox 2153 5205 2300 5262">
     <span class='ocr_line' id='line_1_114' title="bbox 2153 5205 2300 5262; baseline 0.007 -2"><span class='ocrx_word' id='word_1_750' title='bbox 2153 5205 2300 5262; x_wconf 84' lang='lat' dir='ltr'><strong>nem.</strong></span> 
     </span>
    </p>
   </div>
   <div class='ocr_carea' id='block_1_115' title="bbox 2223 5297 3742 5377">
    <p class='ocr_par' dir='ltr' id='par_1_115' title="bbox 2223 5297 3742 5377">
     <span class='ocr_line' id='line_1_115' title="bbox 2223 5297 3742 5377; baseline 0.017 -25"><span class='ocrx_word' id='word_1_751' title='bbox 2223 5297 2444 5356; x_wconf 84' lang='lat' dir='ltr'><strong>Fratres</strong></span> <span class='ocrx_word' id='word_1_752' title='bbox 2483 5317 2513 5356; x_wconf 88' lang='lat' dir='ltr'><strong>a</strong></span> <span class='ocrx_word' id='word_1_753' title='bbox 2551 5313 2732 5360; x_wconf 84' lang='lat' dir='ltr'><strong>vestra</strong></span> <span class='ocrx_word' id='word_1_754' title='bbox 2774 5305 3066 5368; x_wconf 91' lang='lat' dir='ltr'><strong>dilectione</strong></span> <span class='ocrx_word' id='word_1_755' title='bbox 3117 5313 3182 5370; x_wconf 91' lang='lat' dir='ltr'><strong>ad</strong></span> <span class='ocrx_word' id='word_1_756' title='bbox 3224 5331 3314 5372; x_wconf 89' lang='lat' dir='ltr'><strong>me</strong></span> <span class='ocrx_word' id='word_1_757' title='bbox 3370 5319 3564 5375; x_wconf 89' lang='lat' dir='ltr'><strong>directi</strong></span> <span class='ocrx_word' id='word_1_758' title='bbox 3589 5330 3742 5377; x_wconf 88' lang='lat' dir='ltr'><strong>retu-</strong></span> 
     </span>
    </p>
   </div>
   <div class='ocr_carea' id='block_1_116' title="bbox 2150 5387 3746 5470">
    <p class='ocr_par' dir='ltr' id='par_1_116' title="bbox 2150 5387 3746 5470">
     <span class='ocr_line' id='line_1_116' title="bbox 2150 5387 3746 5470; baseline 0.018 -29"><span class='ocrx_word' id='word_1_759' title='bbox 2150 5387 2333 5445; x_wconf 89' lang='lat' dir='ltr'><strong>lerunt</strong></span> <span class='ocrx_word' id='word_1_760' title='bbox 2369 5391 2501 5448; x_wconf 87' lang='lat' dir='ltr'><strong>mihi</strong></span> <span class='ocrx_word' id='word_1_761' title='bbox 2524 5395 2816 5466; x_wconf 89' lang='lat' dir='ltr'><strong>quamdam</strong></span> <span class='ocrx_word' id='word_1_762' title='bbox 2852 5401 3246 5461; x_wconf 89' lang='lat' dir='ltr'><strong>dubitationem</strong></span> <span class='ocrx_word' id='word_1_763' title='bbox 3273 5409 3418 5465; x_wconf 92' lang='lat' dir='ltr'><strong>inter</strong></span> <span class='ocrx_word' id='word_1_764' title='bbox 3445 5426 3544 5467; x_wconf 85' lang='lat' dir='ltr'><strong>vos</strong></span> <span class='ocrx_word' id='word_1_765' title='bbox 3567 5422 3746 5470; x_wconf 85' lang='lat' dir='ltr'><strong>ortam</strong></span> 
     </span>
    </p>
   </div>
   <div class='ocr_carea' id='block_1_117' title="bbox 2150 5483 3742 5570">
    <p class='ocr_par' dir='ltr' id='par_1_117' title="bbox 2150 5483 3742 5570">
     <span class='ocr_line' id='line_1_117' title="bbox 2150 5483 3742 5570; baseline 0.018 -36"><span class='ocrx_word' id='word_1_766' title='bbox 2150 5495 2271 5537; x_wconf 88' lang='lat' dir='ltr'><strong>esse</strong></span> <span class='ocrx_word' id='word_1_767' title='bbox 2305 5495 2429 5538; x_wconf 90' lang='lat' dir='ltr'><strong>cum</strong></span> <span class='ocrx_word' id='word_1_768' title='bbox 2450 5483 2630 5556; x_wconf 88' lang='lat' dir='ltr'><strong>aliqua</strong></span> <span class='ocrx_word' id='word_1_769' title='bbox 2675 5487 3028 5564; x_wconf 89' lang='lat' dir='ltr'><strong>dissentione,</strong></span> <span class='ocrx_word' id='word_1_770' title='bbox 3056 5495 3183 5552; x_wconf 89' lang='lat' dir='ltr'><strong>inde</strong></span> <span class='ocrx_word' id='word_1_771' title='bbox 3215 5500 3344 5570; x_wconf 90' lang='lat' dir='ltr'><strong>quia</strong></span> <span class='ocrx_word' id='word_1_772' title='bbox 3367 5501 3422 5557; x_wconf 92' lang='lat' dir='ltr'><strong>in</strong></span> <span class='ocrx_word' id='word_1_773' title='bbox 3443 5503 3742 5561; x_wconf 86' lang='lat' dir='ltr'><strong>catholico-</strong></span> 
     </span>
    </p>
   </div>
   <div class='ocr_carea' id='block_1_118' title="bbox 2221 5614 3754 5714">
    <p class='ocr_par' dir='ltr' id='par_1_118' title="bbox 2221 5614 3754 5714">
     <span class='ocr_line' id='line_1_118' title="bbox 2221 5614 3754 5714; baseline 0.019 -45"><span class='ocrx_word' id='word_1_774' title='bbox 2485 5634 2590 5676; x_wconf 86' lang='lat' dir='ltr'><strong>ms.</strong></span> <span class='ocrx_word' id='word_1_775' title='bbox 2621 5621 2794 5682; x_wconf 84' lang='lat' dir='ltr'><strong>Vatic.</strong></span> <span class='ocrx_word' id='word_1_776' title='bbox 2839 5623 2930 5684; x_wconf 90' lang='lat' dir='ltr'><strong>fol.</strong></span> <span class='ocrx_word' id='word_1_777' title='bbox 2970 5627 3093 5699; x_wconf 72' lang='lat'><strong>100,</strong></span> <span class='ocrx_word' id='word_1_778' title='bbox 3141 5641 3194 5690; x_wconf 89' lang='lat' dir='ltr'><strong>et</strong></span> <span class='ocrx_word' id='word_1_779' title='bbox 3223 5647 3290 5690; x_wconf 81' lang='lat' dir='ltr'><strong>ex</strong></span> <span class='ocrx_word' id='word_1_780' title='bbox 3318 5652 3418 5694; x_wconf 86' lang='lat' dir='ltr'><strong>ms.</strong></span> <span class='ocrx_word' id='word_1_781' title='bbox 3461 5637 3754 5714; x_wconf 70' lang='lat' dir='ltr'><strong>Sagiensis</strong></span> 
     </span>
    </p>
   </div>
   <div class='ocr_carea' id='block_1_119' title="bbox 2150 5695 2482 5744">
    <p class='ocr_par' dir='ltr' id='par_1_119' title="bbox 2150 5695 2482 5744">
     <span class='ocr_line' id='line_1_119' title="bbox 2150 5695 2482 5744; baseline 0.012 -4"><span class='ocrx_word' id='word_1_782' title='bbox 2150 5695 2482 5744; x_wconf 86' lang='lat' dir='ltr'><strong>monasterii.</strong></span> 
     </span>
    </p>
   </div>
  </div>
