4014 6304
289 698 580 772 aliquando
617 695 755 751 duas
796 684 1153 748 substantias,
1184 677 1424 747 divinam
1454 667 1662 726 scilicet
1688 671 1745 718 et
1769 660 1874 714 hu-

290 752 465 772 ---τη
494 752 527 753 η
562 752 565 753 ν

288 805 510 847 manant
560 800 727 841 unam
776 796 899 837 esse
959 785 1248 847 personam
1297 767 1351 821 in
1384 760 1636 822 Christo;
1667 752 1879 806 videtur

286 882 430 939 enim
479 889 785 949 repugnare
819 869 963 944 quod
982 877 1037 922 et
1065 879 1169 919 una
1194 853 1493 916 substantia
1523 849 1595 905 sit
1638 847 1875 900 humana

286 983 340 1028 et
390 971 571 1027 divina
619 976 838 1031 natura,
885 958 1049 1016 sicuti
1088 967 1229 1020 esse,
1266 963 1373 1004 una
1401 956 1631 1015 persona
1660 945 1717 993 et
1760 934 1879 989 dua:

287 1061 609 1120 substantia:
648 1059 762 1114 sint
793 1057 847 1110 in
893 1051 1081 1110 eadem
1140 1056 1391 1117 persona,
1438 1036 1532 1093 sed
1564 1033 1610 1088 si
1635 1031 1771 1085 bene
1798 1027 1880 1082 in-

290 1157 567 1228 telligatur
610 1149 882 1223 quomodo
928 1144 1092 1217 5.52
1144 1139 1329 1203 dicant
1376 1145 1537 1187 uuam
1589 1138 1710 1181 esse
1747 1119 1878 1176 sub-

289 1249 549 1305 stantiam
577 1246 760 1315 plures
793 1214 1019 1297 naturas
1047 1238 1099 1291 in
1126 1232 1365 1293 Christo,
1408 1234 1502 1280 aut
1546 1221 1728 1294 plures
1753 1214 1883 1270 sub—

289 1340 521 1407 stantias
545 1350 708 1391 unam
736 1345 1041 1405 personam,
1082 1322 1217 1380 nihil
1248 1320 1321 1375 ibi
1350 1326 1656 1387 repugnans
1682 1320 1881 1378 cogno-

289 1442 475 1492 scetur
496 1445 637 1487 esse.
679 1429 846 1483 Deum
873 1425 1018 1480 enim
1053 1433 1219 1475 unum
1251 1413 1523 1471 credimus
1571 1417 1627 1464 et
1654 1404 1882 1460 conﬁte-

292 1542 417 1580 mur
446 1538 570 1579 esse
598 1520 816 1575 Patrem
853 1524 911 1572 et
960 1512 1158 1570 Filium
1210 1516 1267 1564 et
1319 1503 1580 1576 Spiritum
1610 1504 1877 1555 sanctum.

291 1616 428 1670 Cum
454 1627 588 1682 ergo
622 1610 854 1665 dicimus
874 1606 1071 1667 Deum,
1102 1614 1209 1656 non
1236 1596 1339 1652 nisi
1371 1606 1536 1649 unum
1565 1586 1801 1644 dicimus
1828 1590 1885 1637 et

295 1701 671 1771 intelligimus.
705 1697 839 1752 Cum
866 1708 997 1749 vero
1027 1689 1262 1747 dicimus
1286 1684 1503 1739 Patrem
1532 1688 1587 1734 et
1609 1675 1804 1731 Filium
1829 1681 1884 1727 et

296 1793 560 1863 Spiritum
588 1797 858 1852 sanctum,
898 1782 1081 1854 plures
1103 1779 1334 1835 dicimus
1362 1782 1418 1829 et
1445 1768 1719 1827 credimus
1743 1781 1758 1830 ;
1787 1761 1882 1818 sed

296 1886 364 1940 de
396 1884 506 1940 Deo
532 1882 795 1937 habemus
820 1875 1221 1935 auctoritatem,
1255 1868 1380 1939 quia
1409 1865 1669 1921 debemus
1696 1859 1880 1914 dicere

298 1977 468 2030 Deum
507 1987 674 2027 unum
699 1966 1044 2040 singulariter
1066 1974 1119 2017 et
1150 1977 1257 2016 non
1284 1959 1486 2029 plures,
1512 1950 1879 2024 quemadmo-

296 2068 425 2123 dum
448 2067 711 2137 scriptum
738 2074 859 2119 est:
886 2059 1047 2125 Audi,
1071 2053 1259 2119 Israel,
1293 2051 1547 2105 Dominus
1576 2044 1718 2100 Deus
1763 2052 1884 2095 tuus

299 2159 444 2215 Deus
499 2135 637 2213 unus
682 2166 759 2211 est
814 2153 993 2226 (Deut.
1026 2166 1102 2215 γι,
1164 2147 1243 2219 4).
1276 2144 1355 2200 De
1387 2142 1490 2197 illis
1536 2152 1663 2194 vero
1692 2135 1885 2199 tribus,

303 2253 463 2307 Patre
488 2250 721 2314 scilicet,
753 2247 891 2304 Filio
917 2254 972 2300 et
986 2242 1188 2314 Spiritu
1209 2246 1423 2303 sancto,
1454 2250 1558 2288 non
1584 2228 1886 2285 invenimus

304 2343 357 2397 in
398 2340 691 2413 protiheta.
731 2345 824 2391 aut
869 2332 1136 2405 apostolo,
1176 2337 1270 2383 aut
1312 2322 1667 2395 evangelista,
1697 2327 1755 2373 ut
1782 2330 1889 2370 uno

304 2433 524 2489 nomine
578 2429 862 2485 nominent
916 2440 1012 2481 eos
1051 2420 1352 2493 pluraliter,
1407 2430 1516 2486 quo
1586 2408 1890 2481 signiﬁcent

307 2526 452 2580 illam
505 2521 871 2594 pluralitatem
901 2530 1064 2588 quam
1096 2513 1149 2568 in
1196 2511 1303 2567 illis
1332 2504 1711 2574 intelligimus;
1765 2512 1889 2553 nus-

310 2633 469 2688 quam
529 2614 675 2670 enim
707 2612 896 2667 dicunt
928 2600 1040 2663 tres
1073 2616 1336 2677 personas
1372 2613 1466 2655 eos
1491 2609 1633 2658 esse,
1663 2598 1756 2645 aut
1784 2599 1893 2642 tres

311 2707 670 2770 substantias,
692 2712 785 2758 aut
825 2711 934 2756 tres
974 2699 1396 2767 omnipotentes,
1442 2700 1534 2743 aut
1562 2682 1765 2754 aliquid
1793 2681 1895 2734 bu-

306 2800 562 2874 jusmodi.
611 2797 724 2852 Hac
779 2793 1105 2849 necessitate
1140 2788 1331 2843 Patres
1382 2776 1635 2838 catholici
1676 2771 1895 2845 quando

316 2891 672 2963 loquebantur
706 2886 774 2941 de
802 2884 907 2939 illis
946 2883 1141 2943 tribus,
1168 2878 1450 2945 elegerunt
1477 2869 1660 2927 omnia
1698 2865 1897 2935 quibus

318 2986 431 3040 illos
457 2994 569 3038 tres
591 2978 872 3035 nominare
896 2982 1116 3047 possent
1139 2968 1445 3041 pluraliter.
1475 2962 1650 3020 Graeci
1678 2959 1896 3030 quidem

317 3090 509 3132 nomen
530 3069 872 3134 substantiae,
906 3064 1081 3121 Latini
1112 3078 1242 3118 vero
1265 3073 1461 3115 nomen
1490 3067 1763 3126 personae;
1803 3047 1898 3105 sed

317 3178 375 3223 ut
394 3166 619 3223 omnino
674 3162 816 3234 quod
849 3175 948 3216 nos
978 3158 1049 3213 ibi
1078 3138 1425 3224 intelligimus
1449 3165 1545 3221 per
1583 3156 1896 3215 personam,

319 3263 419 3317 hoc
447 3259 547 3329 ipsi
593 3266 649 3314 et
706 3270 813 3311 non
844 3253 989 3309 aliud
1026 3248 1331 3319 intelligant
1374 3260 1470 3315 per
1516 3236 1897 3297 substantiam.

323 3352 474 3407 Sicut
501 3364 631 3420 ergo
684 3361 783 3401 nos
826 3344 1058 3400 dicimus
1083 3341 1137 3395 in
1184 3339 1295 3393 Deo
1330 3350 1492 3391 unam
1543 3326 1900 3387 substantiam

320 3460 439 3501 esse
468 3453 581 3498 tres
617 3452 906 3512 personas,
952 3436 1025 3490 ita
1066 3434 1140 3490 illi
1186 3433 1373 3488 dicunt
1400 3442 1564 3483 unam
1615 3434 1902 3493 personam

322 3554 439 3596 esse
487 3551 598 3594 tres
646 3533 995 3598 substantias,
1029 3528 1163 3586 nihil
1195 3543 1225 3582 a
1282 3524 1441 3581 nobis
1467 3522 1679 3577 diverse
1707 3511 1904 3569 intelli-

322 3643 511 3705 gentes
566 3641 660 3685 aut
713 3629 1015 3685 credentes.
1050 3621 1317 3691 Quoniam
1369 3616 1512 3671 enim
1542 3625 1647 3666 non
1671 3607 1908 3662 habeant

324 3725 542 3780 nomina
592 3722 793 3794 quibus
840 3716 1058 3791 preprie
1102 3714 1220 3769 illos
1262 3720 1374 3765 tres
1426 3704 1813 3777 signiﬁcarent.
1847 3704 1906 3750 ut

318 3816 429 3884 jam
459 3814 594 3879 dixi,
628 3820 686 3866 ut
732 3790 904 3867 ϐιαὲεί
940 3808 1187 3863 dicerent
1227 3816 1347 3857 esse
1386 3808 1496 3854 tres
1544 3790 1905 3853 substantias,

324 3920 422 3961 nos
468 3916 601 3956 vero
657 3908 765 3954 tres
809 3910 1093 3968 personas,
1129 3893 1394 3948 dederunt
1446 3889 1498 3943 in
1542 3885 1654 3941 Deo
1698 3881 1909 3937 duobus

326 3993 637 4051 nominibus
668 3990 813 4044 illam
853 3984 1332 4059 signillcationem,
1360 3992 1527 4049 quam
1557 3977 1611 4031 in
1645 3973 1750 4029 illis
1784 3970 1906 4042 plu-

328 4089 480 4143 ribus
508 4082 907 4152 iutelligebant,
953 4093 1052 4132 nec
1085 4091 1185 4130 suo
1228 4073 1448 4128 nomine
1477 4069 1722 4139 proferre
1755 4072 1910 4133 pote-

327 4188 469 4235 rant.
504 4174 657 4230 Sicut
722 4173 891 4245 igitur
923 4186 1024 4225 nos
1051 4168 1280 4223 dit-imus
1320 4163 1449 4234 quia
1476 4162 1583 4216 alia
1618 4168 1704 4214 est
1728 4170 1912 4226 perso-

326 4286 394 4326 na
433 4266 639 4325 Patris.
691 4263 795 4317 alia
828 4262 973 4327 Filii,
1004 4261 1109 4314 alia
1146 4257 1383 4325 Spiritus
1412 4251 1613 4316 sancti,
1644 4259 1699 4304 et
1750 4248 1803 4302 in
1844 4261 1911 4302 eo

328 4362 545 4432 quidem
574 4356 718 4427 quod
769 4355 1014 4410 aliusest
1041 4351 1211 4407 Filius
1254 4348 1349 4402 Dei
1396 4362 1426 4399 a
1479 4344 1662 4405 Patre,
1695 4354 1800 4394 non
1828 4346 1914 4392 est

328 4426 464 4506 alius
496 4464 527 4503 a
555 4426 693 4503 Filio
735 4443 997 4515 Virginis,
1031 4441 1126 4497 sed
1154 4440 1292 4495 idem
1343 4437 1458 4505 ipse
1504 4433 1644 4488 idem
1675 4442 1779 4493 est,
1806 4426 1911 4482 alia

331 4557 563 4614 persona
586 4547 672 4594 est
703 4553 733 4590 a
775 4535 959 4599 Patre,
984 4543 1038 4588 et
1065 4548 1171 4612 non
1195 4529 1298 4584 alia
1323 4544 1353 4581 a
1380 4526 1517 4582 Filio
1534 4522 1791 4593 Virginis,
1816 4517 1911 4574 sed

330 4635 519 4691 eadem
546 4643 811 4704 persona:
846 4628 921 4683 ita
947 4624 1124 4681 Graeci
1148 4609 1360 4677 dicunt
1390 4619 1514 4688 quia
1565 4614 1829 4676 Verbum,
1861 4609 1915 4664 id

330 4738 413 4785 est
436 4729 613 4783 Filius.
626 4727 744 4790 Dei,
773 4723 877 4778 alia
904 4716 1205 4776 substantia
1224 4723 1312 4771 est
1337 4730 1369 4767 a
1388 4711 1574 4774 Patre,
1594 4716 1651 4763 et
1674 4721 1781 4761 non
1810 4701 1917 4755 alia

332 4827 398 4879 ab
452 4822 673 4877 homine
715 4822 1013 4885 assumpto.
1062 4809 1289 4887 Quando
1332 4819 1463 4874 ergo
1508 4800 1814 4857 invenimus
1862 4794 1917 4849 in

333 4913 726 4969 catholicorum
755 4908 977 4963 Patrum
1005 4901 1230 4972 scriptis
1269 4899 1452 4970 plures
1497 4904 1725 4948 naturas
1771 4901 1917 4952 esse,

336 5023 500 5061 unam
541 5002 907 5060 substantiam
931 4999 985 5053 in
1013 4995 1256 5057 Christo,
1288 5000 1344 5047 et
1369 4988 1587 5059 quando
1613 4982 1924 5040 invenimus

338 5100 522 5170 plures
551 5093 884 5151 substantias
923 5104 1065 5154 esse,
1122 5100 1285 5140 unam
1319 5093 1607 5153 personam
1633 5090 1747 5131 non
1769 5086 1925 5128 eum-

338 5193 458 5246 dem
491 5203 709 5245 sensum
754 5185 807 5240 in
844 5181 1062 5239 nomine
1091 5176 1407 5235 substantia:
1457 5169 1794 5241 accipimus;
1827 5162 1923 5217 sed

340 5300 461 5339 cum
505 5282 740 5337 dicimus
785 5291 949 5332 unam
976 5269 1355 5333 substantiam,
1380 5266 1433 5320 id
1461 5264 1638 5334 ipsum
1667 5255 1924 5323 intelligi-

342 5391 462 5430 mus
489 5372 635 5443 quod
661 5386 757 5442 per
787 5383 982 5424 nomen
1028 5377 1294 5435 personae.
1348 5357 1483 5413 Cum
1522 5368 1652 5407 vero
1694 5348 1926 5405 dicimus

344 5465 524 5539 plures
552 5477 672 5517 esse
699 5457 1035 5515 substantias
1068 5454 1123 5508 in
1158 5466 1246 5517 eo,
1274 5461 1564 5520 personam
1612 5454 1799 5505 unam,
1824 5440 1927 5493 hoc

344 5556 709 5628 signiﬁcamus
736 5566 832 5622 per
864 5562 1064 5605 nomen
1093 5541 1410 5601 substantia:
1435 5536 1578 5610 quod
1604 5550 1701 5606 per
1730 5518 1935 5588 nomen

416 5710 530 5782 (50)
571 5710 650 5782 ξι
672 5723 775 5782 ms_.
810 5703 1124 5782 monasterii
1149 5696 1503 5782 Chislemaiti.

418 5760 533 5861 ζέἤ
572 5760 1315 5861 Cetlevlettre.nfappartien‘t
1337 5766 1535 5861 point|a
1562 5764 1621 5820 S.
1654 5760 1924 5861 Angitiae.

349 5832 536 5926 Cevqni
572 5832 613 5906 ti
626 5832 843 5920 itrompé
875 5832 1122 5903 l'éditétir
1158 5844 1305 5899 .c‘est
1338 5832 1448 5912 que
1478 5837 1527 5893 le
1557 5850 1680 5893 nom
1707 5832 1772 5890 de
1794 5832 1939 5894 l'ana

1581 361 1717 418 LIB.
1741 357 1829 413 IV.
1860 346 2081 408 EPIST.
2109 341 2242 402 ενι.

1980 662 2125 708 nam,
2154 639 2400 714 quamvis
2426 636 2529 691 hac
2557 645 2679 686 raro
2712 621 2890 687 Latini
2936 617 3157 672 faciant.
3190 613 3343 682 Quod
3376 619 3559 665 autem

1980 736 2152 797 Gneci
2186 734 2373 790 dicant
2406 728 2459 783 in
2502 720 2732 779 Domino
2773 726 2936 769 unam
2968 720 3278 779 personam,
3304 714 3416 760 tres
3438 703 3564 758 sub-

1980 829 2235 894 stantias,
2276 828 2523 897 testatur
2574 816 2764 869 beatus
2812 806 3145 874 Augustinus
3198 802 3253 857 in
3284 800 3426 854 libro
3487 796 3565 851 De

1982 923 2267 977 Trinitate.
2292 915 2419 970 Hzec
2447 908 2622 971 vobis,
2658 905 2876 968 fratres,
2903 900 3233 972 petentibus,
3268 888 3565 948 secundum

1982 1016 2127 1087 quod
2157 1006 2398 1068 intellexi
2441 999 2795 1074 qumstionem
2848 995 2989 1048 inter
3039 1005 3138 1044 vos
3187 983 3390 1039 versari
3423 978 3567 1034 suﬁi-

1989 1110 2200 1165 cienter
2226 1112 2357 1176 puto
2394 1112 2482 1154 me
2529 1090 2904 1163 respondisse,
2928 1084 3176 1156 quamvis
3212 1078 3315 1134 dici
3361 1075 3568 1146 possint

1982 1200 2135 1271 plura
2174 1167 2244 1251 de
2273 1190 2543 1271 Trinitate
2571 1192 2625 1240 et
2666 1178 2996 1251 pluralitate,
3033 1172 3301 1245 quomodo
3330 1167 3566 1223 Verbum

1984 1306 2149 1348 unum
2193 1288 2268 1344 sit
2297 1265 2421 1342 eum
2449 1281 2613 1336 Patre
2651 1281 2707 1329 et
2753 1287 2861 1326 non
2904 1285 3062 1330 unus,
3094 1274 3148 1321 et
3199 1277 3322 1320 cum
3352 1257 3571 1315 homine

1983 1390 2259 1453 assumpto
2288 1391 2427 1433 unus
2453 1382 2509 1429 et
2535 1386 2638 1426 non
2671 1380 2857 1421 unum.
2896 1361 3084 1416 Valete

2542 1458 2874 1519 EPlSTOLA
2905 1452 3015 1511 CV.

2037 1579 2259 1624 ANSELIII
2319 1576 2389 1615 AD
2450 1567 2776 1613 ABBATISSAII
2826 1566 2877 1602 ιτ.
2924 1556 3148 1606 ειυερυε
3208 1547 3514 1593 CONGREGA-

2667 1635 2893 1678 TIUNEM.

2058 1733 2344 1786 Ansunus
2371 1722 2464 1777 Dei
2491 1715 2844 1788 dispositione
2866 1716 3092 1765 vocatus
3114 1696 3580 1768 archiepiscopus,

1916 1827 1957 1881 B
1985 1824 2219 1881 domina:
2244 1828 2298 1875 et
2343 1815 2503 1873 matri
2538 1807 2849 1866 reverenda:
2887 1799 3174 1856 abbatissa:
3211 1794 3273 1849 F.
3297 1801 3349 1846 et
3377 1795 3578 1843 sancta:

1985 1907 2387 1984 cengregalioni
2442 1903 2517 1959 illi
2568 1896 2873 1955 commissae
2923 1891 2976 1945 in
3030 1885 3317 1941 sanctitate
3365 1891 3580 1947 semper

1983 2005 2271 2080 proﬁcere,
2337 2010 2392 2056 et
2421 1997 2488 2052 ad
2514 1987 2902 2050 beatitudinem
2933 1980 3040 2055 [al.
3094 1972 3346 2046 semper]
3381 1969 3584 2041 pertin-

1986 2114 2135 2169 gere.

2057 2186 2314 2258 Quamvis
2337 2190 2575 2238 vestrum
2604 2180 2849 2229 sanctum
2869 2160 3104 2220 studium
3149 2173 3266 2214 mea
3292 2150 3586 2209 monitione

1990 2299 2094 2339 non
2106 2287 2285 2353 egeat,
2300 2275 2445 2347 cogit
2467 2286 2550 2326 me
2569 2279 2681 2322 tum
2699 2264 2794 2337 [al.
2815 2257 3021 2329 tamen]
3035 2252 3251 2309 dilectio
3272 2255 3585 2321 quam'erga

2001 2393 2096 2431 vos
2122 2374 2294 2429 habeo
2314 2379 2364 2425 et
2403 2364 2635 2422 oﬁicium
2656 2333 2857 2420 meum,
2876 2362 2933 2406 ut
2955 2348 3106 2404 vobis
3124 2347 3189 2399 ad
3221 2342 3343 2416 [al.,
3365 2333 3588 2407 aliquid]

1996 2463 2337 2524 exhortando
2381 2458 2642 2514 scribam.
2693 2446 3050 2505 Considerate
3078 2438 3432 2492 incessanter,
3468 2426 3592 2481 ﬁlia:

1996 2573 2051 2617 et
2075 2572 2292 2615 sorores
2319 2566 2451 2607 mea:
2478 2525 2868 2604 dilectissimzn,
2895 2533 3038 2606 quod
3085 2531 3139 2584 in
3172 2526 3366 2582 cmlum
3396 2534 3592 2591 pr0po-

1994 2649 2183 2705 suistis
2226 2654 2282 2700 et
2323 2641 2433 2710 iam
2462 2632 2763 2705 inccepistis
2783 2625 3100 2687 ascendere,
3143 2626 3201 2672 ιιι
3232 2615 3303 2671 ibi
3334 2608 3591 2682 regnetis,

1997 2748 2051 2794 et
2081 2733 2355 2807 regnando
2378 2724 2660 2801 gaudeatis
2691 2734 2811 2776 cum
2838 2713 3068 2770 Domino
3097 2720 3152 2763 et
3182 2704 3361 2758 amico
3409 2710 3592 2754 vestro

1995 2830 2121 2887 .lcsu
2140 2788 2511 2888 Christo:qui
2561 2814 2632 2869 ibi
2692 2824 2791 2863 vos
2837 2806 3118 2872 exspectat
3147 2805 3201 2850 et
3223 2788 3594 2861 exspectando

1998 2918 2217 2973 assidue
2246 2880 2462 2966 invitat:
2518 2901 2727 2970 Quippe
2768 2892 3012 2964 quandiu
3069 2888 3230 2943 homo
3282 2880 3439 2943 vivit,
3499 2882 3595 2929 aut

2000 3004 2243 3063 ascendit
2272 3002 2325 3055 in
2373 2967 2570 3053 coelum
2620 2967 2758 3045 bene
2780 2982 3031 3045 vivendo,
3074 2986 3171 3031 aut
3218 2969 3495 3029 descendit
3538 2967 3596 3019 iu

2002 3096 2274 3151 infernum
2301 3087 2438 3143 male
2465 3080 2713 3138 vivendo.
2748 3076 2806 3132 Si
2831 3089 2961 3144 ergo
2985 3070 3052 3125 ad
3076 3068 3221 3139 illud
3240 3057 3598 3135 preposuistis

1927 3183 1972 3243 C
2002 3200 2059 3244 et
2078 3185 2239 3240 vultis
2269 3179 2599 3253 pertingere,
2628 3184 2852 3226 necesse
2879 3172 2962 3221 est
2986 3176 3085 3216 vos
3111 3157 3316 3214 sanctis
3363 3150 3592 3207 actioni-

2005 3281 2104 3333 bus
2133 3275 2230 3349 [αἱ.
2265 3244 2725 3332 accusationibus]
2750 3258 2874 3313 illuc
2924 3252 3079 3323 quasi
3130 3244 3452 3318 quibusdam
3475 3256 3601 3310 paso

2005 3370 2155 3427 sibus
2193 3363 2477 3435 proﬁcere.
2513 3356 2809 3425 Diligenter
2838 3362 2967 3414 ergo
3003 3345 3125 3395 vitm
3150 3348 3344 3393 vestrze
3375 3334 3609 3389 cursum

2008 3460 2284 3522 discutite,
2331 3464 2389 3509 ut
2421 3450 2519 3524 [al.
2548 3423 2723 3517 animi
2764 3458 2870 3497 non
2906 3439 3081 3495 solum
3115 3435 3166 3488 in
3199 3430 3474 3502 operibus,
3506 3423 3603 3479 sed

2006 3556 2172 3610 etiam
2196 3551 2248 3606 in
2278 3547 2480 3609 verbis,
2508 3558 2606 3598 nec
2635 3538 2813 3595 solum
2838 3535 2891 3589 in
2920 3531 3028 3597 bis,
3060 3526 3151 3583 sed
3178 3535 3231 3581 et
3262 3526 3314 3578 in
3341 3519 3593 3576 omnibus

2007 3640 2445 3714 cogitationibus,
2484 3649 2552 3689 ne
2581 3632 2719 3686 forte
2753 3642 2876 3683 cum
2909 3624 2963 3678 in
2988 3619 3242 3675 omnibus
3270 3615 3354 3668 bis
3379 3623 3603 3679 semper

2009 3697 2248 3790 debeatis
2283 3697 2495 3786 sursum
2551 3722 2769 3779 tendere
2811 3715 2915 3789 [al.
2971 3704 3314 3777 ascendere],
3348 3701 3491 3756 aliud
3529 3697 3602 3752 ibi

2013 3826 2323 3884 inveniatur
2344 3820 2488 3891 quod
2515 3826 2598 3872 est
2622 3814 2793 3883 magis
2818 3805 3170 3865 descendere.
3200 3796 3352 3865 Quod
3383 3795 3426 3849 si
3458 3792 3605 3846 bene

2013 3918 2174 3973 vultis
2197 3878 2492 3974 custodire,
2516 3878 2740 3977 expedit
2764 3910 2823 3956 ut
2848 3911 3065 3966 semper
3096 3890 3278 3946 videre
3308 3884 3405 3959 [al.
3432 3878 3608 3950 omil.[

2011 4008 2261 4081 cogitetis
2295 4005 2392 4078 [al.
2410 4000 2562 4072 illud]
2585 3974 2729 4069 quod
2754 3993 3036 4049 verissime
3054 3987 3316 4053 scriptum
3336 3988 3420 4033 est
3454 3994 3466 4029 :
3498 3974 3605 4041 Qui

2012 4066 2215 4157 utgdica
2228 4066 2420 4169 sparnit
2434 4066 2689 4164 paulatim
2703 4079 3092 4151 decidit(Eccli.
3110 4093 3194 4131 xu
3207 4076 3249 4141 ,1
3265 4074 3305 4142 ),
3324 4070 3413 4141 qui
3429 4066 3585 4139 paula

2015 4192 2109 4246 tim
2131 4161 2329 4245 decidit
2359 4161 2463 4240 non
2491 4180 2705 4254 proﬁcit
2732 4175 2828 4233 sed
2861 4171 3063 4236 deﬁcit,
3098 4176 3153 4222 et
3180 4165 3271 4235 qui
3296 4161 3476 4217 deﬁcit
3500 4173 3607 4212 non

2016 4280 2281 4343 ascendit,
2307 4276 2402 4333 sed
2433 4252 2731 4330 descendit.
2765 4267 2878 4321 lloc
2904 4276 3034 4331 ergo
3063 4266 3248 4316 curate
3270 4252 3522 4315 sollicite,
3553 4256 3613 4303 ut

2015 4373 2152 4428 nihil
2194 4382 2301 4426 tam
2334 4383 2558 4439 parvum
2581 4366 2652 4420 sit
2678 4360 2821 4432 quod
2854 4358 2921 4412 de
2952 4353 3147 4410 ordine
3176 4357 3360 4403 vestro
3387 4344 3473 4399 ubi
3513 4358 3613 4395 vos

2020 4467 2161 4521 Deus
2181 4431 2358 4532 posuit
2380 4456 2654 4527 negligere
2674 4431 2852 4505 velitis
2876 4455 2930 4501 et
2949 4444 3026 4498 sic
3052 4438 3257 4496 sanctis
3282 4434 3533 4507 passibus
3556 4431 3613 4484 in

1948 4575 1992 4633 ι)
2020 4557 2242 4622 ctelum,
2268 4555 2413 4626 quod
2441 4524 2645 4605 utinam
2674 4544 2786 4598 Deo
2809 4538 3099 4607 adjuvante
3138 4531 3251 4590 ﬁat.
3279 4524 3612 4583 ascendetis.

2020 4647 2173 4717 Quod
2213 4619 2395 4715 tit-per
2417 4656 2501 4695 me
2525 4637 2631 4711 [al.
2663 4648 2773 4688 oro
2803 4638 2861 4683 ut
2888 4641 2986 4696 pro
3016 4620 3124 4693 me]
3154 4619 3344 4682 oretis,
3382 4622 3437 4668 et
3466 4619 3619 4665 tanto

2023 4710 2314 4803 attentius,
2337 4710 2539 4804 quanto
2568 4724 2719 4783 scitis
2742 4736 2829 4775 me
2867 4718 2934 4773 de
2963 4710 3254 4770 dilectione
3278 4714 3456 4759 vestra
3482 4714 3614 4754 con-

2026 4832 2215 4897 lidere,
2267 4825 2528 4898 quoniam
2583 4827 2857 4885 nunquam
2881 4802 3106 4876 cognovi
3138 4812 3224 4854 me
3250 4793 3421 4865 magis
3448 4804 3616 4861 quam

2024 4936 2168 4979 nunc
2188 4916 2530 4977 orationibus
2561 4909 2827 4977 indigere.

2560 4992 2891 5058 EPISTOLA
2922 4988 3055 5043 CVI.

2585 5104 2653 5142 AD
2688 5091 3075 5140 ςιδιειιειιτυιι.

2382 5180 2461 5234 De
2504 5179 2838 5230 sacramento
2883 5162 3069 5218 altaris
3120 5155 3261 5229 (50).
3332 5200 3339 5207 .

2103 5274 2333 5332 Domino
2361 5272 2426 5328 G.
2475 5258 2830 5342 [Gisleberto]
2868 5255 3069 5317 abbati,
3106 5250 3235 5305 olim
3296 5240 3624 5300 charissima

2034 5330 2343 5433 lilio,nunc
2389 5330 2500 5417 Deo
2548 5351 2783 5429 prOpitio
2812 5330 3109 5403 venerabili
3139 5337 3313 5403 Patri,
3340 5335 3510 5389 frater
3551 5330 3618 5382 A.

2031 5459 2340 5535 [Anselmus
2368 5448 2526 5524 (51)].

2102 5552 2177 5606 De
2199 5558 2425 5616 corpore
2448 5549 2503 5597 et
2548 5534 2811 5607 sanguine
2858 5525 3067 5585 Domini
3095 5517 3330 5592 iussisti,
3353 5524 3622 5571 veneran-

2035 5694 2152 5741 teur
2208 5682 2294 5752 n’y
2358 5686 2442 5734 est
2512 5669 2735 5752 desiqu
2773 5681 2880 5736 que
2931 5676 3050 5752 par.
3081 5674 3150 5712 un
3200 5654 3265 5752 il.
3322 5650 3430 5729 Sur.
3472 5641 3624 5752 (ιιιιιιπίε

2748 5739 2774 5752 ’⁵
2818 5738 2850 5752 ’⁸
2898 5734 3027 5752 “ﬂ”
3061 5744 3142 5752 -υ-
3201 5743 3212 5752 -
3257 5740 3282 5752 η
3311 5731 3496 5752 nan-nn
3528 5728 3556 5752 ιι
3593 5727 3624 5752 σε

2036 5716 2143 5741 ιυυι
2208 5716 2241 5737 II
2358 5716 2442 5734 huc
2514 5716 2623 5730 \lw-
2668 5716 2732 5725 --ν
2816 5716 2875 5721 v—v

2033 5716 2413 5823 conjectuyrant
2430 5744 2570 5823 gu‘il
2601 5716 2858 5823 εἶξιιὶίίξῆ
2887 5716 3165 5790 Αἶιευιιιιε,
3200 5725 3285 5779 ila
3311 5716 3625 5823 (:Iorlijecture

2539 5817 2550 5823 ·
2633 5813 2643 5823 ⁵
2673 5812 2683 5823 ·
2727 5811 2759 5823 ⁸-
2799 5806 2897 5823 ⁸⁸η
2932 5812 2999 5823 -μι
3078 5810 3283 5823 ..λ-...ιςη
3314 5792 3326 5823 ἶ
3424 5802 3449 5823 η
3482 5797 3624 5823 ιιιξιιυδ,

2034 5785 2413 5823 υυιυῠυιυιηιηι
2438 5785 2508 5815 qu
2534 5785 2570 5799 ..
2602 5785 2643 5797 ν.
2686 5785 2855 5796 ,......--
2887 5785 2993 5787 --νι
3151 5785 3160 5790 _
3418 5785 3425 5786 ί

2034 5825 2180 5884 aussi
2202 5838 2306 5896 que
2338 5820 2387 5878 le
2418 5818 2461 5875 (ἓ
2509 5785 2763 5886 signiiiait
2797 5806 3027 5869 Gilbert,
3074 5810 3283 5855 comme
3314 5790 3349 5845 il
3384 5785 3451 5843 l‘a
3482 5797 3624 5858 marg
