4014 6304
482 299 593 357 259

1014 428 1354 487 EPISTOLA
1394 427 1530 484 CXI.

954 539 1178 579 ΑΝεεωιι
1215 539 1283 576 AD
1319 538 1592 577 ιιυοοΝεδι.

500 617 760 689 Ilugonem
792 616 1135 679 monachum,
1168 632 1207 689 a_
1246 632 1349 686 quo
1388 632 1443 669 se
1489 614 1711 689 multum
1754 613 1931 689 amari
1971 630 2073 689 au-

554 684 746 750 dierat,
775 688 1018 740 hortatur
1044 696 1098 739 ut
1121 684 1304 755 culpas
1336 702 1460 739 suas
1486 702 1577 738 nec
1603 684 1751 747 celet,
1782 700 1874 737 nec
1897 684 2075 755 defen-

552 762 664 822 dat,
700 769 753 810 ut
784 773 875 810 cor
901 773 1057 810 suum
1086 756 1265 810 abbati
1293 772 1388 810 suo
1410 765 1585 822 patere
1609 770 1811 825 semper
1844 754 1984 819 velit,
2026 764 2073 807 et

549 829 791 901 proprios
820 844 1005 881 sensus
1032 827 1341 880 obedientia:
1361 826 1691 892 post/tabeat.

551 924 838 978 Anszcuus
894 920 1365 991 archiepiscopus,
1405 918 1563 973 fratri
1612 926 1668 972 et
1721 914 1834 971 filio
1871 915 2077 971 charis-

483 1016 622 1071 simo
649 1013 881 1077 Hucost,
912 1011 1142 1067 salutem
1176 1019 1231 1065 et
1262 1008 1694 1065 benedictionem

557 1108 785 1163 Domino
851 1105 1045 1159 abbate
1112 1102 1379 1158 referente
1434 1101 1597 1156 didici
1654 1100 1799 1170 quod
1865 1106 2071 1153 tantam

483 1217 612 1271 erga
639 1216 723 1255 me
751 1198 959 1254 habeas
987 1196 1330 1251 dilectionem
1372 1202 1430 1248 ut
1475 1208 1597 1248 cum
1636 1206 1896 1263 prospera
1950 1206 2073 1245 mea

485 1293 663 1357 audis,
696 1291 853 1347 valde
881 1288 1198 1361 gratuleris,
1244 1296 1298 1342 et
1340 1302 1463 1342 cum
1500 1286 1730 1340 adversa
1767 1284 2075 1354 cognoscis,

488 1385 714 1440 multum
774 1381 1149 1445 contristeris,
1217 1388 1272 1434 et
1315 1393 1410 1434 cor
1464 1387 1612 1432 tuum
1669 1385 2078 1433 commoveatur

485 1478 745 1531 adversus
779 1488 895 1540 eos,
938 1490 967 1527 a
1016 1471 1213 1542 quibus
1257 1469 1575 1540 contingere
1624 1468 1796 1523 sentis
1835 1467 2074 1536 aliquam

485 1568 868 1623 adversitatem
899 1565 1050 1628 mihi,
1084 1571 1138 1618 et
1170 1563 1296 1632 quia
1324 1577 1423 1631 pro
1457 1574 1543 1616 me
1573 1575 1733 1615 orare
1758 1575 1857 1630 pro
1898 1560 2076 1629 possi-

489 1661 699 1715 hilitate
729 1670 816 1713 tua
852 1674 956 1712 non
987 1658 1212 1712 desinis.
1248 1655 1513 1723 Quoniam
1539 1670 1670 1724 ergo
1709 1662 1856 1708 tanta
1890 1653 1964 1707 tui
1994 1662 2077 1708 est

1028 295 1085 352 S.
1115 290 1414 351 ΑΝδεωιι
1448 288 1804 348 CANTUAR.
1842 284 2163 345 ARCHIEP.
2207 285 2361 343 OPP.
2401 286 2585 344 PARS
2610 287 2697 343 III.
2733 315 2802 329 ——
2837 282 3225 342 EPISTOLA‘I.

1150 386 1349 475 mm
1394 427 1530 475 CXL
1636 392 1641 398 “
2107 412 2150 469 Α
2182 404 2444 460 dientiam
2488 405 2543 460 in
2588 404 2843 461 omnibus
2879 403 3098 459 actibus
3126 387 3406 475 praeferas,
3445 386 3611 459 et'ea
3655 410 3797 475 qua!

3666 287 3776 344 260
3794 280 3801 295 ³

2175 511 2339 565 supra
2369 496 2478 551 dixi
2505 496 2765 550 memoria
2796 504 3057 566 perpetua
3090 503 3299 558 teneas,
3335 502 3392 549 et
3423 508 3590 564 opere
3619 509 3774 549 com-

2176 587 2325 658 plere
2356 588 2649 644 efﬁcaciter
2676 589 2923 643 studeas.
2959 588 3315 657 Omnipotens
3341 586 3485 643 Deus
3511 603 3624 642 sua:
3647 596 3797 658 gra-'

2178 678 2267 733 tite
2292 678 2674 734 benedictione
2697 688 2750 733 te
2773 679 2826 733 in
2851 677 3105 733 omnibus
3136 692 3350 749 semper
3370 677 3592 749 dirigat,
3623 687 3677 733 et
3707 678 3774 732 ab

2173 768 2323 825 omni
2352 768 2494 824 malo
2521 770 2812 825 custodiat.
2840 770 3034 826 Amen.

2695 858 3036 915 EPISTOLA
3073 857 3233 915 CXII.

2618 964 2842 1003 ANSELMI
2881 964 2948 1002 AD
2978 963 3331 1004 WILLEBIUM.

2177 1036 2511 1093 Willermum
2550 1040 2777 1092 amicum
2814 1055 2967 1093 suum
3008 1049 3179 1092 monet
3215 1049 3272 1092 ut
3320 1038 3427 1093 Deo
3474 1039 3540 1092 sit
3570 1056 3775 1106 semper

2249 1125 2503 1177 prtesens,
2555 1119 2603 1163 et
2652 1111 2728 1163 sic
2758 1118 2920 1163 seruet
2961 1125 3112 1162 suam
3141 1109 3495 1175 dilectionem,
3536 1122 3592 1163 ut
3632 1111 3774 1163 omni

2248 1180 2426 1233 studio
2454 1190 2671 1232 conetur
2698 1196 2876 1233 cavere
2901 1178 2997 1233 Dei
3025 1181 3388 1249 o/fensionem.

2254 1270 2542 1325 Assswus
2581 1270 3047 1340 archiepiscopus,
3084 1271 3286 1327 dilecto
3327 1272 3439 1327 lilio
3484 1286 3585 1327 suo
3625 1269 3777 1325 WIL-

2180 1375 2379 1427 Lenuo,
2413 1360 2642 1415 salutem
2672 1368 2732 1416 et
2757 1361 3191 1416 benedictionem
3218 1362 3309 1417 Dei
3336 1372 3392 1418 et
3417 1378 3597 1417 suam.

2260 1454 2532 1524 Expertus
2567 1468 2687 1506 sum
2743 1460 2796 1508 te.
2840 1468 3040 1524 magno
3087 1456 3158 1524 ζει
3207 1454 3400 1509 intimo
3447 1453 3647 1509 affectu
3694 1468 3779 1508 me

2179 1545 2428 1615 diligere,
2464 1554 2525 1599 et
2571 1545 2691 1599 ideo
2722 1560 2828 1598 non
2858 1559 3078 1615 possum
3124 1545 3198 1598 tui
3247 1545 3557 1601 dilectionis
3599 1545 3773 1599 vicem

2182 1650 2292 1690 non
2351 1633 2601 1689 reddere.
2654 1632 2845 1704 Diligis
2903 1649 2988 1688 me
3032 1642 3090 1688 ut
3142 1633 3359 1690 Patrem
3415 1639 3469 1689 in
3519 1637 3655 1702 Deo,
3689 1635 3776 1690 cui

484 1767 613 1822 erga
654 1767 738 1805 me
768 1750 1008 1811 dilectio,
1050 1750 1093 1803 si
1145 1758 1194 1804 lc
1239 1764 1342 1802 non
1377 1746 1565 1817 diligo,
1590 1761 1675 1800 me
1713 1746 1888 1815 ipsum
1932 1745 2072 1815 inju-

2194 1736 2356 1782 Lotum
2385 1736 2438 1781 te
2468 1726 2588 1781 sine
2630 1724 2976 1780 simulatione
3006 1725 3356 1791 commisisti,
3406 1734 3461 1781 et
3495 1741 3598 1797 ego
3636 1736 3691 1782 te
3722 1738 3779 1779 ut

486 1843 853 1911 stumjudico.
888 1842 955 1896 Et
980 1841 1105 1911 quia
1137 1855 1263 1894 vera
1297 1840 1520 1895 dilectio
1571 1837 1720 1892 illum
1758 1854 1921 1908 quem
1952 1838 2074 1892 dili-

483 1937 562 2006 git
590 1950 806 2006 semper
835 1934 1099 2004 proficere
1121 1934 1418 1998 desiderat,
1463 1933 1669 1987 idcirco
1697 1940 1750 1985 te
1780 1934 1991 1995 hortor,
2019 1942 2074 1987 et

485 2042 682 2084 moneo
709 2036 767 2082 ut
797 2040 951 2081 mens
978 2037 1067 2080 tua
1096 2041 1312 2096 semper
1337 2026 1405 2079 ad
1437 2025 1660 2081 meliora
1690 2041 1752 2080 se
1778 2025 2075 2079 extendere

483 2108 723 2176 studeat.
771 2118 928 2185 Quod
985 2119 1028 2173 si
1073 2119 1270 2188 qua-ris
1315 2118 1599 2172 consilium
1656 2116 1932 2187 quomodo
1973 2117 2074 2171 hoc

482 2211 659 2282 possis
691 2208 893 2274 facere,
923 2209 1300 2263 monachicum
1326 2209 1664 2279 propositum
1692 2223 1856 2278 super
1884 2207 2070 2263 omnia

488 2302 665 2373 .‘ilige.
707 2300 860 2367 Quod
918 2310 1044 2355 tunc
1083 2302 1220 2355 bene
1260 2302 1535 2356 custodire
1579 2302 1809 2372 poteris,
1854 2301 1899 2356 si
1932 2316 2072 2355 nun-

482 2410 645 2463 quam
683 2394 894 2463 culpam
921 2407 1066 2451 tuam
1096 2405 1188 2448 aut
1217 2394 1400 2450 celare
1434 2404 1525 2449 aut
1570 2394 1861 2449 defendere
1890 2392 2074 2448 voluc-

483 2485 592 2549 ris;
620 2485 761 2538 sicut
786 2484 975 2553 vulpes
1008 2484 1192 2539 foveas
1222 2484 1424 2537 habent
1458 2484 1546 2539 ubi
1603 2484 1840 2539 latenter
1864 2484 2075 2539 catulos

483 2576 705 2643 pariunt
728 2585 784 2629 et
817 2576 1085 2640 nutriunt,
1137 2583 1191 2629 et
1222 2575 1363 2629 sicut
1393 2574 1640 2629 volucres
1678 2576 1836 2630 nidos
1872 2576 2074 2631 habent

484 2676 734 2734 patentes
774 2668 825 2721 in
854 2667 1053 2736 quibus
1086 2666 1261 2736 pullos
1288 2666 1498 2731 fovent,
1527 2668 1601 2721 ita
1632 2667 1829 2722 diaboli
1866 2666 2073 2722 faciunt

483 2756 697 2822 foveas,
730 2766 784 2812 et
815 2756 1178 2827 multiplicant
1206 2767 1428 2826 peccata
1458 2758 1512 2811 in
1543 2761 1709 2814 corde
1739 2759 1991 2824 celautis,
2018 2768 2074 2813 et

484 2849 755 2904 :edificant
786 2858 974 2919 aperte
1007 2850 1185 2913 nidos,
1233 2852 1285 2903 in
1324 2849 1521 2920 quibus
1561 2849 1815 2906 similiter
1849 2861 2069 2922 peccata

482 2950 779 3011 aggregant
812 2943 868 2994 in
903 2941 1068 2995 cordo
1115 2941 1477 2997 defendentis.
1511 2941 1644 2997 Vide
1680 2944 1844 3014 igitur
1874 2944 1917 2998 si
1964 2958 2070 2998 non

481 3030 566 3083 vis
588 3046 709 3084 esse
737 3030 914 3093 fovea,
947 3041 1037 3083 aut
1061 3031 1218 3085 nidus
1241 3032 1463 3096 diaboli,
1494 3048 1561 3087 ne
1591 3048 1827 3104 unquam
1860 3034 2070 3105 culpam

486 3132 634 3176 tuam
667 3122 810 3177 celes
842 3133 935 3176 aut
976 3122 1254 3177 defendas.
1306 3124 1413 3178 Cor
1454 3133 1601 3179 tuum
1644 3142 1861 3196 semper
1890 3136 2074 3196 pateat
2104 3123 2148 3183 C

488 3214 671 3269 abbati
734 3222 849 3278 tuo,
896 3221 953 3268 et
996 3214 1301 3284 ubicunque
1346 3214 1443 3280 sis,
1494 3232 1601 3270 non
1654 3217 1827 3271 solmn
1874 3232 2073 3288 corpus

492 3316 665 3372 tmun,
694 3307 789 3361 sed
816 3306 980 3361 etiam
1005 3307 1363 3378 cogitationes
1396 3319 1515 3363 tuas
1555 3311 1605 3363 iu
1639 3320 1933 3380 conspectu
1957 3312 2074 3382 ejus

485 3412 605 3452 esse
625 3398 909 3463 existima;
949 3408 1001 3451 et
1034 3399 1135 3453 hoc
1179 3398 1262 3453 fac
1300 3408 1356 3452 ct
1401 3400 1574 3469 cogita
1607 3400 1750 3468 quod
1782 3416 1971 3456 coram
2001 3418 2068 3457 eo

486 3488 667 3545 facere
690 3500 746 3545 et
774 3492 1012 3561 cogitare
1041 3508 1144 3545 non
1176 3492 1489 3546 erubescas.
1522 3491 1577 3546 Si
1613 3494 1716 3549 hoc
1749 3494 1965 3562 feceris,
2000 3496 2074 3549 ita

486 3582 656 3655 fugiet
695 3584 942 3639 diabolus
976 3584 1342 3640 habitaculum
1389 3590 1626 3656 pcetoris
1671 3589 1768 3653 tui,
1814 3589 1954 3643 sicut
1989 3587 2078 3642 fur

485 3676 623 3730 vitat
668 3676 884 3731 domum
938 3676 1081 3732 illius
1110 3678 1201 3747 qui
1256 3694 1380 3732 eum
1438 3696 1538 3736 nec
1585 3682 1767 3737 celare
1813 3680 1927 3733 vult
1978 3692 2077 3734 nec

487 3767 802 3824 defendere.
839 3769 895 3823 In
923 3770 1141 3823 domum
1189 3785 1422 3841 namque
1462 3773 1607 3829 illius
1657 3773 1797 3828 furta
1844 3788 1942 3828 sua
1989 3772 2079 3827 fur

493 3863 743 3923 attrahit,
774 3878 804 3916 a
835 3876 944 3932 quo
972 3877 1031 3917 se
1057 3862 1319 3918 abscondi
1354 3874 1445 3919 aut
1483 3865 1699 3921 defendi
1744 3864 1988 3921 confidit.
2018 3864 2076 3919 Si

489 3964 672 4010 autem
709 3956 814 4010 hoc
851 3956 994 4024 quod
1021 3955 1144 4012 dico
1172 3957 1224 4011 in
1254 3974 1351 4013 usu
1387 3959 1663 4025 habueris,
1691 3968 1816 4014 tunc
1841 3957 2080 4029 Spiritus

486 4057 706 4103 sanctus
752 4049 804 4103 in
835 4058 887 4102 te
917 4048 1310 4105 habitationem
1351 4066 1503 4106 suam
1550 4051 1732 4114 faciet,
1765 4066 1866 4106 nec
1905 4049 2079 4106 corri-

489 4141 689 4211 pietur,
740 4156 842 4196 nec
884 4142 1187 4213 e‘peIIetur
1235 4158 1265 4196 a
1309 4143 1728 4214 superveniente
1769 4144 2077 4214 iniquitate,

488 4234 583 4288 sed
612 4234 790 4288 bonus
821 4248 951 4290 usus
985 4246 1108 4289 tuus
1146 4252 1244 4305 per
1275 4235 1424 4290 illum
1455 4251 1484 4289 a
1517 4251 1576 4291 se
1617 4236 1844 4306 repellet
1882 4236 2078 4306 iniqui-

491 4334 680 4381 tatem.
711 4327 843 4394 Qua:
876 4342 964 4383 res
1009 4329 1059 4382 in
1096 4338 1305 4383 tantam
1339 4336 1695 4384 convertetur
1726 4328 1821 4383 tibi
1847 4328 2081 4383 delecta-

491 4419 693 4474 tionem
739 4428 799 4473 ιιι
846 4420 981 4474 nihil
1010 4421 1243 4485 dulcius,
1302 4422 1435 4477 nihil
1480 4436 1719 4491 unquam
1762 4420 2081 4477 existimare

493 4511 1012 4583 possisjucundius.
1062 4513 1173 4569 lloc
1202 4525 1389 4570 autem
1431 4515 1577 4585 quod
1628 4514 1750 4568 dico
1780 4512 2081 4584 intelligere

491 4618 596 4658 non
646 4606 870 4675 poteris,
927 4607 1028 4661 nisi
1055 4606 1129 4661 ‘in
1169 4616 1433 4675 quantum
1482 4608 1598 4678 ipso
1638 4625 1803 4681 opere
1844 4608 2077 4679 experiri

489 4695 744 4751 volucris.

560 4784 727 4843 Multa
768 4788 908 4843 bona
938 4789 1171 4844 donmus
1218 4789 1389 4845 abbas
1436 4789 1569 4844 mihi
1605 4789 1673 4845 de
1711 4790 2075 4848 adolescentia

491 4889 580 4935 tua
604 4880 810 4945 retulit,
844 4880 940 4936 sed
965 4897 1131 4936 unum
1155 4881 1364 4937 addidit
1392 4882 1536 4953 quod
1567 4884 1697 4940 mihi
1727 4885 1947 4955 placere
1969 4902 2074 4942 non

488 4974 663 5044 potuit
694 4972 942 5044 :jndicas
971 4975 1116 5029 enim
1148 4974 1338 5029 melius
1375 4980 1519 5046 quod
1547 4985 1673 5032 tuus
1713 4994 1910 5036 sensus
1929 4981 2081 5054 eligit

490 5081 652 5135 quam
698 5066 844 5137 quod
893 5066 1206 5121 obedientia
1242 5067 1432 5140 exigit.
1464 5069 1599 5124 Cum
1630 5072 1776 5126 enim
1809 5074 2080 5133 scribendi

491 5159 695 5215 habeas
747 5158 1054 5220 scientiam,
1109 5157 1287 5227 majus
1343 5160 1489 5217 aliud
1534 5162 1665 5233 quid
1716 5164 1811 5220 tibi
1864 5166 2083 5222 videtur

491 5265 654 5319 quam
695 5250 938 5305 scribere
979 5265 1076 5320 per
1108 5252 1493 5309 obedientiam.
1540 5254 1738 5311 Certus
1764 5273 1908 5329 ergo
1937 5268 2077 5323 esto,

490 5342 634 5410 quod
660 5343 856 5398 melior
874 5353 960 5398 est
1000 5360 1105 5399 una
1131 5343 1309 5399 oratio
1345 5346 1649 5403 obedientis
1683 5364 1847 5419 quam
1887 5352 2076 5408 decem

491 5432 659 5487 millia
704 5433 1015 5489 orationum
1064 5436 1487 5492 contemnentis.
1552 5436 1745 5494 Moneo
1790 5440 1973 5511 itaque
2020 5452 2079 5499 ut

493 5523 660 5579 tilium
702 5524 1084 5583 charissimum
1129 5536 1185 5583 et
1229 5527 1551 5585 dilectorem
1589 5546 1793 5588 meum.
1846 5541 1904 5590 ut
1950 5538 2079 5592 obe-

2184 1819 2374 1883 filium,
2421 1818 2514 1888 qui
2561 1818 2777 1872 sincera
2833 1818 3125 1873 dilectione
3184 1828 3237 1873 te
3285 1819 3521 1887 suscepi.
3568 1818 3615 1873 Α
3664 1817 3775 1873 Deo

2178 1911 2431 1980 accepisti
2452 1902 2615 1964 ut'me
2640 1896 2913 1980 diligeres,
2935 1922 2989 1965 et
3010 1926 3111 1980 ego
3129 1926 3159 1964 a
3186 1912 3296 1966 Deo
3321 1911 3497 1967 habeo
3527 1920 3585 1966 ut
3612 1920 3669 1966 te
3694 1911 3773 1967 sic

2177 2000 2483 2072 diligerem.
2516 2000 2786 2067 Quoniam
2816 2016 2944 2073 ergo
2973 2017 3038 2056 ex
3082 2002 3192 2058 Deo
3221 2011 3306 2059 est
3336 2014 3523 2058 mutua
3553 2004 3775 2059 dilectio

2177 2103 2388 2157 nostra,
2418 2107 2523 2146 non
2557 2102 2735 2162 potest
2759 2091 2950 2160 deleri,
2986 2108 3087 2148 nec
3115 2094 3306 2160 debet,”
3341 2095 3445 2149 nisi
3476 2096 3578 2151 hoc
3603 2094 3773 2149 faciat

2177 2188 2355 2258 aliqua
2400 2188 2452 2243 in
2486 2188 2655 2242 Deum
2685 2188 2935 2244 offensio.
2970 2189 3124 2245 Sicut
3158 2204 3288 2262 ergo
3320 2205 3496 2246 meam
3538 2190 3622 2244 vis
3658 2204 3774 2245 ser-

2176 2298 2308 2340 vare
2351 2283 2721 2348 dilectionem,
2777 2284 2849 2338 ita
2902 2283 3051 2338 omni
3107 2283 3287 2338 studio
3332 2298 3532 2338 conare
3585 2298 3780 2338 cavere

2179 2376 2272 2431 Dei
2313 2375 2689 2432 offensionem.
2724 2374 2896 2443 Dilige
2928 2382 2986 2427 ut
3035 2390 3120 2428 me
3160 2372 3377 2443 diligas,
3411 2372 3507 2427 sed
3536 2370 3661 2441 plus
3686 2370 3772 2425 di-

2179 2470 2286 2543 ligo
2319 2480 2379 2525 ut
2404 2471 2635 2540 teipsum
2677 2468 2891 2537 diligas.
2940 2466 3113 2537 Dilige
3137 2467 3389 2536 teipsum,
3422 2475 3477 2520 et
3505 2472 3774 2535 quantum

2178 2565 2244 2617 ad
2274 2563 2640 2626 dilectionem,
2670 2560 2863 2614 habeto
2890 2559 3175 2629 meipsum.
3207 2558 3336 2613 Esto
3360 2562 3571 2612 memor
3596 2556 3775 2612 moni-

2180 2656 2344 2710 tionis
2380 2670 2545 2719 meae;
2590 2663 2646 2707 ct
2689 2667 2907 2722 semper
2934 2651 3047 2705 eris
3075 2650 3384 2706 dilectionis
3413 2650 3528 2713 Dei,
3579 2658 3632 2703 et
3674 2649 3775 2704 suh

2179 2748 2270 2802 illa
2321 2762 2487 2809 meat;
2535 2760 2745 2815 nequeo
2787 2759 3005 2814 semper
3035 2744 3132 2799 tibi
3170 2759 3294 2800 esse
3328 2757 3587 2814 prmsens.
3634 2741 3777 2796 Deus

2180 2851 2232 2897 te
2257 2840 2551 2904 custodiat,
2586 2839 2675 2908 qui
2707 2837 2907 2908 ubique
2934 2852 3195 2909 praesens.
3241 2836 3432 2891 Moneo
3474 2846 3527 2891 te
3554 2843 3613 2889 ut
3637 2850 3778 2891 seni-

2177 2948 2273 3002 per
2303 2931 2378 2986 illi
2403 2931 2478 2987 sis
2503 2941 2765 3001 prmscns.
3116 2922 3119 2923 ⁷

2691 3039 3027 3098 EI’ISTOLA
3067 3039 3248 3097 CXIII.

2212 3150 2435 3190 ANSELSII
2479 3150 2546 3189 AD
2581 3150 2905 3190 IIERBEBTUM
2942 3147 3387 3188 TIIIOI-‘ORDENSEM
3427 3146 3746 3187 EPISCOPUI.

2179 3225 2492 3281 Herberlum
2516 3228 2814 3296 episcopum
2845 3224 3274 3296 Titiofordeasem
3307 3226 3553 3296 hortatur
3580 3236 3637 3278 ut
3660 3241 3781 3296 pre-

2248 3298 2480 3366 sbyteros
2511 3294 2737 3350 cencilio
2765 3294 3141 3357 inobedientes,
3169 3305 3215 3347 et
3256 3296 3344 3365 qui
3382 3294 3632 3366 feminas;
3661 3295 3779 3348 nol-

2247 3364 2351 3421 lent
2382 3368 2663 3432 dimittere,
2697 3383 2730 3418 a
2771 3367 2939 3420 sacris
2977 3364 3293 3429 prohiberet,
3325 3377 3372 3419 et
3424 3367 3493 3419 ad
3524 3364 3782 3419 ecclesia-

2247 3439 2380 3492 stica
2421 3440 2602 3491 munia
2639 3437 2774 3491 alios
2819 3452 2912 3490 seu
2955 3434 3172 3489 clericos
3219 3451 3311 3489 seu
3351 3434 3642 3490 monachos
3664 3435 3775 3490 illis

2252 3508 2607 3563 substitueret.

2250 3624 2556 3686 Axsuncs,
2591 3636 2784 3676 servus
2830 3620 3086 3675 Ecclesiae
3133 3619 3571 3685 Cantuariensis,
3637 3616 3782 3673 Han-

2180 3730 2356 3769 nsnro
2381 3716 2638 3784 episc0po
2667 3711 3078 3778 Thiofordensi,
3109 3712 3362 3767 salutem.

2252 3806 2328 3860 De
2362 3806 2720 3877 presbyteris,
2762 3807 2829 3861 de
2858 3806 3055 3875 quibus
3080 3805 3277 3874 quatrit
3320 3812 3499 3860 vestra
3536 3803 3787 3874 pruden-

2182 3898 2253 3952 tia
2283 3897 2595 3963 consilium,
2629 3897 2934 3968 respondeo
2974 3897 3104 3964 quia
3133 3896 3268 3951 nihil
3297 3895 3652 3951 relaxandum
3694 3903 3789 3950 est

2180 3990 2249 4045 de
2276 3989 2361 4044 his
2390 4004 2510 4058 quae
2531 3989 2830 4044 constituta
2858 3996 2986 4043 sunt
3007 3987 3062 4043 in
3093 3986 3344 4043 concilio.
3375 3986 3649 4054 Quoniam
3677 3986 3789 4056 ipsi

2181 4091 2364 4138 autem
2405 4082 2614 4137 malunt
2660 4083 2934 4139 dimittere
2958 4081 3222 4151 quidquid
3254 4081 3493 4151 pertinet
3537 4079 3608 4134 ad
3650 4094 3791 4151 pre-

2181 4175 2383 4248 sbyteri
2407 4176 2643 4233 oliicium
2667 4191 2830 4247 quam
2860 4173 2913 4229 fe
2926 4175 3120 4239 minas,
3150 4174 3197 4229 si
3226 4173 3395 4243 aliqui
3425 4172 3796 4229 inveniuntur

2180 4268 2341 4335 casti,
2375 4266 2583 4323 faciant
2604 4282 2704 4337 pro
2734 4266 2875 4331 illis;
2909 4265 2955 4321 si
2993 4272 3177 4319 autem
3204 4263 3388 4319 nullus
3420 4272 3516 4318 aut
3550 4263 3793 4333 paucis—

2183 4360 2307 4415 simi
2362 4360 2501 4416 tales
2537 4360 2912 4423 inveniuntur,
2934 4357 3127 4427 jubete
3160 4366 3222 4413 ut
3259 4358 3480 4413 interim
3521 4356 3794 4413 monachi

2115 4469 2159 4524 ι)
2187 4453 2381 4509 missas
2431 4452 2617 4508 dicant
2660 4451 2857 4523 populo
2906 4451 3000 4506 ubi
3045 4450 3145 4522 ipsi
3197 4449 3425 4515 fuerint,
3470 4458 3527 4505 et
3572 4449 3799 4504 faciant

2184 4559 2381 4614 corpus
2410 4544 2645 4609 Domini,
2687 4543 2831 4614 quod
2864 4558 2961 4613 per
2987 4542 3220 4598 clericos
3260 4549 3509 4612 portetur
3533 4542 3797 4612 aegrotis.

2184 4634 2287 4702 Qui
2323 4633 2508 4690 clerici
2543 4644 2730 4690 vestra
2751 4634 2998 4702 iussione
3023 4634 3139 4689 vice
3162 4648 3319 4689 versa
3352 4631 3797 4702 accipiantcon-

2190 4725 2508 4793 fessionem,
2569 4735 2626 4782 et
2681 4727 2887 4783 faciant
2927 4725 3347 4791 absolutionem,
3407 4733 3464 4779 et
3514 4722 3803 4794 sepeliant

2182 4834 2412 4891 corpora
2457 4828 2818 4876 mortuorum.
2873 4816 3006 4887 Quae
3046 4817 3231 4873 omnia
3278 4817 3446 4873 etiam
3493 4815 3805 4871 monachis

2188 4913 2553 4984 provectioris
2593 4912 2776 4969 aetatis
2819 4912 3117 4982 praecipere
3162 4911 3412 4981 potestis,
3463 4910 3639 4965 donec
3682 4909 3805 4964 ista

2183 5006 2389 5061 duritia
2418 5006 2863 5078 presbyterorum
2888 5003 3001 5059 Deo
3027 5003 3286 5059 visitantc
3314 5001 3634 5067 mollescat;
3672 5016 3807 5057 non

2183 5097 2330 5151 enim
2372 5097 2465 5157 diu
2507 5096 2743 5163 durabit,
2787 5097 2897 5151 Deo
2947 5095 3300 5167 propitiante,
3343 5093 3389 5149 si
3434 5094 3489 5149 in
3539 5093 3811 5163 incepto

2183 5191 2737 5261 perseveraverimus.
2797 5190 2873 5245 De
2920 5189 3193 5260 baptismo
3229 5230 3244 5255 ,
3303 5203 3401 5244 vos
3451 5186 3608 5242 scitis
3649 5187 3810 5257 quia

2181 5284 2491 5354 quicunque
2527 5284 2785 5354 baptizet,
2840 5283 3094 5339 Christus
3129 5282 3389 5354 baptizat.
3424 5279 3608 5336 Laicis
3656 5295 3810 5335 om—
3832 5338 3845 5349 ,

2192 5375 2374 5443 nibus,
2405 5374 2707 5447 majoribus
2742 5385 2797 5432 et
2824 5376 3147 5442 minoribus,
3180 5391 3247 5433 ex
3276 5384 3432 5447 parte
3473 5374 3566 5431 Dei
3600 5382 3663 5431 et
3725 5390 3813 5431 ex

2191 5478 2347 5538 parte
2373 5469 2618 5524 omnium
2646 5478 2892 5526 nostrum
2916 5470 3008 5540 qui
3034 5471 3139 5525 hoc
3159 5469 3546 5525 constituimus
3574 5468 3627 5522 in
3660 5464 3817 5522 con-

2189 5562 2314 5617 cilio
2344 5561 2481 5634 (55),
2513 5564 2756 5634 rogando
2797 5564 3098 5635 przecipite,
3151 5571 3211 5619 ut
3240 5563 3284 5619 si
3339 5560 3695 5618 Christianos
3745 5573 3817 5615 se

563 5725 677 5797 (5'5)
734 5726 929 5784 Habito
985 5727 1269 5785 Lonaonia'
1314 5743 1400 5781 an.
1444 5728 1616 5797 “0‘2,
1675 5736 1982 5802 pra'sidente
2037 5737 2097 5794 S.
2133 5736 2400 5792 Anselmo.
