3898 6318
524 348 630 415 263

1061 351 1118 406 ὃ.
1160 345 1457 406 ΑΝΒΕΙΛΙΙ
1495 343 1847 400 CANTUAR.
1888 343 2208 399 AItCIllEP.
2250 343 2405 401 OPP.
2443 334 2623 399 PARS
2662 342 2747 398 III.
2786 374 2857 384 —
2884 340 3272 400 EPISTOLAE.

3714 344 3808 397 εει

527 469 677 525 clero
704 473 757 521 et
795 460 993 535 popqu
1029 458 1455 515 acclamantibus
1491 458 1543 512 in
1590 456 1821 527 idipsutn
1842 496 1856 520 ,
1909 465 1965 510 ut
2012 471 2110 509 uec
2141 458 2183 513 Α
2215 456 2464 524 quamvis
2493 470 2559 510 ex
2594 454 2676 520 ul,
2704 464 2832 511 vero
2862 466 2916 511 et
2942 456 3141 512 dilecto
3174 457 3351 512 amico
3382 454 3606 513 Iiucor‘u
3637 458 3808 512 archi-

529 577 668 616 unus
713 560 799 614 cui
838 556 1148 626 diSpliccrct
1197 553 1341 623 quod
1402 551 1696 622 gerebatur
1749 548 1898 604 visus
1949 548 2109 603 fuerit

529 654 811 708 interesse.
841 648 1088 717 Denique
1118 660 1241 701 cum
1275 644 1451 698 adhuc
1484 642 1534 696 id
1559 640 1698 695 nolle
1723 655 1818 694 nec
1846 639 2108 694 assentire

529 759 616 798 me
650 741 845 797 debere
910 738 1311 801 acclatuarem,
1351 737 1492 803 quod
1535 735 1600 789 de
1652 741 1917 803 potestate
1976 731 2111 785 Ner-

534 833 780 889 thmanni
816 834 999 896 ducis,
1024 830 1168 899 quod
1185 830 1248 883 de
1290 826 1623 897 sulzjcetionc
1660 825 2109 895 Rotltotnagensis

526 929 759 999 opiscopi
778 971 792 995 ,
825 929 956 997 ipsis
985 924 1361 995 ignorantibus
1391 932 1611 992 ereptus
1640 937 1813 976 essem
1832 961 1846 985 ,
1877 936 2107 991 quorum

519 1020 641 1089 jure
668 1018 904 1088 effugere
932 1018 1201 1079 enitebar,
1235 1015 1548 1069 eorumde
1588 1011 1833 1081 (praefati
1858 1011 2110 1066 videlicet

527 1110 680 1163 ducis
708 1118 761 1163 et
788 1106 1217 1176 archiepiscopi)
1244 1112 1514 1173 przecepto
1540 1116 1678 1155 onus
1699 1098 1858 1153 ollirii
1887 1110 2107 1154 coactus

525 1209 581 1253 et
607 1199 869 1255 obedieus
908 1198 1110 1265 acerpi.
1141 1196 1256 1263 Quo
1282 1202 1443 1264 pacto
1477 1192 1529 1245 in
1562 1191 1785 1260 gradum
1820 1190 2107 1260 pontifica~

530 1293 633 1347 lem
665 1293 1019 1354 sublimatus,
1063 1289 1270 1342 idcirco
1298 1284 1499 1339 assensi
1531 1284 1653 1353 quia
1690 1282 1965 1336 contraire
2001 1298 2107 1336 non

530 1382 697 1450 potui.
749 1380 981 1433 Proinde
1014 1377 1271 1431 infulatus
1311 1375 1494 1430 sedule
1533 1374 1660 1443 quid
1700 1371 1946 1435 Christo,
1979 1372 2107 1441 quid

529 1473 647 1542 ejus
668 1471 922 1527 Ecclesiae
938 1511 952 1536 ,
975 1486 1071 1540 pro
1095 1470 1212 1526 loco
1230 1511 1244 1534 ,
1270 1484 1367 1538 pro
1388 1466 1563 1522 oflicio
1592 1466 1845 1520 deberem
1870 1465 2111 1534 cogitare

530 1564 703 1632 ccepi,
749 1572 803 1616 et
852 1561 1109 1631 paStorali
1162 1561 1422 1631 regimine
1466 1559 1596 1611 vitia
1645 1572 1923 1620 resecare,
1973 1572 2111 1626 pne—

532 1665 837 1723 sumptotes
864 1669 1143 1720 coercere,
1177 1662 1230 1708 et
1258 1668 1484 1722 quzeque
1512 1650 1816 1705 inordinata
1857 1650 1924 1705 ad
1957 1649 2107 1703 ordi-

530 1764 653 1802 nent
683 1748 919 1803 debitum
949 1748 1088 1803 volui
1122 1763 1397 1803 revocare.
1432 1749 1546 1814 Qua
1573 1763 1736 1801 causa
1755 1788 1768 1812 ,
1801 1763 1939 1817 quos
1962 1747 2111 1816 adju-

532 1846 673 1891 tores
705 1853 791 1893 me
816 1847 1131 1908 Oporttterat
1158 1838 1361 1893 habere
1386 1838 1439 1892 in
1465 1854 1627 1893 causa
1651 1838 1765 1902 Dei,
1792 1837 2109 1893 terribiliter
2144 1814 2185 1871 Β

527 1927 764 1983 offensos
802 1932 997 1997 patior,
1028 1940 1082 1982 et
1106 1944 1225 1998 qua:
1269 1945 1365 1998 per
1393 1946 1478 1984 me
1520 1944 1768 1985 crescere
1815 1930 2111 1995 debuerat,

527 2034 613 2073 me
645 2031 910 2089 prmscnle
955 2021 1165 2091 deperit
1211 2036 1374 2075 causa
1423 2021 1539 2076 Dei.
1595 2020 1748 2077 Unde
1799 2022 2114 2092 (reverendi

527 2112 718 2167 Patres
748 2153 764 2178 ,
806 2112 1147 2181 gentebunde
1176 2113 1329 2167 vobis
1377 2112 1603 2183 loquetts
1650 2112 1855 2185 fateor)
1899 2114 2117 2167 invenr-

530 2213 658 2257 runt
688 2218 775 2258 me
801 2203 1155 2257 amarissimae
1191 2204 1599 2267 tribulationes,
1631 2202 1758 2257 dum
1785 2214 1840 2257 et
1875 2204 2113 2274 quietem

530 2291 864 2346 fructuosam
902 2306 987 2345 me
1012 2292 1334 2346 reminiscor
1360 2293 1659 2361 perdidisse
1679 2333 1694 2357 ,
1727 2301 1781 2348 et
1816 2293 2117 2348 infructmt-

533 2398 652 2436 sunt
682 2382 979 2452 periculum
1007 2384 1302 2439 considero
1332 2400 1417 2439 me
1460 2384 1768 2441 incurrisse.
1801 2386 1879 2440 Ita
1914 2387 2114 2442 etenim

531 2477 770 2546 peccatis
801 2476 936 2531 meis
960 2476 1282 2532 facientibus
1309 2488 1488 2533 actum
1518 2487 1601 2534 est
1628 2489 1686 2533 ut
1711 2480 1800 2549 qui
1833 2489 2030 2534 nostra:
2054 2495 2112 2534 se

533 2579 728 2640 sponte
756 2570 1114 2626 subdiderant
1141 2570 1360 2635 ditioni,
1389 2588 1416 2625 a
1442 2581 1625 2626 nostra
1652 2583 1843 2643 sponte
1873 2574 2119 2629 resiliant

532 2644 767 2729 «titione,
803 2669 858 2715 et
903 2661 995 2730 qui
1040 2660 1146 2716 illis
1171 2660 1423 2717 amabilis
1461 2664 1811 2729 exstiterant,
1864 2665 2118 2720 omnibus

535 2748 705 2806 ferme
744 2751 963 2807 odiosus
992 2753 1245 2807 existam.
1274 2751 1616 2823 Quapropter
1647 2754 1972 2825 (venerandi
2006 2752 2120 2807 fra-

532 2852 672 2907 tres,
716 2842 810 2897 fllii
850 2843 1132 2899 charitatis
1163 2844 1384 2914 vestrae)
1422 2845 1655 2901 obsecro
1684 2859 1780 2899 vos
1811 2845 1864 2899 in
1895 2844 2117 2900 nomine

530 2933 677 3003 ejus,
702 2934 793 3003 qui
822 2950 952 2990 suos
976 2935 1226 2990 inimicos
1257 2936 1487 2990 redemit
1519 2934 1783 3005 sanguine
1806 2949 1937 2998 suo,
1965 2942 2119 2987 orate

530 3034 588 3079 ut
632 3027 885 3081 omnibus
934 3029 1075 3082 Deus
1123 3027 1280 3082 nobis
1335 3042 1523 3096 pacem
1580 3026 1815 3089 tribuat,
1866 3024 2119 3080 inimicos

531 3125 745 3169 nostros
792 3116 845 3170 in
886 3117 1118 3186 gratiam
1169 3125 1487 3183 convertat,
1533 3123 1586 3169 et
1615 3113 1915 3169 secundum
1962 3127 2115 3169 suam

530 3207 869 3262 voluntatem
895 3222 993 3262 nos
1027 3208 1211 3262 vivere
1234 3205 1418 3263 faciat.

604 3297 907 3362 Pneterea,
957 3312 1268 3366 quanquam
1311 3305 1459 3351 recte
1506 3295 1813 3360 viventem,
1865 3302 2121 3362 recteque

533 3391 833 3459 sapientem
876 3387 1132 3459 pastorali
1170 3387 1534 3443 sollicitudine
1575 3386 1969 3444 fraternitatem
2026 3398 2123 3438 ve-

534 3492 705 3537 stram
738 3495 959 3535 mouere
991 3479 1303 3549 compellor,
1353 3489 1619 3548 quatenus
1658 3476 1905 3540 viriliter,
1948 3490 2011 3530 ac
2040 3476 2118 3529 vi-

534 3572 790 3643 gilantius
820 3580 944 3642 agat
970 3570 1024 3626 in
1054 3569 1300 3625 doctrina
1342 3569 1470 3635 Dei,
1498 3569 1759 3623 canonica
1791 3566 2084 3621 severitate
2105 3606 2120 3630 ,

535 3670 579 3720 si
609 3663 735 3734 quid
765 3672 951 3716 contra
973 3662 1397 3717 ecclesiasticam
1420 3661 1722 3716 doctrinam
1746 3661 1800 3716 in
1822 3657 2121 3732 provinciis

535 3755 648 3810 suis
674 3754 949 3810 inventum
980 3752 1170 3817 fuerit,
1204 3766 1586 3821 compescens,
1610 3761 1666 3807 et
1699 3752 1996 3808 secundum
2020 3765 2121 3807 vo-

535 3845 796 3901 luntatem
826 3845 920 3900 Dei
950 3854 1146 3901 cuncta
1190 3844 1503 3915 disponens.
1537 3842 1595 3899 Si
1628 3846 1846 3915 quando
1868 3858 1998 3899 vero
2027 3857 2122 3898 seu

533 3938 591 3993 in
613 3936 1116 3995 consecrationibus
1139 3934 1518 4006 episcoporum
1536 3975 1551 4003 ,
1584 3949 1680 3990 seu
1714 3935 1766 3990 in
1796 3934 2126 3991 ecclesiasti-

532 4044 720 4086 carum
763 4028 1106 4100 negotiorum
1128 4026 1337 4092 causis,
1386 4040 1481 4082 seu
1506 4026 1841 4097 quibuslibet
1873 4026 1994 4083 aliis
2038 4042 2125 4081 ra-

535 4124 773 4179 tionibus
820 4121 1029 4191 aliquid
1059 4120 1204 4190 quod
1247 4120 1316 4175 ad
1355 4134 1568 4176 sacram
1596 4120 1911 4191 religionem
1950 4119 2123 4192 perti—

536 4220 669 4269 neat
713 4213 855 4268 inter
884 4222 981 4266 vos
1007 4219 1192 4263 ortum
1222 4208 1417 4278 fuerit,
1448 4211 1594 4282 quod
1617 4202 1715 4281 per
1733 4224 1832 4265 vos
1862 4210 2124 4266 canonice

535 4314 772 4377 nequeat
812 4303 1063 4371 ditiiuiri,
1116 4304 1402 4360 charitatis
1436 4302 1613 4358 oflicio
1662 4302 1715 4357 id
1760 4303 1829 4356 ad
1876 4302 2123 4356 notitiam

536 4407 783 4454 nostram
833 4396 1031 4452 deferri
1071 4407 1508 4459 commonemus,
1554 4403 1826 4463 quatenus
1880 4407 1911 4447 a
1966 4393 2127 4447 nobis

2209 548 2471 612 diacono,
2523 548 2749 603 salutem
2779 558 2833 603 et
2874 549 3305 605 benedictionem
3340 549 3430 605 Dei
3463 591 3480 617 ,
3519 558 3585 607 et
3627 566 3804 615 suam.

2210 640 2253 694 si
2286 640 2413 710 quid
2443 639 2603 693 valet.

2280 732 2480 786 Fidelis
2530 732 2622 788 Dei
2656 733 2872 788 dilectio
2904 751 3009 791 non
3045 736 3246 790 dormit
3290 749 3470 806 neque
3511 736 3805 797 dormitat.

2211 838 2385 893 neque
2417 824 2523 878 ulla
2597 826 2779 880 saeculi
2810 827 3148 896 perturbatio
3180 839 3273 882 aut
3299 829 3440 883 ullus
3466 844 3642 883 casus
3673 830 3807 884 illam

2213 915 2432 985 fatigat,
2457 925 2506 969 et
2538 932 2750 986 semper
2785 918 2903 986 ejus
2938 936 3097 989 quem
3127 921 3298 990 diligit
3326 922 3700 990 praesentiam
3730 921 3807 977 de-

2212 1005 2434 1061 siderat.
2472 1007 2539 1062 IBt
2573 1010 2829 1078 quoniam
2863 1011 2928 1065 de
2963 1010 3253 1067 dilectione
3287 1020 3376 1065 tua
3409 1020 3613 1066 certus
3665 1027 3803 1071 sum,

2212 1100 2353 1168 quod
2400 1102 2596 1156 absens
2634 1117 2731 1171 per
2777 1119 2953 1157 meam
2997 1103 3342 1174 praesentiam
3379 1120 3491 1158 non
3536 1120 3809 1174 possum.

2212 1191 2415 1247 saltetn'
2434 1210 2529 1263 per
2566 1194 2778 1249 litteras
2808 1195 2937 1264 quid
2971 1196 3100 1250 mihi
3139 1196 3209 1250 sit
3243 1194 3609 1265 aliquatenus
3654 1200 3807 1266 signi-

2215 1283 2339 1340 fico.
2369 1284 2462 1339 Dei
2485 1285 2655 1357 gratia
2691 1285 3044 1357 disponente,
3073 1296 3127 1342 et
3148 1287 3496 1342 orationibus
3524 1302 3807 1342 servorum

2215 1376 2342 1442 Dei,
2399 1377 2491 1448 qui
2545 1378 2597 1432 in
2649 1378 2833 1434 multis
2879 1379 3014 1435 locis
3057 1378 3213 1449 longe
3243 1378 3461 1448 lateque
3505 1395 3617 1433 sua
3654 1381 3807 1449 grati:

2212 1481 2434 1540 propter
2472 1471 2638 1526 Deum
2668 1486 2754 1525 me
2782 1472 3013 1543 diligttnt
3036 1513 3051 1538 ,
3081 1487 3167 1526 me
3216 1471 3727 1541 prescquentibus,
3758 1487 3807 1523 ex

2212 1575 2320 1629 quo
2349 1559 2417 1615 de
2469 1559 2658 1630 Anglia
2689 1562 2958 1629 quomodo
2984 1563 3087 1616 scit
3118 1562 3288 1624 Deus,
3330 1575 3431 1614 nec
3466 1559 3811 1614 obliviscitur

2214 1649 2308 1724 [αι.
2342 1651 2728 1724 Oblivisceris],
2766 1653 2949 1719 exivi,
2981 1653 3180 1707 nullam
3213 1651 3362 1707 sensi
3386 1653 3727 1721 temporalis
3752 1656 3807 1707 rei

2213 1746 2267 1799 in
2315 1745 2401 1799 his
2430 1760 2552 1815 qua:
2603 1746 2910 1801 necessaria
2947 1747 3077 1801 mihi
3110 1747 3360 1809 fuerunt,
3413 1745 3806 1816 indigentiam,

2217 1853 2314 1893 nec
2350 1838 2510 1891 ullius
2553 1839 2677 1893 mali
2706 1839 2958 1894 violentia
3003 1838 3100 1911 [αι.
3135 1837 3563 1910 malevolentia]
3607 1848 3799 1893 tantam

2218 1930 2347 1983 tnihi
2382 1945 2578 1985 nocere
2602 1931 2810 2000 potuit,
2855 1939 3119 2000 quantum
3168 1928 3555 1985 benevolentia
3597 1930 3700 1986 Dei
3742 1947 3804 1984 ne

2215 2019 2405 2086 iuvare
2430 2019 2868 2076 voluit.Tautam
2893 2021 3038 2075 enim
3067 2020 3297 2091 gratiam
3323 2036 3420 2074 sua
3450 2019 3680 2090 pietate
3704 2023 3807 2074 mihi

2220 2112 2361 2165 Deus
2384 2110 2612 2181 largitur
2641 2112 2781 2181 apud
2814 2112 3045 2177 multos,
3071 2126 3304 2182 quorum
3331 2126 3646 2167 numerum
3674 2116 3809 2167 modo

2217 2204 2431 2269 nescio,
2490 2205 2809 2274 episc0pos,
2864 2205 3121 2269 abbates,
3176 2204 3457 2275 principes
3511 2212 3575 2258 et
3634 2206 3811 2260 divites

2219 2294 2378 2365 hujus
2423 2294 2636 2360 surculi,
2684 2305 2739 2350 et
2786 2296 3012 2350 minoris
3036 2295 3278 2358 ordinis,
3323 2308 3353 2348 a
3384 2296 3533 2350 mari
3601 2295 3809 2351 Barensi

2218 2401 2390 2457 usque
2440 2387 2508 2441 ad
2565 2402 2712 2442 mare
2764 2384 3067 2456 Bonojense
3109 2386 3205 2460 [αι.
3236 2387 3579 2461 Bonieuse],
3625 2400 3691 2444 ut
3715 2389 3813 2459 plus

2220 2478 2437 2533 timeam
2484 2478 2681 2534 multos
2720 2479 2996 2535 offendere
3026 2496 3112 2536 me
3158 2480 3503 2536 absentando
3534 2499 3715 2551 quam
3742 2464 3815 2539 eos
3872 2464 3873 2551 ξ

2218 2567 2633 2638 frequentando.
2661 2570 2808 2626 Inter
2836 2586 2977 2639 quos
3002 2571 3330 2625 venerabilis
3359 2572 3814 2642 archiepiscopus
3872 2584 3873 2591 ‘

2218 2658 2599 2731 Lugdunensis
2620 2660 2821 2730 gaudet
2842 2662 2910 2715 ad
2938 2676 3177 2731 praesens
3197 2677 3255 2716 se
3286 2676 3439 2716 suam
3470 2664 3621 2717 mihi
3661 2665 3820 2717 muni-

2220 2752 2493 2807 ficentiam
2524 2754 2743 2823 copiose
2768 2762 2823 2807 et
2846 2752 3147 2808 honorifice
3179 2753 3442 2807 exhibere
3467 2794 3486 2818 ,
3525 2763 3589 2808 et
3621 2756 3818 2810 deside

2221 2854 2302 2897 rat
2333 2861 2419 2899 me
2449 2859 2664 2915 semper
2691 2860 2875 2899 secum
2895 2883 2909 2908 ,
2939 2844 3179 2914 quendiu
3211 2844 3364 2900 exsul
3392 2860 3496 2899 ero
3532 2848 3610 2901 ab
3648 2847 3817 2902 Eccle-

2220 2936 2298 2989 sia
2334 2946 2538 3003 nostra,
2563 2950 2801 2991 manere.
2823 2934 2975 3001 Quod
3002 2950 3105 2989 non
3132 2944 3241 2989 tam
3265 2936 3410 2989 Deus
3440 2939 3594 2991 meis
3624 2938 3818 2994 meritis

2222 3026 2351 3081 facit
2373 3042 2538 3097 quam
2564 3044 2674 3082 suae
2698 3027 2953 3082 bonitatis
2981 3027 3335 3081 abundantia.
3369 3026 3520 3095 Quid
3547 3041 3743 3085 autem
3767 3030 3817 3082 de

2223 3136 2308 3173 me
2337 3118 2577 3174 futurum
2612 3120 2703 3184 sit,
2735 3121 2817 3174 vel
2842 3120 2969 3189 quid
3007 3119 3252 3176 facturus
3289 3121 3420 3186 sim,
3470 3122 3637 3176 nulla
3675 3124 3815 3179 certi-
3872 3158 3873 3163 η

2226 3214 2410 3268 tudine
2442 3213 2537 3268 tibi
2562 3228 2779 3282 possum
2811 3213 3074 3277 scribere,
3103 3214 3197 3268 sed
3227 3213 3426 3268 divinae
3459 3215 3813 3285 benignitatis

2225 3319 2310 3357 nte
2337 3304 2617 3359 committo
2647 3305 2865 3373 penitus
2895 3304 3255 3372 dispositioni.
3281 3302 3399 3357 Tibi
3428 3317 3631 3358 autem
3659 3306 3729 3361 de
3749 3318 3815 3360 se:

2226 3392 2363 3447 nihil
2393 3392 2583 3448 melius
2610 3394 2676 3447 ad
2705 3407 2947 3464 puesens
2969 3408 3189 3462 possunt
3220 3393 3512 3449 consulere
3536 3411 3715 3463 quam
3743 3394 3813 3450 of

2226 3500 2370 3540 nunc
2395 3500 2484 3551 es,
2520 3486 2589 3540 ibi
2623 3488 2843 3540 studeas
2874 3486 2983 3541 Deo
3009 3486 3217 3541 servire
3237 3526 3252 3552 ,
3280 3486 3454 3541 donec
3481 3486 3640 3542 Deus
3672 3488 3811 3543 aliter

2228 3584 2279 3628 te
2309 3584 2365 3629 et
2398 3576 2561 3630 vitam
2593 3587 2738 3629 tuam
2770 3576 2900 3631 velit
2929 3576 3185 3632 ordinare
3212 3577 3315 3632 sub
3343 3578 3526 3646 gratia
3559 3593 3697 3632 sua.
3725 3579 3812 3632 Sa-

2225 3668 2336 3721 luta
2373 3667 2630 3740 domuum
2657 3668 3005 3724 Guilleltnum
3046 3669 3433 3724 archiaconnm
3467 3678 3530 3723 ut
3556 3670 3810 3726 dilectum

2227 3764 2495 3811 nostrum.
2525 3754 2711 3812 Saluta
2736 3756 3120 3813 dilectissimus
3152 3757 3292 3813 ﬁlias
3324 3768 3547 3816 nostras
3576 3760 3813 3815 abbatis-

2228 3862 2317 3901 sas
2351 3862 2474 3902 cum
2506 3848 2617 3903 suis
2650 3848 2863 3904 ancillis
2901 3849 3381 3915 conversantibus,
3415 3849 3489 3905 de
3548 3851 3813 3923 Sccphto-

2228 3936 2516 4003 sberia,de
2542 3936 2822 3993 Wintonia
2842 3979 2858 4003 ,
2890 3948 2947 3993 et
2971 3939 3039 3994 de
3067 3938 3357 4005 Wintuna,
3385 3940 3592 4010 quibus
3629 3945 3817 3997 mando

2227 4027 2659 4084 benedictionem
2688 4030 2781 4084 Dei
2807 4041 2859 4085 et
2887 4028 3128 4086 nostram
3147 4072 3163 4096 ,
3194 4039 3452 4102 quantum
3480 4048 3743 4102 possum,
3769 4044 3817 4088 et

2230 4133 2356 4188 roga
2383 4134 2478 4175 eas
2499 4128 2556 4175 ut
2575 4133 2731 4176 orent
2754 4136 2853 4192 pro
2880 4138 2986 4177 me.
3017 4121 3131 4179 IIoc
3156 4139 3321 4178 unum
3344 4123 3483 4178 scito
3513 4125 3656 4195 quia
3674 4141 3821 4197 spero

2227 4215 2281 4269 in
2319 4212 2463 4280 Deo,
2495 4223 2551 4269 et
2577 4216 2693 4270 haec
2712 4216 2964 4271 voluntas
2990 4230 3109 4272 mea
3139 4214 3237 4290 [αι.
3262 4215 3475 4290 nostra]
3503 4219 3649 4288 quia
3684 4223 3819 4276 sicut

2226 4316 2450 4377 propter
2487 4306 2735 4361 timorem
2765 4318 2822 4362 et
2853 4323 3094 4365 amorem
3122 4308 3246 4373 Dei,
3297 4317 3352 4365 et
3382 4310 3669 4367 honorem
3716 4313 3820 4379 eius

2229 4408 2283 4453 et
2328 4398 2583 4455 Ecclesiae
2620 4397 2736 4467 ejus
2766 4414 3018 4471 egressus
3049 4415 3169 4454 sunt
3195 4401 3262 4455 de
3285 4399 3511 4471 Anglia,
3542 4402 3628 4456 ita
3678 4419 3817 4458 nuu-

537 4490 720 4563 potius
769 4488 1056 4545 consilium
1086 4497 1143 4543 et
1183 4489 1434 4546 solatium
1473 4486 1757 4556 accipiatis
1785 4499 1948 4555 quam
1981 4499 2120 4554 pra:-
2161 4512 2203 4568 ο
2229 4505 2388 4560 quam
2417 4492 2694 4560 ingrediar
2739 4492 2791 4546 iu
2844 4492 2988 4546 illam
3020 4492 3125 4548 nisi
3168 4504 3389 4563 propter
3415 4502 3469 4546 et
3520 4498 3823 4551 secundum

539 4581 878 4636 varicatores
908 4582 1286 4636 mandatorum
1332 4579 1427 4634 Dei
1458 4580 1513 4633 in
1550 4576 1815 4649 judicium
1840 4573 1957 4643 ejus
1987 4574 2125 4630 indi-

535 4674 696 4729 catis.
742 4673 973 4739 Iterum,
1011 4672 1351 4740 eharissimi,
1389 4684 1642 4741 rogamus
1667 4684 1792 4735 vos,
1832 4676 1987 4723 orate
2025 4682 2122 4738 pro

536 4767 726 4833 nobis,
771 4766 964 4837 erigite
1001 4782 1100 4822 nos
1128 4767 1195 4821 de
1235 4764 1677 4819 tribulatiuuilnts
1717 4762 1918 4817 nostris
1961 4777 2122 4815 manu

537 4867 731 4912 vestra:
775 4857 1041 4912 orationis
1066 4895 1079 4920 ,
1120 4857 1224 4925 piis
1254 4855 1510 4923 precibus
1537 4854 1814 4922 pulsantes
1857 4851 2124 4907 aurescle-

536 4952 755 5005 utentia:
801 4951 917 5004 Dei.
960 4948 1221 5005 Dominus
1263 4947 1533 5019 quijussit
1579 4949 1643 5000 de
1684 4946 1905 5000 tenebris
1951 4946 2117 4999 lucent

536 5041 893 5111 splendescere
943 5040 1035 5111 (II
1078 5040 1201 5094 Cor.
1238 5056 1313 5105 tv,
1340 5040 1437 5110 6),
1479 5038 1749 5093 mentibus
1796 5038 1992 5093 vestris
2042 5038 2124 5092 in-

538 5132 731 5186 fundat
766 5132 940 5186 lucem
974 5133 1252 5201 sapientia:
1292 5147 1430 5197 suaz,
1466 5140 1525 5186 ut
1567 5145 1688 5201 qua:
1727 5130 1880 5200 jubet
1917 5130 2123 5185 intelli-

538 5225 707 5296 gatis,
743 5224 1139 5295 iutelligeutes,
1170 5241 1334 5295 opere
1358 5224 1700 5295 compleatis.

967 5318 1296 5374 EPISTOLA
1333 5317 1514 5374 cxvn
1556 5314 1690 5389 (st).

771 5427 994 5467 ANSELII
1035 5428 1103 5466 AD
1142 5426 1385 5467 BUGONEI
1426 5424 1882 5466 ARtiIIIDIACONUM.

540 5502 819 5575 Signiﬁcat
868 5516 1064 5576 quanto
1118 5523 1232 5561 cum
1287 5508 1482 5561 honore
1538 5522 1585 5561 et
1651 5505 2014 5574 muniﬁcentia
2058 5506 2123 5557 ab

750 5581 989 5631 omnibus
1025 5580 1082 5632 in
1105 5578 1289 5633 exsilio
1313 5596 1409 5633 suo
1432 5589 1699 5647 susceptus
1728 5576 1909 5647 fuerit.

608 5671 909 5740 Aussuus,
924 5674 1095 5745 gratia
1114 5672 1206 5728 Dei
1235 5671 1677 5740 archiepiscopus
1691 5666 2122 5734 Cantuariensis,

608 5783 723 5858 (54)
761 5785 862 5842 Ex.
893 5802 995 5843 ms.
1029 5784 1134 5841 466
1174 5783 1311 5839 Bibl.
1341 5783 1523 5854 regite.

2228 4581 2471 4665 eamdem
2522 4597 2777 4647 causam,
2825 4581 2879 4636 in
2930 4593 3193 4652 quanttun
3254 4583 3556 4654 intelligere
3612 4596 3824 4656 potero.

2232 4672 2365 4728 Huic
2415 4675 2639 4744 pauperi
2690 4689 2882 4743 precor
2930 4683 2988 4727 ut
3041 4675 3237 4728 melius
3286 4674 3355 4728 sit
3402 4690 3471 4728 ex
3523 4685 3629 4729 tua
3683 4690 3826 4747 parte

2224 4772 2448 4835 propter
2475 4778 2716 4818 amorem
2743 4773 3020 4826 nostrum,
3048 4762 3303 4832 quoniam
3342 4776 3439 4831 per
3465 4762 3652 4818 multa
3684 4765 3825 4831 peri-

2226 4856 2346 4911 cula
2376 4867 2432 4911 et
2461 4855 2628 4911 multo
2660 4855 2845 4911 labore
2874 4865 3054 4927 portat
3081 4859 3327 4910 nuntium
3360 4865 3647 4911 nostrum.
3670 4858 3821 4914 Vale.

2299 4950 2486 5006 Saluto
2515 4965 2611 5005 vos
2632 4965 2731 5021 ego
2757 4949 2926 5005 frater
2956 4950 3254 5006 Eadtnerus
3282 4950 3508 5006 coexsul
3534 4952 3757 5009 domini
3779 4964 3829 5007 et

2227 5044 2405 5098 Patris
2427 5044 2600 5100 nostri
2628 5042 3056 5113 archiepiscopi,
3081 5043 3284 5111 gratias
3306 5056 3473 5113 agens
3500 5043 3621 5099 Deo
3649 5056 3712 5100 et
3737 5046 3826 5105 itii,

2226 5136 2352 5206 quia
2374 5136 2567 5206 dignus
2590 5133 2803 5188 habitus
2830 5148 2946 5188 sum
2972 5133 3129 5202 hujus
3147 5134 3322 5189 exsilii
3346 5135 3657 5191 consortio.
3688 5136 3829 5206 Rogo

2227 5227 2392 5281 etiam
2448 5234 2509 5280 ut
2555 5240 2691 5295 quos
2715 5226 2966 5280 dominus
3006 5226 3450 5296 archiepiscopus
3502 5226 3730 5283 salutat
3766 5244 3829 5281 ex

2227 5334 2323 5373 sua
2352 5327 2538 5389 parte,
2574 5332 2640 5372 ex
2671 5326 2854 5372 nostra
2885 5328 3039 5387 parte
3076 5316 3326 5372 salutetis

2717 5452 3048 5509 EPISTOLA
3088 5451 3317 5508 CXVIII.

2286 5564 2510 5605 Ακεεωιι
2542 5564 2609 5603 AD
2636 5562 2961 5605 ιωιιιειιτωί
2990 5561 3407 5602 ATREBATENSEI
3441 5559 3775 5605 EPISCOPUI.

2296 5664 2581 5720 Assstlus
2628 5661 3067 5735 archiepiscopus
3106 5657 3432 5725 Cantuariaa,
3496 5658 3696 5716 amico
3734 5672 3831 5716 sm
