3898 6318
87 334 199 389 365

1319 332 1448 389 LIB.
1488 332 1581 400 IV,
1620 333 1836 392 EPIST.
1876 336 2089 394 CXXII.

3270 351 3376 411 266

88 448 397 504 reverendo
451 447 707 520 episcopo
755 447 1101 505 Atrebatenst
1153 451 1487 516 Lucem-0,
1548 450 1692 507 salu-
1721 457 1767 515 Α
1793 451 2017 507 lationes
2043 453 2270 511 introire
2303 457 2359 511 in
2397 473 2611 529 regnum
2636 458 2737 514 Dei
2758 461 2896 533 (Act.
2937 480 3050 532 xw,
3086 466 3204 539 2t),
3252 486 3378 526 cum

92 549 233 595 tem.

122 631 375 685 ,Precor
422 629 764 686 sanctitatem
824 638 1061 686 vestram
1115 641 1418 701 quatenus,
1468 642 1691 702 propter

90 722 282 777 domui
327 737 479 793 papae
516 738 755 777 amorem
804 731 860 778 et
899 731 1166 790 nostrum,
1219 724 1428 778 faciatis
1463 726 1687 799 conduci

94 814 263 869 istum
295 814 551 869 clericum
579 813 693 882 ejus
713 829 810 884 pcr
829 814 1201 885 episcopatum
1228 824 1487 882 vestrum,
1513 832 1686 887 quau-

96 916 215 963 tum
256 908 407 963 vobis
436 907 629 978 placet.
674 906 878 963 Valete.

613 997 945 1053 EPISTOLA
975 997 1160 1053 CXIX.

572 1106 799 1145 ANSELMI
846 1106 913 1146 AD
963 1105 1205 1145 EUﬂDEI.

164 1180 473 1236 Venerabili
498 1180 840 1237 Atrebatensi
870 1182 1122 1253 episcopo
1136 1183 1353 1237 Lautum
1364 1199 1428 1240 το
1443 1194 1495 1239 et
1510 1200 1686 1242 amico

88 1271 449 1328 dilectissimo
476 1274 779 1343 AnssLuus,
804 1290 993 1331 servus
1037 1276 1293 1333 Ecclesiae
1328 1278 1685 1334 Cantuarieu-

84 1362 185 1425 sis.
226 1363 457 1418 salutem
488 1375 545 1420 et
582 1366 768 1421 ﬁdeles
798 1368 1094 1422 orationes.

158 1454 382 1511 Gratias
418 1472 518 1528 ago
550 1459 858 1514 reverenda:
911 1459 1183 1514 dilectioni
1219 1469 1410 1515 vestra:
1448 1476 1545 1530 pro
1577 1462 1683 1517 sol-

82 1542 372 1602 licitudine
407 1563 568 1618 quam
595 1549 759 1605 habet
782 1565 909 1622 erga
942 1566 1029 1606 me
1063 1552 1113 1605 in
1138 1566 1202 1605 co
1231 1554 1373 1622 quod
1398 1563 1680 1622 tantopere

82 1656 248 1696 nosse
298 1642 419 1697 vult
460 1643 526 1698 de
584 1653 769 1697 nostra
816 1645 1071 1700 sanitate.
1118 1645 1247 1700 Dico
1300 1646 1484 1717 itaque
1529 1646 1682 1701 vobis

81 1734 213 1802 quia
241 1735 419 1803 gratia
457 1734 552 1788 Dei
583 1750 814 1804 corpore
866 1750 1033 1790 sanus
1086 1752 1227 1801 sum,
1286 1738 1378 1792 sed
1426 1740 1679 1794 continua

1792 542 2143 614 ﬁagellamur,
2177 548 2319 604 inter
2349 566 2449 607 nos
2478 561 2532 607 et
2562 553 2727 606 Deum
2772 556 2914 612 beati
2959 557 3060 614 Job
3096 569 3378 618 teneamus

1792 638 2143 701 sententiam,
2168 640 2258 707 qui
2292 640 2471 697 nimiis
2500 648 2891 718 circumseptus
2916 650 3194 709 doloribus
3233 655 3380 710 dicc-

1792 724 1884 778 bat
1909 739 1924 778 :
1957 724 2085 780 Ila'c
2113 728 2241 782 mihi
2271 730 2337 782 sit
2365 732 2651 788 consolatio
2682 748 2736 790 nt
2764 738 2993 811 afﬂigens
3010 760 3088 796 me
3107 743 3377 802 doloribus

1792 830 1894 868 non
1920 826 2101 885 parcat
2130 815 2251 887 (Job
2276 834 2350 881 vt,
2376 821 2482 888 10).

2307 908 2547 968 ΕΡΙὸΤο
2558 911 2644 967 LA
2672 915 2854 972 CXXI.

2268 1014 2456 1055 NSELHI
2509 1020 2577 1057 ΑΙ)
2625 1020 2917 1062 ADELIDEM.

1864 1084 2166 1145 Venerabili
2194 1090 2423 1147 domina:
2454 1094 2599 1165 regia
2647 1098 2951 1165 nobilitate,
3000 1106 3092 1159 sed
3143 1108 3374 1165 nobilius

1790 1195 1999 1234 morum
2030 1182 2299 1251 probitate
2324 1184 2543 1253 pollenti
2571 1187 2822 1253 Ausum,
2871 1191 3039 1248 frater
3065 1198 3370 1263 ANSELMUS,

1789 1272 1865 1327 sic
1894 1288 2014 1327 ctnn
2061 1276 2343 1345 temporali
2394 1278 2672 1334 nobilitate
2726 1283 2985 1338 virtutum
3033 1294 3372 1347 ornamentis

1787 1364 2063 1419 decoraris
2090 1375 2147 1420 ut
2175 1366 2225 1420 in
2251 1378 2453 1423 aeterna
2472 1369 2729 1428 felicitate
2753 1379 3015 1432 merearis
3043 1381 3155 1450 regi
3184 1400 3371 1453 regunt

1784 1457 2046 1527 copulari.

1857 1548 1933 1602 De
1973 1546 2195 1606 ﬁoribus
2225 1551 2553 1620 psalmorum
2602 1557 2744 1626 quod
2791 1559 3008 1631 dignata
3054 1573 3138 1620 est
3176 1566 3371 1636 jubere

1784 1639 1981 1694 dilecta
2018 1641 2148 1695 mihi
2192 1642 2242 1696 in
2296 1644 2404 1697 Deo
2455 1657 2634 1701 vestra
2681 1651 3007 1719 sublimitas,
3060 1674 3159 1712 nec
3211 1661 3369 1713 citius

1785 1747 1887 1787 nec
1917 1732 2108 1787 melius
2138 1736 2313 1804 potuit
2337 1741 2556 1808 exsequi
2593 1740 2762 1797 ﬁdelis
2793 1747 2945 1801 voltis
2976 1760 3157 1805 nostra
3194 1753 3371 1807 humi-

83 1825 370 1881 debilitate
411 1826 617 1882 laboro.
642 1827 796 1894 Quod
836 1843 922 1883 me
955 1830 1155 1897 rogatis
1186 1839 1243 1884 ut
1273 1830 1436 1884 vestri
1472 1846 1681 1887 memo-
1716 1806 1758 1861 Β
1788 1825 1932 1880 litas.
1966 1827 2139 1884 Tanto
2165 1832 2364 1899 quippe
2388 1832 2693 1889 obedientia
2725 1847 2907 1893 nostra
2939 1840 3165 1911 imperio
3188 1856 3368 1900 vestro

8 1960 9 1983 ξ
81 1916 221 1972 riam
280 1919 514 1974 habeam
575 1918 630 1972 in
699 1919 1039 1974 orationibus
1091 1919 1318 1987 nostris,
1369 1935 1467 1990 pro
1532 1931 1683 1979 certo

79 2014 281 2069 scitote
314 2016 468 2084 quia,
498 2016 625 2071 licet
651 2016 928 2071 orationes
979 2030 1113 2070 meae
1159 2017 1292 2071 viles
1339 2017 1468 2082 sint,
1502 2028 1681 2075 tamen

8 2090 11 2171 ξ
77 2104 221 2161 bene
249 2106 451 2173 valete,
498 2108 790 2163 reverende
833 2107 906 2161 mi
964 2106 1128 2161 Pater
1168 2117 1224 2162 et
1265 2109 1506 2174 domine,
1557 2125 1680 2168 cum

77 2196 339 2253 omnibus
366 2213 464 2254 vos
514 2198 570 2253 in
623 2198 853 2253 veritate
887 2197 1253 2268 diligentibus,
1299 2210 1353 2254 et
1404 2209 1558 2257 orate
1582 2216 1681 2272 pro

81 2286 258 2342 nobis.

613 2377 948 2433 EPlSTOLA
975 2377 1139 2433 CXX.

510 2507 735 2547 ANSELMI
786 2508 854 2546 Αι)
908 2507 1249 2548 ηειωοετωι.

146 2586 379 2642 Domino
412 2594 469 2644 et
518 2586 673 2643 fratri
703 2585 1027 2643 charissimo
1051 2587 1344 2645 llennosro
1368 2588 1541 2645 frater
1568 2591 1678 2645 An-

77 2692 295 2745 seuus,
316 2680 554 2735 salutem
579 2682 1060 2755 corpOris,quanta
1082 2683 1357 2753 expediat,
1382 2692 1437 2739 et
1459 2688 1675 2751 animae,

78 2780 278 2842 quanta
311 2770 574 2829 sufﬁciat.

145 2864 496 2920 lnﬁrmitatis
520 2874 623 2922 tua:
652 2867 815 2923 nimis
846 2867 1180 2940 ingravatam
1235 2867 1562 2935 molestiam,
1602 2869 1677 2924 mi
1706 2882 1711 2887 '

75 2953 266 3011 dilecte
292 2956 516 3027 pariter
547 2966 604 3012 et
632 2957 879 3025 dilector,
923 2959 1076 3030 prius
1102 2961 1460 3031 quorumdam
1488 2974 1679 3016 narra-

77 3045 241 3112 tione,
297 3046 506 3102 deinde
556 3046 859 3104 litterarum
886 3058 1100 3106 tuarum
1147 3050 1378 3109 lectione
1421 3051 1673 3125 cognovi.

76 3137 186 3205 Qua
214 3139 281 3194 de
307 3153 368 3193 re
410 3147 474 3192 ut
505 3146 712 3194 taceam
750 3150 1008 3212 quantam
1039 3144 1425 3215 assumpserim
1457 3143 1511 3200 in
1552 3144 1673 3201 ani-

76 3243 215 3283 mam
233 3245 416 3285 meam
444 3216 898 3298 compassionem,
914 3232 1070 3288 testis
1085 3243 1170 3289 est
1193 3234 1673 3292 mihiconscientia

76 3321 198 3388 quia
244 3321 489 3378 libenter
537 3322 711 3393 ipsam
751 3332 918 3379 totam
968 3334 1360 3400 transumeretn
1389 3326 1443 3382 in
1477 3341 1675 3398 corpus

8 3460 9 3485 ξ
80 3426 253 3467 meum
290 3414 630 3482 passionem.
662 3414 767 3470 Sed
797 3431 920 3471 cum
954 3427 1160 3473 certum
1188 3419 1259 3474 sit
1283 3418 1409 3489 quia
1439 3419 1673 3490 ﬂagellat

77 3500 215 3556 Deus
247 3520 457 3558 omnem
478 3504 649 3571 ﬁlium
678 3521 830 3576 quem
855 3507 1034 3575 recipit
1065 3507 1255 3578 (Hebr.
1288 3523 1388 3575 xu,
1417 3509 1493 3579 6),
1534 3510 1673 3563 miro

8 3642 13 3669 ἱ
77 3595 309 3662 quodam
345 3596 511 3650 modo
535 3597 721 3651 eadem
754 3613 840 3652 me
892 3599 1155 3665 charitas,
1205 3608 1261 3655 et
1289 3603 1414 3671 quia
1447 3598 1673 3672 ﬂagellis

81 3688 354 3755 attereris,
389 3690 626 3759 impellit
654 3691 721 3746 ad
749 3695 1205 3763 compassionem,
1242 3703 1299 3750 et
1325 3695 1449 3764 quia
1474 3697 1541 3751 ad
1566 3696 1675 3750 hae-

10 3846 13 3855 ι
81 3778 363 3835 reditatem
382 3782 639 3849 erudiris,
667 3782 861 3837 invitat
881 3783 947 3837 ad
971 3785 1515 3855 congratulationem.
1537 3785 1671 3842 Pen-

8 3920 13 3933 ,
81 3870 305 3924 sandum
343 3871 491 3925 enim
524 3875 679 3929 nobis
707 3881 807 3938 est,
838 3875 1458 3946 cltarissime,quantam
1482 3892 1667 3932 secum

8 3948 11 4025 ί
82 3958 257 4016 ferant
294 3963 509 4018 dolores
542 3964 614 4019 illi
640 3966 1089 4031 consolationem,
1126 3968 1219 4037 qui
1273 3969 1399 4023 dum
1428 3969 1669 4023 exterius

8 4036 13 4125 ρ
79 4063 264 4106 nostra
321 4054 516 4108 delicta
564 4065 837 4126 purgant,
893 4058 1090 4126 quibus
1137 4036 1347 4113 externi
1398 4061 1669 4114 cruciatus

8 4128 13 4205 ξ
78 4139 459 4207 intenduntur,
483 4145 549 4199 ad
577 4145 805 4199 ﬁlioruin
839 4146 929 4201 Dei
958 4162 1056 4201 nos
1088 4145 1421 4201 transferunt
1440 4158 1663 4215 sortem,

77 4229 280 4298 quibus
310 4233 531 4298 superni
574 4234 721 4302 regni
762 4236 956 4305 gaudia
984 4236 1393 4306 promittuntur,
1439 4246 1502 4293 ut
1541 4239 1666 4294 dum

8 4304 11 4395 ξ
76 4322 321 4377 exterior
345 4322 510 4379 homo
559 4304 783 4390 noster,
812 4341 972 4396 quem
1020 4328 1264 4397 quotidie
1307 4343 1529 4384 necesse
1583 4339 1695 4386 est'

8 4474 9 4481 η
78 4408 382 4483 Corrumpi,
423 4413 756 4487 ﬂagellorum
820 4419 1061 4488 pomlere
1113 4434 1335 4489 pressus
1398 4422 1665 4491 gemenda

1786 1913 2033 1971 devotius
2061 1921 2342 1983 successit,
2373 1932 2576 1989 quanto
2602 1923 2775 1993 ipsum
2802 1927 3085 1997 imperium
3116 1950 3144 1987 a
3175 1949 3368 1990 sancta

1785 2003 2070 2063 devotione
2100 2012 2383 2079 processit.
2436 2013 2607 2080 Quam
2657 2016 2995 2074 devotionem
3037 2034 3163 2095 Opto
3187 2036 3242 2080 et
3271 2044 3369 2081 oro

1787 2104 1845 2148 nt
1869 2098 2210 2168 omnipotens
2243 2100 2384 2157 Deus
2406 2104 2485 2157 sic
2512 2104 2565 2157 in
2595 2107 2749 2161 nobis
2777 2125 3064 2167 conservet
3093 2127 3147 2169 et
3167 2119 3372 2171 nutriat

1786 2198 1845 2241 ut
1876 2199 2107 2245 mentem
2136 2202 2366 2247 vestram
2399 2195 2450 2249 in
2488 2198 2647 2252 terris
2684 2215 2782 2255 suo
2813 2202 3125 2260 dulcissimo
3148 2208 3367 2275 affectu,

1781 2286 1837 2333 et
1869 2278 1919 2333 in
1950 2280 2103 2336 caelis
2141 2298 2241 2338 suo
2274 2284 2432 2340 beato
2479 2299 2702 2357 aspectu
2741 2294 2963 2348 reﬁciat.
3007 2295 3272 2367 Exiguum
3313 2312 3371 2354 et:

1783 2368 1890 2423 vile
1913 2385 2106 2427 munus
2145 2375 2286 2442 quod
2314 2375 2466 2431 vobis
2494 2377 2659 2433 mittit
2692 2390 2877 2436 nostra
2903 2400 3108 2456 pauper
3130 2389 3370 2456 parvitas

1784 2474 1915 2530 rogo
1954 2477 2022 2519 ne
2072 2464 2335 2534 despiciat
2383 2476 2561 2522 vestra
2604 2470 2757 2526 dives
2792 2473 3066 2531 nobilitas.
3119 2477 3175 2532 Si
3220 2481 3366 2536 enim

1783 2567 1888 2607 non
1921 2562 2003 2609 est
2032 2570 2165 2610 auro
2193 2558 2529 2630 gemmisque
2552 2573 2878 2629 crustatum,
2910 2576 2992 2621 est
3021 2578 3167 2627 certe
3196 2581 3368 2628 totum

1781 2644 2104 2701 charitativa
2144 2647 2403 2706 ﬁdelitate
2432 2651 2631 2708 factum
2659 2664 2715 2709 et
2740 2656 2879 2712 ﬁdeli
2907 2659 3171 2717 cltaritate
3201 2664 3369 2720 dona-

1785 2744 1918 2791 tum.
1953 2737 2081 2793 Post
2124 2737 2283 2794 ﬂores
2309 2741 2640 2810 psalmorum
2698 2747 2894 2803 addita:
2931 2760 3059 2806 sunt
3092 2756 3368 2812 orationes

1780 2838 2007 2901 septem,
2036 2846 2266 2902 quarum
2306 2834 2481 2904 prima
2511 2851 2615 2889 non
2650 2846 2860 2893 tantum
2906 2843 3081 2897 Oratio
3102 2856 3364 2912 quantum

1781 2923 2063 2979 meditatio
2114 2924 2341 2981 dicenda
2391 2935 2515 2991 est,
2567 2944 2670 2998 qua
2727 2946 2787 2985 se
2836 2936 3138 3003 peccatoris
3183 2939 3367 2995 anima

1779 3012 2020 3069 breviter
2046 3014 2321 3083 discutiat,
2340 3016 2677 3074 discutiendo
2700 3019 2989 3091 despiciat,
3017 3025 3367 3095 despiciendo

1779 3103 2397 3171 bumiliet,ltumiliando
2425 3118 2631 3165 terrore
2653 3110 2826 3167 ultimi
2845 3112 3039 3182 judicii
3063 3119 3361 3188 concutiat,

1700 3186 1747 3250 Ο
1777 3209 2040 3252 concussa
2090 3195 2141 3251 in
2184 3200 2415 3269 gemitus
2468 3210 2523 3255 et
2572 3201 2840 3271 lacrymas
2871 3220 3137 3278 erumpat.
3165 3209 3219 3263 In
3241 3186 3366 3265 ora.

1780 3287 2013 3345 tionibus
2057 3304 2187 3345 vero
2237 3292 2409 3347 sancti
2469 3293 2731 3365 Stephani
2803 3308 2858 3352 et
2911 3310 3115 3355 sanctae
3180 3302 3363 3359 Maria:

1777 3380 2108 3452 Magdalcnae
2135 3426 2150 3452 ,
2191 3386 2438 3455 quaedam
2480 3396 2608 3442 sunt
2668 3403 2790 3458 qua:
2850 3392 2894 3446 si
2961 3394 3153 3449 intimo
3197 3397 3364 3452 corde

1777 3472 2049 3542 dicantur,
2078 3491 2201 3532 cum
2222 3488 2401 3546 vacat,
2427 3480 2548 3550 plus
2582 3484 2809 3539 tendunt
2844 3486 2911 3540 ad
2953 3488 3359 3545 accendendum

1776 3581 2039 3622 amorem.
2063 3567 2123 3622 In
2172 3570 2425 3627 omnibus
2482 3588 2613 3629 vero
2653 3586 2860 3647 septem
2904 3579 3097 3635 hortor
3120 3596 3216 3636 vos
3260 3596 3363 3653 ego

1773 3672 1963 3713 servus
1993 3668 2049 3714 et
2075 3659 2281 3716 amicus
2310 3662 2506 3719 anima:
2543 3678 2738 3723 vestra:
2761 3678 2822 3723 ut
2862 3672 3147 3728 attendere
3170 3674 3362 3744 digne-

1775 3750 1931 3815 mini,
1955 3752 2168 3809 etiamsi
2195 3769 2289 3810 vos
2318 3755 2369 3810 id
2399 3755 2594 3813 melius
2625 3759 2857 3827 faciatis,
2901 3779 3007 3833 qua
3054 3765 3359 3822 humilitate

1772 3850 1827 3895 et
1872 3856 1980 3910 quo
2028 3842 2224 3898 affectu
2275 3843 2486 3903 timoris
2546 3858 2602 3903 et
2656 3852 2859 3906 amoris
2906 3850 3239 3908 oﬁ‘erendum
3286 3857 3361 3915 sit

1772 3934 2100 3990 sacrilicium
2130 3936 2410 3992 orationis.
2422 3939 2640 4009 ,Valete,
2664 3952 2721 3996 et
2758 3959 2900 3998 nunc
2926 3954 2978 3998 et
3006 3945 3058 3997 in
3089 3954 3354 4002 aeternum

1772 4024 1825 4080 itt
1856 4026 1965 4080 Deo
2012 4026 2206 4090 valete,
2244 4036 2300 4084 et
2351 4028 2593 4085 libellum
2642 4034 2865 4087 missum
2896 4036 3115 4089 arrham
3162 4048 3358 4093 nostra:

1771 4114 2048 4171 lidelitatis
2076 4119 2373 4173 secundum
2402 4120 2570 4174 Deum
2598 4130 2653 4176 et
2678 4132 2986 4179 nostrarum
3025 4126 3357 4191 orationum.

1770 4206 2175 4278 qualescunque
2209 4210 2340 4276 sint,
2365 4211 2587 4267 habere.
2616 4212 2672 4267 ln
2705 4212 2813 4270 ﬁne
2855 4217 3098 4287 epistolae
3138 4220 3358 4289 profero

1769 4298 1912 4367 quod
1964 4314 2060 4368 per
2125 4309 2291 4355 totam
2359 4301 2640 4372 epistolam
2702 4310 3029 4376 persuadere
3083 4311 3351 4373 desidero.

1768 4390 1939 4446 Omne
1968 4391 2113 4461 quod
2147 4393 2320 4449 amitti
2352 4409 2573 4451 necesse
2614 4408 2719 4463 est,
2749 4399 2915 4455 etiam
2960 4416 3085 4457 cum
3119 4405 3355 4471 habetis,

8 4490 12 4501 ’
79 4503 333 4571 suspirat,
370 4483 596 4561 interior
626 4507 787 4562 homo
809 4483 1015 4573 noster,
1045 4483 1205 4579 quem
1231 4511 1299 4565 de
1323 4483 1494 4565 dievin
1518 4512 1661 4566 diem
1697 4531 1741 4586 ο
1767 4483 1984 4586 δ¹¹ί¹¹ί¹¹ξί
2014 4488 2581 4586 ἠθηίξνίξοηξθωηίιθῖ
2620 4491 2686 4545 ad
2727 4492 2779 4547 id
2810 4493 2985 4549 δοίυηι
3013 4496 3157 4566 (1³οά
3184 4510 3347 4554 me"

78 4603 288 4660 oportet
331 4598 601 4661 renovari,
654 4607 996 4667 peccatorum
1030 4601 1342 4671 gravamine
1394 4601 1663 4658 relevatus

79 4686 394 4744 exsultando
424 4691 674 4760 respiret.
707 4690 860 4759 Quod
901 4691 1155 4747 nimirum
1196 4701 1323 4749 tunc
1361 4694 1657 4764 perveniet,

80 4773 122 4828 si
172 4776 397 4835 interior
444 4781 606 4837 homo
653 4782 707 4837 in
759 4785 1049 4840 exterioris
1094 4784 1402 4851 aﬁiictione,
1432 4803 1537 4842 non
1567 4802 1662 4857 per

82 4863 465 4938 impatientiam
493 4875 853 4941 resultaverit,
887 4878 982 4932 sed
1009 4892 1108 4949 per
1137 4878 1436 4948 gratiarum
1482 4879 1658 4933 actio-

80 4972 195 5015 nem
219 4965 479 5022 caedentis
501 4967 685 5022 manui
706 4970 1062 5025 consenserit.
1096 4968 1232 5025 Cum
1265 4969 1409 5026 enim
1442 4984 1657 5040 semper

78 5049 377 5118 placeamus
402 5060 760 5129 omnipotenti
795 5061 905 5117 Deo
930 5061 1143 5131 quoties
1186 5061 1304 5133 ejus
1348 5061 1657 5132 dispositio-

79 5138 230 5197 nibus
273 5146 325 5199 in
369 5148 519 5203 nullo
545 5149 907 5215 dissonamus,
961 5161 1071 5206 tum
1114 5154 1348 5207 maxime
1378 5153 1657 5223 placamus

82 5230 478 5294 misericordem
508 5240 812 5305 Dominum,
866 5242 912 5296 si
962 5243 1285 5312 vapulantes
1342 5246 1654 5300 verberanti

82 5333 261 5386 Sponte
287 5344 672 5387 consonamus.
703 5329 838 5387 Cum
874 5334 1019 5388 enim
1046 5335 1225 5389 omnis
1252 5335 1331 5389 ira
1359 5336 1575 5390 nonnisi
1601 5337 1654 5390 in

82 5415 446 5477 adversantem
475 5439 535 5479 se
562 5433 770 5491 exerat,
827 5425 871 5479 si
911 5440 969 5479 se
1012 5440 1136 5479 rcus
1163 5423 1370 5479 offenso
1399 5440 1497 5495 per
1524 5440 1653 5480 cou-

83 5505 290 5561 cordem
327 5512 392 5566 de
415 5527 472 5567 se
494 5514 817 5568 sententiam
853 5514 1146 5577 consociet,
1204 5529 1427 5569 necesse
1468 5521 1552 5569 est
1598 5523 1656 5568 ut

83 5585 355 5654 irascentis
370 5611 544 5657 ntotus
571 5602 863 5669 deferveat,
878 5604 1131 5673 quoniam
1151 5603 1262 5675 jam
1278 5604 1650 5659 adversarium

86 5694 182 5736 non
208 5686 407 5747 invenit.
455 5710 612 5764 quem
662 5695 839 5752 feriat.
891 5696 1258 5768 Quapropter,
1309 5696 1629 5752 charissime

85 5783 197 5827 cum
226 5782 477 5853 scriptum
505 5788 574 5843 sit
612 5790 737 5858 quia
772 5801 965 5858 oportet
994 5807 1085 5846 nos
1116 5805 1207 5860 per
1232 5788 1423 5843 multa:
1471 5789 1641 5844 tribu-

483 5894 755 5956 Pnnou.
797 5895 985 5956 CLIX.

1769 4593 1896 4632 nunt
1953 4578 2110 4635 beate
2162 4580 2349 4637 haberi
2402 4592 2607 4654 potest,
2666 4588 2906 4656 quandiu
2967 4604 3073 4645 non
3136 4591 3349 4647 habetis

1764 4668 1953 4725 humili
1997 4681 2178 4729 mente
2240 4676 2570 4731 contendite.
2625 4677 2780 4745 Quod
2827 4682 3154 4749 persuadere
3206 4683 3349 4750 volo,

1763 4772 1822 4817 ut
1853 4763 2086 4835 Spiritus
2128 4775 2351 4824 sanctus
2388 4771 2712 4839 persuadeat
2751 4788 2870 4839 oro,
2914 4774 2967 4828 in
3012 4788 3119 4843 quo
3143 4775 3349 4831 tertio:

1764 4855 1970 4913 Valete.

2260 4952 2595 5012 EPISTOLA
2636 4955 2720 5011 CX
2734 4955 2845 5011 XII.

2161 5082 2386 5123 ANSELUI
2444 5086 2512 5124 AD
2571 5085 2942 5126 LANFBANCUI.

1834 5155 2063 5211 Domino
2088 5166 2144 5212 et
2172 5157 2341 5224 Patri,
2367 5159 2660 5215 Catholicis
2690 5170 2999 5217 reverenter
3029 5166 3261 5220 amando
3290 5175 3345 5221 et

1759 5252 2008 5298 amanter
2038 5248 2338 5302 reverendo
2365 5248 2773 5320 archiepismpo
2800 5249 3143 5321 Lanraanco,
3176 5254 3348 5311 frater

1760 5335 2065 5397 Ansmmus,
2106 5350 2236 5389 suus
2267 5335 2409 5405 quod
2441 5352 2591 5393 suus.
2976 5332 2979 5343 “

1829 5422 2096 5489 Quoniam
2137 5425 2331 5479 scienti
2375 5439 2469 5482 aut
2514 5431 2802 5495 tacendum
2844 5442 2939 5491 aut
2982 5434 3222 5490 breviter
3257 5447 3343 5493 est

1757 5514 2064 5580 dicendum,
2093 5531 2216 5570 cum
2250 5526 2430 5575 tacere
2456 5522 2621 5577 nolim
2651 5540 2721 5579 ne
2748 5541 2855 5581 non
2884 5526 3077 5595 loquar
3106 5528 3248 5597 quod
3287 5538 3341 5584 ct

1757 5607 1842 5662 cui
1879 5606 2108 5663 libenter
2144 5608 2353 5678 loquor,
2386 5612 2626 5671 breviter
2654 5618 2886 5687 qualiter
2912 5627 3097 5674 noster
3124 5619 3338 5674 animus

1756 5697 1807 5752 in
1831 5706 2073 5768 paterna:
2103 5711 2298 5756 vestrae
2323 5703 2671 5764 sublimitatis
2700 5707 2955 5765 ﬁdelitate
2986 5719 3337 5766 conversetur

1755 5789 1964 5845 intimo.
2010 5788 2161 5847 Sicut
2211 5793 2374 5863 igitur
2416 5798 2658 5869 quotidie
2709 5801 2959 5857 desidero
3005 5810 3067 5857 ut
3112 5800 3336 5858 aﬁ‘ectus

2726 5915 2764 5974 9
