3898 6318
632 347 736 406 267

643 462 848 520 amoris
884 459 1050 516 vestri
1081 459 1224 513 cordi
1256 473 1374 510 meo
1409 471 1621 526 semper
1663 461 1938 524 augeatur,
1969 453 2040 506 ita
2075 450 2216 504 nulla

641 563 826 608 nostra
857 551 923 604 ab
954 550 1180 604 invicem
1219 546 1462 601 absentia
1501 543 1713 600 ellicere
1753 543 1918 608 valet,
1950 551 2008 594 ιιι
2040 541 2218 610 aliquo

635 625 796 699 modo
832 643 1127 697 minuatur.
1171 639 1246 693 De
1285 639 1580 692 moralibus
1625 635 1724 691 Job
1763 635 2084 700 mandastis,
2125 633 2218 688 sed

635 737 865 788 domnus
911 731 1078 786 abbas
1133 729 1487 784 Cadumensis
1537 727 1842 782 Willelmus
1889 733 1944 779 et
1990 727 2218 779 domnus

632 824 932 879 Hernostus
967 822 1153 876 fideles
1185 821 1345 875 vestri
1385 821 1706 873 invenerunt
1744 819 2086 887 scriptorem,
2126 815 2216 886 qui

632 916 744 985 jam
780 917 986 970 habens
1033 923 1276 967 nostrum
1321 911 1540 972 librum,
1583 921 1846 976 vestrum,
1875 921 1931 963 ut
1959 920 2104 980 puto,
2139 911 2218 964 iu-

633 1007 816 1076 coepit.
859 1005 927 1060 Ut
965 1004 1131 1058 libros
1168 1003 1448 1056 beatorum
1493 1001 1762 1055 Ambrosii
1801 1010 1861 1072 _et
1907 1001 2216 1071 Hieronymi

633 1098 886 1161 habeam,
915 1095 981 1149 ad
1026 1095 1126 1148 hoc
1167 1093 1306 1162 quod
1342 1093 1600 1162 jussislis,
1635 1093 1870 1148 laboravi
1908 1102 1962 1146 et
2005 1093 2209 1146 laboro.

635 1185 741 1241 Sed
787 1201 885 1241 eos
931 1185 1167 1238 nondum
1223 1185 1423 1238 habere
1475 1185 1640 1254 potui.
1680 1186 1849 1252 Quam
1889 1199 2017 1238 vero
2059 1187 2216 1240 citius

635 1285 844 1344 potero,
871 1277 1011 1344 quod
1040 1291 1134 1328 vos
1163 1275 1284 1328 inde
1311 1273 1446 1328 velle
1467 1275 1578 1328 scio
1603 1275 1893 1342 perficiam.
1927 1273 2215 1330 Girardmn

637 1377 878 1420 vestrum
921 1367 984 1418 de
1017 1365 1268 1420 Flandria
1306 1381 1402 1437 per
1431 1377 1622 1422 vestrae
1657 1369 1868 1436 pietatis
1913 1369 2215 1440 largitatem

637 1459 752 1512 Deo
781 1458 844 1512 de
873 1460 1068 1512 mundo
1100 1468 1282 1513 nostra
1315 1460 1656 1530 suggestione
1689 1461 2048 1529 redemptum,
2078 1461 2216 1516 unde

639 1565 746 1612 me,
786 1549 830 1602 si
877 1561 1052 1603 vester
1090 1565 1192 1604 non
1237 1565 1433 1614 essem,
1471 1551 1761 1604 confiterer
1805 1568 2018 1606 servum
2065 1551 2216 1606 vobis

638 1651 900 1712 emptum,
925 1641 1010 1695 die
1037 1657 1065 1694 a
1095 1642 1244 1695 vobis
1271 1642 1561 1696 constituta
1590 1643 1727 1696 sciat
1755 1647 2014 1698 sanctitas
2037 1653 2214 1698 vestra

633 1733 750 1788 sine
773 1734 918 1803 gravi
937 1731 1149 1803 jactura
1179 1749 1300 1788 esse
1325 1752 1429 1791 non
1457 1735 1696 1805 potuisse
1719 1734 2022 1789 absolutum
2048 1750 2078 1788 a
2099 1749 2216 1790 cre-

635 1825 898 1879 ditoribus
939 1825 1068 1878 suis.
1110 1825 1270 1879 Venit
1311 1836 1490 1882 tamen
1537 1827 1708 1895 prima
1749 1825 2021 1880 Domiuiea
2070 1825 2214 1892 Qua-

633 1917 972 1986 dragesimze,
1003 1925 1240 1972 vestram
1275 1918 1326 1971 in
1362 1933 1421 1972 se
1467 1917 1750 1988 magnifice
1788 1917 2216 1972 misericordiam

635 2009 965 2079 praedicans,
1004 2015 1056 2062 et
1104 2009 1335 2076 qualiter
1391 2020 1592 2062 nostra:
1649 2025 1754 2063 non
1813 2018 1920 2063 tam
1975 2009 2216 2077 petitioni

633 2117 796 2171 quam
848 2101 949 2155 levi
1001 2100 1295 2155 voluntatis
1342 2101 1726 2172 significationi
1784 2101 1834 2154 in
1893 2101 2008 2170 ejus
2054 2116 2216 2155 causa

631 2193 870 2262 dignatio
900 2202 1084 2247 vestra
1123 2191 1258 2245 favit
1297 2203 1351 2245 et
1377 2208 1591 2262 semper
1631 2209 1688 2248 se
1717 2194 1850 2248 velle
1887 2196 2065 2248 favere
2097 2195 2220 2249 inti-

633 2285 816 2334 tnavit.
851 2281 950 2347 Qui
985 2281 1120 2334 dixit
1150 2296 1208 2335 se
1234 2281 1369 2338 velle
1399 2291 1472 2346 et,
1509 2293 1768 2352 quantum
1798 2285 1989 2338 attinet
2019 2285 2084 2340 ad
2117 2285 2218 2340 hoc

633 2375 775 2442 quod
809 2373 969 2427 habet
995 2388 1170 2442 posse,
1207 2374 1285 2428 sic
1312 2375 1538 2428 reddere
1566 2377 1709 2444 quod
1739 2376 1899 2430 debet
1927 2386 1984 2430 ut
2016 2377 2216 2447 aliquid

634 2465 776 2534 quod
804 2481 984 2519 secum
1012 2463 1232 2519 olIerret
1255 2465 1610 2532 haberet,sed
1637 2483 1732 2537 pro
1760 2470 2079 2538 quibusdam
2112 2470 2213 2524 im-

555 2543 562 2548 ’
632 2557 956 2626 pedimentis
1005 2571 1112 2610 non
1165 2557 1404 2626 potuisse
1455 2561 1749 2614 secundum
1799 2563 2104 2616 condictum
2158 2570 2218 2618 ut

629 2657 933 2718 oporteret.
982 2649 1160 2704 Rediit
1212 2651 1404 2720 igitur,
1447 2653 1767 2722 promittens
1813 2672 1874 2714 se
1913 2659 1964 2712 in
2011 2659 2216 2717 Pascha

627 2739 862 2795 Beccum
913 2742 1022 2798 Deo
1062 2753 1331 2798 annuente
1373 2757 1660 2801 venturum
1701 2758 1756 2803 et
1795 2767 2140 2822 mansurum,
2170 2755 2216 2810 si

627 2849 740 2886 non
773 2835 1039 2902 quomodo
1063 2835 1225 2899 volet,
1250 2835 1332 2890 vel
1357 2838 1436 2892 sic
1463 2841 1733 2908 quomodo
1755 2845 1972 2911 poterit.
2005 2845 2060 2899 Si
2087 2847 2215 2914 quid

633 2925 795 2995 igitur
834 2927 1078 2996 peccavit
1113 2929 1238 2997 quia
1269 2930 1682 2996 promissionem
1725 2933 1878 2989 vobis
1917 2935 2112 2990 facta»:
2151 2939 2216 2992 ad

628 3017 846 3086 plenum
895 3034 1001 3070 non
1047 3027 1132 3072 est
1177 3023 1770 3090 exsecutus,quoni:nn
1815 3041 1920 3078 non
1965 3027 2014 3082 id
2045 3030 2218 3083 admi-

632 3103 767 3160 sisse
795 3107 1053 3160 malitiam
1098 3107 1338 3170 videtur,
1379 3121 1506 3177 peto
1548 3127 1794 3180 securus,
1831 3123 1890 3168 ut
1933 3117 2105 3184 soleo,
2148 3120 2212 3174 de

631 3206 814 3250 vestra
845 3195 1206 3265 benignitate,
1237 3209 1501 3266 quatenus
1541 3201 1648 3258 {ilio
1682 3215 1860 3260 vestro
1897 3208 2012 3263 vice
2049 3211 2214 3279 patris

631 3287 798 3341 liceat
827 3301 948 3342 eum
981 3289 1082 3342 hoc
1121 3299 1272 3342 reatu
1305 3289 1584 3347 absolvere
1614 3289 1746 3350 eumn
1767 3299 2043 3354 nobiscum
2084 3303 2216 3357 inci-

630 3379 743 3445 piet
769 3379 972 3432 vivere.
1001 3379 1056 3432 In
1090 3395 1192 3450 qua
1229 3395 1286 3434 re
1317 3382 1454 3437 hanc
1483 3396 1685 3440 certam
1728 3405 2047 3457 prmsumam
2086 3411 2212 3450 con-

634 3471 962 3531 cessionem.
995 3472 1036 3526 si
1071 3473 1271 3526 nullam
1307 3473 1484 3544 legero
1513 3481 1952 3546 prohibitionem.

1119 3563 1450 3620 EPISTOLA
1491 3569 1720 3627 CXXIII.
1801 3565 1804 3568 ’

629 3727 632 3734 Ι
1078 3677 1298 3717 ANSELMI
1357 3681 1422 3718 AD
1475 3681 1763 3722 IIENRICL'M.

699 3751 926 3807 Domino
977 3761 1030 3808 et
1069 3755 1218 3810 fratri
1273 3755 1536 3824 Iiesntco,
1583 3741 1750 3816 frater
1793 3761 2074 3820 ANSELMUS
2116 3780 2176 3820 sa

621 3839 813 3924 Iutem.
1135 3919 1138 3924 ι

639 3919 644 3928 τ
699 3935 833 3990 Cum
875 3933 1102 3990 Romam
1137 3939 1419 3994 tendentes
1450 3941 1720 3998 lransistis
1757 3959 1926 4015 prope
1963 3961 2078 4010 nos,
2111 3948 2210 4002 mi-

623 4039 810 4083 rantes
864 4029 1132 4085 doluimus
1180 4031 1303 4102 quia
1339 4049 1442 4087 non
1491 4023 1670 4104 potius
1708 4029 1808 4105 per
1855 4053 1986 4104 nos,
2039 4039 2209 4096 donec

623 4120 929 4174 audivimus
967 4122 1068 4174 hoc
1099 4124 1253 4178 vobis
1281 4125 1612 4193 prohibitum
1643 4141 1764 4182 esse
1797 4130 1850 4184 in
1884 4131 2084 4196 eundo,
2113 4133 2208 4188 sed

625 4223 946 4264 concessum
977 4211 1030 4264 in
1059 4213 1351 4268 redeundo.
1381 4215 1824 4286 Exspeclavimus
1846 4219 2027 4290 igitur,
2057 4222 2206 4277 dom-

625 4316 729 4356 nus
756 4299 943 4367 abbas,
975 4311 1030 4357 et
1059 4317 1178 4372 ego,
1207 4313 1262 4358 et
1287 4305 1378 4359 alii
1413 4305 1609 4364 fratres
1639 4319 1696 4365 et
1724 4311 2009 4368 dilectores
2038 4313 2204 4368 vestri
2271 4307 2287 4318 ’

623 4391 912 4448 adventum
935 4404 1203 4459 vestrum,
1228 4409 1324 4465 spe
1362 4395 1496 4451 falsa
1533 4402 1848 4470 gaudentes,
1873 4403 2042 4459 donec
2065 4405 2204 4460 didi-

625 4481 802 4536 cimus
833 4497 928 4538 vos
961 4481 1014 4536 in
1059 4483 1338 4554 Anglieam
1369 4496 1566 4542 terram
1609 4491 1985 4558 pertransisse,
2017 4493 2202 4563 despe-
2227 4497 2277 4558 D

623 4572 834 4644 ratione
863 4587 991 4628 vera
1023 4571 1286 4630 dolentes.
1319 4575 1472 4643 Quod
1498 4594 1806 4648 quanquam
1835 4596 1935 4651 ego
1962 4597 2067 4636 non
2089 4584 2204 4640 sine

622 4665 803 4737 aliqua
831 4665 1140 4721 rationabili
1163 4683 1324 4723 causa
1349 4669 1713 4736 factumesse,
1742 4687 1785 4727 SI
1809 4671 1946 4728 bene
1969 4683 2202 4730 vestram

620 4755 749 4810 novi
781 4755 1146 4821 dilectionem,
1177 4771 1281 4810 non
1313 4758 1562 4824 credam;
1599 4768 1776 4814 tamen
1805 4777 1874 4816 ne
1904 4777 2030 4832 qua,
2060 4765 2200 4833 quod

620 4847 782 4912 absit,
827 4847 910 4901 vel
953 4857 1298 4916 contemptus
1339 4849 1420 4904 vel
1466 4850 1662 4906 modici
1693 4853 1894 4908 amoris
1927 4859 2060 4924 erga
2089 4871 2204 4911 mo-

617 4937 914 4994 nasterium
938 4946 992 4993 et
1018 4937 1216 4993 fratres
1243 4948 1456 4993 vestros
1497 4940 1566 4995 de
1595 4942 1744 4996 vobis
1785 4952 1997 4998 maneat
2025 4947 2202 5014 suspi-

619 5028 724 5088 cio,
767 5027 1020 5083 mandate
1059 5029 1186 5099 quid
1219 5029 1342 5084 aliis
1377 5032 1728 5101 respondeam
1755 5049 1856 5088 cur
1891 5043 2071 5090 vestra
2103 5051 2199 5092 nos

619 5119 673 5172 in
696 5118 872 5174 eundo
895 5129 949 5174 et
969 5122 1244 5178 redeundo
1272 5137 1377 5178 non
1402 5125 1652 5180 visitatus
1673 5127 1929 5195 praeteriit
1948 5127 2193 5194 dilectio;

615 5212 758 5265 sicut
781 5213 926 5264 enim
949 5212 1198 5269 desidero
1223 5231 1320 5272 vos
1343 5205 1475 5272 nihil
1501 5219 1714 5288 operari
1737 5221 1880 5289 quod
1905 5219 2060 5275 vobis
2088 5235 2196 5275 non

615 5299 892 5368 expediat,
927 5301 1160 5358 ita'nolo
1191 5321 1516 5377 quemquam
1559 5311 1626 5364 de
1660 5309 1812 5364 vobis
1843 5311 2044 5379 aliquid
2082 5312 2194 5379 opi-

613 5392 730 5446 nari
771 5393 877 5448 nisi
915 5393 1060 5464 quod
1101 5409 1198 5450 vos
1235 5397 1442 5453 deceat.
1483 5399 1788 5456 innotescat
1823 5403 1986 5456 etiam
2020 5403 2196 5458 amico

611 5489 796 5536 vestro
834 5485 877 5538 si
918 5485 1046 5553 quid
1080 5485 1146 5540 de
1181 5503 1239 5541 re
1289 5503 1386 5557 pro
1428 5505 1532 5558 qua
1563 5493 1798 5546 animum
1841 5503 2100 5563 vestrum,
2139 5505 2196 5552 et

611 5573 837 5626 aliorum
872 5575 1054 5630 verbis
1091 5583 1146 5632 et
1176 5593 1206 5632 a
1244 5579 1438 5635 vestris
1469 5581 1684 5648 litteris,
1720 5583 1871 5638 valde
1907 5585 2190 5642 sollicitum

611 5673 667 5716 ut
708 5659 965 5734 parentes
1004 5669 1330 5736 inviseretis,
1380 5675 1572 5744 agnovi
1609 5675 1883 5742 effecistis,
1925 5687 2191 5746 quatenus

608 5757 776 5812 sciam
805 5769 982 5817 utrum
1007 5761 1160 5818 vobis
1183 5763 1405 5821 debeam
1437 5769 1672 5836 compati
1703 5767 1787 5824 vel
1827 5769 2184 5837 congaudere.

1197 341 1252 399 S.
1292 341 1588 398 ANSELMI
1629 337 1976 396 CANTUAR.
2019 335 2337 392 AIiCIIIEP.
2391 333 2540 391 OPP.
2584 301 2766 389 PARS
2802 335 2886 391 III.
2925 366 2995 376 --
3024 333 3417 390 EPISTOLAZ.

2803 437 3134 507 EPISTOLA
3177 450 3428 507 CXXIV.

2708 560 2932 598 ANSELII
2985 561 3051 598 AD
3101 559 3153 598 ϐ.
3209 559 3534 598 ΕΡΙΞΩΟΙἪΙ.

2395 637 2620 690 Domino
2665 647 2717 690 et
2769 635 2916 690 Patri
2967 637 3272 690 reverendo
3327 637 3579 707 episcopo
3611 633 3679 693 ϐ..
3709 635 3789 688 frater

2319 728 2623 794 ANSELIIUS,
2653 728 2742 798 qui
2770 727 2972 782 dicitur
2997 727 3164 782 abbas
3189 725 3385 796 Becci,
3421 729 3716 797 temporalem
3729 743 3786 794 {u-

2320 821 2632 888 speritatem
2661 827 2716 873 et
2743 827 2998 873 teter-nam
3024 819 3369 873 felicitatem.

2391 910 2607 966 Gratias
2657 911 2868 979 agimus
2897 921 3088 964 vestra:
3121 912 3434 976 sanctitati,
3465 926 3580 980 qua:
3613 919 3786 964 nostrae:

2325 1002 2554 1056 fratrum
2585 1013 2896 1070 nostrorum,
2932 1004 3202 1058 orationes
3231 1005 3562 1073 postulando
3593 1019 3690 1058 suas

2319 1104 2402 1148 est
2433 1095 2660 1164 dignata
2679 1111 2774 1166 per
2799 1097 3055 1150 dilectum
3093 1097 3327 1150 fratrem
3379 1107 3611 1151 nostrum
3643 1093 3803 1149 domi-[sm

2319 1185 2586 1241 Riculfum
2638 1190 2933 1243 concedere
2983 1199 3037 1244 et
3080 1205 3190 1244 suae
3243 1189 3628 1244 benevolentia:
3668 1189 3782 1241 aurita

2320 1279 2627 1349 ubicunque
2671 1281 3058 1350 opportunitas
3097 1281 3405 1347 exhibebit,
3453 1281 3726 1350 promittere.
3753 1281 3781 1328 λέ

2320 1371 2460 1441 quod
2485 1381 2688 1441 quanto
2719 1373 2894 1427 minus
2926 1374 3068 1442 quod
3097 1373 3262 1443 digne
3293 1387 3686 1441 recompensarc
3703 1369 3780 1436 pas-i-

2321 1477 2440 1514 mus
2487 1462 2768 1528 habemus,
2805 1471 2954 1517 tanto
2997 1464 3171 1533 magis
3209 1463 3484 1534 quidquid
3523 1462 3803 1534 possumusﬂl

2321 1563 2513 1606 vestra:
2551 1553 2886 1608 celsitudinis
2933 1554 3213 1608 servitium
3259 1565 3320 1609 et
3356 1569 3520 1624 opere
3552 1564 3598 1608 et
3629 1553 3803 1624 volumai

2325 1645 2636 1709 impendere
2667 1644 2927 1700 debemus
2975 1655 3026 1700 et
3069 1647 3262 1712 Deum,
3315 1656 3540 1715 propter
3567 1644 3803 1720 quem

2323 1733 2645 1802 promittitis
2672 1773 2687 1796 ,
2733 1748 2892 1788 orare
2941 1745 2998 1790 ut
3047 1735 3164 1805 ipse
3209 1737 3373 1791 vobis
3418 1736 3678 1789 scentulum
3711 1733 3803 1805 sua}

2327 1821 2601 1889 copiosam
2659 1821 2964 1892 largitatem
3023 1825 3300 1878 retribuat
3355 1825 3501 1895 quod
3543 1839 3627 1878 nos
3667 1835 3776 1893 pulpiti

2323 1919 2564 1963 nostram
2613 1911 2936 1980 parvitatem
2985 1929 3092 1968 non
3137 1914 3410 1970 valemus.
3463 1916 3536 1968 De
3569 1913 3658 1968 filio
3691 1923 3774 1966 vesta

2321 1999 2492 2054 fratre
2522 2010 2710 2055 nostro
2758 2003 2956 2056 domno
3001 2003 3300 2069 Rieoardo,
3351 2005 3590 2075 quamvis
3623 2005 3772 2058 honestis

2321 2090 2478 2144 nobis
2499 2101 2644 2146 esset
2675 2101 2730 2147 et
2765 2093 3046 2148 mallemus
3076 2096 3227 2164 prius
3267 2096 3483 2150 servire
3511 2111 3650 2166 quam
3677 2093 3770 2158 aliqu

2319 2191 2524 2250 petere,
2553 2191 2790 2236 vestram
2821 2191 2998 2238 tamen
3017 2223 3031 2248 ,
3061 2187 3186 2251 quia
3219 2186 3296 2239 ita
3331 2199 3420 2240 res
3447 2187 3617 2256 exigit,
3642 2193 3770 2248 rogans

2319 2269 2702 2340 benignitatem
2729 2282 2996 2343 quatenus
3025 2275 3098 2329 illi
3144 2287 3372 2346 propter
3402 2287 3625 2333 nostrum
3647 2283 3770 2326 amara

2318 2364 2629 2419 concedatis
2653 2364 2696 2419 si
2727 2365 2855 2434 quid
2877 2367 2944 2420 de
2965 2381 3024 2422 se
3043 2377 3138 2422 aut
3165 2371 3233 2424 de
3263 2371 3554 2439 prmbenda
3573 2383 3648 2422 sua
3663 2359 3770 2433 petiisti

2317 2453 2460 2524 quod
2493 2463 2728 2510 vestram
2761 2471 2870 2512 non
2897 2457 3157 2512 dedeceat
3183 2459 3552 2516 honestatem.

2810 2548 3146 2605 EPISTOLA
3193 2552 3420 2608 CXXV.

2638 2655 2864 2696 ANSELHI
2889 2657 2958 2695 AD
2987 2657 3290 2698 IAINERIUH
3325 2659 3583 2700 ΑΒΒΔΤΕΙ.

2397 2726 2604 2782 Dilecto
2627 2739 2681 2784 et
2709 2729 2856 2784 Patri
2886 2717 3181 2788 reverentlo
3207 2733 3400 2791 abbati
3430 2733 3661 2788 MAINEIIO
3691 2725 3769 2780 fuit!

2316 2819 2622 2886 Ausuuus,
2651 2821 2902 2878 salutem.

2389 2907 2598 2966 Scitote
2641 2913 2766 2976 quia
2811 2929 2920 2984 quo
2961 2914 3158 2970 iterum
3205 2933 3300 2973 me
3341 2917 3496 2972 vobis
3523 2913 3766 2970 mandaret1m

2317 3017 2423 3056 non
2475 3003 2562 3058 ibo
2604 3015 2730 3070 ante
2771 3015 2992 3062 octavas
3040 3007 3364 3078 Epiphania:
3411 3004 3622 3062 Domini.
3664 2995 3764 3054 Deiri:

2319 3093 2502 3148 nescio
2521 3096 2735 3163 quando
2759 3096 2848 3152 ibo
2870 3106 2963 3152 aut
2982 3097 3026 3152 si
3051 3097 3158 3154 ibo.
3173 3099 3402 3154 Interim
3423 3097 3468 3152 si
3489 3093 3622 3152 vobis
3639 3089 3766 3159 Phil"I

2241 3157 2284 3218 ο
2319 3191 2376 3237 ιιι
2415 3157 2648 3241 dom-nus
2689 3185 2846 3242 Serlo
2893 3188 2961 3244 ad
3005 3205 3128 3257 nos,
3167 3207 3296 3246 cum
3347 3193 3498 3248 vobis
3539 3157 3762 3268 ορνδτίυθδῗ

2315 3285 2482 3340 esse"
2533 3288 2802 3346 ίιυθηιυιη
2830 3278 3098 3348 iuberetis
3135 3293 3456 3340 moraturus
3501 3279 3682 3336 veniret,
3707 3265 3764 3320 lviii

2317 3367 2534 3436 quidem
2583 3369 2844 3437 placeret,
2876 3383 2930 3426 et
2975 3382 3104 3442 puto
3144 3375 3276 3443 quia
3323 3375 3396 3430 illi
3442 3388 3540 3428 non
3566 3363 3762 3434 displium

2317 3457 2520 3514 Precor
2563 3462 2908 3516 sanctitatem
2945 3471 3180 3518 vestram
3229 3477 3316 3534 ut,
3348 3469 3392 3521 si
3435 3461 3574 3518 vobis
3603 3452 3762 3540 molestare:

2315 3564 2422 3602 non
2445 3558 2550 3608 est.
2581 3565 2678 3618 per
2701 3567 2796 3606 vos
2819 3562 3005 3608 notum
3029 3554 3124 3608 fiat
3143 3556 3385 3612 dominis
3405 3565 3456 3612 et
3481 3549 3644 3608 amicis
3661 3545 3761 3632 nostri

2314 3640 2382 3695 de
2411 3641 2656 3712 Sagiensi
2685 3647 3014 3701 monasterio
3057 3649 3199 3717 quod
3252 3653 3322 3708 de
3365 3659 3540 3706 nostro
3567 3637 3706 3698 mando
3729 3629 3762 3681 iii

2311 3746 2462 3786 nere.
2501 3733 2630 3788 Scio
2661 3737 2806 3790 enim
2835 3751 2930 3792 eos
2961 3738 3099 3792 sicut
3129 3755 3222 3796 vos
3251 3742 3480 3800 sollicite
3505 3747 3634 3793 orare
3653 3729 3760 3798 pro"c

2313 3831 2368 3878 et
2403 3823 2643 3893 ejusdem
2675 3826 2888 3882 itineris
2919 3831 3301 3904 prosperitate.
3337 3832 3444 3888 Nec
3471 3827 3680 3901 ρωηίιεει

2313 3913 2530 3968 ritatem
2590 3925 2826 3972 vestram
2877 3935 3064 3976 orasse
3106 3937 3205 3991 pro
3261 3925 3454 3978 itinere
3501 3924 3674 3973 nostro.
3703 3909 3759 3998 ινξξῆ

2311 4005 2472 4060 modo
2505 4023 2609 4061 non
2651 4023 2738 4064 eo.
2781 4010 2983 4078 Potens
3023 3989 3121 4070 esti
3151 4015 3300 4072 enim
3345 4017 3481 4072 Deus
3503 4014 3680 4064 servare
3699 3989 3758 4048 lviii

2311 4095 2582 4154 orationes
2614 4108 2824 4156 vestras
2855 4103 2908 4157 in
2935 4117 3302 4174 opportunam
3335 4107 3492 4162 diem.
3518 4098 3677 4155 Valete.

2793 4191 3128 4252 EPISTULA
3165 4195 3406 4254 CXXVI.

2518 4297 2748 4338 ausum
2769 4297 2838 4338 an
2865 4299 3137 4342 ammon!
3164 4303 3346 4346 ιιεςειι
3373 4287 3642 4343 Λιιιῑιοκυιί·
3751 4343 3756 4352 .

2380 4369 2494 4426 Suo
2529 4373 2857 4428 charissima
2888 4374 3108 4444 domino
3139 4376 3404 4444 HENRICO,
3425 4370 3580 4448 gratia
3610 4359 3688 4422 Dei.

2308 4464 2642 4535 Anglorum,
2699 4466 2989 4522 ANSELIUS
3037 4470 3476 4542 archiepiscopus
3537 4456 3756 4516 Cantuaru.

2305 4552 2466 4608 fidele
2487 4554 2768 4610 servitium
2791 4563 2846 4610 et
2875 4555 3060 4612 fideles
3079 4559 3375 4616 orationes.

2375 4643 2576 4700 Audivi
2618 4647 2742 4716 quia
2789 4662 2888 4704 vos
2932 4647 3263 4706 Willelmum
3311 4651 3530 4708 electum
3561 4625 3756 4716 09mm?

2305 4703 2743 4794 Wentoniensem
2781 4741 3076 4812 praecipitis
3111 4743 3264 4798 exire
3298 4745 3364 4800 de
3397 4703 3754 4812 episcopi“de

2301 4827 2514 4898 Anglia,
2548 4830 2676 4899 quia
2715 4847 2822 4888 non
2847 4797 3088 4905 suscepit
3121 4835 3570 4896 consecratio.“cm

2303 4919 2470 4974 voluit
2495 4919 2678 4978 facere
2709 4903 3149 4998 archiepiscopus
3181 4919 3527 4984 Eboracensis
3549 4920 3596 4967 et
3617 4903 3752 4999 alii

2297 5011 2472 5081 scopi.
2510 5010 2667 5068 Unde
2709 4989 2913 5084 precor
2953 5025 3007 5072 et
3049 4989 3296 5086 consulo,
3323 5029 3376 5076 et
3413 5013 3540 5072 sicut
3571 4989 3754 5086 fidelis

2301 5102 2672 5174 cbiepisc0pus
2701 5083 2919 5164 domino
2941 5119 2998 5164 et
3025 5111 3134 5180 regi
3158 5126 3276 5176 suo,
3301 5125 3366 5164 ne
3393 5095 3600 5162 credatis
3619 5083 3751 5180 Consi?"

2299 5195 2514 5250 illorum
2557 5198 2650 5266 qui
2693 5198 2797 5254 hoc
2837 5201 2989 5256 vobis
3041 5167 3345 5266 consulunt,
3388 5197 3503 5267 qui:i
3539 5193 3635 5240 meo
3795 5167 3797 5233 ἶ

2297 5303 2408 5342 non
2445 5288 2684 5357 intelligo
2723 5291 2826 5346 hoc
2869 5307 2990 5348 esse
3029 5294 3096 5348 ad
3137 5303 3373 5348 vestrum
3417 5281 3650 5342 honorem“

2299 5381 2432 5436 satis
2451 5391 2535 5436 est
2557 5393 2746 5438 notum
2773 5387 2897 5453 quia
2925 5387 2992 5440 ad
3021 5403 3108 5442 me
3132 5390 3364 5458 pertinet
3385 5381 3491 5453 ejus
3505 5353 3748 5481 0011532:

2297 5487 2397 5527 nec
2419 5473 2556 5530 alius
2579 5489 2699 5528 eam
2723 5451 2883 5531 debet
2909 5475 3086 5532 facere
3110 5451 3210 5534 nisi
3233 5493 3329 5546 per
3349 5451 3456 5536 me;
3477 5453 3594 5568 αθίξδ
3614 5451 3745 5568 Ι)θῖξέ

2293 5581 2435 5630 sum,
2461 5566 2505 5622 si
2533 5582 2754 5622 necesse
2779 5567 2960 5634 fuerit,
2989 5570 3379 5626 rationabiliter
3398 5539 3744 5670 οειειιάωέεῗξὲξ

2355 5658 2386 5670 ..
2619 5669 2628 5670 ,
2726 5660 2755 5670 ..
2809 5661 2819 5670 .
2861 5661 2872 5670 .
3006 5661 3038 5670 ..
3574 5649 3620 5670 ,π
3667 5663 3670 5666 .

2296 5658 2417 5714 talis
2445 5675 2532 5715 res
2549 5660 2756 5716 ostendi
2789 5661 2966 5716 debet.
2999 5661 3336 5733 Quapropter
3359 5659 3398 5714 si
3423 5652 3552 5758 ifilli,“
3574 5637 3741 5758 “1)::

2293 5752 2358 5806 de
2403 5759 2543 5806 terra
2581 5759 2755 5806 vestra
2793 5762 2850 5808 ut
2883 5752 3012 5806 mihi
3053 5769 3158 5810 non
3201 5755 3354 5811 liceat
3390 5737 3599 5808 eundem
3625 5725 3690 5773 wn

2248 453 2291 510 Α

2252 1799 2294 1859 Β
