3898 6318
76 255 198 314 269

1401 253 1527 312 LIB.
1557 252 1647 319 IV,
1672 250 1888 307 EI’IST.
1931 250 2168 308 CXXIX.

3306 262 3404 318 πα

75 371 426 427 crationem
466 371 731 426 canonice
774 370 972 435 facere,
1012 370 1222 424 videtur
1268 368 1396 423 mihi
1444 369 1568 437 quia
1609 369 1718 425 dis-
1749 348 1793 405 Α
1820 367 1972 421 scitis
1997 367 2325 423 desiderium
2371 384 2551 425 meum
2596 370 2649 425 in
2690 384 2877 449 amore
2917 370 3013 426 Dei
3057 387 3245 429 omnes
3287 386 3404 431 stu-

77 463 315 519 saisitis
367 480 460 519 mc
510 463 577 518 de
620 462 798 518 ofllcio
840 478 961 517 meo
1006 461 1352 530 sinejudicio
1398 476 1496 515 cur
1540 460 1717 515 facere

80 554 388 610 debeatis.
423 553 624 610 Precor
666 554 849 622 itaque
881 562 937 607 ut
977 552 1124 606 illum
1167 552 1220 606 in
1259 564 1391 621 pace
1420 551 1473 605 in
1502 551 1713 621 cpisco-

77 653 227 714 patu
266 659 509 699 manere
533 643 882 713 permittatis,
910 642 1100 697 saltem
1133 656 1305 711 usque
1335 641 1401 696 ad
1426 641 1714 695 terminum

80 737 281 791 nostri
326 744 647 806 respectus,
683 744 739 791 ut
780 734 998 790 interim
1043 734 1174 789 mihi
1215 735 1375 790 liccat
1417 733 1491 788 illi
1535 733 1715 788 facere

82 832 595 887 consecrationem
627 844 789 899 quam
821 829 1010 883 debeo.

520 919 855 976 EI’IS'I‘OLA
892 918 1125 975 CXXVII
1168 918 1307 991 (55).

168 1029 419 1069 ΑΝΒΕΙΛΙΙ
445 1028 511 1067 ΔΙ)
540 1028 785 1069 Ατεεκυκ
816 1025 1127 1067 ιυκυεκεεδι
1158 1025 1637 1067 ΑΒΕΙΙΙΕΡΙεΕΟΡυΜ.

166 1107 477 1161 Ansnwus
530 1105 971 1175 archiepiscopus
1023 1102 1362 1169 Cantuarize,
1417 1101 1713 1157 reverendo

18 1220 21 1251 :
88 1198 283 1253 laudis
316 1198 578 1253 Ecclesia:
607 1197 1018 1268 archiepiscopo
1052 1193 1326 1251 Lundcnsi
1355 1196 1599 1262 Arseno,
1624 1209 1714 1250 sa-

84 1289 268 1343 lutem
294 1298 357 1343 et
388 1303 571 1343 veram
600 1289 894 1343 amicitiam
937 1288 990 1342 in
1014 1286 1255 1342 Christo.

162 1377 338 1445 Quod
396 1394 483 1433 me
536 1378 773 1450 rogastis
820 1377 887 1433 de
932 1379 1131 1433 domno
1180 1375 1400 1431 Albrico
1448 1373 1710 1431 cardinali

80 1473 373 1528 Romamn
403 1472 660 1529 Ecclesiae
704 1473 938 1528 libenter
978 1471 1103 1536 feci,
1129 1486 1253 1526 cum
1286 1479 1507 1543 propter
1543 1471 1711 1525 hono-

84 1578 213 1620 rem
233 1562 513 1619 Romanae
528 1562 804 1629 Ecclesiae,
822 1572 934 1618 tum
951 1572 1177 1633 propter
1190 1576 1432 1619 amorem
1447 1570 1709 1629 vestrum,

16 1686 23 1689 -
80 1676 191 1731 pro
239 1674 361 1733 quo
402 1660 636 1715 libenter
673 1660 853 1714 lacere
892 1658 1042 1722 volo,
1076 1658 1120 1714 si
1157 1658 1285 1729 quid
1324 1656 1465 1727 quod
1501 1656 1713 1727 placeat

77 1754 387 1810 sanctitati
428 1763 625 1809 vestrae
673 1751 1016 1807 intellexero.
1058 1750 1276 1806 Gratias
1317 1749 1527 1819 agimus
1571 1747 1704 1813 Deo,

16 1878 23 1887 ι
81 1848 183 1917 qui
220 1847 279 1901 in
308 1862 487 1918 regno
506 1845 781 1900 Danorum
811 1852 1049 1899 vestram
1074 1840 1387 1912 religiosam
1427 1836 1547 1911 [at.,
1582 1837 1707 1893 reli-

14 1968 15 1971 η
77 1936 448 2010 giositatem]
476 1940 543 1991 ad
593 1936 1120 2007 archicpisc0patum
1154 1930 1487 1989 sublimavit.
1528 1930 1708 1987 Conli-

14 2066 17 2069 -
87 2028 287 2082 dimus
332 2027 486 2081 enim
537 2027 687 2096 quia,
731 2025 904 2096 gratia
941 2023 1036 2079 Dei
1080 2030 1442 2092 cooperante,
1477 2036 1542 2075 ea
1586 2036 1708 2090 quae

14 2170 19 2177 ,
81 2114 437 2183 corrigenda
474 2122 601 2167 sunt
635 2111 959 2186 corrigetis,‘
986 2118 1043 2164 et
1079 2122 1200 2178 quae
1234 2106 1547 2162 aediﬁcanda
1576 2105 1705 2161 aedi-

86 2204 390 2270 ﬁcabitis,
444 2212 501 2258 et
554 2216 675 2272 qua:
729 2200 1016 2256 nutrienda
1066 2197 1338 2253 nutrietis.
1386 2196 1705 2251 Audivimus

12 2334 15 2359 ρ
82 2311 339 2366 namque
381 2311 418 2349 a
458 2294 684 2365 praefato
725 2290 985 2349 cardinali
1026 2289 1194 2345 multa
1235 2289 1376 2367 bona
1420 2288 1488 2344 de
1525 2287 1699 2345 vobis.

12 2424 15 2441 ς
83 2390 247 2448 Unde
287 2390 463 2445 istam
505 2387 769 2443 habemus
805 2384 1076 2449 fiduciam,
1106 2391 1160 2438 et
1187 2396 1411 2437 oramus
1444 2389 1507 2435 ut
1536 2380 1697 2445 Deus,

80 2483 177 2555 qui
206 2485 317 2539 hoc
343 2481 582 2548 inctepit
598 2480 651 2535 in
674 2479 851 2542 vobis,
875 2477 943 2532 ad
966 2478 1168 2533 bonum
1195 2473 1445 2531 effectum
1462 2484 1700 2529 vestram

80 2588 311 2644 semper
342 2571 619 2643 perducat
653 2567 1006 2624 voluntatem.
1042 2564 1194 2636 Rogo
1218 2563 1567 2629 sanctitatem
1601 2575 1697 2616 ve-

79 2674 256 2723 stram
303 2676 594 2736 quatenus
645 2675 870 2731 regnum
916 2658 1046 2715 illud
1088 2665 1269 2714 vestro
1297 2664 1487 2712 sancto
1520 2653 1700 2711 studio

79 2757 406 2813 emundetis
468 2755 537 2809 ab
583 2752 883 2821 apostatis,
935 2758 996 2804 ut
1038 2748 1217 2804 nullus
1267 2745 1569 2815 alienigena
1624 2743 1696 2800 ibi

82 2850 318 2918 recipiat
355 2845 611 2915 aliquem
658 2841 1087 2899 ecclesiasticum
1133 2839 1401 2904 ordinem,
1452 2836 1577 2907 quia
1622 2832 1698 2891 illi

80 2940 171 3009 qui
210 2941 281 2995 ab
309 2938 604 3010 episcopis
642 2934 756 2991 suis
789 2932 1154 3004 repelluntur,
1182 2930 1319 2995 illud
1353 2936 1613 3000 pergunt,
1644 2937 1700 2985 et

1820 455 1993 511 dcatis
2023 457 2389 515 indesinenter
2417 461 2651 527 fervere,
2681 470 2737 518 et
2762 478 2857 517 vos
2879 479 2999 533 qua:
3023 464 3252 521 subdita:
3274 468 3405 523 estis

1819 547 1979 601 matri
2031 558 2245 620 vestrm,
2295 553 2683 621 obedientiam,
2734 571 2841 610 non
2896 557 2961 609 ad
3024 557 3260 623 oculum,
3312 563 3406 615 scd

1820 637 2013 693 intimo
2053 640 2217 697 corde
2264 646 2522 713 satagatis
2567 647 2843 702 exhibere.
2885 647 3011 702 Scio
3047 649 3171 717 quia
3214 649 3413 703 adver-‘

1816 730 2007 788 sitatcs
2053 743 2108 787 et
2151 734 2531 793 tribulatioucs
2577 754 2642 793 ex
2683 740 2914 796 diversis
2958 741 3201 812 partibus
3242 743 3406 798 susti-

1816 821 1984 885 netis,
2020 824 2115 878 sed
2146 834 2271 881 tunc
2298 827 2470 897 magis
2510 829 2577 883 ad
2609 830 2816 885 ordinis
2844 840 2897 886 et
2943 833 3066 887 vita:
3096 846 3281 886 veram
3316 848 3407 887 cu-

1814 912 2046 967 stodiam
2094 915 2317 971 studere
2356 918 2599 981 debetis.
2647 920 2773 990 quia
2822 920 2942 989 plus
2983 921 3121 977 bene
3173 923 3406 978 vivendo

1815 1004 2241 1061 consolationem
2281 1006 2374 1062 Dei
2420 1008 2726 1079 impetratis
2762 1025 2924 1079 quam
2965 1010 3010 1066 si
3039 1011 3399 1082 aliquatenus,

1812 1109 2033 1169 propter
2056 1099 2236 1171 aliqua
2260 1102 2432 1157 solum
2457 1103 2864 1173 impedimenta,
2889 1119 2919 1158 a
2943 1107 3109 1159 vestri
3138 1107 3400 1176 propositi

1812 1188 2027 1245 fervore
2065 1192 2315 1247 cessatis.
2356 1193 2412 1247 In
2454 1207 2778 1263 quocunque
2812 1204 3021 1253 secreto
3056 1196 3204 1258 sitis,
3239 1206 3403 1250 certae

1784 1346 1785 1349 η
1812 1290 2006 1347 estote,
2033 1296 2133 1337 nec
2154 1281 2418 1339 ullatenus
2442 1283 2700 1339 dubitetis
2726 1286 2852 1355 quia
2878 1302 3214 1356 unaqumque
3234 1287 3403 1342 habet

1811 1372 2057 1444 angelum
2079 1387 2259 1439 suum,
2274 1374 2363 1444 qui
2378 1389 2567 1430 omnes
2585 1375 2757 1446 cogita
2769 1384 2851 1430 tus
2866 1384 2919 1431 et
2934 1386 3086 1431 actus
3100 1376 3216 1445 ejus
3230 1374 3398 1440 videt,

1811 1473 1867 1519 et
1890 1475 2061 1532 notat,
2091 1477 2145 1522 et
2168 1466 2399 1522 invicem
2427 1467 2494 1522 ad
2518 1466 2686 1522 Deum
2716 1476 2980 1537 reportat.
3012 1467 3403 1537 illoneoitaque

1811 1572 1929 1622 vos,
1954 1559 2079 1615 lilia:
2103 1559 2457 1625 cliarissimze,
2486 1570 2545 1615 ut
2568 1561 2621 1615 in
2652 1561 2867 1616 occulto
2892 1571 2946 1615 et
2975 1561 3027 1615 in
3053 1570 3243 1630 aperto
3268 1576 3400 1615 uua-

1814 1663 2043 1719 quaeque
2070 1649 2149 1705 sic
2168 1658 2348 1705 motus
2375 1650 2555 1705 cordis
2575 1658 2629 1705 et
2651 1651 2896 1719 corporis
2923 1652 3005 1706 sui
3036 1652 3305 1707 custodiat
3335 1668 3399 1707 ac

1814 1738 1859 1794 si
1893 1738 2140 1809 angelum
2167 1740 2338 1810 ipsum
2370 1741 2648 1795 custodem
2688 1742 2800 1795 suis
2824 1741 2992 1797 oculis
3026 1742 3399 1812 corporalibus

1809 1838 2131 1899 prwsentem
2170 1829 2371 1885 videat.
2404 1830 2758 1899 Omnipotens
2794 1832 2937 1886 Deus
2967 1847 3062 1888 vos
3083 1848 3191 1887 sua
3231 1832 3397 1889 bene-

1809 1920 2045 1976 dictione
2069 1931 2337 1993 protegat,
2371 1933 2427 1978 et
2452 1925 2519 1979 ad
2545 1933 2895 1995 conspectum
2923 1924 3107 1996 gloria:
3137 1941 3247 1981 sua:
3273 1942 3399 1997 per-

1808 2012 1992 2069 ducat.
2024 2012 2219 2070 Amen.

1878 2105 1955 2161 De
1986 2105 2176 2177 reditu.
2202 2116 2393 2164 nostro
2427 2108 2543 2165 scio
2582 2110 2708 2180 quia
2756 2110 2918 2165 vultis
2951 2108 3157 2181 aliquid
3197 2126 3398 2189 cogno-

1806 2210 1979 2263 scere,
2012 2197 2109 2252 sed
2153 2198 2289 2253 nihil
2333 2208 2543 2255 certum
2588 2200 2741 2257 vobis
2787 2202 2854 2256 ad
2898 2217 3135 2272 praesens
3178 2218 3398 2272 possum

1805 2287 2068 2345 scribere.
2107 2288 2273 2346 Orate
2316 2301 2377 2347 ut
2424 2290 2620 2349 faciam
2665 2295 2963 2351 secundum
2998 2294 3396 2367 beneplacitutn

1804 2379 2137 2437 voluntatem
2169 2383 2285 2439 Dei.

2213 2500 2550 2559 EPISTOLA
2585 2504 2797 2561 cxxrx
2837 2505 2971 2578 (57).

2300 2610 2526 2651 ANSELII
2563 2613 2632 2651 Δι)
2662 2612 2892 2654 EASDEI.

1804 2683 2068 2741 Hortatur
2096 2702 2185 2741 eos
2213 2686 2283 2741 ad
2309 2688 2681 2757 perfectionem
2711 2700 2759 2743 et
2788 2705 2852 2743 ne
2881 2689 3098 2745 minima
3121 2702 3393 2762 spernant.

1870 2778 2176 2845 ANSELIUS,
2200 2778 2293 2834 Dei
2319 2778 2674 2849 dispositione
2688 2792 2912 2837 vocatus
2933 2784 3393 2854 archiepiscopus.

1801 2863 2035 2921 dominae
2073 2874 2127 2922 et
2160 2867 2321 2921 matri
2361 2867 2675 2924 reverendae
2710 2869 2999 2925 abbatissae
3030 2871 3310 2939 Euuum,
3341 2884 3398 2928 et

1801 2965 2004 3012 sanctae
2045 2957 2452 3029 congregationi
2503 2958 2577 3013 illi
2620 2960 2959 3027 commissae,
3002 2962 3055 3016 in
3106 2964 3395 3019 sanctitate

82 3029 521 3086 exsecrabiliter
547 3026 614 3082 ad
643 3026 889 3119 diversos
919 3022 1141 3079 ordines
1170 3029 1481 3077 sacrantur.
1510 3018 1698 3075 Valete
1728 3061 1770 3119 ο
1804 3061 2023 3117 semper
2046 3018 2316 3118 proﬁce;e
2346 3057 2399 3103 el
2425 3049 2492 3106 ad
2521 3049 2910 3105 beatitudinem
2940 3018 3247 3122 beningere

81 3133 135 3180 et
174 3132 335 3179 orate
353 3134 471 3193 pro
509 3134 615 3174 me.

500 3247 835 3305 EPISTULA
872 3245 1124 3302 CXXVIII
1170 3244 1304 3316 (56).

193 3360 443 3403 Ακεεωιι
475 3360 543 3399 AD
570 3356 839 3399 ευιλωιυι
867 3354 1090 3403 ειυδρυε
1116 3351 1591 3395 εΑΝετιδιοΝιΔιεε.

88 3466 319 3521 Litteras
363 3480 510 3536 quas
559 3461 623 3516 ab
672 3476 732 3515 eo
764 3458 1151 3536 desiderarunt
1184 3456 1423 3536 mittens,
1459 3454 1703 3536 hortatur

160 3548 216 3591 nt
266 3523 541 3591 sincerum
579 3549 703 3601 erga
744 3546 797 3584 se
829 3528 1156 3601 dilectionem
1204 3526 1259 3579 in
1299 3540 1477 3579 amore
1513 3523 1609 3578 Dei
1652 3532 1700 3577 et

162 3607 288 3661 aliis
318 3607 431 3677 piis
457 3598 699 3673 aperibns
730 3598 980 3670 [eruenda
1007 3599 1346 3651 demonstret.

166 3697 463 3752 Axsnnnus
488 3691 951 3759 archiepiscopus,
974 3687 1255 3743 sororibus
1275 3685 1389 3741 suis
1406 3684 1459 3739 in
1483 3683 1702 3739 Christo

97 3786 451 3843 charissimis
488 3783 717 3839 Domino
758 3779 1048 3836 abbatissa:
1075 3778 1327 3833 Eunus:
1363 3785 1419 3832 et
1450 3775 1702 3831 omnibus

98 3875 321 3931 filiabus
350 3874 488 3938 suis,
518 3871 750 3929 salutem
779 3878 835 3926 et
864 3868 1299 3926 benedictionem
1333 3864 1431 3925 Dei
1464 3875 1522 3922 et
1545 3880 1700 3922 suam

97 3979 266 4037 quam
295 3963 467 4019 valet.

171 4058 284 4114 Per
312 4054 606 4126 quemdam
629 4052 961 4110 servientem
984 4050 1151 4123 regis,
1185 4050 1277 4121 qui
1305 4049 1438 4106 mihi
1468 4048 1701 4121 sigillum

98 4146 222 4215 ejus
262 4143 493 4207 detulit,
537 4143 696 4213 petiit
724 4141 942 4197 diiectio
968 4150 1185 4205 vestra,
1215 4140 1360 4195 sicut
1389 4140 1503 4210 ipse
1542 4139 1702 4205 dixit,

101 4235 312 4292 nostris
340 4234 541 4289 litteris
564 4232 823 4299 salutari;
852 4231 997 4302 quod
1026 4230 1194 4286 tnalui
1224 4229 1404 4285 facere
1430 4244 1529 4300 per
1557 4229 1707 4300 lega-

100 4339 219 4385 tum
251 4343 461 4393 meum,
483 4340 645 4397 quem
677 4325 915 4380 sciebam
950 4338 1037 4379 me
1066 4323 1119 4378 in
1145 4322 1395 4394 proximo
1426 4332 1551 4377 tunc
1574 4321 1705 4378 mis-

102 4437 297 4479 surum
334 4421 389 4476 in
427 4418 697 4490 Angliam.
732 4416 859 4473 Scio
893 4418 1021 4487 quia
1060 4416 1387 4471 abundantia
1424 4424 1619 4470 vestrae
1645 4423 1702 4470 et
1726 4402 1779 4463 D

104 4514 376 4586 religiosa:
434 4511 746 4568 dilectionis
795 4510 898 4565 hoc
943 4509 1076 4565 facit
1128 4518 1187 4563 ut
1237 4509 1444 4564 litteras
1482 4518 1702 4573 nostras

106 4607 342 4661 libenter
382 4606 570 4661 videre
615 4604 815 4670 velitis,
858 4614 918 4657 tit
948 4619 1071 4659 cum
1121 4618 1295 4659 meam
1333 4603 1699 4672 praesentiam,

105 4714 271 4769 quam
307 4699 567 4772 religioso
590 4697 786 4755 affectu
814 4698 1156 4766 desideratis,
1182 4698 1476 4754 secundum
1507 4699 1699 4754 volun-

110 4801 275 4847 tatem
310 4804 551 4849 vestram
584 4793 790 4847 habere
827 4806 932 4847 non
964 4791 1209 4861 potestis,
1241 4791 1432 4847 saltem
1463 4807 1559 4861 per
1591 4791 1706 4861 epi-

108 4887 301 4942 stolam
354 4904 532 4944 meam
583 4886 927 4957 aliquatenus
978 4885 1126 4940 illam
1173 4885 1327 4940 vobis
1375 4884 1700 4951 exhibeatis,

113 4976 337 5035 forsitan
403 4988 466 5033 ut
512 4978 565 5033 in
616 4993 703 5034 me
759 4978 1077 5032 memoriam
1132 4974 1323 5039 vestri,
1369 4988 1440 5030 ne
1486 4974 1704 5045 quando

112 5067 443 5137 obdormiat,
469 5069 801 5126 exerceretis
821 5067 946 5141 [at.,
973 5066 1273 5139 excitetis].
1296 5065 1536 5136 Denique
1565 5065 1707 5121 sicut

114 5159 227 5213 scio
254 5163 381 5231 quia
422 5163 564 5217 bona
604 5160 853 5214 voluntas
876 5169 930 5215 et
963 5160 1174 5215 sincera
1212 5158 1429 5214 dilectio
1462 5158 1513 5212 in
1551 5157 1705 5212 vobis

115 5264 243 5322 erga
270 5270 357 5309 me
386 5270 494 5311 non
522 5252 783 5324 frigescit,
810 5251 882 5306 ita
907 5252 1098 5308 scitote
1120 5252 1247 5323 quia
1273 5267 1399 5323 erga
1423 5267 1520 5307 vos
1541 5252 1593 5305 in
1618 5265 1706 5305 me

118 5356 222 5398 non
256 5348 507 5416 tepescit.
535 5346 593 5400 In
626 5345 731 5400 hoc
761 5353 940 5399 autem
980 5345 1215 5401 maxime
1252 5345 1372 5400 volo
1402 5360 1498 5400 vos
1531 5343 1701 5399 nostri

120 5445 390 5492 memores
413 5452 556 5503 esse,
584 5444 640 5490 et
665 5449 773 5502 me,
798 5434 940 5489 sicut
969 5433 1169 5503 facitis,
1194 5434 1440 5502 diligere,
1465 5444 1525 5489 ut
1565 5433 1705 5489 sicut

193 5565 305 5637 (55)
354 5571 510 5626 Anno
566 5568 725 5626 I094.
786 5568 864 5624 Ex
914 5569 1085 5625 veteri
1132 5570 1320 5626 codice
1363 5568 1701 5626 bibliothecae

124 5631 461 5695 Colhei‘tintc.

195 5704 305 5778 (56)
336 5709 412 5764 Ex
450 5728 550 5769 ms.
587 5711 921 5771 Turonensis
966 5711 1217 5770 Ecclesiae
1244 5720 1299 5770 et
1336 5710 1698 5769 Pruliacensis

1876 3137 2136 3207 Quamvis
2175 3148 2415 3195 vestrum
2464 3150 2715 3196 sanctum
2764 3140 3001 3197 studium
3047 3157 3168 3197 mea
3218 3145 3398 3199 moni—

1806 3232 1954 3287 tione
1984 3247 2089 3288 non
2114 3240 2292 3302 egeat,
2324 3232 2470 3304 cogit
2496 3248 2583 3289 me
2615 3242 2796 3290 tamen
2830 3232 3049 3290 dilectio
3070 3250 3231 3304 quam
3262 3251 3393 3306 erga

1804 3334 1901 3375 vos
1925 3319 2120 3385 habeo,
2150 3329 2205 3374 et
2225 3318 2459 3375 oﬂicium
2482 3335 2685 3386 meum,
2710 3330 2770 3377 ut
2793 3323 2949 3378 vobis
2972 3322 3175 3394 aliquid
3189 3325 3391 3380 exhor-

1804 3412 1970 3468 tando
2004 3413 2263 3468 scribam.
2294 3412 2651 3469 Considerate
2678 3414 3033 3481 incessanter,
3075 3416 3198 3472 ﬁliae
3222 3426 3277 3473 et
3305 3432 3395 3474 so-

1804 3519 1958 3560 rores
1986 3519 2122 3560 mea:
2147 3504 2535 3571 dilectissime,
2565 3506 2692 3575 quia
2720 3504 2775 3560 in
2808 3505 3009 3562 coelum
3038 3508 3396 3577 proposuistis

1803 3595 2102 3651 ascendere
2124 3635 2139 3660 ,
2172 3604 2233 3649 ut
2264 3593 2338 3650 ibi
2378 3597 2616 3666 regnetis
2659 3604 2716 3651 et
2751 3612 2918 3667 regno
2952 3598 3233 3668 gaudeatis
3264 3615 3391 3655 cum

1804 3686 2033 3741 Domino
2075 3696 2131 3741 et
2175 3686 2352 3741 amico
2391 3695 2576 3745 vestro
2621 3684 2749 3742 Jesu
2779 3687 3017 3753 Christo,
3049 3690 3141 3759 qui
3186 3689 3258 3745 ibi
3299 3707 3396 3747 vos

1802 3785 2086 3849 exspectat
2134 3786 2192 3832 et
2234 3780 2602 3848 exspectando
2651 3778 2868 3836 assidue
2913 3779 3134 3846 invitat;
3193 3782 3395 3853 quippe

1802 3872 2041 3946 quandiu
2082 3874 2248 3930 homo
2293 3871 2447 3940 vivit,
2498 3882 2594 3930 aut
2629 3875 2873 3931 ascendit
2915 3875 2969 3930 in
3016 3876 3214 3931 caelum
3257 3875 3398 3933 bene

1801 3967 2069 4033 vivendo,
2097 3974 2194 4022 aut
2220 3966 2504 4022 descendit
2546 3967 2603 4023 in
2644 3965 2916 4021 infernum
2961 3967 3101 4022 male
3140 3966 3393 4023 vivendo.

1804 4057 1863 4114 Si
1899 4073 2028 4127 ergo
2070 4057 2138 4112 ad
2174 4056 2279 4113 hoc
2306 4055 2452 4128 quod
2481 4055 2840 4127 proposuistis
2875 4055 3036 4112 vultis
3066 4057 3394 4128 pertingere,

1805 4163 2032 4205 necesse
2061 4158 2147 4204 est
2186 4163 2285 4205 vos
2323 4149 2533 4205 sanctis
2572 4147 2875 4205 actionibus
2914 4148 3042 4205 illuc
3073 4150 3228 4220 quasi
3272 4150 3397 4221 qui-

1803 4240 2033 4297 busdam
2073 4240 2326 4311 passibus
2368 4240 2657 4312 proiicere.
2712 4240 3006 4312 Diligenter
3055 4241 3224 4313 igitur
3269 4242 3396 4299 vita:

1805 4342 2004 4388 vestrae
2029 4348 2251 4389 cursum
2282 4333 2560 4400 discutite‘,
2589 4350 2696 4389 non
2727 4333 2898 4389 solum
2923 4334 2975 4389 in
2998 4334 3273 4405 operibus,
3297 4335 3396 4391 sed

1805 4432 1860 4479 et
1895 4422 1949 4478 in
1979 4423 2175 4487 verbis,
2210 4438 2316 4479 non
2345 4422 2518 4479 solum
2552 4423 2605 4478 in
2642 4422 2728 4479 his
2752 4430 2807 4478 et
2840 4421 2891 4478 in
2928 4422 3166 4478 minimis
3192 4424 3397 4496 cogita-

1806 4515 2059 4578 tionibus.
2095 4531 2163 4573 ne
2207 4514 2349 4572 forte
2389 4531 2513 4572 cum
2545 4517 2599 4571 in
2643 4517 2896 4574 omnibus
2932 4516 3017 4574 IIIS
3061 4532 3279 4589 semper
3301 4520 3395 4574 dea

1803 4608 1979 4664 beatis
2006 4624 2223 4664 cursum
2256 4609 2512 4675 tendere,
2546 4607 2751 4678 aliquid
2789 4608 2859 4663 ibi
2901 4608 3209 4664 inveniatur
3250 4610 3395 4680 quod

1807 4701 1980 4771 magis
2009 4702 2081 4755 sit
2106 4700 2457 4756 descendere.
2487 4700 2641 4767 Quod
2674 4701 2718 4756 si
2747 4701 2886 4756 bene
2908 4700 3069 4756 vultis
3099 4702 3397 4765 custodire,
3428 4708 3431 4711 ’

1805 4794 2021 4862 expedit
2072 4800 2132 4847 ut
2184 4808 2399 4863 semper
2442 4792 2572 4848 illud
2624 4793 2873 4862 cogitetis
2920 4792 3064 4862 quod
3109 4792 3401 4848 verissime

1806 4887 2067 4955 scriptum
2107 4893 2236 4939 est:
2283 4884 2387 4949 Qui
2422 4885 2630 4937 modica
2660 4883 2855 4953 spernit
2900 4883 3159 4951 paulatim
3202 4884 3402 4937 decidit

1807 4977 1997 5049 (Eoi-ti.
2027 4993 2141 5042 nx,
2174 4975 2248 5045 I).
2282 4975 2384 5043 Qui
2416 4975 2559 5030 enim
2585 4973 2849 5046 paulatim
2878 4973 3097 5040 decidit,
3128 4989 3235 5029 non
3264 4990 3401 5046 pro-

1807 5070 1942 5134 iicit,
1974 5068 2068 5125 sed
2106 5068 2321 5135 deﬁcit;
2353 5076 2408 5123 et
2440 5066 2532 5138 qui
2562 5065 2745 5122 deficit
2766 5106 2782 5132 ,
2822 5081 2929 5120 non
2972 5067 3253 5133 ascendit,
3299 5066 3398 5123 sed

1807 5162 2108 5218 descendit.
2161 5160 2273 5216 Hoc
2308 5174 2441 5231 ergo
2476 5166 2667 5213 curate
2704 5156 2939 5213 sollicite
2988 5166 3048 5213 ut
3097 5159 3231 5214 nihil
3284 5170 3393 5214 tam

1805 5268 2034 5323 parvum
2081 5252 2153 5306 sit
2190 5252 2333 5321 quod
2376 5251 2443 5305 de
2484 5250 2677 5306 ordine
2716 5260 2900 5306 vestro
2940 5250 3030 5305 ubi
3074 5266 3169 5306 vos
3214 5252 3395 5307 vivere

1806 5344 2027 5416 possitis
2066 5343 2314 5409 violetis,
2346 5354 2402 5398 et
2439 5343 2518 5399 sic
2560 5344 2762 5399 sanctis
2805 5344 3052 5414 passibus
3067 5345 3137 5399 .in
3173 5344 3390 5411 nmium,

1809 5436 1952 5507 quod
1978 5436 2185 5491 utinam
2217 5434 2505 5504 adjuvante
2536 5424 2665 5505 Deo,
2696 5434 2807 5500 ﬁat,
2842 5435 3164 5493 ascendetis.
3198 5434 3307 5491 Oro
3337 5444 3396 5491 ut

1806 5569 2137 5623 monasterii.

1877 5641 1992 5721 (δῖ)
2040 5642 2116 5722 Ex
2156 5655 2258 5697 ms.
2308 5640 2669 5700 Pruliacensis
2709 5641 3027 5699 monasterii
3063 5639 3274 5696 ordinis
3302 5636 3391 5694 Ci-

1802 5720 2128 5767 SICI'CICHSIS.
