3898 6318
491 279 592 370 ΞΠ
1493 303 1584 360 AD
1619 303 1847 361 OPERA
1896 302 1953 356 S.
1990 303 2292 358 ANSELMI
2333 302 2703 359 APPENDIX.
3699 305 3798 358 ετξ

487 397 586 498 pro
631 439 718 480 me
745 423 945 492 oretis,
977 431 1031 480 et
1081 429 1231 496 tanto
1263 420 1522 478 attentius
1557 428 1759 492 quanto
1807 420 1960 475 scrtis
2004 432 2090 473 me
2118 406 2163 462 Α
2195 417 2325 471 Tam
2357 417 2496 474 male
2525 417 2670 471 enim
2697 432 2814 472 sum
2847 416 2899 470 in
2929 417 3419 489 archiepiscopum,
3449 428 3509 472 ut
3541 425 3730 483 certe,
3759 419 3794 472 si

486 519 556 573 de
596 517 885 573 dilectione
927 525 1105 572 vestra
1160 515 1454 580 conlidere,
1495 513 1752 583 quoniam
1807 526 2083 581 nunquam
2194 511 2311 565 sine
2340 509 2497 580 culpa
2537 509 3003 589 dicerepossum,
3036 511 3220 566 malim
3252 511 3318 568 de
3352 511 3460 567 hac
3489 511 3618 566 vita
3653 511 3798 567 exire

489 609 718 680 cognovi
747 623 832 664 me
878 607 1050 680 magis
1082 621 1244 678 quam
1273 621 1416 661 nunc
1450 604 1789 660 orationibus
1819 603 2081 674 indigere.
2193 616 2353 671 quam
2384 601 2463 657 sic
2492 601 2694 656 vivere.

1047 893 2022 1048 APPENDIX
2138 888 3239 1049 SPURIORUM

535 716 3788 757 Μ

932 1402 934 1404 γ
1746 1339 2450 1456 DIALOGUS
2493 1319 2518 1371 ¹
3857 1445 3860 1448 .

489 1582 873 1754 BEATIE
1011 1593 1396 1748 Mllle
1507 1594 1654 1745 ΕΤ
1771 1591 2537 1839 ΑΝξ-Ψρ-ΒΕ
2679 1593 3238 1751 ΡΑ881οΝΕ
3352 1589 3862 1839 ΒθΜΙΝΙ]

564 1929 797 1986 Sanctus
828 1926 1116 1983 Anselmns
1162 1925 1320 1996 longo
1364 1933 1607 1994 tempore
1645 1937 1766 1979 cum
1817 1919 2039 1992 jejuniis
2067 1963 2081 1987 ,
2115 1949 2160 2004 Β
2187 1921 2354 1978 valuit
2381 1923 2569 1980 decem
2600 1922 2815 1981 usuales
2861 1925 2921 1979 ⁸³.
2971 1923 3139 1980 ludas
3166 1940 3300 1982 vero
3325 1926 3398 1982 ita
3446 1941 3672 1987 avarus
3713 1930 3796 1986 fuit

491 2022 744 2094 lacrymis
771 2028 827 2075 et
861 2019 1202 2075 orationibus
1243 2016 1533 2086 gloriosam
1569 2015 1842 2085 Virginem
1892 2018 2090 2069 ex’orao
2189 2014 2350 2086 quod,
2383 2015 2600 2086 quando
2626 2017 2880 2072 denarios
2910 2017 3062 2084 vidit,
3107 2017 3384 2076 Christum
3407 2034 3516 2091 pro
3567 2022 3659 2077 eis
3685 2038 3796 2078 ven-

491 2115 571 2169 vit
615 2121 676 2168 ut
730 2112 778 2166 ei
822 2110 1088 2165 revelaret
1124 2107 1358 2178 qualiter
1398 2107 1517 2176 ejus
1564 2105 1703 2160 ﬁlius
1747 2118 1942 2176 passus
1985 2112 2086 2161 est.
2191 2106 2324 2162 didit
2353 2105 2416 2172 “,
2445 2116 2501 2161 et
2535 2105 2661 2162 licet
2695 2107 2946 2164 Christus
2987 2108 3037 2165 ei
3085 2111 3427 2179 praedixisset
3455 2113 3705 2182 saepius,
3731 2124 3796 2169 ta-

491 2202 732 2258 Tandem
763 2201 920 2254 beata
948 2197 1114 2269 Virgo
1156 2197 1203 2252 ei
1247 2195 1498 2268 apparuit
1535 2204 1590 2249 et
1627 2194 1805 2249 dixit:
1836 2193 2005 2248 Tanta
2037 2200 2091 2248 et
2191 2213 2313 2254 men
2341 2197 2430 2254 ille
2459 2197 2628 2255 Judas
2661 2213 2757 2270 per
2785 2199 2887 2255 hoc
2915 2215 3020 2256 non
3047 2199 3226 2256 fuerat
3252 2203 3595 2260 emendatus
3628 2207 3699 2261 ¹⁸.

492 2296 618 2350 talia
642 2309 834 2366 passus
863 2301 949 2346 est
970 2292 1198 2346 dilectus
1222 2289 1364 2344 ﬁlius
1387 2303 1564 2354 meus,
1592 2288 1732 2359 quod
1767 2287 1945 2344 nullus
1973 2288 2091 2342 sine
2259 2291 2327 2344 Α.
2362 2289 2530 2346 Fuisti
2565 2299 2691 2347 tunc
2719 2308 2842 2347 cum
2885 2292 2998 2349 ﬁlio
3042 2300 3134 2348 tuo
3171 2303 3228 2350 et
3261 2294 3550 2366 discipulis
3589 2298 3640 2331 “
3659 2298 3792 2367 ejus?

489 2386 852 2456 lacrymarum
888 2381 1147 2436 ell'usione
1185 2380 1365 2435 dicere
1397 2389 1574 2450 potest
1595 2381 1635 2432 ’.
1667 2378 1872 2434 Tamen
1900 2416 1916 2446 ,
1964 2379 2088 2449 quia
2263 2380 2333 2435 Μ.
2383 2379 2532 2447 Νοη;
2585 2381 2681 2436 sed
2733 2381 2878 2436 scias
2921 2383 3065 2451 quod
3110 2384 3327 2452 quando
3367 2385 3407 2416 "
3447 2385 3610 2444 ﬁlius
3657 2405 3791 2443 meus

491 2476 796 2549 gloriﬁcata
831 2491 975 2542 sum,
1011 2475 1140 2531 ﬁere
1173 2487 1278 2530 non
1308 2488 1528 2544 possum
1556 2490 1568 2528 :
1601 2473 1718 2530 ideo
1749 2473 1842 2529 tibi
1876 2473 2090 2544 passio-
2189 2483 2520 2538 eoauaverat,
2570 2481 2626 2529 et
2670 2476 2833 2544 pedes
2865 2474 2908 2506 ⁸⁸
2932 2475 3320 2546 discipulorum
3367 2477 3702 2546 lavaverat,
3749 2493 3792 2535 et

489 2584 618 2624 nem
647 2569 750 2622 mei
786 2568 876 2622 lilii
915 2583 1012 2638 per
1039 2567 1286 2624 ordinem
1317 2567 1337 2598 ³
1364 2565 1662 2637 explicabo.
1709 2557 1910 2621 Beatus
1956 2581 2087 2637 ergo
2189 2579 2387 2635 corpus
2417 2578 2574 2620 suum
2614 2575 2672 2620 et
2699 2566 3020 2636 sanguinem
3061 2567 3341 2639 discipulis
3379 2569 3632 2626 dederat
3663 2573 3727 2637 ι’,
3751 2583 3792 2627 et

490 2661 784 2718 Anselmus
825 2662 1073 2732 quaesivit
1118 2675 1215 2730 per
1254 2658 1464 2726 singula
1515 2668 1572 2715 et
1610 2659 1764 2714 beata
1810 2657 1977 2713 Maria
2017 2657 2086 2714 ad
2188 2657 2422 2713 dulciter
2458 2657 2967 2728 prtedieaverat,'ae
3013 2658 3181 2717 Judas
3219 2660 3512 2731 pontiﬁces
3567 2665 3790 2726 adierat,

491 2751 702 2824 singula
744 2753 1024 2824 respondit
1051 2751 1092 2782 ⁸·
2190 2746 2332 2804 ﬁlius
2369 2762 2522 2803 meus
2567 2747 2638 2804 de
2677 2757 2861 2805 monte
2899 2748 3030 2805 Sion
3074 2765 3200 2805 cum
3231 2751 3514 2821 discipulis
3549 2755 3679 2810 suis
3711 2770 3792 2826 per

987 2882 1217 2940 CAPUT
1253 2881 1550 2938 PRIMUM,
1577 2922 1592 2936 .
2187 2837 2494 2940 portamad
2513 2839 2910 2940 natatoriain:°
2928 2837 3098 2940 Siloe,
3121 2840 3214 2940 ubi
3235 2850 3356 2940 erat
3382 2842 3618 2910 hortus,
3646 2860 3790 2940 quem

1577 2922 1592 2936 ⁸
2188 2929 2468 2994 introivit,
2511 2941 2588 2997 et,
2635 2929 2916 3000 discipulis
2959 2931 3354 2988 dormientibus
3379 2974 3395 2999 ,
3447 2937 3792 2994 ascenditad

594 3021 673 3076 De
701 3021 987 3075 traditione
1015 3020 1212 3076 Christi
1237 3036 1298 3074 ac
1328 3020 1443 3090 ejus
1467 3019 1704 3073 oratione
1729 3019 1784 3071 in
1805 3017 1978 3072 horto.
2188 3020 2391 3077 montis
2412 3019 2606 3077 Oliveli
2633 3023 2846 3092 pedem,
2879 3033 3158 3092 quantum.
3179 3025 3247 3078 ad
3289 3024 3503 3095 jactum
3537 3027 3747 3099 lapidis
3767 3045 3792 3080 θ

560 3114 865 3171 Assswus.
889 3115 987 3169 Die
1011 3113 1164 3180 mihi,
1188 3113 1512 3168 charissima
1535 3110 1773 3178 domina,
1805 3109 1966 3182 quale
1987 3108 2088 3165 fuit
2187 3111 2486 3184 discipulis,
2517 3120 2572 3167 et
2595 3112 2770 3168 oravit
2807 3113 2889 3168 sic
2933 3113 3149 3169 Patrem
3177 3133 3190 3168 :
3225 3113 3444 3171 Exaudi
3472 3118 3519 3150 ἰ
3556 3136 3672 3186 me,
3704 3119 3792 3173 De-

487 3207 703 3264 initium
733 3207 1006 3278 passionis
1030 3205 1125 3282 ﬁlii
1159 3205 1269 3260 tui?
2185 3203 2347 3268 mine,
2377 3205 2628 3274 quoniam
2656 3204 2877 3288 benigna
2920 3215 2996 3259 est
3033 3206 3391 3261 misericordia
3432 3218 3530 3262 tua
3551 3227 3577 3274 ;
3621 3228 3791 3266 secu-

560 3298 764 3354 ΜΑιιιΑ.
795 3297 1026 3366 Quando
1052 3295 1246 3356 ‘ﬁlius
1293 3311 1446 3351 meus
1484 3310 1514 3349 a
1543 3301 1724 3350 creua
1769 3293 1908 3350 facta
1960 3309 2082 3352 cum
2110 3313 2159 3380 ο
2187 3295 2318 3377 dum
2369 3295 2756 3351 multitudinem
2793 3298 3192 3352 miserationum
3243 3308 3460 3353 tuarum
3498 3303 3715 3372 respice
3748 3305 3788 3355 is

489 3389 775 3461 discipulis
822 3389 938 3444 suis
966 3389 987 3420 '
1027 3387 1285 3454 surrexit,
1313 3385 1480 3444 ludas
1517 3385 1777 3442 Iscarioth
1824 3387 2082 3442 saeerdo-
2188 3405 2289 3441 me.
2321 3385 2404 3440 Ne
2433 3396 2639 3442 avertas
2677 3387 2866 3457 [aciem
2915 3397 3061 3442 tuam
3092 3405 3124 3443 a
3153 3405 3314 3458 puero
3351 3399 3443 3444 tuo
3471 3391 3520 3422 "
3542 3385 3789 3462 quoniam

489 3491 604 3540 tum
650 3481 926 3553 principes
971 3481 1124 3549 adiit,
1173 3490 1230 3537 et
1265 3479 1434 3536 ﬁlium
1483 3494 1666 3536 meum
1713 3480 1950 3547 tradens,
1982 3496 2080 3551 pro
2188 3476 2429 3541 tribulor,
2453 3475 2694 3532 velociter
2720 3478 2913 3532 exaudi
2942 3494 3042 3532 me.
3075 3477 3296 3534 Intende
3327 3481 3532 3534 animae
3580 3498 3718 3537 metr
3752 3493 3788 3534 et

488 3575 712 3646 "mnu
741 3574 982 3630 denariis
1009 3573 1250 3630 vendidi;
1278 3578 1324 3626 ο,
2188 3569 2352 3621 libera
2380 3584 2518 3633 eam,
2557 3579 2784 3638 propter
2834 3570 3074 3624 inimicos
3111 3587 3248 3626 meos
3291 3572 3438 3642 eripe
3497 3590 3590 3629 me
3630 3575 3785 3647 (Ptol.

557 3665 626 3722 Δ.
658 3663 858 3732 Quales
881 3663 1100 3720 luerunt
1122 3663 1198 3717 illi
1223 3663 1469 3719 denarii?
2191 3673 2382 3724 uvni,
2416 3659 2503 3724 l7,
2528 3659 2641 3729 19).

565 3755 638 3810 Μ.
668 3755 690 3787 ’
722 3755 1028 3813 lsmaelitici
1069 3757 1264 3825 quibus
1291 3755 1456 3816 etiam
1511 3753 1710 3826 Joseph
1750 3755 1792 3787 “
1836 3755 2084 3812 venditus
2267 3752 2332 3805 A.
2366 3755 2545 3818 Quare
2573 3752 2785 3808 oravit?

489 3847 593 3902 fuit
618 3855 749 3902 ante
771 3856 1005 3918 quatuor
1035 3847 1201 3902 millia
1245 3862 1536 3913 annorum,
1569 3856 1625 3903 et
1661 3846 2004 3903 hatreditaria
2039 3847 2078 3877 “
2260 3846 2332 3900 M.
2379 3846 2607 3915 Propter
2657 3855 2766 3902 tres
2815 3847 3075 3903 rationes.
3125 3845 3329 3915 Prima,
3373 3849 3508 3919 quia
3562 3850 3784 3907 delicate

487 3939 830 3996 successione
864 3939 1084 3994 fuerant
1126 3938 1362 3996 devoluti
1390 3939 1433 3969 “
1459 3938 1526 3994 ad
1567 3937 1686 3994 illos
1727 3937 1942 3994 Judteos
1987 3937 2078 4007 qui
2190 3935 2429 3990 nutritus
2453 3935 2573 4000 fuit,
2606 3944 2792 4003 utpote
2822 3935 2965 3992 ﬁlius
2997 3938 3231 4009 Virginis
3265 3940 3409 3994 etde
3437 3943 3628 4011 stirpe
3655 3949 3784 4009 regis

484 4029 659 4085 lilium
715 4045 897 4087 meum
949 4040 1244 4099 emerunt,
1302 4041 1356 4087 et
1411 4029 1783 4100 unusquisque
1827 4031 2085 4097 denarius,
2191 4034 2371 4091 natus,
2393 4026 2520 4095 quia
2547 4025 2755 4083 nobiles
2803 4027 2976 4099 magis
3011 4027 3216 4098 dolent,
3246 4029 3466 4100 quando
3495 4030 3779 4095 laeduntur,

1813 4141 2050 4200 VARIIE
2084 4139 2488 4198 LECTIONES.

560 4238 578 4269 ⁸
607 4236 848 4292 Collatus
873 4247 948 4292 est
977 4253 1096 4291 cum
1125 4253 1202 4290 ms
1249 4235 1472 4290 Thuano
1518 4233 1622 4292 519
1680 4252 1757 4290 ms
1792 4236 2052 4291 Planctus
2079 4234 2251 4306 beatze
2293 4235 2474 4306 Mariae
2515 4235 2740 4306 virginis
2776 4236 2842 4290 ad
2890 4235 3202 4292 Auselmum
3259 4235 3326 4290 de
3355 4237 3633 4306 passione
3687 4241 3782 4294 Do-

485 4307 621 4364 mini
662 4378 671 4380 _
733 4308 754 4338 ²
783 4307 1321 4380 Βθειιῃεηᾼηεβιεῃμε
1361 4307 1646 4380 episcopus
1683 4307 1841 4378 longo
1874 4318 2116 4375 tempore
2141 4304 2379 4380 jej‘uniis,
2411 4304 2667 4380 lacryin'is
2693 4315 2750 4361 et
2774 4307 3112 4380 orationibus
3156 4304 3448 4380 gloriosam
3508 4309 3783 4380 Virginem

487 4378 868 4448 emrabat,_ut
895 4378 943 4432 ei
972 4377 1154 4448 dilecti
1183 4376 1279 4429 ﬁlii
1311 4377 1390 4431 sui
1417 4381 1718 4446 passionem
1749 4376 2391 4448 dignareturperfectius
2425 4377 2694 4448 revelare;
2725 4377 2810 4448 cui
2846 4377 3060 4448 tandem
3098 4391 3374 4448 apparens
3407 4378 3577 4434 beata
3615 4376 3783 4448 Virgo

486 4447 704 4504 dicebat
729 4437 950 4501 {Tanta
977 4456 1033 4501 et
1063 4446 1189 4518 talia
1219 4437 1522 4516 passus-est
1549 4464 1702 4503 meus
1737 4437 1878 4501 ﬁlius
1921 4437 2264 4515 prmdilectus
2293 4447 2438 4518 quod
2487 4437 2691 4501 nullus-
2714 4447 2887 4502 ﬁdelis
2918 4447 3052 4518 rsine
3095 4437 3461 4518 la'c'rymarum
3518 4437 3784 4505 etfusiuiie

481 4525 667 4590 potest
691 4519 1017 4593 exprimere.
1054 4516 1399 4593 ms‘Sanctus
1425 4519 1714 4593 Anselmus
1743 4517 2177 4593 longoﬂtempore
2197 4516 2328 4593 eum
2369 4517 2636 4587 lacrymis
2655 4558 2669 4580 ,
2700 4517 3124 4593 eLorationibus
3147 4559 3160 4583 ,
3181 4516 3249 4593 et
3291 4518 3519 4593 jejuniis
3577 4527 3787 4593 rogavit

483 4586 730 4660 sanctam
765 4586 992 4660 biariam
1023 4587 1308 4660 virginem,
1337 4597 1394 4643 ut
1420 4591 1469 4643 ei
1500 4590 1772 4660 revelat-et
1793 4586 2028 4660 qualiter
2055 4586 2171 4656 ejus
2196 4588 2364 4643 Filius
2391 4586 2580 4660 passus
2608 4596 2712 4643 est.
2739 4587 2980 4642 Tandem
3007 4588 3164 4660 beata
3181 4586 3358 4660 Virgof
3367 4591 3471 4644 sibi
3493 4586 3789 4660 ,appa'rnit,

481 4659 722 4734 et_dixit.
762 4659 934 4734 Tanta
961 4669 1016 4734 et
1043 4657 1168 4734 talia
1199 4673 1388 4728 passus
1419 4670 1502 4716 est
1539 4659 1769 4734 dilectus
1794 4657 1934 4712 ﬁlius
1965 4672 2115 4712 mens
2144 4661 2288 4727 quod
2326 4658 2504 4734 nullus
2527 4658 2642 4712 sine
2677 4659 3040 4730 lacrymarum
3067 4658 3333 4734 effusione
3381 4657 3788 4734 dicere'potest

485 4729 527 4809 ’_
541 4728 747 4784 Tamen
777 4727 1236 4809 quiaugloriﬁcata
1258 4744 1399 4790 sum.
1428 4730 1659 4809 amplius
1684 4729 2220 4809 ﬂere.non_pos__snm,
2254 4738 2310 4784 et
2335 4729 2402 4782 ad
2427 4744 2620 4809 preces
2648 4739 2767 4783 tuas
2795 4727 2851 4784 et
2873 4744 2969 4798 pro
3001 4728 3175 4809 salute
3193 4730 3501 4809 multorum
3531 4727 3641 4809 tibi
3675 4751 3790 4804 pas-

481 4800 823 4872 sionemmei
855 4798 983 4872 Filii
1006 4814 1100 4872 per
1122 4800 1364 4872 ordinem
1398 4815 1475 4872 ms
1512 4801 1719 4872 Tamen
1749 4800 1876 4867 quia
1911 4798 2210 4872 gl‘orilicata
2249 4813 2389 4872 sum,
2421 4798 2703 4872 ﬁerenon
2740 4814 2958 4872 possum
2994 4813 3010 4852 :
3043 4800 3163 4852 ideo
3193 4798 3292 4872 Fili
3327 4801 3430 4872 ιιιβί
3460 4798 3788 4872 passionem

479 4887 580 4941 per
614 4869 862 4941 ordinem
970 4867 1183 4941 ‘_‘Beata
1209 4870 1371 4941 Virgo
1406 4870 1472 4924 ad
1497 4870 1706 4940 singula
1739 4867 2103 4941 respondebat
2126 4887 2204 4924 ms
2257 4871 2418 4941 beata
2444 4869 2610 4941 Maria
2641 4869 2706 4941 ad
2734 4867 2948 4940 singula
3004 4871 3284 4941 respondit
3393 4871 3414 4902 ⁸
3446 4867 3516 4925 In
3565 4891 3658 4930 ms
3693 4891 3791 4928 non

479 4939 554 4994 est
579 4939 930 5008 capitulorum
956 4939 1244 5007 distinctio,
1276 4939 1369 4994 nec
1399 4951 1520 5010 sunt
1550 4939 1690 4994 tituli
1766 5008 1784 5010 _
1830 4940 1850 4970 ⁸
1877 4940 2187 5010 Anselmus.
2222 4941 2315 4994 Dic
2348 4940 2478 4994 mihi
2499 4980 2516 5005 ,
2548 4939 2865 4996 charissima
2895 4939 3118 4994 Domina
3140 4982 3154 5006 ,
3196 4941 3356 5010 quale
3405 4941 3512 4996 fuit
3571 4946 3790 4999 initium

519 5009 1000 5085 assionis-Filiitni
1024 5010 1212 5085 ?‘M_ar._
1232 5008 1481 5079 Quando,
1512 5019 1618 5085 e_tc,
1647 5027 1728 5064 ms
1753 5008 2013 5085 Quzesivit
2035 5025 2164 5080 ergo
2193 5011 2389 5085 primo,
2428 5020 2482 5065 et
2507 5010 2690 5085 dixit}
2731 5008 3340 5085 Charissi_ma__l)onii_na,
3370 5013 3459 5066 dic
3491 5014 3638 5069 mihi
3665 5032 3789 5085 qua-

502 5082 606 5151 iter
635 5081 815 5147 passio
847 5080 964 5134 Filii
998 5081 1072 5135 tui
1107 5081 1363 5136 inchoata
1389 5089 1492 5151 est.
1527 5079 1827 5150 Respondit
1854 5079 2045 5151 Maria,
2102 5079 2341 5151 quando,
2376 5091 2485 5135 etc.
2599 5081 2619 5111 "
2649 5081 2782 5134 Cum
2842 5080 3123 5150 discipulis
3172 5083 3287 5136 suis
3339 5099 3418 5136 nis
3452 5085 3617 5139 omit.
3682 5079 3790 5141 suis

476 5151 501 5222 ξ
535 5149 849 5222 'l‘ra_dens...
883 5152 1156 5222 argenteis
1183 5149 1587 5222 insitradidit...
1618 5152 1857 5208 denariis
1955 5150 1976 5182 °
1999 5149 2168 5206 Maria
2192 5151 2545 5206 llismaelitici
2574 5167 2654 5205 ms
2681 5151 2846 5207 Maria
2887 5149 3163 5221 respondit
3193 5171 3206 5206 :
3240 5153 3550 5209 Ismaelitici
3645 5159 3692 5189 '°
3730 5157 3790 5210 Et

471 5219 676 5290 Joscph
703 5235 785 5292 ms
804 5218 970 5276 etiam
996 5221 1195 5292 Joseph
1273 5218 1538 5292 “Multos
1563 5236 1771 5292 annos,
1790 5231 1844 5278 et
1873 5221 2216 5278 hzereditaria
2260 5238 2338 5276 ms
2377 5231 2612 5292 quatuor
2643 5222 2810 5277 millia
2833 5218 3124 5284 annorum,
3159 5224 3508 5278 ltmreditaria
3596 5229 3648 5265 ι’
3679 5228 3789 5282 lue-

480 5303 602 5364 rant
634 5291 866 5364 devoluti
917 5309 995 5346 ms
1048 5290 1271 5364 fuerunt
1300 5291 1539 5364 devoluti
1653 5293 1694 5323 ¹³
1729 5290 2117 5362 Unusquisque
2166 5290 2423 5347 denarius
2475 5293 2694 5348 valebat
2723 5293 2940 5364 triginta
2979 5294 3196 5364 usuales
3235 5310 3312 5347 ms
3344 5295 3581 5360 quilibet
3616 5299 3787 5353 dena-

481 5363 595 5437 rius
625 5362 794 5437 valuit
815 5363 1004 5418 decem
1029 5363 1244 5437 usualcs
1358 5361 1401 5392 “
1424 5362 1841 5437 'l‘antavarus...
1877 5361 2099 5418 tradidit
2129 5381 2206 5417 ms
2239 5368 2615 5437 ita‘avarus...
2669 5361 2910 5437 vendidit
3021 5363 3063 5393 ¹⁸
3106 5363 3312 5437 Tamen
3344 5364 3433 5417 ille
3473 5365 3659 5423 ludas
3697 5383 3788 5437 per

479 5433 583 5486 hoc
619 5448 723 5487 non
740 5433 930 5511 luerat
957 5433 1301 5511 emendatus.
1323 5449 1402 5511 ins
1431 5435 1527 5511 sed
1558 5436 1894 5511 ille_per_hoc
1922 5449 1980 5488 se
2011 5450 2117 5511 non
2149 5433 2536 5511 emendaverat
2565 5504 2577 5511 .
2671 5433 2714 5463 “‘
2739 5433 2892 5511 Tunc
2937 5449 3058 5511 cum
3099 5435 3208 5488 ﬁlio
3241 5445 3332 5511 tuo
3357 5475 3372 5500 ,
3401 5433 3788 5511 et_discipulis

477 5519 557 5556 ms
584 5513 709 5560 tunc
739 5504 792 5575 iu
818 5503 1046 5575 consilio
1075 5517 1197 5556 cum
1227 5503 1513 5574 Diseipulis
1625 5503 1852 5560 "Scias
1879 5504 2095 5574 quando
2140 5521 2217 5558 ms
2248 5505 2390 5559 scias
2435 5504 2578 5574 quod
2609 5506 2826 5573 quando
2936 5507 2980 5535 “‘
3013 5505 3076 5557 Et
3123 5507 3343 5573 quamln
3386 5507 3553 5575 pedes
3616 5503 3699 5561 nis
3739 5519 3786 5559 et

477 5575 643 5645 pedes
691 5644 698 5645 ί
753 5574 796 5605 ¹⁹
828 5573 1112 5645 Etcorpus
1138 5588 1293 5626 suum
1319 5573 1720 5645 et’sanguinem
1747 5573 1909 5629 suum
1950 5575 2228 5642 discipulis
2255 5573 2498 5638 dederat,
2532 5592 2610 5629 ms
2639 5575 2850 5644 Corpus
2896 5590 3052 5629 suum
3079 5585 3134 5629 et
3174 5573 3501 5645 sanguinem
3552 5579 3788 5633 dederat

470 5644 758 5714 'discipnlis
856 5643 910 5714 Α²⁰
940 5644 1019 5697 Ad
1049 5645 1374 5698 natatorium
1404 5661 1481 5698 ms
1512 5643 1609 5698 'Ad
1644 5645 1969 5701 natatoriam
2083 5647 2122 5676 ²¹
2157 5646 2348 5701 Oravit
2374 5647 2451 5702 sic
2483 5647 2708 5702 l’att‘cnt
2735 5643 2759 5699 :'
2781 5645 2981 5700 Exaudi
3025 5662 3101 5699 ms
3137 5643 3314 5701 oravit
3341 5648 3409 5702 ad
3438 5645 3676 5703 Palmm
3707 5649 3788 5703 di-

478 5712 653 5769 cens‘:
685 5712 891 5770 Exaudi
1004 5715 1048 5744 ¹²
1073 5714 1116 5767 Λ
1147 5730 1312 5785 puero
1339 5727 1430 5770 tuo
1461 5732 1538 5769 ms
1569 5732 1597 5770 a
1625 5732 1709 5770 me
