3898 6318
86 387 222 439 €273

102 1511 237 1547 men
271 1512 380 1549 non
410 1512 523 1549 mea
547 1496 806 1564 voluntas,
840 1495 929 1551 sed
955 1504 1046 1549 tua
1073 1499 1169 1563 [iat
1198 1494 1590 1567 (Matt/nfxxvr,
1613 1499 1725 1570 ‘59),

105 1586 358 1656 angelus
410 1586 621 1641 Domini
662 1588 707 1619 ’⁸
751 1588 999 1659 apparuit
1051 1590 1096 1641 ei
1150 1587 1462 1645 confortans
1505 1604 1627 1644 eum
1675 1600 1730 1646 et

107 1675 315 1731 dicens
337 1678 383 1709 ³⁸
411 1697 422 1731 :
450 1677 715 1734 Constans
740 1691 880 1745 esto,
903 1681 1145 1747 Domine,
1175 1684 1331 1738 modo
1350 1697 1520 1753 genus
1537 1680 1728 1737 buma-

110 1785 253 1823 nua:
295 1770 678 1841 redempturus
706 1785 765 1826 es
789 1772 854 1826 3°.

763 1862 994 1919 CAPUT
1028 1863 1092 1918 ll.

528 1952 606 2007 De
635 1952 831 2009 Christi
859 1956 1334 2026 comprehensione.
1683 2020 1686 2022 ν

196 2045 337 2101 Post
370 2045 472 2102 hoc
502 2045 642 2102 ﬁlius
678 2062 830 2103 meus
879 2047 945 2102 ad
988 2049 1281 2120 discipulos
1324 2050 1503 2115 rediit,
1527 2065 1730 2120 eosque

116 2136 469 2191 dormientes
498 2136 724 2199 invenit.
752 2138 949 2207 quibus
976 2148 1029 2193 et
1051 2138 1189 2195 dixit
1216 2140 1258 2172 “
1291 2159 1304 2194 :
1342 2138 1462 2193 Non
1490 2124 1729 2211 potuistis

118 2243 233 2279 una
261 2226 395 2280 hora
424 2224 639 2295 vigilare
661 2227 901 2281 mecum?
925 2226 1139 2300 (Matth.
1177 2245 1323 2294 xxvi,
1352 2229 1464 2300 40.)
1496 2230 1560 2284 Ει
1585 2230 1731 2301 adje-

123 2319 206 2371 cit
232 2335 245 2371 :
283 2317 420 2372 Ecce
453 2319 497 2350 ³¹
526 2319 909 2391 appropinquat
937 2322 1026 2392 qui
1066 2338 1147 2377 me
1186 2325 1354 2377 tradet
1384 2321 1576 2395 (Marc.
1607 2340 1728 2390 xm,

120 2409 257 2480 42);
291 2421 347 2465 et
377 2426 505 2468 ecce
540 2410 707 2468 Judas
736 2413 885 2468 venit
911 2428 1035 2469 cum
1062 2415 1219 2470 turba
1250 2430 1462 2486 magna,
1489 2414 1732 2488 dixitque

123 2502 333 2558 Judaeis
363 2521 375 2556 :
410 2502 524 2560 Duo
552 2504 863 2562 consimiles
909 2518 1056 2575 sunt,
1099 2508 1302 2564 scilicet
1344 2508 1574 2568 Jacobus
1604 2521 1659 2568 et
1686 2512 1730 2543 ³³

127 2594 318 2657 Iesus;
354 2597 493 2651 unde
531 2597 599 2651 do
637 2598 791 2655 vobis
824 2600 1034 2671 signum
1068 2619 1081 2654 :
1115 2599 1487 2673 Quantumque
1517 2603 1727 2657 oscula-

126 2696 216 2740 tus
244 2687 416 2758 fuero,
444 2689 551 2757 ipse
586 2700 695 2755 est;
736 2700 903 2745 tenete
947 2708 1065 2745 eum
1106 2690 1323 2753 (Matth.
1354 2709 1497 2757 xxvr,
1530 2692 1636 2766 48).
1665 2695 1731 2749 Et

128 2794 255 2833 cum
292 2778 459 2836 Judas
499 2784 785 2855 accederet
810 2798 933 2838 cum
970 2784 1146 2849 turba,
1185 2787 1453 2855 processit
1481 2784 1637 2842 Jesus
1663 2788 1729 2841 ad

130 2887 249 2936 eos,
301 2872 540 2928 dicens:
589 2874 756 2942 Quem
806 2877 1080 2948 quwritis?
1133 2877 1232 2945 Qui
1288 2881 1727 2948 responderunt:

130 2965 315 3018 Jesum
351 2964 715 3027 Nazarenam.
746 2968 953 3035 Quibus
981 2968 1138 3025 Jesus
1168 2988 1181 3024 :
1214 2970 1329 3041 Ego
1352 2988 1488 3026 sum.
1516 2972 1726 3026 Etcum

133 3056 409 3111 dixisset:
456 3055 568 3128 Ego
611 3075 758 3126 sum,
808 3075 996 3115 omnes
1043 3061 1355 3116 ceciderunt
1408 3071 1723 3117 retrorsum.

133 3146 332 3200 lterum
364 3147 500 3202 dixit
524 3147 719 3203 Jesus:
755 3147 815 3203 Si
851 3166 930 3202 me
959 3151 1215 3218 quwritis,
1247 3150 1401 3204 sinite
1436 3152 1528 3204 hos
1557 3151 1719 3204 abire.
1750 3165 1796 3226 ρ

136 3237 211 3292 Ut
238 3236 511 3309 Scriptura
553 3236 868 3308 impleretur
900 3240 942 3270 ³⁸
969 3258 982 3293 :
1026 3239 1163 3306 Quia
1187 3257 1318 3310 quos
1351 3241 1540 3293 dedisti
1571 3240 1719 3305 mihi,

135 3345 241 3383 non
262 3332 464 3400 perdidi
493 3348 558 3386 ex
582 3332 657 3387 eis
679 3348 985 3403 quemquam
1011 3330 1194 3401 (Joan.
1227 3348 1379 3398 xvm,
1406 3331 1538 3400 4-9).
1569 3328 1723 3387 Tunc

138 3423 400 3478 accedens
422 3421 588 3479 Judas
612 3423 885 3479 osculatus
912 3432 993 3478 est
1020 3437 1142 3477 eum
1166 3422 1239 3485 ⁸⁵,
1264 3423 1347 3477 cui
1372 3422 1505 3476 dixit
1528 3420 1717 3477 Jesus:

137 3513 300 3581 Juda,
326 3519 501 3569 osculo
531 3514 731 3569 Filium
765 3516 987 3569 hominis
1030 3514 1235 3568 tradis?
1259 3514 1406 3586 (Luc.
1444 3530 1577 3577 xxII,
1608 3512 1721 3584 48.)

140 3611 205 3658 At
232 3606 308 3659 illi
337 3608 624 3677 injecerunt
663 3625 849 3662 mrtuus
880 3609 933 3662 in
961 3606 1167 3671 Iesum,
1207 3615 1252 3660 et
1300 3616 1574 3660 tenuerunt
1604 3622 1722 3661 eum

144 3697 354 3762 (Matth.
391 3714 538 3761 XXVI,
577 3698 690 3766 50).
717 3699 865 3754 Τυιιο
897 3698 1086 3755 Petrus
1105 3698 1149 3730 ³⁸
1187 3699 1627 3770 cduxitgladium
1672 3709 1727 3753 et

142 3787 403 3855 percussit
432 3804 647 3843 servum
676 3788 937 3858 principis
972 3790 1314 3844 sacerdotum
1341 3789 1381 3820 ³⁷
1445 3792 1536 3858 qui
1563 3805 1720 3844 voca-

145 3882 297 3933 batur
333 3881 574 3935 Malchus
606 3882 649 3913 ³⁸
683 3881 862 3951 (Joan.
896 3898 1049 3945 xvut,
1080 3882 1190 3944 10).

212 3968 273 4025 Α.
305 3970 543 4040 Contigit
574 3972 643 4027 ibi
674 3973 890 4043 aliquod
926 3975 1279 4029 miraculum?

1107 374 1380 431 SPURIA.
1421 406 1488 414 -
1529 376 1799 431 Dl.\l.OG.
1834 376 1917 430 DE
1959 374 2296 432 PASSIUNE
2338 376 2591 433 DOMlNl.

84 511 287 565 quam
319 491 686 564 ignobiles";
717 490 978 553 secunrla,
1010 490 1133 558 quia
1169 501 1315 544 tanta
1343 490 1585 561 angustia
1610 506 1731 544 cum
1766 473 1805 526 Α

90 584 361 647 invasit,
386 581 530 651 quod
569 587 753 655 guttas
781 579 1110 648 sanguineas
1138 579 1351 633 sudavit
1381 579 1446 635 de
1476 588 1587 635 toto
1616 595 1734 633 cur-

90 691 281 745 pnre,
319 682 380 727 et
404 673 531 742 quia
560 672 701 726 Deus
748 679 888 733 erat,
929 668 1048 725 ideo
1087 669 1268 723 omnia
1315 685 1435 738 qua:
1481 685 1735 737 passurus

89 771 237 816 emt
297 762 611 833 prmscivit,
657 758 910 813 videlicet
948 758 1381 828 conspuitionem
1407 761 1454 790 ²¹⁶
1481 759 1731 829 blasphe-

92 858 285 925 mias,
327 855 764 925 ﬁagellationem,
817 851 1261 917 cruciﬁxionem,
1307 860 1361 907 et
1406 850 1727 920 huiusmodi.

95 947 281 1003 Licet
314 950 461 1004 enim
493 948 580 1001 fur
600 948 738 1002 sciat
763 946 905 1015 quod
935 947 1070 999 mori
1110 945 1323 1008 debeat,
1355 957 1533 1001 tamen
1562 948 1733 1002 nescit

97 1042 252 1110 quid
285 1057 439 1096 mors
470 1040 666 1112 sapiat,
692 1039 793 1094 nisi
831 1039 1049 1108 quando
1080 1037 1220 1095 funis
1251 1041 1466 1111 stringit
1500 1041 1727 1107 collum;

99 1132 213 1186 sed
255 1131 410 1187 ﬁlius
447 1146 602 1187 meus
648 1130 832 1185 omnia
873 1130 1145 1201 prmscivit
1197 1140 1449 1201 tanquam
1496 1135 1638 1188 Deus
1679 1143 1733 1189 et

98 1220 321 1286 homo;
356 1221 514 1275 tertia
540 1222 607 1288 ⁸⁸,
640 1221 765 1291 quia
805 1221 1079 1291 prtescivit
1120 1222 1261 1291 quod
1300 1220 1466 1276 Judaei
1504 1238 1609 1277 non
1640 1225 1731 1280 de-

100 1311 321 1367 herent
360 1313 408 1367 ei
442 1312 688 1368 misereri
728 1313 792 1365 ’⁸.
833 1311 900 1367 Et
940 1313 1156 1383 quando
1187 1313 1266 1367 sic
1299 1313 1511 1369 oravit:
1551 1313 1728 1382 Pater,

101 1402 154 1455 si
184 1403 448 1472 possibile
478 1414 551 1458 est
577 1404 644 1470 ’⁷,
668 1413 898 1458 transeat
946 1421 976 1457 a
1018 1418 1099 1455 me
1138 1401 1278 1457 calix
1306 1404 1430 1469 iste,
1462 1416 1727 1460 verumta-

3318 377 3423 431 274

1910 489 1977 542 Μ.
2019 488 2186 544 Filius
2236 506 2385 546 meus
2428 492 2683 561 applicuit
2721 492 2821 546 sibi
2853 509 3090 556 servum,
3125 502 3177 546 et
3214 494 3425 548 curavit

1839 578 2135 632 auriculam
2165 580 2282 647 ejus
2313 581 2466 651 (Luc.
2491 598 2628 648 xxu,
2655 583 2769 654 51),
2800 594 2851 638 et
2880 585 3014 638 dixit
3043 583 3202 638 Petro
3228 603 3241 638 :
3274 583 3424 640 Mitte

1836 670 2071 741 gladium
2099 674 2151 725 in
2175 672 2219 703 ³³
2250 675 2507 743 vaginam.
2543 674 2726 729 Omnis
2750 692 2885 729 enim
2909 678 2997 746 qui
3024 677 3274 744 acceperit
3306 676 3422 745 gla«

1837 762 2002 827 dium,
2031 764 2209 832 gladio
2244 766 2447 835 peribit.
2483 768 2561 820 Au
2598 777 2753 837 putas
2792 769 2914 836 quia
2958 783 3060 821 non
3099 783 3307 835 possunt
3337 783 3423 821 ro—

1834 871 1960 926 gare
1997 852 2209 911 Patrem
2243 872 2434 921 meum,
2492 865 2538 910 et
2586 855 2631 887 ⁸ο
2671 857 2926 910 exhibebit
2973 857 3103 909 mihi
3150 856 3423 926 plusquam

1836 950 2109 1005 duodecim
2141 947 2368 1016 legiones
2409 948 2752 1018 angelorum?
2775 946 2988 1016 (Matth.
3019 963 3166 1011 xxvi,
3190 948 3281 1011 32,
3307 947 3422 1015 55.)

1836 1042 1987 1098 Tune
2025 1057 2214 1097 omnes
2248 1040 2520 1110 discipuli,
2548 1040 2733 1095 relicto
2770 1054 2854 1100 eo.
2886 1038 3153 1108 fugerunt.

1906 1136 1972 1190 A.
2017 1134 2133 1201 Dic,
2168 1132 2389 1205 pissima
2416 1132 2655 1202 {domina
2699 1131 2766 1198 “,
2806 1129 2955 1185 fuisti
2997 1146 3139 1187 nunc
3182 1145 3306 1187 cuin
3358 1130 3423 1184 il-

1834 1227 1886 1283 lo
1922 1227 2019 1280 “?

1904 1317 1973 1372 Μ.
2012 1317 2150 1373 Νοιι.

1902 1411 1968 1465 Α.
2021 1412 2223 1479 Quare,
2254 1424 2377 1465 cum
2424 1423 2548 1464 eum
2600 1416 2808 1461 tantum
2844 1408 3097 1479 diligeres
3123 1407 3212 1461 “7

1906 1501 1974 1556 Μ.
2017 1500 2128 1555 Nox
2158 1501 2416 1565 instabat,
2440 1508 2494 1555 et
2536 1514 2640 1554 non
2673 1497 2995 1569 expediebat
3032 1508 3093 1552 ut
3119 1498 3422 1567 juveneula:

1828 1590 1873 1627 “
1918 1604 2043 1652 tunc
2079 1595 2209 1649 foris
2233 1593 2624 1649 invenirentur.
3398 1610 3399 1613 η

1902 1688 1967 1741 Α.
2008 1685 2111 1742 Ubi
2143 1701 2292 1756 ergo,
2324 1684 2635 1740 dulcissima
2656 1726 2671 1748 ,
2704 1683 2850 1738 fuisti
2879 1682 2971 1736 u“.t

1903 1777 1975 1834 Μ.
2015 1777 2112 1833 Fui
2145 1778 2199 1832 in
2224 1777 2382 1833 domo
2405 1775 2610 1832 sororis
2632 1789 2786 1843 mem,
2813 1774 3003 1828 matris
3023 1771 3245 1828 Joannis
3262 1786 3422 1827 evan-

1832 1872 2055 1946 gelistae.
3212 1862 3215 1863 ⁷

1902 1964 1968 2018 Λ.
2006 1962 2286 2031 Quomodo
2343 1977 2474 2034 ergo
2525 1960 2608 2016 vel
2661 1960 2784 2030 quis
2823 1959 3097 2015 nuntiavit
3134 1958 3226 2014 tibi
3277 1960 3419 2029 quod

1854 2064 2034 2109 actum
2076 2053 2175 2108 fuit
2198 2054 2244 2085 ⁸⁸
2268 2053 2291 2107 ?

1906 2144 1977 2199 M.
2018 2146 2157 2201 Audi
2183 2160 2346 2210 nunc,
2382 2142 2655 2206 Anselme,
2692 2140 2832 2211 quod
2868 2140 3093 2194 multmn
3141 2148 3222 2193 est
3259 2138 3305 2170 ‘7
3345 2136 3423 2191 la-

1826 2234 2149 2295 mentabile.
2178 2237 2461 2291 Venerunt
2493 2232 2741 2303 discipuli
2774 2240 3095 2299 currentes,
3139 2237 3195 2283 et
3245 2232 3422 2298 lacry—

1832 2328 2106 2386 mabiliter
2126 2327 2425 2383 clamantes
2453 2342 2466 2377 :
2500 2322 2544 2380 Ο
2570 2321 2892 2379 charissima
2934 2321 3151 2375 domina
3191 2318 3257 2383 ⁸⁸,
3286 2317 3422 2373 dile—

1832 2430 1953 2479 ctus
1975 2420 2115 2478 ﬁlius
2143 2428 2265 2475 tuus
2285 2418 2548 2474 Dominus
2569 2424 2624 2470 ct
2651 2413 2913 2485 magister
2941 2420 3129 2467 noster
3155 2410 3201 2443 δ’
3231 2419 3422 2479 captus

1816 2510 1946 2582 est,
1981 2522 2036 2570 et
2070 2513 2347 2569 nescimus
2371 2526 2479 2582 quo
2518 2511 2749 2565 ducatur
2782 2506 2896 2577 jam
2927 2507 3144 2578 ligatus,
3173 2502 3257 2559 vel
3292 2502 3423 2573 quid

1833 2607 1926 2662 ﬁat
1975 2608 2023 2662 ei
2068 2606 2138 2670 ⁸ο,
2175 2605 2259 2659 vel
2305 2613 2490 2659 utrum
2528 2602 2597 2657 sit
2635 2603 2865 2657 occisus.

1902 2700 1967 2753 A.
2017 2697 2242 2753 Flevisti
2276 2706 2425 2763 tunc,
2458 2694 2717 2749 domina?

1902 2788 1973 2844 Μ.
2011 2788 2164 2843 Licet
2194 2787 2391 2842 scirem
2422 2786 2564 2855 quod
2596 2799 2767 2856 genus
2796 2783 3097 2836 humanum
3147 2784 3291 2834 esset
3330 2792 3417 2833 re-

1833 2880 2147 2949 dempturus
2176 2878 2243 2939 5‘;
2302 2885 2485 2931 tamen
2528 2882 2752 2945 promer
2780 2879 3086 2926 maternum
3113 2868 3365 2924 allectum
3399 2910 3416 2932 ,

1832 2969 2031 3025 doloris
2059 2968 2288 3039 gladius,
2322 2968 2389 3022 de
2419 2984 2526 3037 quo
2567 2966 2785 3021 Simeon
2814 2960 3141 3033 prmdixcrat
3167 2961 3321 3031 (Luc.
3354 2976 3414 3028 ιι,

1830 3061 1946 3132 55),
1971 3062 2207 3117 animam
2246 3073 2421 3114 meam
2457 3056 2810 3128 pertransivit
2839 3054 2905 3107 θ’.

2453 3145 2680 3203 CAPUT
2716 3145 2799 3200 Ill.

1837 3243 1913 3297 De
1942 3241 2136 3296 Citriin
2169 3242 2479 3296 deductione
2510 3240 2579 3293 ad
2602 3239 2829 3303 Annam,
2869 3247 2917 3292 et
2953 3235 3094 3290 Petri
3124 3234 3418 3305 negatione.

1905 3336 2210 3389 ANSELMUS.
2245 3332 2364 3400 Quo
2398 3342 2526 3386 tunc
2555 3330 2655 3386 fuit
2685 3332 2877 3386 ductus
2919 3328 3060 3384 ﬁlius
3110 3336 3233 3383 tuus
3285 3325 3417 3382 dile-

1833 3435 1953 3481 Ctus
1979 3426 2001 3479 ?

1905 3517 2101 3571 Manta.
2143 3515 2218 3570 De
2272 3514 2431 3569 horto
2454 3512 2709 3583 pratdicto
2733 3528 2829 3584 per
2850 3512 2896 3545 ⁸³
2933 3511 3124 3566 vallem
3159 3508 3424 3578 Josapbat

1834 3626 1931 3680 per
1967 3618 2176 3680 portam
2216 3608 2473 3670 Auream,
2525 3614 2580 3659 et
2614 3606 2807 3660 ductus
2849 3604 2950 3658 fuit
2984 3604 3037 3657 in
3068 3604 3116 3636 ⁸⁸⁵
3162 3602 3422 3672 palatium

1830 3699 2143 3755 Scribarum
2173 3738 2187 3760 ,
2240 3703 2295 3751 et
2352 3694 2665 3765 pontiﬁcum
2698 3701 2750 3747 et
2799 3692 3217 3757 Pharisaeorum,
3263 3692 3417 3763 juxta

1830 3791 2108 3861 templum,
2144 3789 2197 3843 in
2228 3789 2446 3843 donmm
2469 3789 2639 3841 Annae
2661 3785 2737 3849 5';
2769 3786 3089 3855 etqusesivit
3134 3786 3321 3839 Aunas
3351 3781 3421 3837 de

1829 3880 2075 3937 doctrina
2106 3877 2223 3949 ejus
2267 3886 2321 3933 et
2352 3876 2651 3947 discipulis.
2685 3876 2754 3930 At
2808 3875 2896 3931 ille
2949 3874 3228 3945 respondit
3257 3891 3270 3927 :
3306 3872 3418 3942 Ego

1824 3976 2003 4047 palam
2039 3972 2243 4027 locutus
2268 3988 2383 4024 sum
2416 3969 2653 4033 mundo;
2685 3984 2778 4039 ego
2814 3985 3014 4037 semper
3040 3966 3197 4022 docui
3236 3966 3289 4019 in
3326 3981 3417 4035 sy-

1435 4125 1670 4182 VARl/E
1709 4124 2115 4183 LECTIONES.

218 4264 262 4296 ’³
305 4262 489 4317 Dolent
540 4277 698 4331 quam
755 4262 1015 4331 .gnobiles
1085 4278 1163 4317 ms
1206 4263 1418 4326 do.ent,
1458 4242 1676 4331 quando
1716 4261 1984 4317 lzeduntur
2012 4302 2027 4324 ,
2086 4275 2271 4331 quam
2299 4257 2484 4313 rustici

2597 4258 2642 4289 ’⁸
2667 4257 2800 4325 Quia
2865 4259 3006 4314 Deus
3038 4256 3157 4321 fuit,
3191 4265 3247 4313 et
3292 4258 3416 4316 ideo

149 4335 319 4391 omnia
369 4330 490 4403 qua).
537 4328 646 4403 pati
702 4328 921 4403 debuit,
972 4333 1282 4401 praiscivit:
1320 4328 1572 4387 videlicet
1621 4332 2057 4402 conspuitionem
2106 4328 2199 4403 ius
2238 4330 2303 4384 Et
2350 4332 2473 4403 quia
2494 4328 2675 4403 _Dens
2745 4339 2896 4395 erat,
2955 4330 3173 4403 sciebat
3223 4330 3408 4403 omnia
3494 4354 3503 4363 -

149 4422 262 4473 ante
304 4402 561 4475 passurus
588 4412 727 4458 erat.
782 4402 1060 4475 Praescivit
1106 4402 1355 4475 videlicet
1408 4404 1880 4473 consputationem

214 4470 455 4546 cet'euim
484 4472 590 4546 plur
618 4475 770 4546 jsciat
807 4474 952 4542 quod
1009 4474 1147 4529 mori
1196 4474 1421 4546 debeat,
1498 4470 1678 4529 tamen
1730 4473 1919 4546 nescit
1964 4472 2093 4541 quid
2146 4488 2293 4546 mors
2346 4470 2542 4546 sapiat,
2587 4470 2965 4546 nisi__qn_ando_
3006 4470 3149 4546 fuitis
3195 4472 3417 4546 stringit

151 4540 354 4605 collum.
389 4544 494 4601 Sed
528 4544 697 4615 Filius
742 4540 895 4599 meus
923 4546 1102 4599 omnia
1129 4545 1384 4615 prescivit
1416 4552 1672 4613 tanquam
1729 4544 1872 4598 Deus
1920 4540 1996 4599 eti
2020 4545 2204 4615 homo.
2236 4540 2443 4615 Tertia,
2476 4548 2582 4615 etc.

149 4472 455 4542 Licct'enim
504 4472 590 4529 fur
618 4475 770 4531 ,seiat
807 4474 952 4542 quod
1009 4474 1147 4529 mori
1196 4474 1421 4537 debeat,

152 4616 381 4672 misereri

152 4688 347 4742 Domini
383 4703 462 4740 ms
490 4686 633 4740 omit.
678 4685 884 4739 Domini

495 4617 537 4647 ³⁷
562 4613 789 4682 Quando
818 4615 896 4669 sic
926 4609 1336 4679 oravitIPater,
1366 4615 1410 4669 si
1447 4609 1703 4685 possibile
1733 4623 1818 4669 est
1842 4629 1939 4685 ms
1974 4610 2416 4685 quando__oravit
2457 4630 2469 4664 τ
2524 4609 2705 4685 Pater,
2744 4611 2787 4665 si
2849 4618 3004 4679 potes

997 4686 1041 4717 ’9
1073 4686 1225 4747 Eum,
1259 4684 1457 4742 dicens
1498 4700 1578 4739 ms
1617 4700 1763 4749 eum,
1811 4694 1866 4739 et
1894 4684 2079 4740 dicens

2000 4403 2046 4433 ’⁵
2104 4399 2438 4469 Hnjusmodi.
2493 4399 2716 4463 Tertia,
2775 4410 2883 4455 etc.
2938 4417 3019 4455 ms
3082 4400 3413 4469 hujusmodi.

2695 4541 2740 4571 ’⁸
2784 4540 2851 4594 Ει
2898 4541 3142 4595 misereri
3191 4558 3267 4594 ms
3313 4540 3414 4595 sibi

3106 4610 3151 4642 ’⁸
3177 4612 3417 4678 Angelus

2189 4682 2436 4736 “Debes
2494 4682 2757 4735 redimere
2812 4697 2890 4733 ms
2947 4680 3325 4747 redempturus
3354 4695 3414 4734 es

158 4761 197 4790 ²¹
224 4759 418 4825 Quibus
442 4766 496 4811 et
527 4756 661 4811 dixit
688 4772 768 4808 ms
798 4756 995 4824 quibus
1021 4756 1157 4811 dixit
1232 4757 1276 4787 ³³
1301 4756 1499 4810 Dicens
1524 4754 1876 4825 etiaszcce
1906 4771 1984 4808 ms
2000 4764 2055 4808 et
2082 4754 2281 4821 adjecit
2312 4771 2325 4805 :
2361 4752 2498 4806 Ecce
2574 4751 2618 4782 ³³
2644 4750 3146 4825 'i‘_ui_-ba_Ju_deorum
3175 4764 3365 4815 magna
3396 4766 3413 4810 ;

152 4824 376 4896 dixitque
403 4825 603 4881 Judtcis
636 4844 649 4879 :
682 4826 798 4896 Duo
828 4828 1006 4896 itaque
1029 4842 1186 4896 pares
1210 4835 1355 4889 sunt,
1391 4826 1598 4880 scilicet
1631 4824 1866 4880 Jacobus
1888 4834 1940 4878 et
1964 4841 2043 4896 ms
2071 4826 2228 4878 turba
2259 4838 2450 4896 magna
2492 4835 2505 4874 :

152 4895 468 4962 consimiles,
494 4896 730 4951 Jacobus
752 4895 1004 4952 videliCet
1033 4895 1087 4951 et

154 5040 412 5096 cerdotum
433 5055 510 5092 ms
536 5039 682 5091 omit.
716 5038 1058 5094 sacerdotum

157 5125 337 5174 meum,
368 5120 424 5163 et
446 5125 523 5162 ms
555 5109 788 5168 Patrem,
817 5117 873 5161 et

154 5253 278 5305 sima
305 5250 448 5303 fuisti
483 5246 642 5302 tune?
664 5263 742 5300 ms
774 5259 901 5301 tune
926 5246 1445 5303 dulcissiina‘i'uisti?

1194 4897 1242 4928 ”
1273 4896 1555 4965 Scriptura
1580 4896 1871 4966 impleatur
1904 4912 1982 4966 ms
2014 4894 2293 4966 Scriptura
2321 4892 2635 4966 impleretur

154 4973 301 5024 batur
321 4984 441 5023 eum
473 4984 552 5020 ms
580 4966 732 5022 Tunc
757 4967 1022 5022 accedens
1043 4965 1211 5022 Judas
1232 4966 1507 5021 osculatus
1538 4975 1624 5021 est
1651 4965 1773 5021 eum

1172 5038 1216 5069 ⁸⁸
1242 5037 1479 5091 Malchus
1503 5053 1580 5091 ms
1610 5035 1863 5091 Marchus

978 5110 1017 5140 ἰ’
1051 5109 1299 5164 Piissima
1323 5108 1549 5162 Domina
1574 5124 1651 5161 ms
1692 5106 1864 5162 dulcis
1890 5106 2058 5160 Maria

156 5196 273 5236 non.
295 5181 354 5234 Α.
380 5178 577 5245 Quare,
608 5192 730 5248 cum
752 5191 874 5230 eum
908 5186 1112 5232 tantum
1138 5178 1422 5248 diligeres?
1452 5195 1529 5232 ms
1557 5179 1667 5248 haec
1695 5179 1798 5248 omi
1820 5178 1904 5229 ttit

2555 4831 2609 4877 et
2644 4821 2781 4874 dixit
2819 4817 3018 4872 Judmis
3054 4836 3066 4871 ε
3116 4819 3227 4871 Duo
3284 4830 3414 4873 sunt

2745 4891 2789 4929 ³⁸
2818 4888 2969 4943 Tunc
3008 4888 3172 4943 .ludas
3201 4888 3414 4944 oscula-

1887 4965 1933 4998 “
1961 4966 2112 5020 Tunc
2138 4958 2330 5018 Petrus
2368 4958 2444 5017 nis
2477 4962 2668 5016 Petrus
2690 4975 2822 5013 vero
2951 4959 2994 4992 ³⁷
3023 4958 3291 5027 Principis
3332 4976 3412 5015 sa-

1976 5036 2020 5068 ”
2048 5034 2293 5090 Gladium
2323 5043 2470 5087 tuum
2504 5033 2558 5085 in
2588 5047 2667 5083 ms
2693 5030 2928 5099 gladium
2962 5028 3014 5082 in
3108 5029 3153 5060 ’⁸ο
3173 5028 3408 5098 Patrem,

2169 5105 2214 5135 “
2248 5103 2399 5157 ’l‘unc
2425 5117 2550 5156 cum
2579 5100 2703 5153 illo?
2738 5116 2815 5154 ms
2845 5108 2971 5153 ttmc
3002 5099 3117 5155 ibi?
3261 5100 3306 5132 ⁴³
3336 5101 3408 5155 Μ.

2016 5175 2060 5206 δδ
2092 5173 2159 5228 Ut
2184 5174 2436 5228 mulieres
2482 5187 2560 5223 ms
2604 5178 2664 5222 ut
2696 5168 2999 5238 juvenculze
3132 5169 3181 5201 ’⁵³
3212 5171 3411 5226 Dulcis-

1554 5248 1599 5279 “
1632 5247 1782 5302 Vela
1814 5260 1921 5313 quo
1962 5247 2279 5297 enuntiatum
2327 5242 2420 5296 tibi
2459 5240 2563 5313 fuit
2589 5240 2805 5313 factum
2839 5238 3179 5313 hujusmodi?
3214 5257 3291 5313 ms
3322 5243 3411 5313 vel

156 5321 266 5390 quis
291 5321 378 5374 tibi
411 5318 687 5390 nunciavit
712 5318 854 5384 quod
878 5316 1076 5390 factum
1109 5319 1246 5373 fuit?
1320 5319 1363 5350 ⁸⁷
1398 5319 1551 5373 Nunc
1573 5317 1723 5390 quod
1751 5310 1977 5390 multum
2027 5323 2112 5390 est
2135 5330 2225 5390 _ms_
2249 5327 2410 5390 nunc,
2440 5310 2894 5390 Anselmet'quod
2924 5310 3089 5367 nimis
3114 5326 3175 5367 es
3249 5310 3295 5343 ’⁵⁸
3320 5312 3414 5390 Vle-

158 5380 335 5446 iierunt
377 5388 625 5460 discipuli
660 5380 949 5460 currentes
979 5397 1034 5442 et
1066 5389 1489 5460 lacrymabiliter
1538 5380 1875 5460 clamantes:
1906 5383 1966 5460 O_
1996 5382 2320 5460 charissima
2352 5382 2574 5460 Domina
2607 5397 2684 5436 ms
2713 5380 2989 5460 Venerunt
3021 5390 3301 5452 apostatae,
3323 5384 3412 5460 gi-

156 5462 328 5531 scipuli
356 5455 781 5531 lacryniabiliter
802 5468 1085 5531 currentes
1114 5455 1294 5513 ad'me
1316 5468 1370 5513 et
1393 5459 1729 5531 clamantes;
1762 5455 1910 5531 Bona
1939 5455 2163 5531 Domina

1390 5529 1436 5560 ⁸ο
1467 5528 1727 5592 Ducatur,
1759 5526 1843 5581 vel
1869 5526 1995 5596 quid
2030 5526 2122 5579 ﬁat
2146 5524 2218 5579 ei.
2248 5538 2324 5577 ms
2357 5524 2586 5596 ducatur
2607 5521 2720 5591 jam
2770 5520 2988 5596 ligatus,
3029 5531 3084 5577 et
3135 5520 3409 5596 nescimus

1466 5598 1509 5628 ⁸⁸
1537 5598 1718 5653 Genus
1742 5594 2032 5651 humaimm
2074 5596 2339 5651 redimere
2364 5595 2586 5649 deberet
2614 5610 2692 5647 ms
2723 5595 3102 5663 redempturus
3128 5602 3273 5648 esset
3305 5594 3407 5646 hu—

655 5671 698 5702 ⁸³
723 5670 945 5725 Gladius
988 5671 1223 5724 animum
1270 5685 1445 5725 meam
1478 5667 1846 5740 perlransivit.
1878 5684 1968 5740 ms
2003 5667 2223 5740 Gladius
2260 5665 2326 5740 de
2356 5679 2474 5740 quo
2501 5665 2719 5720 Simeon
2766 5664 3132 5740 prazdixerat,
3168 5664 3407 5740 animam

158 5530 249 5587 lius
274 5540 408 5594 tuus,
446 5530 704 5585 Dominus
730 5538 785 5582 et
818 5530 1077 5599 magister
1101 5537 1282 5583 uoster

156 5603 271 5672 quid
295 5602 491 5656 factum
516 5602 585 5655 sit
614 5599 686 5672 ei,
711 5598 792 5672 vel
823 5598 1001 5653 utrum
1030 5600 1101 5672 sit
1143 5599 1358 5654 occisus

160 5688 352 5727 manum
378 5687 546 5741 genus

160 5759 314 5797 meam
349 5742 619 5797 transﬁxit
730 5742 776 5772 ³³
808 5742 974 5795 llorto

1056 5742 1276 5796 raediclo
1308 5756 1401 5811 per
1430 5757 1506 5795 ms
1540 5740 1698 5794 horto
1725 5754 1823 5809 per

2276 5451 2321 5483 ’δ’
2353 5451 2520 5507 Filius
2557 5462 2679 5506 tuus
2706 5453 2966 5521 magister
2992 5451 3180 5506 nester
3207 5467 3287 5521 ms
3322 5452 3411 5506 Fi-

1934 5737 1979 5769 5‘
2008 5736 2266 5806 Josaphat
2290 5736 2341 5789 in
2371 5731 2670 5800 civitatem,
2706 5731 3093 5791 ct'duccbatur
3120 5734 3173 5787 iu
3206 5748 3285 5786 ms
3320 5731 3410 5787 Ju-

143 5815 345 5884 tsaphat,
378 5829 475 5884 per
501 5822 708 5883 portam
736 5812 966 5867 Auream
995 5808 1186 5867 ductus
1215 5808 1317 5867 fuit
1349 5814 1399 5867 in
1477 5812 1521 5845 ”
1550 5808 1777 5866 Domum
1810 5808 1979 5864 Antia:
2004 5825 2077 5862 ms
2102 5808 2247 5861 omit.
2277 5808 2445 5862 Amne
