3898 6318
9 365 57 422 il
813 357 1084 414 SPL‘RIA.
1125 387 1195 396 —
1225 353 1493 410 DlAl.OG.
1527 351 1613 408 DE
1650 351 1991 410 PASSIONE
2032 350 2268 410 DOMINI

547 473 775 532 CAPUT
813 469 947 526 νιη.

77 575 160 630 De
183 569 524 626 damnatione
561 565 780 636 Christi,
814 577 863 622 et
900 581 1069 623 crucis
1093 563 1434 635 bajulatione.

20 670 100 727 Ad
124 662 357 723 nimiam
408 658 576 727 igitur
603 656 776 727 plebis
808 656 1120 712 instantiam
1168 655 1374 710 Pilatus
1405 653 1546 708 hanc

15 764 149 818 ortis
197 755 523 812 sententiam
553 750 776 820 protulit
819 750 1080 805 adversus
1112 748 1279 803 ﬁlium
1330 762 1543 812 meum,

9 860 153 911 icens
180 851 394 907 :Jesum
419 847 756 901 Nazarenam
783 843 1029 914 abjudieo
1058 842 1196 909 vitaz,
1219 851 1270 897 et
1295 841 1547 912 adjudico

9 948 125 1002 torti
155 941 508 1016 ignominiosa:
529 937 597 973 ³³⁸
629 937 825 990 erucis.

41 1038 339 1091 Ausewus.
371 1028 510 1097 Quid
562 1026 773 1092 fecisti,
805 1025 1119 1082 dulcissima
1146 1066 1162 1093 ,
1193 1039 1317 1081 cum
1339 1023 1404 1056 ⁸³⁷
1433 1024 1550 1082 haec

9 1124 219 1181 adires?

41 1218 235 1270 Manut.
289 1211 404 1267 Hac
449 1210 659 1282 prolata
710 1210 982 1266 sententia
1042 1207 1253 1280 gladius
1281 1206 1552 1263 Simeonis

9 1305 320 1362 ertransivit
341 1318 436 1358 cor
464 1317 644 1356 meum
675 1311 728 1356 et
755 1300 992 1355 animam
1021 1313 1220 1354 nteam.

37 1402 102 1454 A.
156 1399 201 1459 Ο
263 1396 436 1453 dulcis
488 1395 688 1459 Maria!
745 1393 878 1464 quid
931 1390 1132 1446 factum
1178 1390 1245 1422 ¹³⁸
1293 1387 1395 1444 fuit
1433 1397 1555 1461 post

9 1493 115 1548 me?

36 1585 107 1640 Μ.
143 1583 500 1654 Susceperunt
545 1581 728 1636 Iesum
771 1578 1024 1634 dilectum
1070 1576 1239 1633 lilium
1268 1590 1470 1640 meum,
1501 1583 1557 1632 et

9 1677 260 1730 luxerunt
297 1690 444 1737 eum,
493 1680 552 1726 ut
597 1670 784 1727 scribit
821 1668 1077 1736 Joannes,
1108 1678 1155 1722 et
1187 1667 1432 1737 bajulans
1459 1665 1556 1719 sibi

1571 447 1618 504 Α
1644 472 1771 544 quid
1801 473 2360 546 ﬁet?(ibid.,28,51).
2387 470 2480 527 Vel
2500 472 2721 529 ειιυεήάί
2749 471 2910 544 ligno,
2939 473 3043 530 hoc
3068 485 3150 531 est
3174 477 3228 530 in

1645 578 1733 628 me
1757 605 1772 630 ,
1815 563 1871 617 in
1898 562 2074 630 arido,
2105 565 2210 619 hoc
2237 572 2322 620 est
2348 565 2404 618 in
2437 563 2556 619 aliis
2581 565 2786 622 sanctis
2815 566 2952 621 meis
2971 607 2986 632 ,
3015 568 3141 637 quid
3161 568 3230 601 ³⁸⁸

1645 654 1781 726 ﬁet?
1808 655 2151 710 Ducebantur
2177 665 2227 711 et
2254 655 2352 712 alii
2374 657 2480 710 duo
2509 673 2732 728 nequam
2768 673 2888 711 eum
2918 674 2998 725 eo,
3026 672 3079 712 ut
3111 676 3235 712 cru-

1647 749 1983 818 ci/igerentur
2007 749 2182 822 (ibid.,
2214 748 2329 821 22).
2365 748 2479 805 Hoc
2503 748 2749 806 fecerunt
2782 749 2852 805 ad
2881 751 3139 820 majorem
3167 752 3232 782 ⁸⁵⁸

1649 842 2044 903 confusionem.

2269 932 2498 990 CAPUT
2533 933 2625 990 ιχ.

1971 1028 2048 1083 De
2074 1025 2273 1083 Christi
2301 1037 2349 1082 et
2389 1028 2575 1083 matris
2609 1027 2925 1098 ltypapante.

1653 1179 1656 1182 ,
1722 1121 1857 1178 Cum
1911 1130 2095 1176 autem
2124 1121 2475 1182 educeretur
2509 1119 2653 1176 filius
2696 1127 2854 1176 meus
2896 1119 3236 1190 principalis.

1652 1228 1776 1268 cum
1805 1213 2018 1268 duobus
2058 1211 2341 1268 scelera-tis
2374 1218 2533 1267 extra
2574 1219 2785 1282 portam
2815 1210 3077 1278 civitatis,
3114 1227 3239 1267 cum

1655 1305 1856 1374 ingenti
1903 1319 2159 1374 pressura
2204 1303 2465 1362 irruentis
2491 1302 2672 1372 populi
2702 1311 2758 1358 et
2801 1302 3122 1358 insultantis
3145 1303 3240 1368 ¹⁵¹,

1655 1395 1797 1451 volui
1825 1410 1944 1452 eam
1977 1395 2130 1464 sequi
2158 1404 2214 1450 et
2237 1394 2444 1460 videre,
2475 1394 2572 1450 sed
2609 1409 2714 1449 non
2745 1395 2893 1463 potui
2928 1411 3037 1464 pra:
3061 1394 3237 1449 maxi-

1657 1501 1745 1542 ma
1776 1485 2122 1541 multitudine
2150 1485 2355 1556 populi,
2377 1501 2498 1556 qua:
2525 1488 2592 1540 ad
2621 1485 2972 1557 opprobrium
3006 1486 3100 1541 filii
3127 1486 3235 1542 mei

1659 1587 2013 1634 convenerat.
2039 1577 2147 1634 Sed
2177 1579 2392 1636 tandem
2421 1595 2542 1633 ctun
2569 1578 2738 1634 Maria
2767 1578 3078 1650 Magdalena
3112 1580 3241 1636 deli-

1661 1671 1846 1726 beravi
1877 1671 2020 1740 quod
2047 1685 2150 1741 per
2167 1670 2310 1726 viam
2336 1669 2636 1739 adjacentis
2657 1671 2848 1742 plateae
2880 1673 3024 1728 circa
3057 1689 3250 1743 quem-

9 1784 171 1821 wcem
198 1766 354 1821 exivit
380 1765 434 1820 in
461 1764 632 1818 locum
659 1763 748 1833 qui
770 1761 836 1794 ¹³⁹
865 1762 1060 1814 dicitur
1095 1759 1356 1829 Calvarite
1383 1757 1551 1822 locus,
1589 1794 1634 1854 Β
1662 1761 1784 1815 dam
1823 1759 2024 1816 fontem
2055 1760 2440 1826 circuiremus,
2472 1771 2742 1830 quatenus
2771 1761 2846 1817 illi
2875 1762 3245 1818 obviaremus.

9 1859 50 1909 ii
73 1873 197 1911 eum
225 1854 600 1923 cruciﬁxerunt
632 1851 814 1922 (Joan.
833 1850 1158 1918 xtx,lG--l8).
1178 1851 1321 1905 Crux
1339 1865 1470 1904 vero
1484 1848 1556 1911 ."‘°

9 1948 101 2001 leo
132 1961 330 2016 magna
363 1953 506 2010 erat,
535 1943 678 2013 quod
707 1942 942 1996 habebat
965 1940 1029 1971 ¹³¹
1060 1941 1368 2010 quindecim
1393 1939 1558 2008 pedes

10 2061 11 2090 ξ
46 2037 414 2107 longitudine.
447 2035 514 2089 Et
548 2035 682 2088 adeo
721 2033 1031 2089 debilitatus
1057 2043 1173 2088 erat
1216 2032 1362 2088 filius
1406 2049 1560 2091 meus

10 2129 249 2184 'aeterita
282 2136 444 2182 nocte
464 2136 518 2182 et
548 2126 635 2181 illa
671 2126 778 2188 die,
801 2126 943 2194 quod
970 2125 1036 2159 “'
1062 2142 1179 2182 eam
1205 2137 1422 2196 portare
1455 2141 1559 2182 non

10 2229 200 2276 iterat.
260 2219 412 2276 Unde
467 2226 523 2274 et
564 2217 740 2273 Lucas
787 2217 979 2273 scribit
1026 2235 1041 2273 :
1096 2219 1560 2290 Apprelienderunt

9 2316 234 2368 intonem
261 2311 542 2382 quemdam
568 2310 914 2381 Cyrenensem
935 2350 951 2374 ,
983 2321 1030 2365 et
1077 2312 1436 2382 imposuerunt
1482 2311 1563 2366 illi

9 2419 168 2457 'ucem
192 2411 416 2471 portare
438 2411 554 2472 post
597 2401 780 2456 Jesum
823 2401 1042 2457 unicum
1070 2401 1138 2434 ίδθ
1172 2401 1342 2456 lilium
1381 2418 1562 2461 meum

9 2494 115 2548 .uc.
149 2507 321 2560 χχιιι,
345 2491 460 2560 26).
493 2491 647 2559 Quod
694 2489 941 2548 fecerunt
982 2507 1092 2548 non
1135 2508 1302 2548 causa
1337 2494 1566 2550 misera-

9 2587 160 2650 onis,
209 2582 316 2640 sed
351 2583 476 2653 quia
512 2598 624 2653 pra:
668 2583 944 2640 debilitate
986 2586 1040 2641 id
1086 2585 1268 2641 facere
1316 2602 1422 2642 non
1465 2602 1564 2657 po-

16 2689 101 2731 ral.
124 2678 224 2731 "”.

28 2771 100 2828 Λ.
169 2770 567 2842 Sequebantur
626 2785 752 2825 eum
811 2770 980 2840 aliqui
1012 2770 1122 2838 ω,
1183 2788 1308 2829 cum
1364 2773 1566 2834 educe-

9 2865 152 2919 :tur?

29 2954 102 3008 Μ.
137 2955 282 3011 Tota
346 2954 500 3010 turba
541 2956 930 3026 concurrebat,
982 2959 1124 3014 sicut
1165 2963 1386 3033 quando
1415 2963 1566 3018 fures

10 3055 242 3100 tcuntur
284 3047 362 3101 ad
417 3046 761 3117 supplicium.
814 3048 1057 3105 Uuch
1103 3052 1281 3109 Lucas
1328 3055 1565 3112 scribit:

1660 1851 1883 1912 Etcum
1924 1852 2269 1907 venissemus
2302 1851 2456 1922 juxta
2501 1853 2568 1885 ³⁵³
2611 1853 2846 1919 fontem,
2894 1853 3114 1909 obvium
3152 1855 3250 1908 ba-

1659 1945 1878 2002 buimus
1924 1961 2104 2001 meum
2150 1945 2324 2001 lilium
2371 1946 2771 2014 deformatum,
2821 1963 3072 2019 pressum
3101 1948 3250 2002 omni

1663 2035 1881 2102 dolore;
1928 2037 2019 2106 qui
2046 2036 2276 2107 benigne
2307 2037 2605 2093 inclinabat
2635 2053 2696 2094 se
2735 2040 2804 2093 ad
2834 2053 2953 2105 me,
2987 2053 3052 2093 ac
3080 2038 3125 2092 si
3165 2037 3252 2091 di-

1663 2137 1814 2184 ceret
1837 2126 1928 2194 m,
1958 2125 2156 2183 Grates
2181 2125 2276 2182 tibi
2312 2128 2510 2194 refero,
2544 2130 2716 2184 electa
2761 2139 2936 2184 mater
2973 2143 3113 2193 mea,
3155 2139 3254 2197 pro

1665 2219 2000 2278 multimodis
2021 2220 2299 2276 beneficiis
2321 2220 2456 2276 mihi
2483 2221 2742 2292 impensis
2765 2221 2853 2287 ιδ’,
2878 2229 2933 2277 et
2959 2235 3057 2290 pro
3083 2219 3254 2274 multo

1665 2310 1851 2366 labore
1874 2326 1980 2380 quo
2029 2311 2084 2366 in
2117 2326 2332 2367 summa
2383 2323 2702 2383 paupertate
2741 2321 2797 2368 et
2852 2313 3156 2383 abjectione
3183 2311 3254 2344 ¹⁸⁶

1665 2400 1974 2464 contrivisti
2005 2401 2261 2472 templum
2296 2403 2545 2473 corporis
2574 2403 2679 2458 mei
2703 2444 2720 2466 ,
2775 2412 2832 2458 et
2881 2415 3025 2458 nunc
3065 2403 3122 2459 in
3162 2403 3256 2458 de-

1665 2495 1967 2551 structione
2014 2494 2371 2550 constitutum
2411 2495 2554 2554 inter
2579 2494 2942 2550 contumelias
2970 2503 3026 2549 et
3051 2509 3256 2565 oppro-

1667 2588 1785 2644 bria
1813 2585 1966 2656 sequi
2011 2601 2116 2652 non
2144 2586 2454 2659 dedignaris
2493 2602 2592 2643 nec
2621 2586 2833 2643 vereris
2859 2587 2974 2652 "5",
3001 2586 3252 2658 quamvis

1668 2679 1920 2736 omnibus
1946 2680 2279 2751 contemptui
2316 2679 2620 2734 babeamur
2638 2678 2705 2710 ¹⁸⁷

2005 2755 2007 2757 ’
2302 2766 2531 2822 CAPUT
2567 2765 2638 2822 X.

1921 2861 1997 2916 De
2021 2860 2396 2932 cruci/itione,
2443 2864 2490 2914 ἐι
2521 2860 2697 2914 crucis
2727 2859 3006 2915 erectione.

1740 2952 1813 3007 At
1862 2959 2150 3022 postquam
2201 2958 2468 3004 venerunt
2514 2950 2568 3004 in
2615 2950 2792 3005 locum
2843 2947 3147 3011 Calvarim,
3187 2946 3259 3000 ibi

1673 3059 1797 3110 eum
1851 3041 2268 3107 cruciﬁxerunt,
2309 3051 2364 3094 et
2418 3041 2655 3096 latrones
2693 3055 2817 3098 cum
2869 3055 2966 3103 eo.
3015 3055 3182 3093 unum
3229 3055 3261 3093 a

9 3140 306 3207 rquebalur
357 3146 528 3191 autem
559 3136 709 3190 illum
743 3139 893 3192 turba
929 3141 1096 3196 multa
1126 3142 1336 3213 populi;
1375 3155 1423 3199 et
1458 3162 1564 3200 mu-

1678 3136 1915 3200 dextris,
1947 3143 2002 3191 et
2025 3133 2191 3188 alium
2214 3149 2246 3188 a
2273 3132 2515 3189 sinistris
2541 3131 2739 3202 (Marc.
2763 3147 2852 3197 xv,
2878 3131 2994 3202 27).

10 3244 148 3291 ares,
213 3243 348 3298 qua:
381 3227 446 3258 "7
497 3227 809 3299 plangebant
860 3240 906 3286 et
970 3233 1394 3290 lamentabantur
1432 3255 1570 3302 eum

9 3318 110 3370 bid.
162 3319 290 3388 27).
354 3317 733 3388 Sequebantur
785 3322 948 3377 etiam
1016 3327 1168 3395 pueri
1225 3329 1572 3398 projicientes

20 3420 133 3462 tum
162 3420 223 3463 et
249 3408 470 3479 lapides
497 3410 549 3464 in
575 3425 720 3466 eum.
741 3410 1034 3468 Conuersus
1062 3425 1234 3470 autem
1257 3417 1397 3473 filius
1421 3435 1572 3476 meus

23 3515 118 3552 sus
174 3501 251 3554 ad
325 3499 584 3556 mtilieres
623 3503 807 3558 dixit:
844 3502 1003 3559 Filia:
1032 3505 1378 3576 Jerusalem,
1411 3510 1572 3566 nolite

9 3611 85 3646 are
122 3612 297 3665 super
323 3609 442 3660 me;
473 3596 564 3648 sed
587 3613 743 3664 super
781 3615 866 3652 vos
893 3599 1033 3668 ipsas
1061 3599 1128 3632 ³⁸⁸
1153 3602 1273 3671 ﬂete
1291 3641 1308 3668 ,
1335 3612 1386 3656 et
1419 3619 1574 3674 super

10 3686 99 3739 'ios
147 3697 397 3750 vestros,
427 3686 520 3754 qui
565 3685 736 3740 lutum
776 3697 831 3742 et
876 3689 1078 3759 lapides
1122 3692 1344 3746 mittunt
1379 3693 1576 3760 inme,

9 3777 288 3831 :scientes
337 3776 470 3844 quid
518 3775 746 3845 faciunt,
774 3781 1025 3849 quoniam
1059 3799 1175 3837 ecce
1202 3785 1313 3839 dies
1339 3769 1575 3852 ueniunt,

35 3869 108 3902 Μ
137 3869 348 3939 quibus
390 3867 562 3921 dicent
589 3886 607 3922 :
638 3867 815 3924 Beata:
837 3871 1037 3926 steriles
1065 3884 1111 3928 et
1137 3886 1335 3930 ventres
1357 3878 1446 3948 qui
1472 3895 1578 3936 non

9 3970 273 4016 'nuerunt
303 4001 321 4025 ,
364 3969 411 4013 et
434 3960 594 4014 ubera
636 3978 755 4031 qua:
806 3981 908 4018 non
944 3971 1290 4024 tactaverunt.
1325 3971 1468 4028 Tunc
1496 3976 1579 4030 in-

9 4051 156 4118 pient
189 4049 384 4102 dicere
427 4051 689 4104 montibus
718 4065 738 4104 :
774 4050 962 4130 Cadite
988 4073 1144 4125 super
1180 4078 1306 4128 nos;
1339 4075 1385 4118 et
1431 4065 1580 4119 colli-

9 4158 53 4196 ts
84 4157 106 4197 :
141 4137 382 4209 Operite
416 4157 532 4195 nos.
566 4141 704 4207 Quia
733 4146 780 4198 si
814 4146 868 4200 in
899 4147 1052 4203 viridi
1081 4149 1245 4221 ligno,
1279 4154 1384 4210 hoc
1412 4167 1496 4211 est
1524 4158 1578 4213 in

9 4235 238 4304 teritia,
277 4234 392 4290 hoc
427 4233 650 4303 faciunt,
677 4237 926 4308 injarido,
958 4241 1062 4298 hoc
1095 4252 1178 4300 est
1203 4245 1254 4301 in
1277 4257 1580 4318 senectute,

1743 3226 2048 3283 Aussmws.
2076 3223 2357 3293 Quomodo
2394 3223 2639 3280 fecerunt
2663 3223 2750 3278 ei?

1681 3372 1690 3390 ._
1748 3319 1952 3374 ΜΛΒΙΔ.
1979 3317 2144 3383 Audi,
2171 3316 2451 3382 Anselme,
2475 3317 2619 3386 quod
2651 3317 2812 3372 modo
2837 3315 3073 3376 referam
3105 3313 3267 3370 nimis

1675 3421 1761 3468 est
1802 3411 2168 3479 lamentibile,
2215 3420 2272 3468 et
2324 3409 2503 3466 nullus
2545 3409 3003 3479 evangelistarum
3035 3408 3254 3464 scribit.-

1675 3505 1810 3561 Cmn
1851 3505 2129 3560 venissent
2169 3505 2237 3558 ad
2271 3504 2448 3559 locum
2499 3502 2762 3558 Calvariaa
2804 3501 3260 3573 ignominiosissi-

1677 3616 1850 3665 mum,
1878 3599 1968 3655 ubi
1993 3613 2156 3654 canes
2177 3607 2233 3652 et
2261 3597 2365 3651 alia
2395 3597 2684 3652 morticina
2712 3595 2782 3628 ³⁸⁸
2813 3595 3267 3666 projiciebantur,

1679 3693 2023 3747 nudaverant
2068 3687 2252 3744 Jesum
2307 3688 2527 3744 unicum
2575 3688 2744 3743 lilium
2796 3696 2975 3742 meum
3030 3665 3272 3740 letaliter

1679 3783 1919 3839 vestibus
1965 3781 2107 3844 suis,
2159 3788 2215 3836 et
2258 3794 2360 3850 ego
2390 3779 2659 3834 exanimis
2712 3778 2859 3835 facta
2911 3776 3027 3844 fui;
3085 3786 3270 3831 tamen

1680 3876 1922 3932 velamen
1952 3875 2151 3945 capitis
2203 3874 2309 3929 mei
2351 3873 2632 3942 accipiens
2667 3869 3042 3939 circumligavi
3075 3868 3279 3923 lumbis

1683 3970 1818 4025 suis.
1863 3967 1992 4023 Post
2041 3967 2146 4023 hoc
2176 3965 2542 4034 deposuerunt
2569 3975 2786 4017 crucem
2833 3975 2997 4028 super
3045 3968 3272 4024 terram,

1687 4070 1746 4116 et
1773 4074 1896 4116 eum
1940 4057 2176 4128 desuper
2204 4053 2562 4108 extenderunt
2585 4090 2601 4113 ,
2631 4058 2688 4104 et
2731 4049 3071 4104 incutiebant
3097 4045 3281 4118 primo

1690 4169 1859 4211 unum
1901 4153 2116 4210 clavum
2146 4147 2284 4202 adeo
2318 4145 2554 4216 spissum
2599 4140 2740 4211 quod
2787 4151 2913 4196 tunc
2943 4138 3164 4208 sanguis
3186 4138 3282 4202 η’,

1687 4265 1797 4306 non
1845 4244 2023 4319 potuit
2063 4253 2349 4299 emanare'
2388 4237 2464 4292 ita
2515 4233 2711 4292 vulnus
2752 4234 2907 4291 clavo
2950 4233 3281 4303 replebatur.

1349 4445 1582 4505 VARIAE
1620 4444 2027 4506 LECTIONES.

30 4580 207 4636 “‘Ad
237 4577 476 4634 nimiam
499 4585 676 4634 autem
694 4579 865 4650 plebis
882 4575 1409 4650 instantiamPilatus
1426 4578 1582 4648 lmjus
1596 4581 1783 4650 mortis
1797 4577 2118 4650 sententiam
2140 4573 2360 4650 protulit
2383 4577 2448 4650 ad
2467 4575 2634 4650 lilium
2654 4592 2851 4650 meum.
2870 4574 3051 4650 digeris
3072 4593 3083 4626 :
3101 4572 3295 4628 Iesum

10 4666 340 4706 azarenum
366 4649 614 4716 al’tjudico
647 4645 771 4707 vita:
800 4659 855 4706 et
883 4647 1132 4717 adjudico
1161 4650 1323 4703 morti
1352 4645 1722 4717 ignominiosae
1746 4667 1822 4704 ms
1851 4650 1917 4703 ad
1949 4647 2171 4702 nimiam
2203 4645 2364 4717 igitur
2385 4648 2554 4717 plebis
2584 4648 2898 4717 instantiam
2935 4645 3140 4717 Pilatus
3159 4660 3292 4717 pro-

9 4725 86 4777 Ilit
117 4723 273 4777 hanc
297 4713 630 4775 sententiam
661 4713 1142 4777 adversum'lilium
1166 4713 1792 4779 meumﬂicensdesum
1816 4720 2154 4775 Nazarenam
2173 4713 2420 4788 adjutlico
2445 4718 2604 4772 morti
2625 4716 2996 4788 ignominiosae
3072 4713 3286 4788 κτρα]-

17 4795 197 4849 ssima
222 4806 364 4845 cum
391 4805 468 4844 ms
490 4790 796 4846 dulcissima
811 4789 1036 4846 Domina
1057 4805 1070 4842 :
1093 4805 1215 4844 cum
1293 4789 1360 4821 ¹³⁸
1385 4793 1516 4845 Ans.
1549 4792 1686 4858 Quid
1715 4794 1913 4844 factum
1931 4806 2009 4843 ms
2026 4783 2443 4858 Aris.f0'_tltt't:is
2465 4783 2669 4852 Maria,
2695 4788 2823 4856 quid
2860 4787 3069 4858 factum
3131 4784 3211 4858 ,ηξ
3234 4783 3303 4836 lu.

13 4879 88 4916 im
146 4862 344 4932 locum
406 4860 498 4929 qui
546 4877 624 4915 ms
678 4861 731 4915 in
761 4861 961 4932 locum
990 4859 1081 4932 qui
1192 4859 1260 4892 “°
1289 4852 1665 4932 Cruxquewms
1699 4861 1841 4917 Crux
1871 4877 2006 4932 vero
2102 4857 2185 4932 _"“
2237 4855 2390 4923 Quod
2429 4860 2694 4932 habuerat
2714 4852 2808 4912 'ms
2851 4857 2994 4932 quod
3031 4852 3292 4932 .liabhebat

12 4936 32 4964 ²
69 4931 389 4996 Prmterita
423 4923 582 5002 nocte
620 4940 673 4986 et
715 4931 804 4986 illa
834 4931 920 4985 die
940 4923 1340 5002 qu'odmsttota
1373 4923 1532 4986 nocte
1557 4934 1698 5002 quod
1776 4933 1844 4964 ιη
1868 4931 1997 4986 Post
2023 4928 2242 4983 unicum
2273 4945 2352 4981 ms
2378 4939 2495 4998 post
2523 4927 2703 4983 Jcsum
2736 4923 2959 5002 iintcmn'
3020 4924 3294 5002 ,ξιξ-βε]ρά

9 4995 626 5074 )mpa'lerentureims
653 5003 762 5056 hwc
793 4995 984 5074 omittit
1098 5000 1169 5074 “'_
1192 4995 1788 5074 Sequebantur-aliquae
1820 5002 2074 5056 mulieres
2107 5016 2184 5052 ms
2213 4995 2582 5074 sequebantur
2605 5013 2727 5074 eum
2749 4997 2974 5074 aliqui_
3007 4995 3086 5074 1“
3111 4995 3294 5074 Turba

9 5065 386 5129 aliveniebat.
420 5069 573 5126 Unde
596 5088 684 5143 ms
707 5071 862 5126 turba
890 5065 1436 5143 concurrebal,'sicut
1459 5065 1845 5143 quando—fures
1873 5074 2145 5143 ducuntur
2174 5069 2243 5122 ad
2273 5065 2616 5143 supplicium.
2644 5067 2796 5143 Unde
2856 5065 2865 5066 ί
2909 5067 2974 5099 ¹⁸⁷
3005 5065 3074 5143 Et
3101 5065 3294 5143 mulie-

9 5161 93 5198 nm
132 5158 288 5215 quae
329 5157 417 5194 ms
457 5150 514 5215 et
559 5141 956 5215 mulieresque;
1071 5140 1140 5215 ‘_"_'
1170 5157 1339 5215 super
1367 5137 1649 5215 vos-ipsos
1667 5161 1744 5198 ms
1781 5157 1946 5212 super
1971 5157 2071 5215 vos
2097 5141 2240 5215 ipsas
2295 5137 2418 5215 ,ρξ’
2459 5137 2713 5215 Venieut,
2742 5138 2793 5192 in
2827 5137 3194 5215 _ms-veuiu_nt,
3242 5137 3310 5215 iu.

9 5215 40 5244 ⁵⁰
76 5207 326 5268 Sanctis
360 5212 499 5265 meis
525 5211 652 5280 quid
684 5227 760 5266 ms
784 5207 988 5281 sanctis
1006 5211 1134 5279 quid
1211 5207 1275 5243 ³⁸⁸
1314 5212 1396 5266 Ad
1430 5207 1528 5268 sui'
1549 5213 1809 5281 majorem
1841 5207 1917 5265 ius
1947 5213 2094 5264 omit.
2117 5207 2234 5281 sui
2293 5210 2365 5281 “'7
2381 5208 2870 5281 lrruentis_populi
2889 5219 2944 5263 et
2987 5207 3300 5281 insul-tantis

9 5300 48 5338 ts
82 5285 392 5338 irruentes
418 5277 599 5350 populi
628 5291 683 5334 et
729 5277 1053 5335 insultantes
1166 5281 1237 5313 ¹⁸³
1279 5282 1394 5337 Una
1423 5299 1545 5339 cum
1575 5277 1740 5339 maria
1764 5281 2082 5351 Magdalena
2113 5278 2476 5351 deliberabam
2525 5277 2668 5348 quod
2705 5280 2968 5351 perviam
2995 5278 3313 5351 obiacentia.-

10 5355 171 5410 latea:
216 5348 726 5422 circa_:quenttlatn
767 5351 971 5422 fontem
1007 5353 1370 5422 cucurrimus,
1393 5364 1667 5422 quatenus
1694 5354 1768 5407 illi
1799 5348 2015 5407 obviam
2045 5350 2354 5422 veniremus
2388 5364 2404 5402 :
2438 5348 2512 5422 Et,
2543 5363 2681 5422 cum
2704 5349 3010 5422 veniremus
3032 5350 3187 5422 juxta
3215 5364 3296 5400 ms

9 5442 101 5478 um
143 5419 704 5492 Mar-iamblagdalena
763 5421 1063 5476 deliberavi
1102 5423 1244 5490 quod
1283 5437 1379 5490 per
1413 5419 1883 5492 viatiiadjaccntis
1939 5422 2133 5492 platea:
2163 5421 2309 5476 circa
2337 5420 2607 5492 quendam
2645 5420 2861 5492 fontem
2922 5419 3311 5492 e_i_rcuiremus_r

14 5505 267 5549 uatenus
305 5490 394 5546 illi
428 5488 792 5562 obviaremus.
825 5492 892 5547 Et
925 5505 1050 5547 cum
1107 5488 1444 5548 venissemus
1495 5488 1664 5562 juxta'
1766 5495 1834 5525 ³⁵⁵
1862 5488 2135 5547 lnélinans
2185 5507 2245 5562 se
2269 5488 2488 5562 rad'me,
2521 5491 2765 5562 diccbat,
2800 5489 3226 5562 Ave_Mater,_ac
3253 5488 3306 5541 si

14 5567 192 5620 iceret
232 5580 324 5618 ius
345 5575 416 5632 se
440 5560 729 5632 inclinabat
758 5564 823 5618 ad
854 5578 1042 5628 me,ac
1069 5562 1113 5616 si
1137 5563 1342 5618 diceret
1419 5558 1816 5619 ’“ilultimodi
1840 5562 2121 5619 beneficiis
2146 5561 2278 5616 milii
2307 5561 2565 5632 impensis
2594 5572 2647 5632 et
2674 5579 2752 5615 ms
2781 5560 3114 5618 multimodis
3135 5558 3310 5632 bene-1

9 5637 148 5697 .ciis.
184 5643 248 5688 et
338 5628 418 5662 ‘“
452 5630 796 5706 Paupertatis
825 5635 1235 5706 abjeetionems
1268 5644 1586 5706 paupertate
1607 5643 1663 5691 et
1688 5635 1992 5706 abjectione
2069 5633 2173 5664 “"
2200 5628 2504 5706 §eqtii'iioti
2527 5631 2848 5706 dedignaris
2867 5646 2966 5686 nec
2995 5628 3198 5686 vereris
3224 5644 3316 5682 ms-

9 5708 140 5781 equi
166 5720 290 5760 non
333 5703 551 5781 vereris
668 5704 732 5740 ’⁵⁷
766 5702 1108 5781 ganniemptui
1135 5702 1435 5781 habe—amur
1459 5723 1536 5760 ms
1557 5702 1890 5781 contemptui
1913 5705 2085 5759 simus
2197 5702 2264 5781 f"
2298 5703 2578 5759 Mortirina
2607 5702 3032 5774 proiicicbantur
3054 5716 3134 5755 me
3154 5713 3290 5754 mos-

10 5771 181 5832 icinia
213 5771 686 5831 excoriabantur
778 5776 844 5808 ’⁵³
877 5771 1027 5831 Tunc
1057 5775 1213 5846 plene
1245 5777 1464 5834 saueuis
1492 5795 1566 5834 ms
1593 5771 1820 5845 omittit,
1843 5777 1996 5848 plene
2023 5775 2244 5847 sanguis
2609 5771 2624 5774 ⁷
3171 5822 3178 5826 ,
3243 5786 3251 5794 ³
