3898 6318
33 458 144 515 285

929 450 1200 506 διδυιιιΑ.
1234 479 1303 489 —
1343 448 1613 505 DIALOC.
1646 450 1730 503 DE
1769 447 2104 502 PASSIONE
2142 447 2394 502 DOMINI.

3212 450 3318 506 286

32 566 209 622 citius
242 570 567 620 moreretur.
609 562 673 616 Et
705 576 827 615 cum
877 561 1148 631 gustabat,
1178 560 1313 615 dixit
1342 561 1407 592 ’τ’
1444 577 1458 613 :
1490 558 1629 614 Con—
1665 551 1703 604 Α
1734 579 1811 616 eo.
1846 562 1927 615 Ad
1953 562 2133 616 Jesum
2163 574 2334 616 autem
2363 582 2479 616 cum
2515 565 2800 631 venissent,
2832 575 2879 619 et
2909 566 3221 621 invenissent
3250 569 3317 600 ⁸³⁹

32 666 361 713 summatum
390 662 465 708 est
498 650 682 722 (Joan.
720 668 833 733 xtx,
866 651 983 723 50.)

630 740 858 797 CAPUT
902 741 1037 795 XIII.

108 837 190 892 De
228 835 424 891 Christi
449 843 644 898 morte,
677 841 724 886 et
762 849 873 886 eam
901 834 1190 887 consecutis
1214 834 1557 888 mirabilibus.

110 933 180 986 Et
210 939 330 999 post
356 930 456 982 hoc
482 926 647 980 dixit:
678 925 858 990 Pater,
888 927 941 978 in
968 942 1153 979 manus
1177 936 1294 980 tuas
1324 929 1631 981 conmendo

40 1023 288 1093 spiritum
318 1036 486 1074 meum
517 1006 674 1089 (Luc.
706 1034 864 1080 χχιιι,
894 1018 1006 1086 46).
1038 1019 1093 1074 1η
1132 1020 1234 1075 hac
1279 1022 1630 1075 commenda-

37 1116 192 1169 tione
223 1129 344 1167 cum
371 1113 543 1167 hostia
568 1111 846 1181 sanguinis
865 1110 931 1143 ¹⁸⁰
959 1111 1631 1168 commetulabatChristns

38 1207 150 1260 Deo
178 1204 323 1259 Patri
350 1213 580 1259 matrem
609 1203 1005 1271 dulcissimam,
1026 1217 1145 1271 qute
1174 1202 1435 1258 scrinium
1466 1214 1549 1259 est
1575 1214 1630 1259 et

34 1297 392 1365 purissimum
455 1294 825 1350 habitaculum
882 1294 1057 1349 sancti
1086 1293 1154 1326 ¹⁸¹
1193 1292 1471 1365 Spiritus,
1523 1310 1629 1350 una

34 1400 167 1441 cum
220 1383 475 1441 omnibus
524 1384 616 1454 qui
665 1384 732 1439 de
781 1383 986 1454 Spiritu
1027 1392 1217 1440 sancto
1267 1384 1461 1440 victuri
1504 1392 1631 1441 sunt

35 1489 213 1543 usque
252 1474 305 1526 in
337 1473 497 1529 linem
527 1471 730 1528 saeculi.
766 1471 833 1526 Et
874 1481 999 1543 post
1022 1473 1089 1504 ""
1129 1473 1240 1529 haec
1265 1472 1515 1527 inclinato
1540 1491 1631 1527 ca—

34 1566 143 1633 pite
196 1564 419 1618 tradidit
462 1565 705 1631 spiritum
741 1562 925 1632 (Joan.
961 1580 1075 1627 xIx,
1106 1562 1219 1634 30).
1257 1563 1408 1618 'l‘unc
1459 1563 1627 1617 velum

36 1656 218 1727 templi
283 1658 503 1710 scissum
540 1664 613 1709 est
658 1656 711 1709 in
746 1656 881 1709 duas
919 1665 1090 1725 partes
1135 1674 1166 1709 a
1209 1672 1411 1709 summo
1468 1672 1629 1725 usque

33 1749 310 1810 deorsum,
358 1759 406 1801 et
442 1758 584 1801 terra
631 1760 773 1801 mota
803 1756 907 1811 est,
954 1757 1002 1801 et
1048 1758 1207 1817 petra:
1250 1747 1427 1801 scisste
1476 1760 1625 1816 sunt,

33 1849 87 1893 et
117 1841 362 1894 maxime
394 1840 478 1893 illa
510 1849 690 1909 petra,
721 1839 773 1894 in
805 1855 911 1909 qua
938 1840 1090 1894 stetit
1117 1856 1274 1907 crux,
1305 1843 1471 1895 scissa
1506 1841 1625 1906 fuit,

33 1929 105 1983 ita
140 1942 199 1985 ut
224 1947 420 1986 manus
442 1931 645 2001 imponi
677 1942 858 2001 posset
882 1931 970 1996 ¹⁸³,
1003 1941 1048 1985 et
1084 1941 1422 1985 monumenta
1446 1944 1627 2003 aperta

33 2028 181 2083 sunt,
226 2030 276 2073 et
316 2020 482 2074 multa
522 2037 742 2089 corpora
780 2032 1116 2087 sanctorum,
1145 2022 1234 2091 qui
1277 2024 1626 2089 dormierunt,

34 2122 419 2175 surrexerunt,
468 2121 515 2165 et
544 2123 786 2166 exeuntes
814 2113 878 2166 de
914 2113 1261 2167 monumentis
1297 2123 1409 2184 post
1456 2131 1630 2168 resur-

33 2202 319 2255 rectionem
367 2203 481 2272 ejus
528 2214 772 2257 venerunt
828 2204 883 2257 in
934 2214 1169 2257 sanctam
1235 2206 1523 2268 civitatem,
1579 2218 1627 2261 et

36 2304 396 2361 apparuerunt
442 2293 641 2348 multis.
688 2295 935 2348 Centurio
980 2304 1153 2348 autem
1185 2308 1230 2349 et
1273 2299 1363 2367 qui
1411 2316 1530 2353 cum
1567 2317 1626 2354 eo

35 2393 180 2435 erant
209 2423 223 2446 ,
268 2384 623 2437 custodientes
674 2383 893 2453 Iesum,
926 2393 1032 2442 viso
1072 2400 1230 2444 terra:
1268 2401 1413 2446 motu
1452 2403 1500 2446 et
1547 2393 1626 2447 Itis

36 2490 150 2542 qua:
180 2475 416 2543 ﬁebant,
447 2476 729 2530 timuerunt
762 2477 914 2532 valde
959 2480 1176 2550 (Matth.
1211 2499 1383 2551 xxv",
1414 2484 1624 2554 SI-Sl),

34 2579 78 2621 et
103 2570 209 2637 ipse
230 2568 498 2631 centurio,
520 2567 829 2637 gloriﬁcavit
854 2569 1043 2637 Deum,
1061 2573 1237 2629 dicens
1254 2590 1271 2627 :
1304 2575 1430 2631 Vere
1450 2575 1626 2635 Filius

38 2659 132 2713 Dei
158 2670 269 2713 erat
305 2659 409 2712 iste
436 2658 501 2689 ‘“
534 2657 687 2729 (Luc.
721 2675 881 2725 χχιιι,
911 2661 1022 2733 47).
1050 2662 1189 2720 Ecce
1217 2668 1486 2736 quomodo
1505 2683 1627 2722 om-

36 2751 120 2803 nia
163 2749 442 2805 elementa
485 2748 703 2804 Christo
750 2754 1252 2823 compatiebantur;
1308 2756 1404 2811 soli
1444 2766 1626 2812 autem

37 2838 196 2894 Judaei
232 2840 475 2895 indurati
510 2840 746 2895 fuerunt.
778 2842 845 2896 Et
877 2860 1064 2899 omnes
1093 2848 1185 2912 qui
1211 2846 1369 2900 simul
1399 2852 1623 2902 aderant

36 2938 100 2988 ad
129 2939 489 3006 spectaculum
518 2940 681 3007 istud,
700 2940 930 2995 videntes
950 2938 1020 2970 ’⁸⁸
1046 2956 1163 3009 qum
1185 2939 1400 3007 ﬁebant,
1415 2948 1624 3009 pectora

36 3043 127 3080 sua
152 3028 499 3097 percusientes
532 3033 938 3085 revertebantur.
976 3028 1197 3084 Stabant
1235 3041 1409 3085 autem
1438 3047 1617 3085 omnes

39 3120 141 3170 noti
189 3120 312 3188 ejus
362 3122 425 3174 de
478 3119 664 3191 longe,
716 3132 765 3175 et
816 3122 1059 3177 mulieres
1112 3139 1227 3193 qua:
1263 3133 1456 3178 secuta:
1503 3132 1625 3178 sunt

38 3222 145 3261 cum
167 3210 231 3248 ’⁸⁸
261 3228 297 3265 a
339 3208 585 3277 Galila'a,
623 3213 735 3266 lucc
767 3215 993 3267 videntes
1025 3214 1173 3283 (ibid.
1204 3214 1390 3284 48,49)

625 3304 853 3360 CAPUT
900 3305 1037 3360 XIV.

397 3391 589 3447 Luctus
622 3397 803 3448 matris
831 3413 924 3464 pro
952 3397 1053 3465 ﬁlii
1080 3407 1264 3450 morte.

106 3481 414 3538 AsscLuus.
447 3484 777 3541 Charissima
795 3488 1034 3554 domina,
1053 3490 1240 3544 habuit
1261 3489 1437 3544 adhuc
1456 3506 1619 3546 nnem

40 3570 185 3625 dulor
213 3574 380 3627 tuus?

103 3663 304 3719 Mum.
351 3665 485 3731 Non,
522 3665 810 3733 Anselme,
853 3671 977 3740 quia
1014 3674 1248 3726 nondum
1300 3673 1460 3743 plene
1498 3689 1621 3744 pro-

40 3754 211 3821 phetia
264 3757 543 3812 Simeonis
591 3758 809 3828 impleta
873 3770 1029 3826 erat,
1093 3772 1142 3817 et
1172 3764 1237 3795 ¹⁸⁷
1272 3774 1416 3817 tuam
1458 3765 1621 3832 ipsius

40 3846 263 3897 animum
290 3848 635 3915 pertransibit
678 3847 885 3917 gladius
919 3849 1071 3919 (Luc.
1100 3868 1158 3911 ιι.
1185 3854 1297 3924 55).
1330 3854 1468 3909 Audi
1494 3869 1623 3925 ergo

41 3938 178 4003 quod
209 3953 381 4008 super
408 3940 588 3994 omnia
614 3949 698 3995 est
722 3941 1087 3999 lamentabile.
1109 3944 1287 4001 Judaai
1308 3964 1429 4018 ergo
1465 3951 1619 4018 (quo-

42 4029 181 4080 niam
206 4046 488 4097 parasceve
516 4034 649 4101 erat)
683 4034 934 4102 rogabant
963 4044 1018 4087 ut
1052 4052 1153 4088 non
1188 4050 1509 4091 remanerent
1566 4040 1620 4092 in

41 4133 191 4172 cruce
237 4138 460 4188 corpora
508 4124 745 4178 sabbato.
783 4124 912 4193 Erat
946 4126 1086 4178 enim
1132 4143 1352 4195 magnus
1391 4129 1500 4181 dies
1532 4127 1621 4182 ille

38 4206 279 4271 sabbati,
331 4210 581 4278 rogabant
627 4209 859 4265 Pilatum
907 4223 964 4266 ut
1018 4213 1388 4283 frangerentur
1443 4232 1622 4269 eorum

40 4310 215 4361 crura,
232 4309 279 4351 et
299 4298 623 4353 tollerentur.
641 4300 899 4357 Venerunt
934 4319 1055 4374 ergo
1078 4304 1144 4335 ¹³⁸
1169 4304 1378 4369 milites,
1398 4315 1444 4359 et
1466 4306 1621 4363 nrimi

42 4383 304 4455 fregerunt
341 4406 520 4456 crura,
550 4400 597 4445 et
639 4392 856 4447 alterius
903 4396 992 4465 qui
1035 4394 1320 4463 cruciﬁxus
1358 4405 1470 4449 erat
1502 4412 1621 4448 cum

1733 672 1851 709 eum
1884 654 1998 724 jam
2041 664 2346 719 mortuum,
2400 671 2501 708 non
2552 656 2818 726 fregerunt
2864 658 2975 726 ejus
3005 675 3194 722 crura,
3227 659 3317 712 sed

1734 763 1872 801 unus
1907 748 2131 800 militum
2162 746 2345 801 lancea
2376 746 2516 800 latus
2546 749 2660 817 ejus
2695 750 2931 817 aperuit,
2982 761 3029 803 et
3069 752 3317 805 continuo

1733 839 1888 892 exivit
1925 839 2140 907 sanguis
2176 848 2222 892 et
2254 854 2393 907 aqua
2449 838 2630 909 (Joan.
2665 856 2792 905 xtx,
2831 842 3047 901 51-54).
3077 842 3318 913 Cumque

1735 928 1838 983 hoc
1868 928 2129 995 viderem,
2168 929 2311 998 quod
2346 927 2506 982 talem
2547 929 2922 986 crudelitatem
2952 932 3003 985 in
3023 930 3135 999 jam
3174 949 3317 987 mor-

1735 1027 1882 1072 tnmn
1927 1026 2273 1082 exercerent,
2312 1026 2365 1073 et
2394 1018 2660 1073 examinis
2688 1019 2826 1074 facta
2858 1020 2931 1076 l‘ui
2983 1023 3072 1089 ¹⁹⁰,
3104 1032 3159 1076 et
3192 1032 3320 1078 tunc

1732 1122 1861 1163 vere
1883 1107 2105 1178 impleta
2133 1116 2216 1163 est
2245 1109 2527 1178 prophetia
2568 1109 2867 1176 Simeonis,
2889 1126 3011 1180 qua:
3036 1113 3168 1167 dicit
3197 1128 3213 1167 :
3247 1112 3317 1168 Et

1732 1209 1877 1254 tuam
1912 1200 2097 1269 ipsius,
2130 1208 2239 1255 etc.
2268 1199 2335 1254 Et
2367 1209 2497 1256 tunc
2530 1201 2672 1272 οωρί
2700 1202 2959 1266 clamare,
2984 1215 3041 1259 et
3082 1204 3315 1274 ejularc;

1730 1289 1825 1345 sed
1854 1289 1969 1359 jam
1998 1291 2224 1346 omnino
2251 1291 2509 1364 lacrymae
2546 1292 2598 1346 in
2624 1307 2710 1349 me
2738 1293 3084 1360 defecerunt;
3113 1306 3319 1353 tantum

1733 1381 1988 1438 ﬂeverunt
2034 1390 2193 1439 nocte
2238 1384 2512 1455 prm‘terita
2542 1394 2598 1439 et
2643 1385 2730 1441 die
2763 1384 2883 1451 illa;
2916 1396 2973 1441 et
3016 1386 3264 1442 dicebam
3299 1407 3314 1444 :

1732 1473 1853 1539 Eia,
1891 1475 2206 1530 dulcissime
2265 1477 2338 1531 lili
2391 1477 2501 1540 mi,
2552 1478 2640 1533 ubi
2692 1486 2778 1532 est
2825 1493 2970 1534 nunc
3018 1481 3320 1536 consolatio

1731 1579 1891 1633 quam
1941 1579 2155 1635 semper
2201 1566 2252 1619 in
2298 1575 2352 1621 te
2402 1568 2601 1623 habui?
2629 1567 2761 1635 Quis
2797 1568 2927 1623 mihi
2975 1569 3066 1625 det
3108 1580 3166 1623 ut
3218 1586 3319 1641 ego

1712 1657 1937 1710 moriar
1963 1673 2062 1727 pro
2093 1667 2177 1724 te,
2231 1657 2305 1712 ﬁli
2345 1660 2417 1713 mi
2449 1658 2617 1715 Jesu?
2642 1661 2755 1723 His,
2787 1671 2841 1716 et
2871 1661 2994 1716 aliis
3019 1662 3316 1729 similibus,

1732 1746 2028 1802 dulcissimi
2057 1749 2201 1805 unici
2232 1749 2326 1803 lilii
2360 1751 2462 1804 mei
2491 1759 2723 1806 mortem
2760 1752 3031 1820 deplanxi.

2333 1841 2562 1898 CAPUT
2607 1842 2721 1899 XV.

1943 1929 2020 1985 De
2049 1933 2240 1987 anima:
2261 1932 2458 1987 Christi
2487 1934 2557 1987 ad
2589 1933 2804 1989 limbum
2833 1936 3105 1992 descensu.

1804 2021 1956 2077 Tunc
1996 2038 2250 2091 magnum
2291 2024 2545 2095 gaudium
2594 2024 2697 2079 fuit
2746 2025 2951 2080 factum
3009 2026 3064 2081 in
3120 2026 3317 2091 limbo,

1730 2116 1947 2185 quando
1969 2116 2148 2169 anima
2170 2115 2374 2171 Christi
2419 2117 2471 2171 in
2513 2118 2690 2186 ipsum
2719 2118 3017 2180 descendit.
3051 2127 3106 2172 et
3135 2128 3318 2188 patres

1730 2210 1854 2265 inde
1901 2209 2185 2275 liberavit,
2222 2218 2278 2263 et
2316 2210 2538 2263 limbum
2585 2209 2886 2275 destruxit,
2938 2219 2993 2266 et
3044 2210 3315 2266 infernum

1729 2301 2024 2364 obstruxit,
2061 2300 2132 2354 ita
2164 2299 2307 2369 quod
2350 2299 2529 2353 nullus
2558 2298 2901 2355 Christianus
2950 2301 3074 2356 illuc
3122 2302 3311 2355 venire

1729 2391 1927 2462 poterit
1960 2391 2062 2446 nisi
2096 2391 2316 2461 proprio
2337 2404 2435 2444 suo
2464 2374 2714 2453 arbitrio,
2740 2406 2841 2445 nec
2869 2390 3062 2460 aliquis
3085 2405 3300 2455 eorum,

1731 2480 1823 2551 qui
1857 2481 2001 2535 intus
2042 2487 2190 2542 sunt,
2223 2487 2349 2534 ante
2374 2478 2517 2534 diem
2545 2478 2735 2548 judicii
2765 2478 2914 2533 exire
2946 2479 3161 2548 poterit.
3197 2478 3319 2533 T-ri-

1729 2571 1831 2625 bus
1862 2577 2042 2623 autcm
2071 2567 2315 2622 vectibus
2348 2567 2619 2622 infernum
2649 2569 2938 2623 obstruxit.
2978 2568 3044 2621 Et
3087 2568 3200 2622 hare
3230 2578 3317 2622 est

1729 2662 1888 2727 ratio,
1920 2661 2047 2729 quia
2081 2670 2207 2714 ante
2236 2668 2465 2714 mortem
2518 2674 2672 2715 suam
2699 2660 2828 2713 nulli
2874 2659 3074 2714 habere
3118 2670 3315 2729 potue-

1729 2761 1856 2806 runt
1900 2750 2323 2816 contritionem,
2382 2748 2813 2817 confessionem,
2862 2751 2947 2805 vel
2986 2750 3316 2807 satisfactio-

1730 2858 1853 2900 nem
1882 2842 1972 2896 m.

2298 2930 2526 2987 CAPUT
2589 2930 2729 2987 XVI.

1824 3026 1902 3080 De
1943 3021 2182 3094 corporis
2221 3024 2415 3079 Clm'sti
2461 3024 2781 3148 depositione
2826 3023 2891 3077 de
2931 3039 3117 3087 cruce,
3159 3039 3222 3076 ac

2336 3112 2461 3148 senu
2488 3104 2631 3148 tura.

2336 3104 2631 3166 sepultura.

1649 3243 1695 3305 Ο
1796 3212 2101 3265 Asseuvs.
2136 3210 2273 3276 Quid
2302 3208 2501 3264 factum
2530 3207 2634 3263 fuit
2660 3218 2780 3279 post
2810 3210 2960 3265 haec?

1801 3303 2005 3356 Manu.
2036 3300 2164 3356 Post
2197 3302 2311 3355 lucc
2348 3301 2550 3370 rogavit
2581 3299 2817 3357 Pilatum
2856 3301 3055 3371 Joseplt
3086 3305 3150 3355 ab
3194 3303 3317 3355 Ari-

1730 3396 1992 3459 matluea,
2041 3405 2098 3447 ut
2149 3395 2351 3448 tolleret
2402 3412 2590 3467 corpus
2643 3397 2771 3450 Iesu
2816 3395 3000 3466 (Jaan.
3057 3412 3170 3462 xtx,
3202 3396 3316 3462 38),

1727 3486 1915 3540 dicens
1952 3486 2095 3538 inter
2124 3485 2227 3539 alia
2258 3504 2270 3539 :
2318 3485 2542 3541 Domine
2567 3529 2582 3553 ,
2618 3487 2718 3540 nisi
2770 3501 2965 3555 corpus
3002 3486 3112 3542 cito
3149 3488 3317 3541 tradi—

1726 3578 1891 3643 deris,
1922 3580 2147 3633 honesta
2174 3577 2386 3644 mulier,
2413 3587 2589 3631 mater
2620 3577 2788 3648 ipsius
2807 3577 3052 3645 juvenis,
3079 3579 3315 3633 moritur

1725 3687 1838 3741 pra:
1863 3671 2067 3726 dolore.
2096 3669 2247 3723 Tunc
2269 3668 2475 3724 Pilatus
2503 3669 2569 3702 ⁸⁸³
2595 3670 2845 3740 quaesivit
2866 3669 2912 3723 si
2929 3670 3043 3740 jam
3068 3679 3315 3724 mortuus

1698 3772 1890 3826 esset,
1927 3771 1985 3818 et
2011 3772 2269 3832 expertus
2315 3776 2346 3815 a
2384 3761 2705 3817 centurione
2728 3761 2796 3793 ¹⁹³
2826 3760 2894 3816 de
2919 3762 3171 3816 omnibus
3194 3776 3316 3830 quae

1728 3856 1801 3910 ibi
1831 3855 2173 3921 acciderant,
2217 3851 2384 3921 jussit
2412 3852 2528 3907 dari
2562 3867 2759 3923 corpus
2805 3850 2930 3907 Jesu
2974 3850 3168 3920 (Marc.
3218 3867 3309 3917 xv,

1722 3946 1836 4013 47).
1857 3946 1923 3999 Et
1949 3942 2325 4014 venitJoseph,
2341 3952 2395 3998 et
2420 3944 2540 3998 tulit
2562 3958 2760 4012 corpus
2778 3942 2905 3997 .lesu
2926 3941 3012 3994 ηδ.
3029 3939 3165 3995 Nota
3190 3941 3316 4007 hoc,

1728 4035 2019 4099 Anselme,
2065 4034 2210 4103 quod
2261 4034 2488 4088 multum
2518 4034 2586 4066 ¹⁹³
2625 4040 2710 4087 est
2757 4030 3125 4085 lamentabile.
3181 4029 3314 4082 Dum

1729 4126 1929 4196 Joseph
1966 4140 2167 4193 corpus
2199 4124 2515 4194 deponeret,
2546 4137 2647 4191 ego
2674 4123 2884 4176 stabam
2911 4119 3065 4188 juxta
3092 4133 3312 4173 crucem

1729 4231 1942 4271 sursum
1998 4215 2314 4284 respiciens.
2343 4214 2737 4284 Exspectabam
2782 4210 2999 4281 quando
3031 4209 3312 4265 brachium

1731 4306 2057 4371 solveretur,
2108 4312 2167 4358 ut
2215 4310 2495 4373 tangerem
2543 4311 2599 4358 et
2636 4300 3016 4366 deoscularer,
3059 4299 3198 4356 sicut
3259 4307 3316 4352 et

1730 4397 1870 4463 feci;
1903 4408 1959 4451 et
1984 4410 2109 4453 cum
2144 4395 2419 4465 depositus
2453 4404 2598 4449 esset
2629 4393 2697 4449 de
2722 4407 2905 4459 cruce,
2933 4390 3314 4462 posuerunt!"

1360 4550 1594 4608 VARI/E
1655 4549 2060 4607 LECTIONES.

110 4680 178 4716 ’⁷⁸
203 4681 270 4737 Et
290 4699 431 4766 cum
460 4694 798 4766 lgustasset,
842 4685 1105 4766 dixit_ms_
1152 4696 1208 4741 et
1275 4701 1397 4741 cum
1454 4684 1755 4766 accepisset
1811 4694 2065 4766 acetum,
2121 4680 2257 4764 dixit
2365 4681 2608 4766 ’3°.C.utn
2654 4681 2831 4766 hostia
2892 4680 3171 4766 sanguinis
3230 4692 3271 4766 tiu

460 4748 524 4787 ⁸⁸³
580 4748 805 4810 Matrem
860 4757 1256 4811 dulcisssitnam
1322 4771 1443 4824 qua:
1492 4748 1752 4810 scrinium
1810 4764 1896 4809 est
1945 4764 1999 4808 et
2048 4752 2395 4822 purissimum
2430 4753 2812 4824 habitaculum
2857 4748 3029 4824 sancti
3087 4764 3190 4824 ms
3224 4748 3311 4824 tli-

43 4818 387 4877 lectissintam
444 4836 671 4881 matrem
728 4842 920 4889 suam,
986 4840 1264 4881 strenuum
1327 4818 1380 4880 ét
1425 4826 1830 4880 serenissimum
1885 4833 1939 4877 et
1984 4818 2331 4891 purissimum
2391 4822 2786 4891 receptaculum
2837 4820 3053 4891 sancti___

837 4897 904 4928 ¹⁸³
942 4896 1287 4962 Potuissent,
1339 4905 1396 4950 et
1452 4912 1529 4949 ms
1575 4906 1780 4964 Ροθδθίν
1823 4902 1879 4948 el

418 4966 482 4997 ¹⁸⁸
526 4967 671 5022 Istud
719 4983 787 5021 ex
841 4968 961 5033 eis,
1025 4968 1269 5021 videntes
1316 4983 1394 5019 ms
1438 4966 1555 5035 ejus
1610 4965 1857 5020 videntes

1490 5038 1764 5090 Venerunt
1817 5042 1996 5087 autem
2052 5051 2131 5087 ms
2186 5043 2449 5086 venerunt
2497 5049 2629 5101 ergo
2738 5030 2802 5101 ‘7“

42 4748 147 4802 fuec
197 4755 344 4809 omit.

43 4900 158 4973 post
203 4910 281 4973 ms
330 4903 385 4949 et
419 4905 557 4973 post
613 4899 727 4973 hmo

43 4969 155 5013 erat
203 4969 302 5018 iste

45 5028 181 5110 fuit,
226 5036 438 5110 scilicet
487 5046 541 5091 et
589 5053 666 5090 ms
720 5028 957 5110 impleta.
986 5046 1140 5110 eral;
1189 5050 1254 5110 Ci
1320 5037 1433 5110 ,η’

40 5111 113 5149 ms
143 5107 474 5161 invenissent
501 5122 624 5161 eum

739 5103 810 5139 ¹⁹⁰’
833 5108 996 5174 Quasi
1025 5108 1291 5163 examinis
1312 5104 1426 5175 jam
1464 5105 1601 5161 facta
1634 5106 1705 5159 l'ui
1738 5123 1815 5159 ms
1842 5105 2109 5159 exanimis
2139 5103 2278 5157 facta
2302 5103 2377 5175 lui

2365 4682 2433 4713 ¹⁸⁰
2477 4681 2608 4735 Cum
2654 4681 2831 4736 hostia
2892 4677 3171 4750 sanguinis
3234 4692 3311 4750 ms

3123 4816 3190 4847 ιε’
3244 4816 3309 4869 Et

1990 4886 2058 4924 λεδ
2116 4892 2213 4946 Hic
2257 4893 2417 4946 homo
2465 4886 2647 4958 justus
2689 4901 2825 4947 erat.
2870 4908 2946 4943 ms
2995 4887 3164 4941 Filius
3217 4886 3309 4940 Dei

1990 4964 2024 4999 ιθ
2062 4973 2217 5010 erant
2261 4977 2383 5010 eum
2434 4980 2511 5010 ms
2552 4972 2680 5010 sunt
2727 4978 2848 5010 eum
2963 4958 3027 4993 ⁸⁸³⁷
3087 4957 3307 5010 Itnttlettt

2963 4967 3026 4993 ³⁵⁷
3087 4967 3307 5026 ltnpleta

2864 5028 3119 5083 Vidcrcnt
3185 5044 3308 5081 eum

2493 5100 2848 5155 ’“Vectibns
2896 5102 3164 5153 infernum
3210 5100 3308 5151 oh-

1957 4964 2024 4999 ¹⁸⁶
2062 4973 2217 5017 erant
2261 4977 2383 5015 eum
2434 4980 2511 5015 ms
2552 4972 2680 5016 sunt
2727 4978 2848 5014 eum

43 5174 249 5250 Ξίηῆκίί·
282 5177 347 5231 EI
372 5179 486 5231 hch
515 5178 789 5250 θειῘθῑῖος
813 5168 937 5250 alii}
968 5188 1093 5250 ante
1124 5168 1349 5233 mortem
1380 5194 1532 5250 suam
1560 5176 1761 5230 nullam
1799 5175 2101 5250 habuerunt
2136 5174 2515 5250 contritionem
2534 5213 2549 5233 ,
2582 5168 3001 5250 confessionem,
3036 5169 3309 5250 velnsatis-

41 5234 321 5322 fictionem
348 5266 361 5301 :
387 5263 507 5322 qua:
530 5247 708 5322 nullus
736 5234 863 5301 ante
891 5246 1200 5322 Passionem
1226 5249 1428 5322 Christi
1452 5247 1648 5322 habere
1671 5246 1867 5313 potuit,
1880 5243 2103 5322 scilicet
2115 5244 2516 5322 contritionem,
2540 5241 2954 5322 confessionem,
2982 5234 3310 5322 Satisfactio-

43 5320 175 5387 nem.
206 5330 282 5369 ms
310 5312 559 5373 noctibus
602 5317 873 5372 infernum
912 5318 1217 5372 obstruxit:
1253 5319 1377 5387 quia
1419 5312 1703 5387 nulliante
1750 5313 2056 5387 passionem
2082 5312 2292 5387 habere
2322 5322 2610 5387 potuerunt
2644 5312 2845 5387 scilicet
2889 5312 3306 5387 COPII’IIlOllCII‘t,

43 5380 424 5441 confessionem
455 5398 511 5443 et
539 5387 964 5443 satisfactionem

1103 5388 1169 5419 ³³⁸
1202 5381 1438 5442 Honesta
1470 5386 1658 5439 mulier
1683 5381 1856 5439 mater
1886 5383 2055 5452 ipsius
2081 5382 2290 5449 iuvenis
2319 5381 2547 5435 moritur
2568 5397 2677 5450 prae
2711 5381 2915 5437 dolore.
2944 5383 3164 5443 Pilatus,
3197 5391 3302 5433 ctc.

42 5458 113 5526 ξπ*
140 5452 553 5518 pulcherrimam
594 5459 875 5513 Dominam
900 5458 1186 5526 perdemus
1214 5468 1440 5511 matrem
1465 5456 1679 5525 juvenis
1712 5456 1804 5524 qui
1835 5454 2047 5509 occisus
2073 5462 2175 5526 c_st,
2210 5468 2330 5526 qua;
2356 5462 2559 5506 tantum
2596 5452 3130 5526 doloreurnstcndit,
3163 5452 3305 5526 quod

44 5520 241 5598 fautum
268 5528 315 5598 ei
343 5530 720 5598 compatimur,
748 5520 1096 5598 quantumsi
1117 5530 1356 5598 omnium
1386 5520 1625 5598 nostrum
1658 5520 1849 5598 unicus
1878 5534 2043 5579 esset.
2076 5520 2474 5598 Tunc'Pllatus,
2500 5532 2606 5598 etc.

968 5598 1034 5630 ¹⁹⁴
1061 5595 1126 5651 Ει
1157 5598 1305 5651 venit
1329 5596 1558 5665 Joscph,
1585 5605 1635 5649 et
1675 5595 1795 5649 tulit
1835 5611 2031 5665 corpus
2080 5595 2205 5652 Jesu
2253 5609 2329 5645 ms
2359 5593 2546 5647 omittit
2688 5593 2754 5626 "'

43 5588 253 5669 turione
274 5595 342 5669 de
370 5616 446 5653 ms
467 5588 857 5669 'expeditus'de

43 5660 178 5729 (Illod
205 5665 363 5722 nimis

2722 5523 2788 5554 ⁸⁸³
2816 5523 3082 5592 Expertus
3107 5538 3134 5573 a
3168 5522 3307 5573 Cen-

2785 5593 2937 5661 Quod
2970 5593 3196 5645 multum
3227 5606 3305 5641 ms

474 5662 796 5726 "“Stabam
847 5684 1061 5723 sursum
1111 5668 1402 5737 respiciens
1431 5662 1646 5736 quando
1676 5662 1955 5737 brachium
2006 5666 2408 5737 dissolveretur,
2451 5673 2509 5737 ιιι
2547 5674 2822 5736 tangerem
2852 5674 2907 5718 et
2933 5662 3301 5737 deoscularer,

45 5732 176 5841 Etcut
197 5741 251 5783 et
279 5734 379 5791 Ieci
405 5758 420 5793 :
450 5750 502 5796 et
528 5756 652 5796 cum
677 5740 955 5811 depositus
986 5746 1130 5794 esset
1160 5732 1225 5793 de
1250 5732 1461 5804 (ὶνιιιῖεξ,⁷
1473 5746 1766 5807 posuerunt
1787 5753 1886 5791 ms.
1922 5736 2033 5821 Ego
2053 5736 2261 5790 stabam
2286 5733 2441 5803 juxta
2469 5732 2698 5791 Cruccin
2737 5749 2951 5789 sursum
2984 5732 3299 5801 reSpieiens.

90 5801 107 5841 ι
130 5810 248 5841 cum
272 5804 539 5841 domum...
567 5820 707 5841 accol
733 5815 798 5841 ,ιη
823 5810 997 5841 [τι-..ιη
1046 5819 1334 5841 πηριιηηιηι
1364 5823 1486 5841 mum
1515 5824 1677 5841 unm.-
1704 5817 1902 5841 Inuum-1n
1953 5806 1979 5841 I1
1998 5804 2310 5841 vnnnmh-nn
2337 5807 2552 5841 nnmmln
2585 5805 2864 5841 Iu-omhinm
2893 5804 3207 5841 mlvormnr-
3244 5806 3299 5841 nl

90 5801 248 5879 ff"!!!
272 5804 542 5875 depositus
566 5820 710 5867 esset
732 5801 798 5865 de
823 5810 1019 5871 Cruce.
1044 5801 1340 5879 posuerunt
1364 5801 1487 5863 enni
1514 5824 1677 5878 super
1703 5817 1924 5862 terram.
1952 5801 2311 5876 Expectabam
2337 5807 2552 5875 quando
2584 5805 2864 5861 brachium
2892 5804 3211 5864 solveretur,
3244 5806 3301 5853 ut

47 5872 164 5918 eum
196 5872 465 5943 Iansérem
495 5889 545 5937 et
566 5880 846 5937 oscularer
875 5896 1019 5947 eum,
1044 5872 1187 5936 sicut
1218 5888 1270 5936 et
1299 5878 1398 5937 Icci
1453 5879 1516 5934 Et
1543 5872 1662 5935 cum
1692 5879 1964 5948 depositus
1993 5872 2159 5947 esset,
2184 5872 2476 5946 posuerunt
2506 5890 2628 5930 eum
