3898 6318
925 289 1195 378 διδυιιιει.
1238 323 1450 378 -έιω,
1487 323 1575 378 DE
1615 322 2157 383 MENSURATIONE
2193 323 2464 382 CRUCIS.
3181 331 3292 390 293

23 455 149 492 tm.
220 438 281 493 Ο
328 450 402 505 te,
442 436 569 493 Jesu
604 437 752 493 salus
795 437 1076 492 omnium!
1110 436 1154 492 Ο
1195 436 1508 491 admiranda
1544 444 1598 490 et
1630 423 1675 479 Α
1705 454 1895 494 manus
1927 454 1989 492 ac
2023 440 2262 493 membra
2292 449 2382 495 tua
2433 439 2486 494 in
2516 438 2634 507 ejus
2675 437 2840 494 ramis
2882 437 3114 496 emtdisti
3146 442 3293 499 ﬂori-

18 532 189 585 mda
254 531 559 603 dignatio!
609 530 653 585 Ο
690 529 815 585 Jesu
867 530 938 583 tui
971 530 1186 594 dilecte,
1236 538 1289 585 et
1326 529 1465 584 Deus
1495 530 1593 584 im-
1703 528 1828 585 dum
1857 532 2174 601 sanguinem
2200 546 2298 600 per
2327 532 2539 587 radices
2570 533 2643 587 ttti
2676 533 2937 603 corporis.
2973 532 3114 599 Quid
3136 538 3288 590 retri-

26 637 146 675 tszc
191 622 500 693 gloriosae,
552 622 755 675 vermis
803 621 1225 691 contemptibilis
1261 630 1479 691 propter
1506 636 1592 676 me
1696 622 1853 676 buam
1889 623 2115 679 Domino
2143 641 2240 694 pro
2271 626 2511 679 omnibus
2540 643 2657 696 qua:
2685 627 2922 680 retribuit
2951 628 3120 681 mihi?
3141 627 3287 683 Cali-

19 714 39 767 i
83 729 222 769 non
265 713 618 786 despexisti!
663 712 708 767 Ο
737 713 1055 783 specnlum!
1096 711 1139 769 Ο
1171 714 1391 769 claritas
1428 728 1594 783 ange-
1693 731 1801 769 cem
1832 715 2084 770 salutaris
2120 717 2400 786 accipiant,
2452 728 2498 771 et
2539 728 2725 771 nomen
2773 716 2987 773 Domini
3035 720 3283 775 invocabo

18 807 154 861 im!
233 806 560 863 Ascendisti
618 805 868 862 arborem
921 806 1135 873 crucis,
1188 815 1244 863 et
1291 808 1590 863 extendens
1695 804 1870 878 (Psal.
1898 824 2026 873 cxv,
2060 808 2146 875 l2,
2176 809 2286 879 l3).
2314 808 2424 864 Deo
2447 807 2665 865 Gratias
2694 808 2784 865 “'.

1282 941 1517 998 VARIIE
1560 940 1969 998 LECTIONES.

849 1058 916 1089 “'
958 1057 1067 1113 lleu
1095 1072 1288 1127 sponsa
1323 1071 1441 1111 mea
1471 1057 1665 1113 dilecta
1695 1071 1857 1113 cerne
1880 1070 2030 1111 meas

960 1129 1108 1194 Quas
1130 1126 1237 1198 pro
1263 1140 1315 1182 te
1343 1126 1546 1184 suti‘ero
1574 1142 1785 1199 poenas.
1862 1166 1863 1169 η

954 1199 1122 1255 Ferre
1152 1215 1259 1255 non
1285 1201 1478 1269 expavi

953 1269 1106 1336 Quod
1135 1280 1303 1341 agunt
1323 1268 1481 1335 crux,
1512 1270 1721 1335 lancea,
1754 1268 1913 1324 clavi.

954 1340 1049 1413 Fel
1070 1340 1503 1413 ego’dcgustavi,

946 1412 1083 1478 Quia
1114 1412 1166 1466 te
1192 1413 1541 1467 vehementer
1564 1412 1764 1467 amavi.

949 1482 1028 1536 'l‘u
1052 1482 1183 1543 mihi
1214 1482 1379 1538 redde
1406 1484 1609 1546 vicem,-

944 1550 1411 1625 '_I:u_quoquetolle
1443 1554 1694 1610 Crucem.

944 1621 1107 1678 Vides
1138 1621 1223 1677 me
1253 1622 1479 1682 nudum.

944 1692 1272 1748 Verberibus
1302 1694 1623 1760 laceratum,

961 1763 1015 1815 Ιιι
1047 1763 1227 1817 medio
1248 1762 1523 1819 latronum
1541 1806 1556 1829 ,

952 1834 1111 1887 Cruci
1145 1834 1521 1903 ignominiosm
1553 1834 1723 1890 clavis
1752 1834 1944 1888 terreis
1978 1833 2218 1899 aﬂixum,

954 1904 1126 1973 Aeeto
1156 1905 1208 1956 itt
1239 1919 1401 1959 cruce
1425 1914 1666 1973 putatum
1689 1946 1703 1967 ,

951 1972 1080 2029 l’ost
1109 1984 1336 2028 mortem
1371 1972 1559 2030 lancea
1588 1975 1731 2029 latus
1756 1974 2120 2029 vulneratum.

34 2090 397 2165 hocanima
425 2092 593 2147 dixit:
619 2093 758 2149 Ecce
787 2110 886 2149 vox
915 2093 1193 2165 sanguinis
1215 2091 1676 2165 sponsimeiJesu
1704 2091 1887 2165 dilecti
1916 2091 2118 2146 clamat
2146 2091 2210 2144 ad
2239 2108 2323 2145 me
2348 2091 2413 2146 de
2435 2092 2632 2165 Cruee.
2653 2092 2705 2165 07
2723 2107 2917 2165 sponsa
2948 2093 3280 2165 meaguniea,

17 2176 47 2215 e
71 2161 370 2235 dolorem
406 2177 609 2235 meum.
640 2165 721 2218 Ad
750 2166 851 2220 hoc
886 2161 1105 2235 Sponsa,
1135 2161 1287 2231 Jesti,
1329 2164 1460 2235 mihi
1490 2162 1704 2235 dilecte.
1741 2164 1914 2216 factus
1952 2178 2011 2216 es
2041 2177 2145 2235 pro
2175 2177 2260 2216 me
2295 2164 2644 2235 opprobrium
2695 2164 2995 2235 hominum.
3055 2163 3155 2235 Qui
3193 2172 3282 2220 est

18 2232 214 2286 minus
248 2234 607 2303 angelorum.
638 2236 875 2297 attende,
907 2230 940 2289 ὁ
962 2236 1143 2289 anima
1175 2230 1314 2296 mea.
1359 2234 1462 2287 iste
1489 2241 1572 2288 est
1618 2233 1844 2288 dilectus
1878 2230 2229 2299 tuus.’eujtts
2262 2230 2426 2300 pedes
2462 2233 2719 2303 pallidos,
2764 2232 2918 2287 clavo
2970 2234 3278 2302 perfossos,

18 2303 219 2374 .guiue
253 2302 524 2371 perfusos
559 2304 802 2360 intueris.
854 2305 982 2360 Vide
1008 2321 1113 2359 non
1156 2306 1277 2359 sine
1305 2318 1492 2359 amaro
1522 2303 1738 2374 planctu
1764 2314 1818 2358 et
1846 2302 2125 2373 lacrymis,
2157 2317 2261 2356 non
2293 2303 2523 2370 positum
2558 2305 2814 2363 suaviter,
2849 2304 2944 2356 sed
2985 2305 3278 2357 distentum

18 2373 251 2446 [deliter
274 2374 538 2446 inutigno
568 2374 706 2429 duro
731 2391 925 2446 corpus
951 2374 1078 2431 Jesu
1110 2375 1428 2446 delicatum.
1457 2375 1500 2429 Ο
1523 2372 1587 2429 te
1615 2372 1740 2429 Jcsu
1773 2374 1921 2446 salus
1953 2372 2225 2446 outnitun!
2256 2389 2289 2425 o
2313 2374 2630 2446 admit-arula
2655 2382 2711 2427 et
2732 2374 2961 2446 amanda
3002 2374 3275 2446 dignatio!

17 2440 165 2509 iesu,
206 2443 294 2515 mi
330 2440 562 2508 dilecte,
595 2454 648 2500 et
684 2440 1133 2501 Deus'imtnensze
1156 2445 1358 2515 gloria}.
1394 2445 1603 2499 Vermis
1629 2443 2053 2514 contemptibilis
2084 2452 2306 2513 propter
2333 2458 2416 2495 me
2448 2444 2561 2497 fieri
2592 2458 2697 2497 non
2731 2440 3122 2515 despexistift)
3156 2458 3281 2515 spe-

20 2529 144 2576 um,
177 2514 488 2585 o_claritas
512 2515 859 2585 angelorum!
889 2512 1193 2571 Ascendisii
1223 2519 1475 2570 arborem
1505 2516 1705 2576 crucis.
1735 2525 1791 2569 et
1831 2512 2129 2568 extendens
2166 2528 2357 2585 manus
2386 2529 2447 2568 ac
2486 2516 2732 2585 membra
2759 2512 2845 2567 tua
2881 2515 2932 2566 in
2963 2512 3080 2580 ejus
3112 2514 3278 2585 ramis

18 2585 179 2657 tdistj
213 2583 842 2657 ﬂoridumgsanguinem
872 2602 971 2657 per
1004 2588 1213 2641 radices
1255 2588 1329 2640 tui
1376 2586 1642 2655 corporis.
1677 2585 1818 2651 Quid
1850 2586 2139 2657 retribuam
2162 2584 2435 2657 rDouriuo‘
2456 2600 2551 2653 pro
2594 2583 2834 2657 omnibus
2879 2598 2995 2657 qut;
3038 2584 3280 2657 retribuit

17 2654 102 2708 hi?
134 2652 395 2725 Calicem
425 2652 681 2725 salutaris
709 2652 986 2725 accipiam,
1011 2667 1058 2710 et
1085 2673 1270 2711 nomen
1303 2652 1512 2710 Domitii
1540 2657 1787 2710 invocabo
1812 2655 1984 2725 tl’sal.
2006 2670 2128 2718 cxv,
2154 2654 2374 2725 12415).
2408 2652 2517 2707 Deo
2538 2655 2761 2722 gratias.
2779 2652 3012 2724 Exp’licit
3040 2653 3281 2711 narratio

17 2731 120 2779 cita:
152 2724 423 2798 Virginis
453 2724 658 2796 Mariae,
692 2727 757 2783 de
792 2726 1053 2783 Passione
1079 2727 1285 2782 Domini
1317 2726 1384 2781 ad
1407 2726 1466 2780 Β.
1492 2724 1832 2782 Anselmum.

17 2895 3276 2927 ΗΜ

621 3056 801 3169 DE
887 2985 2020 3173 MENSURATiONE
2109 3056 2634 3173 CRUCIS

1410 3297 1763 3385 LIBER

48 3491 211 3553 illud
255 3488 509 3553 Christi
555 3490 670 3550 :Si
701 3489 841 3569 quis
878 3488 1017 3549 vult
1072 3490 1282 3569 venire
1325 3497 1469 3567 post
1504 3508 1618 3561 me,
1665 3487 1921 3568 abneget
1980 3489 2398 3569 semetipsum,
2458 3496 2512 3549 et
2564 3486 2749 3549 tollat
2801 3507 3048 3552 crucem
3094 3508 3275 3554 suam

942 3566 1247 3647 quotidie,
1283 3566 1335 3629 et
1368 3576 1665 3647 sequatur
1692 3587 1784 3655 me
1819 3566 2028 3649 (Lucra
2056 3586 2145 3639 ις,
2176 3568 2277 3627 ‘23t

1446 3717 1800 3733 ﬂ

22 3846 301 3915 Quoniam
323 3843 559 3915 iubente
582 3842 692 3896 tilio
719 3849 811 3896 tuo
837 3842 1057 3898 Christo
1087 3860 1100 3896 :
1131 3841 1356 3913 Perfecti
1385 3826 1646 3905 εδιοιενῧ
2195 3845 2421 3901 CAPUT
2464 3844 2749 3903 PRIMUM.

31 3949 81 3992 ut
124 3950 173 3993 et
208 3938 384 3992 Pater
421 3945 587 3990 vester
613 3934 832 3989 cmlestis
862 3935 1122 4006 perfectus
1151 3944 1226 3989 est
1265 3922 1482 4007 (Matth.
1509 3950 1564 4000 ν,
1674 3934 2063 4007 Expenduntur
2094 3938 2278 4003 prima:
2307 3938 2608 4005 particulw,
2636 3936 2691 3991 Si
2731 3937 2878 4006 quis,
2913 3937 3001 3991 ubi
3027 3937 3093 3991 de
3118 3938 3269 3992 radi-

24 4030 41 4098 )
73 4048 85 4082 :
142 4038 201 4083 et
239 4026 510 4097 Apostolo
532 4026 856 4082 exhortante
883 4035 941 4080 ut
974 4024 1039 4081 ad
1069 4005 1454 4097 perfectionem
1488 4025 1566 4080 fc-
1761 4005 1765 4006 ί
1965 4005 2111 4059 Cibus
2144 4016 2190 4060 ετ
2226 4008 2466 4061 remedi“
2494 4005 2970 4077 Ρυδίίίαηῧηίιαίίδο

23 4136 162 4185 mur,
186 4120 456 4174 omnibus
481 4119 654 4172 modis
679 4117 743 4171 ad
774 4118 1166 4187 perfectionem
1198 4120 1322 4173 vitae
1346 4119 1567 4173 tendere
1742 4119 2076 4174 Paucitatem
2110 4120 2475 4188 perfectorum
2525 4120 2706 4175 innuis
2730 4160 2745 4184 ,
2798 4119 3049 4186 Domine,
3101 4120 3153 4175 in
3200 4137 3267 4177 eo

24 4208 252 4269 bemus;
287 4205 577 4260 tendentes
604 4216 783 4259 autem
812 4206 929 4259 sine
955 4205 1204 4272 ductore,
1233 4220 1418 4260 errare
1446 4223 1570 4276 pos-
1671 4210 1814 4278 quod
1860 4209 2036 4264 dicis:
2079 4208 2312 4279 Siquis,
2359 4210 2514 4279 quasi
2563 4211 2761 4282 aliquis
2804 4228 2869 4268 ex
2923 4212 3111 4270 multis
3162 4216 3276 4270 vult

24 4314 181 4367 mus;
240 4299 457 4369 optime
508 4298 742 4353 consulit
796 4298 953 4353 nobis
1001 4300 1054 4353 in
1098 4312 1163 4353 eo
1204 4300 1417 4354 bonitas
1454 4310 1566 4364 tua,
1673 4294 1796 4370 post
1824 4316 1911 4357 me
1936 4302 2145 4357 venire.
2193 4302 2260 4357 Et
2288 4317 2459 4372 quare
2486 4305 2607 4369 hoc,
2654 4304 2796 4361 Deus
2842 4322 3014 4371 meus,
3048 4309 3154 4363 nisi
3205 4324 3274 4366 ex

25 4410 101 4449 aus
145 4409 325 4460 mens,
366 4391 459 4462 qui
487 4392 738 4447 eumdem
768 4392 984 4448 unicum
1019 4401 1170 4446 tuum
1201 4392 1356 4447 nobis
1383 4392 1435 4447 in
1471 4394 1568 4445 du-
1670 4376 1903 4464 quodam
1952 4402 2171 4463 torpore
2218 4405 2274 4451 et
2319 4395 2767 4466 pusillanimitate
2798 4399 2986 4465 nimia,
3028 4414 3093 4454 eo
3126 4402 3271 4471 quod

25 4504 168 4542 orem
203 4488 430 4543 tradere
466 4487 720 4557 dignatus
745 4502 825 4552 es,
852 4496 910 4541 ttt
943 4488 1099 4542 nobis
1124 4486 1281 4543 factis
1312 4497 1363 4544 et
1390 4489 1569 4544 verbis
1671 4486 1917 4557 plerique
1966 4487 2209 4539 animum
2244 4502 2400 4541 suum
2450 4488 2515 4541 ad
2562 4491 2885 4543 tendendum
2932 4468 3273 4551 sursum—.co-

26 4594 104 4632 am
132 4580 385 4634 veritatis
417 4580 730 4635 ostenderet
757 4596 822 4636 ac
861 4581 1100 4635 doceret.
1145 4580 1475 4637 ClliClCllittl
1512 4595 1569 4639 ut
1671 4593 1797 4649 gere
1841 4578 2049 4643 nolunt,
2091 4587 2147 4632 et
2193 4578 2488 4647 perfectam
2538 4581 2680 4634 viam
2728 4591 3001 4636 attentare
3030 4600 3135 4637 non
3172 4601 3269 4637 au-

26 4686 89 4724 tm
125 4674 469 4728 confidenter
521 4657 878 4744 sequeremur
924 4674 1273 4745 perfectionis
1325 4678 1569 4730 testiiuo-
1672 4672 1821 4725 deut.
1877 4668 2130 4724 Nascitur
2171 4682 2353 4725 autem
2402 4673 2819 4741 pusillanitnitas
2877 4676 3042 4728 etiam
3096 4658 3264 4730 nimio

26 4781 117 4818 tum
147 4767 496 4837 ρριυιιίδιιίειλ,
530 4768 754 4823 dicens:
789 4768 890 4821 llic
929 4780 1004 4823 est
1057 4767 1230 4843 Filius
1255 4786 1401 4824 meus
1445 4770 1572 4823 dile-
1675 4762 1888 4825 timore,
1918 4764 2153 4817 maxime
2184 4768 2404 4832 propter
2448 4774 2669 4834 peccata
2701 4766 2996 4836 praeterita,
3038 4776 3092 4821 et
3122 4769 3266 4836 quod

30 4856 168 4918 us,in
193 4874 296 4927 quo
322 4858 451 4911 mihi
478 4857 603 4912 bene
621 4844 934 4925 comp/acui,
949 4859 1117 4927 ipsum
1145 4858 1324 4912 audite
1349 4858 1567 4924 (Matth.
1673 4856 1853 4909 minus
1876 4856 2091 4926 propria
2121 4857 2413 4926 respiciunt
2443 4859 2659 4924 merita,
2690 4868 2911 4928 propter
2935 4859 3223 4914 utilitatem
3248 4879 3263 4926 ;

27 4955 110 5007 νη,
141 4944 217 5013 5).
252 4948 370 5016 Ipse
411 4947 598 5019 igitur,
649 4956 709 5002 ut
762 4947 967 5005 faceret
1019 4948 1349 5004 voluntatem
1398 4961 1569 5017 tuam,
1671 4948 1812 5018 quod
1837 4948 1998 5003 nimis
2030 4948 2225 5002 timent
2262 4948 2668 5020 impedimenta,
2696 4951 2914 5019 etquod
2940 4952 3124 5005 statim
3159 4969 3267 5007 non

27 5036 239 5093 uoddam
271 5041 655 5111 compendium
687 5041 787 5095 via:
815 5041 1165 5110 perfectionis
1195 5043 1447 5097 brevibus
1467 5044 1571 5098 sub
1671 5042 1909 5095 sentiant
1952 5056 2012 5096 se
2060 5042 2359 5111 proiicere,
2405 5041 2548 5095 inter
2591 5039 2937 5110 quotidianos
2979 5041 3181 5112 lapsus,
3215 5057 3273 5099 et

27 5126 179 5193 crbis,
209 5133 301 5187 sed
341 5135 633 5203 plurimum
663 5134 1004 5204 ponderosis,
1037 5135 1194 5191 nobis
1218 5138 1459 5191 ostendit
1487 5137 1569 5191 dio
1672 5133 1816 5204 quod
1846 5142 1989 5185 tuam
2017 5133 2197 5189 minus
2219 5134 2564 5190 considerant
2590 5134 2911 5189 bonitatem.
2966 5133 3074 5192 Ista
3102 5138 3268 5194 etiam

29 5229 49 5269 Β
71 5232 109 5271 ts
138 5219 229 5275 :Si
252 5224 366 5293 quis
389 5224 497 5280 vult
522 5225 693 5279 venire
714 5236 827 5293 post
847 5242 948 5291 me,
974 5226 1186 5295 abneget
1210 5228 1569 5297 semetipsum,
1599 5204 1642 5264 (ἶ
1675 5239 1816 5294 εωρο
1865 5224 2062 5279 multos
2098 5225 2365 5294 repellunt
2410 5242 2477 5280 ne
2524 5226 2759 5281 audeant
2806 5237 3075 5285 attentare
3118 5232 3266 5287 viam

29 5309 207 5365 ttotlat
247 5330 448 5370 crucem
506 5334 681 5382 suam,
730 5325 778 5373 et
829 5327 1080 5390 sequatur
1119 5334 1221 5372 me.
1272 5318 1328 5373 ltt
1369 5318 1569 5389 quibus
1674 5314 1992 5385 perfectam,
2027 5316 2133 5370 imo
2158 5325 2213 5370 et
2254 5317 2398 5385 ipsos
2430 5318 2752 5386 incipientes
2776 5336 2921 5390 sarpe
2968 5324 3020 5378 in
3054 5332 3265 5378 tantum

30 5399 161 5486 urbis
224 5408 458 5463 ostendit
519 5409 848 5479 paucitatem
900 5408 1262 5479 perfectorum
1315 5409 1567 5464 libertate
1675 5406 1932 5477 dejiciunt
1972 5416 2033 5461 ut
2056 5408 2349 5478 procedere
2388 5424 2447 5463 se
2472 5425 2631 5478 posse
2662 5412 2968 5482 desperent.
3006 5414 3112 5469 Sed
3155 5417 3264 5486 pri-

38 5485 195 5545 rbitrii
226 5509 345 5551 eum
385 5499 537 5569 sequi
571 5499 908 5565 volentium;
966 5498 1081 5569 ipse
1109 5507 1288 5553 tamen
1318 5498 1433 5551 vult
1473 5512 1572 5552 no-
1675 5492 1845 5563 mum,
1877 5497 2089 5553 scilicet
2116 5499 2316 5554 nimius
2344 5500 2506 5555 timor
2539 5512 2761 5574 propter
2789 5516 3011 5575 peccata
3040 5485 3272 5575 praeter:

36 5583 107 5631 ter
133 5596 246 5640 esse
275 5589 481 5656 ductor,
528 5592 740 5646 initium
783 5592 882 5647 via:
924 5590 1290 5662 perfectionis,
1330 5591 1568 5647 medium
1676 5591 1749 5645 ita
1786 5606 1890 5646 non
1952 5590 2111 5647 debet
2135 5591 2536 5663 nosimpedire,
2568 5596 2693 5665 quia
2717 5598 2763 5651 si
2785 5596 2921 5651 bene
2945 5614 3009 5654 eo
3038 5600 3263 5662 utimur,

31 5673 61 5715 at
88 5667 222 5741 linis,
249 5687 302 5732 et
336 5697 435 5750 qua
472 5684 768 5738 intentione
798 5684 869 5738 sit
896 5670 1301 5741 ambulandum.
1349 5682 1569 5755 Singula
1672 5686 1855 5742 omnia
1883 5693 2267 5756 computantur
2297 5686 2452 5742 nobis
2498 5687 2548 5740 ia
2590 5690 2787 5745 bonum
2819 5691 3148 5759 prtcdicandi
3181 5692 3258 5745 ni-

32 5767 178 5819 uitem
209 5768 258 5823 in
290 5774 396 5829 suis
426 5775 556 5831 locis
585 5780 861 5849 patebunt.
1676 5780 1837 5836 tuiant
1899 5780 2193 5837 bonitatem
2255 5792 2400 5837 tuam
2434 5823 2446 5848 ,
2526 5786 2883 5853 cognoscendi
2948 5795 2996 5839 te
3018 5825 3033 5851 ,
3103 5794 3265 5857 atque
