3898 6318
666 267 766 324 εθι

1745 258 1835 312 Al)
1864 256 2095 314 OPERA
2129 256 2185 311 S.
2230 256 2532 312 ANSELMI
2570 257 2939 315 APPENDIX.
3756 272 3795 315 si,

3758 308 3796 326 δη

668 376 887 433 amandi
917 384 972 431 et
1012 372 1289 428 laudandi.
1323 369 1627 425 Notandum
1660 384 1789 423 vero
1814 369 1957 437 quod
1985 368 2255 437 principa-
2285 352 2327 407 Α
2358 370 2673 439 deputemus
2700 371 2934 441 aliquam
2963 373 3148 425 horam
3176 373 3279 426 diei
3308 373 3372 427 ad
3402 376 3795 433 examinandum

668 470 795 524 liter
828 469 927 523 tria
954 470 1145 522 damna
1191 474 1317 519 sunt
1364 466 1415 519 in
1466 463 1727 533 peccatis,
1770 462 1979 517 scilicet
2027 463 2167 531 quod
2202 462 2254 515 in

668 565 750 619 eis
794 577 1069 618 meremur
1108 573 1324 629 poenam
1368 568 1652 621 mternam,
1706 557 2049 610 demeremur
2099 566 2257 610 teter-

671 672 794 711 nam
844 654 1261 716 beatitudinem,
1314 661 1526 720 tempus
1575 649 1741 719 (quod
1806 650 2101 720 pessimum
2152 647 2254 719 est)

669 748 786 801 sine
821 760 1005 799 amore
1042 752 1097 797 et
1141 743 1297 797 laude
1338 742 1510 796 nostri
1554 739 1831 796 Creatoris
1883 740 2253 809 expendimus.

666 837 846 890 Prima
901 836 1006 887 duo
1056 832 1331 902 pertinent
1381 833 1449 885 ad
1495 831 1813 895 hominem;
1876 831 2091 883 tertium
2128 843 2256 883 vero

667 927 733 979 ad
787 936 935 978 tuum
988 924 1242 977 damnum
1292 923 1565 991 pertinere
1614 921 1850 985 videtur,
1904 920 2045 975 Deus
2082 936 2255 976 meus.

666 1016 801 1071 Cum
827 1032 955 1085 ergo
984 1031 1050 1067 ex
1088 1014 1327 1067 indebita
1350 1023 1405 1066 et
1433 1012 1597 1065 nimia
1628 1011 2000 1066 misericordia
2036 1020 2123 1066 tua
2142 1010 2255 1078 jam

668 1110 832 1163 morti
893 1124 989 1161 nos
1035 1108 1318 1175 deputatos
1369 1119 1628 1158 revocare
1692 1103 1932 1173 digneris
1985 1104 2052 1156 ad
2088 1103 2257 1157 vitam

669 1209 840 1262 tuam,
889 1207 997 1251 tam
1049 1196 1281 1249 ﬁdeliter
1334 1195 1400 1247 ad
1448 1204 1498 1249 te
1545 1194 1865 1247 deberemus
1913 1192 2153 1246 converti
2200 1199 2259 1245 ut

669 1295 869 1347 damna
930 1301 1119 1345 nostra
1171 1289 1654 1352 dissimularemus,
1687 1297 1741 1342 ct
1798 1288 1969 1343 modis
2009 1288 2259 1341 omnibus

671 1387 898 1447 instare,
948 1393 1005 1437 ut
1040 1382 1251 1435 laudem
1286 1390 1454 1443 tuam,
1488 1396 1648 1449 quam
1688 1378 2041 1448 negleximus.
2070 1377 2259 1431 Saltem

672 1475 726 1529 in
793 1474 974 1543 aliquo
1038 1473 1255 1527 residuo
1315 1471 1482 1525 nostri
1544 1469 1806 1538 temporis
1863 1467 2257 1536 suppleremus.

670 1564 943 1631 Quantum
1005 1571 1104 1625 est,
1147 1561 1387 1623 Domine,
1422 1558 1766 1613 dissimulare
1809 1557 2056 1611 timorem
2088 1570 2262 1625 poenae

671 1666 891 1725 propter
927 1670 1163 1709 amorem
1204 1652 1395 1707 tuum?
1438 1654 1507 1706 At
1550 1667 1649 1705 cur
1685 1659 1906 1720 propter
1936 1648 2286 1703 desiderium-

2358 461 2590 531 qualiter
2620 463 2919 517 habeamus
2962 480 3060 517 nos
3091 464 3142 517 itt
3184 466 3528 522 interioribus
3562 479 3611 523 et
3634 475 3795 525 exteriorr

2358 550 2477 614 bus,
2502 559 2557 604 et
2590 551 2847 621 quidquid
2874 552 3177 609 invenimus
3223 556 3364 624 quod
3399 557 3549 613 nobis
3593 561 3653 614 sit
3681 563 3793 617 utilet;

2358 642 2686 713 profectum,
2729 645 2795 698 ad
2821 646 2922 700 huc
2949 645 3258 701 firmissime
3291 648 3532 705 laborare
3556 667 3793 720 proponatur.

2357 746 2412 788 et
2467 736 2710 790 defectus
2762 752 3115 808 quoscunque
3172 738 3396 807 rejicere
3444 744 3791 800 studeamusdit

2359 835 2539 879 autem
2577 835 2780 881 terreat
2822 844 2920 882 nos
2952 829 2994 881 si
3039 829 3176 884 forte
3222 847 3597 903 nonnunquam
3632 836 3749 903 aliqua
3768 844 3791 887 (ε

2359 929 2545 972 eontra
2574 921 2912 990 propositum
2944 922 3225 989 faciamus,
3267 938 3372 992 qua
3408 940 3513 979 non
3542 927 3688 980 minus
3706 944 3789 996 prta

2359 1023 2575 1075 namus,
2607 1009 2734 1078 quia
2763 1008 2923 1079 longe
2958 1010 3172 1067 facilius
3202 1014 3340 1068 redit
3364 1015 3430 1068 ad
3468 1023 3536 1080 te,
3576 1016 3651 1084 qui
3672 1020 3791 1070 exinn-

2360 1097 2550 1153 mitate
2606 1098 2739 1154 facit
2782 1110 2973 1154 contra
3032 1104 3364 1173 propositum
3416 1120 3573 1173 quatn
3599 1106 3670 1175 qui
3705 1117 3785 1159 sua:

2361 1201 2514 1242 suum
2557 1189 2907 1246 dissimulans
2945 1208 3003 1246 se
3035 1207 3139 1247 non
3174 1195 3785 1264 proposuitemendarem»

2361 1281 2685 1351 quandoque
2734 1280 2907 1351 major
2938 1293 3021 1339 est
3050 1284 3097 1338 ei
3127 1298 3285 1353 ptena
3325 1300 3486 1355 quam
3516 1285 3666 1355 culpa,
3686 1288 3787 1340 etin

2364 1383 2446 1427 tas
2477 1383 2564 1427 tua
2604 1374 2761 1429 malis
2802 1376 3003 1430 nostris
3040 1378 3189 1431 novit
3234 1378 3373 1433 bene
3418 1379 3513 1441 uti,
3557 1394 3672 1447 δατρο
3703 1378 3788 1430 ιιαες

2365 1465 2614 1521 defectus
2668 1476 2888 1522 nostros
2941 1468 3008 1522 ad
3064 1480 3413 1539 augmentum
3465 1472 3801 1537 humilitatistrt‘

2364 1547 2519 1607 desse
2538 1596 2552 1619 ,
2587 1563 2646 1608 ut
2670 1562 2865 1609 Verum
2895 1557 2966 1611 sit
3014 1560 3156 1627 quod
3183 1560 3370 1628 septies
3398 1561 3451 1613 in
3474 1562 3553 1614 die
3578 1561 3685 1612 radit
3701 1562 3781 1627 jura

2365 1654 2420 1699 et
2448 1643 2639 1699 fortior
2668 1648 2903 1716 resurgit
2931 1646 3118 1720 (Prov.
3152 1666 3301 1717 XXIV,
3338 1650 3447 1721 t6).
3495 1650 3801 1721 Septimapaﬁ

674 1748 1014 1802 beatitudinis
1049 1757 1246 1801 nostra:
1285 1746 1652 1799 minueremus
1697 1742 1894 1796 famam
1927 1740 2101 1794 laudis
2133 1749 2260 1805 tum,
2296 1713 2335 1771 Β
2366 1736 2595 1794 lanimes
2621 1753 2721 1793 nos
2748 1740 2897 1805 facit,
2922 1742 3063 1809 quod
3092 1752 3234 1795 tuam
3260 1758 3364 1797 non
3396 1743 3799 1825 perpendituustei

673 1855 795 1893 cum
828 1855 944 1892 eam
976 1839 1083 1907 pati
1129 1837 1460 1891 :eternaliter
1488 1835 1897 1899 meruissemus,
1932 1833 2096 1886 etiam
2140 1847 2263 1902 pro-

672 1938 792 1999 pter
831 1931 1067 1983 furerem
1101 1928 1285 1982 tuum?
1321 1928 1559 1981 Primum
1593 1941 1897 1995 quaeremus
1926 1935 1979 1979 te
2018 1925 2262 1989 laudare,

669 2022 760 2091 qui
808 2036 866 2076 es
911 2036 1137 2091 regnum
1186 2020 1303 2085 Dei,
1334 2020 1550 2074 utdicis
1581 2022 1629 2073 in
1660 2018 1949 2087 Evangelia
1981 2034 1993 2069 :
2031 2016 2264 2086 Regnum

670 2110 767 2165 Dei
817 2112 953 2165 intra
984 2127 1070 2164 vos
1114 2119 1187 2163 est
1226 2107 1379 2179 (Luc.
1427 2124 1562 2172 xvtt,
1603 2108 1725 2177 ‘21);
1762 2115 1863 2160 et:
1898 2105 2008 2160 lloc
2047 2103 2265 2173 adjicie-

674 2212 767 2256 tur
798 2202 953 2255 vobis
990 2216 1057 2254 ex
1091 2199 1555 2268 superabundanti
1593 2198 1747 2269 (Luc.
1780 2214 1879 2263 xtt,
1918 2195 2029 2267 51).
2065 2196 2138 2250 Da
2172 2213 2265 2251 no-

671 2294 777 2358 bis,
825 2294 1073 2358 Domine,
1107 2292 1430 2347 charitalem
1487 2309 1593 2347 non
1648 2303 1979 2362 quterentem
2024 2309 2141 2359 qua:
2171 2310 2265 2347 sua

672 2394 795 2439 sunt
832 2384 881 2455 (I
916 2381 1040 2437 Cor.
1074 2398 1196 2449 xm,
1226 2380 1303 2453 5),
1333 2384 1426 2438 sed
1458 2399 1577 2453 qure
1606 2395 1692 2437 tua
1721 2392 1865 2447 sunt,
1898 2392 1955 2437 ut
1982 2398 2088 2437 non
2112 2387 2267 2454 cogat

675 2476 839 2529 timor
887 2489 1061 2539 pcente
1104 2473 1196 2528 tibi
1229 2474 1437 2529 servire
1471 2489 1570 2542 pro
1596 2473 1849 2543 peccatis,
1878 2475 1962 2528 vel
1993 2489 2146 2529 amor
2172 2489 2269 2529 no-

676 2574 803 2619 stra:
841 2564 1190 2620 beatitudinis
1219 2580 1317 2635 pro
1352 2566 1618 2634 mercede,
1651 2566 1776 2637 quia
1811 2577 2021 2638 tempus
2045 2576 2101 2621 et
2124 2568 2268 2621 vires

679 2672 787 2712 non
812 2657 1084 2713 suﬁiciunt
1122 2659 1280 2714 nobis
1310 2660 1376 2714 ad
1408 2659 1733 2715 laudandum
1763 2669 1834 2726 te,
1861 2648 2014 2731 cujus
2055 2660 2268 2715 bonitas

676 2758 969 2820 exsuperat
996 2764 1211 2803 omnem
1267 2764 1483 2805 sensum
1528 2758 1583 2804 et
1634 2750 1713 2804 sie
1767 2750 2267 2818 pusillanimitatem

678 2839 838 2894 timor
874 2855 982 2894 non
1028 2840 1257 2895 incutiet
1291 2850 1656 2911 peccatorum.
1715 2838 1910 2893 Terret
1954 2838 2117 2892 etiam
2170 2852 2269 2893 nos

674 2931 998 3001 quandoque
1045 2943 1354 2987 nostrorum
1411 2932 1652 3001 parvitas
1702 2932 2037 2995 meritorum,
2095 2945 2162 2984 ne
2203 2930 2269 2986 ad

673 3021 1065 3091 perfectionetn
1105 3021 1230 3075 vita:
1279 3022 1501 3075 tendere
1542 3020 1860 3085 audeamus,
1893 3020 2018 3090 quia
2054 3020 2121 3074 ad
2149 3034 2267 3074 eam

677 3112 1100 3181 promerendum
1131 3126 1237 3164 non
1276 3108 1564 3164 sulIiciunt.
1593 3109 1698 3164 Sed
1722 3110 1847 3165 huic
1870 3110 2122 3181 objicitur
2140 3111 2266 3181 quia

677 3212 755 3269 tu,
802 3203 1049 3271 Domine,
1092 3202 1304 3273 iussisti
1351 3217 1449 3258 nos
1480 3219 1679 3270 emere,
1718 3212 1771 3259 et
1806 3205 2096 3275 adjunxisti
2141 3206 2267 3274 quia

680 3296 852 3365 gratis
883 3312 1067 3351 emere
1105 3298 1385 3352 debemus.
1422 3296 1612 3351 Dixisti
1661 3297 1803 3351 enim
1835 3314 1849 3350 :
1886 3296 2151 3362 Sitientes,
2188 3314 2271 3351 ve-

678 3388 784 3439 nite
819 3389 888 3440 ad
919 3405 1084 3453 aquas
1133 3387 1288 3459 (lsai.
1339 3396 1442 3456 t.v,!
1472 3390 1546 3460 l).
1579 3388 1717 3456 Quid
1747 3397 1848 3451 est,
1883 3388 2132 3454 Domine,
2163 3404 2270 3459 quo

676 3478 863 3534 vinum
889 3479 1121 3535 fervoris
1143 3481 1195 3535 in
1230 3481 1386 3537 laude
1424 3491 1512 3535 tua
1541 3491 1597 3536 et
1626 3481 1711 3536 lac
1745 3483 1959 3537 munda:
1986 3484 2268 3537 conscien-

680 3572 768 3625 tiae
806 3572 1011 3643 absque
1048 3575 1153 3629 ulla
1184 3580 1608 3655 commutatione
1637 3579 1896 3635 debemus
1934 3594 2136 3646 emere,
2168 3581 2271 3636 nisi

678 3662 825 3732 quod
862 3665 957 3720 tibi
998 3666 1211 3737 sulIicit,
1245 3681 1726 3740 quantumcunque
1768 3685 1957 3741 parum
2002 3672 2097 3737 sit,
2127 3673 2271 3741 quod

681 3753 945 3811 habemus
978 3758 1071 3813 tibi
1106 3746 1271 3824 dare;
1320 3761 1428 3814 imo
1455 3771 1510 3815 et
1545 3762 1647 3817 hoc
1692 3762 1864 3831 ipsum
1914 3763 2055 3832 quod
2084 3762 2273 3817 damus

680 3854 829 3901 tuum
861 3850 984 3905 est?
1031 3850 1239 3907 lndueit
1276 3854 1440 3909 etiam
1473 3854 1972 3924 pnsillanimitatem
2002 3855 2146 3924 quod
2189 3853 2273 3909 in-

677 3939 868 4011 dignos
895 3958 993 3998 nos
1024 3944 1290 4011 videmus,
1318 3960 1384 4001 eo
1415 3947 1556 4017 quod
1578 3946 1850 4017 petimus:
1883 3946 2024 4017 quod
2058 3945 2274 4015 utrique

679 4046 866 4089 verum
903 4046 1018 4102 est;
1064 4036 1190 4106 quia
1230 4036 1274 4092 si
1319 4037 1480 4093 homo
1526 4037 1670 4092 mille
1700 4036 1857 4092 annis
1903 4038 2136 4092 serviret
2165 4037 2275 4093 Deo

677 4128 844 4182 etiam
879 4128 1301 4197 ferventissime,
1334 4146 1439 4186 non
1464 4126 1764 4186 mereretur
1795 4146 1860 4187 ex
1884 4130 2153 4201 condigno
2191 4129 2275 4184 di-

680 4220 906 4275 midiam
937 4220 1078 4274 diem
1111 4235 1230 4275 esse
1266 4221 1321 4275 in
1356 4236 1524 4293 regno
1551 4220 1832 4276 caelorum.
1863 4219 1992 4286 Sed,
2030 4220 2273 4288 Domine,

683 4329 791 4367 non
824 4312 1084 4368 debemus
1129 4313 1476 4368 considerare
1520 4322 1727 4366 tantum
1781 4319 2021 4366 nostram
2067 4310 2274 4366 utilita-

2368 1836 2551 1883 tatem.
2586 1828 2722 1883 Cum
2759 1830 2903 1884 enim
2948 1830 3040 1885 tibi
3072 1832 3277 1886 orando
3314 1832 3590 1902 loquimur,
3628 1849 3701 1885 non
3727 1832 3801 1957 ὁάτί

2368 1932 2549 1957 mnum
2601 1926 2650 1957 In
2697 1919 2937 1957 nnnimrn
2978 1920 3130 1957 nuin
3170 1921 3362 1957 Λιηοιιηι
3418 1923 3481 1957 ml
3535 1922 3775 1957 acutulimtdm

2366 1932 2549 1971 remus
2601 1926 2651 1972 te
2697 1919 2937 1989 cogitare
2978 1920 3134 1990 quasi
3170 1921 3364 1975 durum
3416 1923 3483 1976 ad
3535 1919 3801 2011 exaudientia:

2366 2010 2457 2063 sed
2484 2018 2690 2078 patrem
2718 2010 3186 2081 benignissimum,
3214 2013 3303 2082 qui
3332 2013 3497 2068 etiam
3520 2022 3801 2099 antequamtrq

2368 2116 2486 2155 mus
2514 2102 2622 2156 scis
2657 2102 2785 2171 quid
2815 2104 2886 2157 sit
2933 2118 3155 2158 necesse
3200 2106 3375 2168 nobis,
3409 2114 3463 2159 et
3496 2120 3555 2159 ex
3586 2102 3799 2171 naturalitg

2367 2193 2542 2248 nitate
2572 2203 2659 2247 tua
2695 2194 2748 2249 itt
2779 2193 3047 2249 infinitum
3079 2197 3302 2265 pronior
3328 2213 3391 2252 es
3436 2198 3500 2252 ad
3535 2196 3781 2250 exaudientia

2366 2292 2631 2352 quantum
2686 2285 2742 2339 in
2796 2294 2851 2340 te
2899 2297 3003 2351 est,
3040 2302 3201 2357 quam
3234 2304 3333 2343 nos
3362 2290 3505 2343 avidi
3537 2289 3595 2342 ad
3619 2285 3797 2355 regatdttl

2368 2376 2466 2441 Da,
2502 2376 2816 2433 dulcissime
2845 2380 3089 2445 Domine,
3125 2390 3183 2435 ιιι
3228 2398 3332 2436 non
3367 2383 3537 2436 simus
3561 2376 3797 2451 pusilltnim

2367 2470 2463 2524 sed
2493 2472 2823 2541 magnamint
2862 2472 2912 2525 in
2942 2474 3349 2529 inﬁrmitatibus
3404 2475 3615 2536 nostris;
3652 2485 3715 2525 nos
3738 2469 3799 2555 ἀεξί

2368 2575 2496 2616 cere
2542 2563 2991 2618 contendentibus
3033 2566 3355 2619 medicinam
3402 2574 3597 2619 tuarum
3635 2558 3801 2630 gratiam)

2371 2665 2724 2724 apponentes,
2758 2672 2863 2711 non
2894 2656 3285 2726 pusillanimes,
3310 2659 3407 2713 sed
3441 2626 3799 2727 magnanimitas)

2370 2749 2459 2816 qui
2505 2747 2730 2802 ftrmiter
2766 2764 3151 2819 proponamus,
3185 2749 3423 2804 maxime
3450 2750 3492 2803 si
3524 2764 3613 2802 non
3640 2754 3696 2797 est
3714 2742 3739 2793 in
3754 2752 3781 2786 ξί-

2368 2838 2454 2893 bis
2472 2846 2618 2893 tanta
2641 2838 2899 2894 fortitudo
2940 2840 3082 2907 quod
3121 2848 3242 2909 post
3271 2850 3321 2894 te
3346 2840 3622 2910 gigantem,
3637 2828 3781 2904 quieti

2374 2933 2499 2989 tasti
2541 2933 2608 2988 ad
2651 2935 2977 2987 currendam
3025 2933 3164 2986 viam
3224 2930 3399 3002 (Psal.
3427 2948 3570 2997 xvttt,
3601 2928 3661 2996 6),
3690 2934 3779 2977 cum

2297 3061 2338 3118 Ο
2371 3041 2689 3097 possumus;
2746 3026 2850 3082 hoc
2889 3035 3072 3080 tamen
3125 3026 3425 3081 remedium
3478 3025 3777 3118 habentusiqv

2372 3130 2493 3190 post
2518 3129 2569 3174 te
2593 3119 2829 3174 clamare
2853 3133 3172 3188 possumus:
3201 3117 3373 3172 Trahe
3396 3134 3495 3175 nos
3512 3126 3609 3189 post
3628 3125 3663 3167 te
3677 3107 3779 3180 (CuLL

2370 3214 2448 3283 ‘2),
2480 3223 2534 3268 et
2573 3212 2871 3267 clamorem
2918 3220 3162 3267 nostrum
3195 3210 3385 3266 audiat
3424 3221 3481 3269 et
3523 3205 3713 3266 exaudiat
3729 3208 3777 3249 δεῖ

2372 3314 2484 3359 tua.

2952 3486 2955 3487 ν
2993 3432 3224 3491 CAPUT
3260 3434 3323 3490 ll.

2372 3528 2448 3583 De
2472 3528 2728 3595 libertate,
2758 3527 2963 3599 eteius
2993 3528 3222 3582 illicibns
3253 3529 3321 3582 ad
3360 3527 3703 3599 perfectionem;
3722 3526 3778 3599 ατῗ

2443 3600 2564 3680 sitio
2608 3596 2884 3669 particula}
2910 3599 3045 3664 vult,
3088 3599 3142 3652 in
3191 3596 3467 3669 proposita
3508 3596 3666 3653 Christi
3696 3597 3777 3643 «se

2443 3679 2539 3723 tta.

2446 3760 2693 3815 Secundo
2715 3759 2893 3817 innuis
2917 3760 3221 3818 libertatem
3246 3762 3458 3818 arbitrii
3490 3758 3620 3831 sequi
3640 3746 3778 3809 volentii

2372 3855 2427 3910 in
2450 3855 2535 3908 via
2562 3851 2929 3924 perfectionis,
2960 3871 3084 3912 cum
3108 3858 3243 3913 dicis
3274 3875 3288 3913 :
3318 3859 3381 3913 Si
3402 3860 3514 3930 quis
3539 3842 3779 3939 ιουιιμιυὶιιξ

2372 3946 2633 4017 relinquis
2654 3948 2931 4004 hominum
2963 3950 3256 4018 voluntati;
3300 3953 3399 4007 sed
3417 3946 3633 4020 nunquid
3650 3940 3775 4013 ροιειιε

2374 4035 2514 4094 Non.
2544 4035 2653 4092 Sed
2680 4044 3002 4108 potestatem
3055 4040 3172 4106 tibi,
3202 4039 3448 4107 Domine,
3477 4030 3777 4095 reservati.”

2373 4127 2553 4184 omnis
2577 4135 2816 4198 potestas
2846 4143 2877 4182 a
2913 4127 3024 4184 Deo
3053 4130 3125 4185 sit
3150 4128 3322 4202 (Rom.
3354 4133 3500 4202 xm).
3522 4128 3618 4185 Cur
3647 4124 3779 4191 ergo”?

2375 4220 2585 4275 sabitur
2617 4219 2778 4274 homo
2804 4229 2993 4274 contra
3033 4230 3104 4287 te,
3138 4222 3184 4276 si
3232 4232 3284 4277 te
3331 4224 3485 4293 sequi
3536 4218 3655 4281 vult,
3693 4211 3777 4263 ειυδ

2377 4311 2593 4383 potest?
2620 4310 2780 4365 Certe
2819 4312 2938 4367 idm
2965 4313 3105 4381 quod
3136 4329 3241 4367 non
3285 4322 3337 4370 te
3384 4296 3777 4385 sequitur,quitl3‘3'

680 4414 810 4471 tem,
842 4404 941 4467 sed
970 4413 1113 4459 tuam
1144 4403 1382 4469 laudem,
1426 4403 1581 4472 cujus
1609 4403 1824 4458 bonitas
1847 4412 2136 4472 exsuperat
2159 4419 2277 4457 om-
2308 4423 2351 4478 ι)
2379 4419 2483 4458 non
2508 4401 2676 4472 possit
2698 4417 2794 4470 per
2818 4415 2898 4469 se,
2924 4411 3103 4459 tamen
3134 4421 3233 4476 per
3267 4416 3339 4469 te,
3372 4407 3463 4477 qui
3495 4418 3587 4459 non
3608 4399 3691 4453 ideo
3707 4396 3775 4443 κίε

680 4512 800 4551 nem
838 4497 1194 4552 intellectum.
1228 4496 1609 4553 Pusillanitnes
1654 4496 1818 4549 etiam
1863 4495 1990 4549 facit
2023 4510 2121 4550 nos
2146 4497 2270 4565 quia

678 4589 841 4643 nimia
877 4578 1259 4660 impedimenta
1286 4599 1470 4642 nostra
1497 4588 1760 4643 videmus.
1794 4586 1922 4648 Sed,
1952 4586 2196 4653 Domine,
2226 4588 2270 4643 si

679 4679 943 4735 audacter
972 4688 1025 4734 te
1050 4679 1204 4749 sequi
1230 4680 1606 4750 proponimus,
1638 4694 1735 4748 pro
1770 4686 1918 4733 certo
1954 4677 2153 4733 habere
2185 4677 2271 4733 de-

676 4773 865 4828 bemus
896 4773 1039 4843 quod
1076 4772 1264 4826 aufers
1310 4770 1571 4839 quidquid
1619 4785 1718 4825 nos
1762 4772 2001 4825 retardat
2048 4788 2077 4825 a
2115 4771 2272 4829 laude

677 4878 785 4923 tua.
812 4868 1086 4943 Quidquid
1117 4868 1261 4922 enim
1306 4880 1414 4919 non
1444 4866 1627 4920 aufers
1657 4868 1952 4922 secundum
2001 4876 2144 4922 tuam
2175 4884 2269 4924 vo-

678 4963 961 5022 luntatem,
990 4960 1225 5014 libenter
1262 4968 1479 5029 portare
1508 4959 1790 5015 debemus.
1840 4960 2082 5016 Stultitia
2125 4963 2270 5017 enim

677 5063 857 5106 nostra
895 5064 1040 5120 saepe
1071 5057 1227 5120 putat
1269 5064 1331 5103 ea
1361 5062 1481 5103 esse
1510 5049 1889 5120 impedimenta
1922 5068 2039 5121 qua?
2072 5064 2157 5105 tua
2182 5068 2271 5107 oc-

675 5142 819 5195 culta
875 5141 1143 5212 sapientia
1197 5140 1262 5195 ad
1328 5148 1574 5193 nostrum
1624 5141 1895 5195 ordinavit
1946 5143 2269 5212 profectum.

676 5232 902 5301 Quinto,
933 5244 1103 5288 terret
1144 5235 1287 5304 quod
1318 5252 1424 5291 non
1451 5235 1632 5291 statim
1681 5235 1944 5289 sentimus
1974 5250 2071 5289 nos
2103 5234 2270 5305 proﬂ-

676 5340 837 5387 ccre,
878 5323 971 5379 sed
1014 5323 1278 5391 Domine,
1329 5341 1471 5396 saepe
1520 5322 1701 5380 dilfch
1749 5324 1892 5394 quod
1941 5324 2164 5394 petitur,
2214 5332 2273 5377 ut

675 5415 884 5471 excites
912 5415 1083 5486 magis
1104 5418 1436 5487 appetitum;
1462 5434 1567 5473 non
1587 5417 1767 5472 differs
1788 5417 1931 5486 quod
1959 5416 2096 5471 nolis
2119 5416 2271 5484 dare,

679 5510 772 5565 sed
825 5522 886 5565 ut
939 5522 1097 5568 aucto
1146 5512 1416 5567 desiderio
1469 5510 1836 5567 abundantius
1889 5510 2064 5577 possis
2117 5507 2269 5563 dare.

681 5604 929 5668 Sextum,
969 5607 1112 5676 quod
1148 5606 1376 5661 retrahit
1409 5622 1529 5669 nos,
1585 5612 1712 5659 sunt
1756 5602 2052 5671 quotidiani
2103 5603 2269 5656 nostri

681 5695 942 5756 deﬂetus.
989 5698 1094 5756 Sed
1127 5711 1317 5757 contra
1370 5699 1469 5753 hoc
1500 5707 1577 5752 est
1615 5695 1936 5763 remedium,
1977 5708 2030 5751 ut
2060 5708 2271 5765 semper

2376 4498 2515 4552 vasti
2543 4493 2639 4549 tibi
2680 4503 3004 4564 potestatem
3035 4499 3207 4553 nostri
3233 4498 3535 4569 profectus,
3558 4504 3607 4549 ut
3631 4488 3775 4551 null“

2374 4605 2514 4655 mus,
2544 4591 2635 4660 qui
2664 4591 2847 4646 omnia
2869 4605 3033 4662 opera
3063 4601 3247 4645 nostra
3288 4591 3546 4660 operaris,
3573 4584 3646 4641 sed
3664 4581 3777 4631 ιιιιιίλὲὶ

2374 4682 2704 4737 admiremur
2740 4692 2794 4738 et
2818 4682 3095 4736 laudemus
3116 4683 3366 4754 abyssum
3396 4679 3629 4738 bonitatis
3644 4670 3775 4729 tueri“

2373 4773 2561 4827 eadem
2591 4788 2710 4843 qua:
2736 4783 2793 4828 tu
2818 4773 2953 4829 facis
2976 4774 3028 4828 in
3062 4776 3245 4840 nobis,
3298 4785 3449 4843 grata
3478 4772 3567 4828 tibi
3603 4769 3683 4823 sint
3698 4767 3727 4811 cl
3751 4764 3775 4797 ⁵⁸

2374 4875 2548 4935 cepta.
2584 4878 2638 4922 et
2670 4867 2882 4939 judieas
2909 4883 2972 4922 ea
3003 4868 3165 4938 digna
3201 4870 3471 4933 mercede,
3496 4868 3562 4922 ita
3604 4850 3773 4932 quoch

2374 4957 2587 5011 calicem
2633 4975 2784 5029 aqua:
2817 4958 3026 5028 frigida:
3052 4976 3157 5013 non
3188 4960 3416 5015 dimittis
3459 4958 3633 5025 absque
3664 4944 3771 4999 19W”

2375 5046 2591 5117 (Matth.
2622 5065 2675 5115 x,
2707 5048 2831 5119 42);
2867 5060 2920 5104 et
2955 5066 3020 5105 eo
3045 5050 3164 5121 ipso
3194 5063 3431 5106 nostram
3457 5045 3645 5114 alicujus
3667 5031 3775 5125 "’W

2378 5146 2505 5206 tem,
2533 5154 2692 5208 quam
2722 5139 2856 5194 adeo
2891 5120 3116 5195 liberam
3150 5152 3369 5212 propter
3416 5141 3489 5195 tui
3535 5120 3775 5215 similitudirf‘i

2374 5227 2571 5293 fecisti,
2620 5240 2679 5283 ιιι
2707 5230 2826 5300 cogi
2860 5247 2964 5285 non
2990 5233 3177 5300 possit.
3204 5231 3381 5287 Multis
3406 5233 3558 5287 etiam
3606 5214 3775 5279 aliisue?

2373 5319 2440 5373 ad
2465 5320 2605 5373 viam
2637 5320 2887 5375 veritatis
2901 5331 2955 5375 et
2978 5322 3327 5391 perfectionis
3370 5340 3465 5377 nos
3494 5320 3667 5375 allicere
3688 5300 3775 5359 5W

2373 5410 2464 5465 sti.
2492 5409 2648 5466 Unde
2676 5412 2778 5466 hoc
2806 5414 3169 5478 merebamur,
3187 5414 3428 5477 Domine,
3447 5413 3572 5467 utad
3594 5398 3773 5460 nosdcsx"r

2374 5511 2553 5576 deres,
2590 5521 2645 5565 et
2671 5511 3060 5567 humanitatem
3086 5523 3322 5567 nostram
3348 5523 3452 5567 tam
3482 5495 3775 5564 mirabilith

2375 5619 2485 5668 res,
2518 5612 2573 5658 et
2603 5605 2656 5658 in
2690 5619 2751 5659 ea
2780 5614 2888 5659 tam
2915 5604 3196 5659 humiliter
3233 5620 3355 5659 cum
3409 5602 3601 5658 homine
3628 5584 3777 5679 εονδξτξξ

2376 5698 2535 5768 reris,
2562 5698 2664 5753 nisi
2688 5698 2830 5769 quod
2862 5712 2959 5754 nos
3001 5697 3065 5753 ad
3096 5696 3477 5769 perfectionem
3514 5691 3578 5746 tui
3616 5668 3775 5739 alvom"
