3898 6318
17 339 120 393 ζῖνό

994 300 1265 392 spuma.
1308 364 1374 372 -
1405 331 1528 386 ue.
1575 330 1661 384 me
1692 328 2234 388 MENSURATIONE
2273 332 2544 391 CRUCIS.

3221 341 3326 400 εοι

19 470 346 509 irovocare
372 453 613 519 volebas,
646 460 705 506 ιιι
744 452 870 506 dum
917 452 1200 506 \‘isibiliter
1236 449 1400 503 Deum
1434 460 1633 515 coguo-
1662 430 1708 483 Α
1739 449 1795 493 ιιι
1829 441 2029 495 reficiat
2064 458 2131 497 ne
2147 434 2419 500 dederant.
2446 445 2688 502 Tandem
2714 459 2951 506 assumet
2973 452 3041 507 ad
3061 454 3326 525 requiem,

17 547 258 612 scimus,
302 562 396 616 per
425 547 567 600 hunc
600 546 651 598 in
680 542 1030 598 invisibilium
1063 556 1302 595 amorem
1338 538 1629 608 rapiamur.

17 635 153 701 ~)nis
203 652 350 706 ergo
377 636 540 689 homo
571 636 764 705 dignus
807 643 926 689 erat
977 644 1035 688 ut
1065 632 1237 687 Filius
1268 631 1359 686 Dei
1403 638 1631 685 mortem

18 742 112 780 lt‘O
145 742 219 780 eo
251 728 573 797 pateretur?
600 728 708 780 Aut
730 727 850 795 quis
879 741 1115 795 unquam
1158 723 1356 777 meruit
1401 729 1493 775 tuo
1520 736 1634 775 cor-

18 832 151 871 )OI‘C
185 828 249 873 et
271 820 538 888 sanguine
563 817 732 883 refici,
765 818 866 871 nisi
892 816 1033 886 quod
1065 824 1144 878 tu,
1178 816 1319 868 Deus
1364 828 1546 877 meus,
1578 813 1630 865 in

27 928 122 965 IOC
146 912 451 966 ostendisti
480 912 791 965 aviditatem
825 909 1028 967 amoris
1080 908 1153 961 lui
1203 907 1349 962 circa
1399 920 1533 968 nos,
1573 912 1633 958 ut

17 1005 221 1057 saltem
269 1020 343 1058 ex
372 1003 711 1057 multitudine
747 1011 801 1056 et
831 1000 1203 1071 magnitudine
1253 1008 1360 1052 tam
1410 996 1630 1051 mirabi-

30 1097 149 1147 ium
188 1096 586 1150 beneﬁciorum
617 1105 830 1148 tuorum
875 1095 940 1147 ad
989 1103 1229 1147 mutuam
1286 1090 1630 1145 dilectionem

18 1184 367 1237 nccenderes
396 1200 490 1240 cor
519 1196 785 1249 nostrum,
827 1192 881 1237 et
925 1184 976 1237 in
1008 1182 1374 1252 captivitatem
1428 1179 1631 1234 amoris

28 1276 81 1327 ui
117 1276 449 1341 rediget-cs?
497 1276 914 1330 Innumerabilia
978 1275 1138 1329 nimis
1191 1282 1317 1328 sunt
1368 1272 1627 1327 beneficia

24 1386 120 1432 ua,
154 1368 425 1436 Domine,
456 1371 654 1438 quibus
680 1369 1012 1423 voluntatem
1039 1377 1275 1422 nostram
1306 1368 1533 1430 excitus,
1571 1376 1629 1420 ut

18 1458 261 1513 ierfecte
294 1471 353 1513 et
374 1462 630 1515 ardenter
663 1472 712 1514 te
738 1462 888 1531 sequi
926 1460 1421 1525 velimus,maxime
1445 1469 1626 1512 autem

17 1568 125 1620 ιιιεε
158 1564 539 1621 provocaret;
575 1555 702 1619 imo,
756 1555 799 1607 si
832 1554 912 1608 sic
941 1555 1122 1607 dicere
1151 1553 1376 1616 liceret,
1408 1561 1625 1623 cogeret

18 1644 364 1698 toluntatem
421 1655 664 1700 nostram
719 1656 822 1699 tum
849 1645 1212 1700 consideratio
1239 1645 1526 1711 bonitatis,
1558 1661 1623 1699 ex

1739 534 1828 586 ubi
1863 543 2042 588 tamen
2070 538 2312 604 requiem
2364 555 2471 594 non
2525 539 2847 597 habebimus
2896 554 3054 600 nocte
3094 550 3323 616 ac-die,

1736 623 1976 680 dicentes
2009 642 2022 680 :
2055 624 2302 691 Sanctus,
2344 641 2579 695 sanctus,
2602 645 2813 687 sanctus
2838 673 2851 698 ,
2880 634 3139 691 Dominus
3185 639 3328 694 Deus

1736 714 1967 770 Sabaoth
2000 715 2154 789 (Isai.
2180 735 2254 783 vt,
2284 719 2377 790 3).
2402 720 2475 776 lbi
2500 723 2795 793 absterges,
2822 724 3067 793 Domine,
3114 746 3323 785 onmem

1734 807 2022 879 lacrymam
2053 810 2117 863 ab
2144 813 2305 865 oculis
2331 813 2650 868 dilectoruut
2681 816 2919 882 tuerum,
2941 822 3188 889 quoniam
3213 840 3317 876 non

1736 900 1831 954 erit
1863 901 2086 969 amplius
2117 919 2255 956 mors
2287 904 2451 968 ultra,
2485 920 2647 974 neque
2672 905 2841 960 luctus
2868 909 3053 978 (Apoc.
3082 927 3195 977 χχι,
3227 913 3282 982 4)
3302 953 3317 977 ,

1734 997 1841 1068 etc.
1877 989 2003 1057 Sed,
2034 992 2279 1055 Domine,
2313 995 2584 1063 quomodo
2633 996 2773 1051 istud
2805 999 2977 1067 possit
3018 1016 3157 1066 esse,
3212 1020 3318 1057 non

1734 1083 1871 1138 bene
1910 1094 2085 1154 petest
2112 1088 2569 1157 comprehendere
2596 1090 2776 1144 anima
2805 1108 2946 1156 mea,
2977 1109 3096 1163 qua:
3136 1096 3320 1166 aliquo

1734 1177 1896 1229 modo
1923 1187 2146 1247 experta
2174 1190 2255 1234 est
2282 1190 2482 1249 quanta
2513 1183 2584 1236 sit
2611 1182 2832 1239 alllietio
2876 1200 3101 1241 noscere
3153 1198 3204 1243 te
3263 1200 3320 1244 et

1733 1281 1836 1320 non
1863 1283 2021 1335 posse
2040 1269 2258 1325 laudare
2273 1280 2480 1336 te,cum
2504 1284 2558 1327 et
2581 1275 2692 1343 ipsa
2717 1274 3061 1331 aliiictiouem
3087 1292 3315 1349 generet

1731 1370 1950 1429 promer
1976 1363 2383 1429 gratitudiucm,
2400 1368 2541 1434 quod
2566 1366 2690 1422 licet
2712 1370 2759 1422 ei
2778 1368 2955 1439 aliligi,
2972 1386 3069 1441 pro
3088 1386 3153 1427 eo
3173 1376 3316 1442 quo]

1730 1466 1836 1504 non
1865 1461 2042 1521 potest
2067 1453 2287 1509 laudare
2320 1470 2371 1511 te
2394 1460 2535 1521 ,imo
2563 1462 2743 1513 omnia
2794 1478 2914 1532 qua:
2967 1479 3202 1534 unquam
3247 1468 3317 1522 ad

1729 1540 1947 1597 laudem
1993 1555 2135 1599 tuam
2191 1547 2465 1618 cogitare,
2498 1549 2665 1619 loqui,
2696 1552 2779 1607 vel
2811 1569 2974 1623 agere
3003 1566 3200 1625 potest,
3235 1559 3317 1612 af-

1729 1630 2020 1689 ﬂictionem
2066 1638 2113 1689 ei
2147 1647 2431 1705 generant,
2458 1640 2582 1709 quia
2613 1642 2697 1697 his
2724 1644 3001 1714 indignam
3051 1661 3110 1701 se
3136 1659 3310 1717 putat,

17 1750 107 1803 lua
138 1736 344 1789 omnia
371 1735 509 1790 bona
535 1746 718 1791 creata
742 1734 1212 1804 procedunt.Quia
1243 1743 1422 1789 autem
1455 1750 1621 1801 pauca
1656 1775 1699 1832 Β
1729 1734 1783 1778 οι
1812 1727 1936 1794 (illia
1977 1728 2071 1783 tibi
2122 1729 2175 1783 in
2237 1731 2384 1784 nullo
2434 1735 2632 1801 poterit
2680 1739 3025 1806 reslionderc.
3080 1739 3136 1794 Si
3185 1758 3317 1810 ergo

18 1838 279 1895 ixpertus
308 1838 414 1889 est,
440 1828 745 1898 etjnoudum
764 1827 1095 1881 exercitatus
1116 1828 1264 1889 dete,
1289 1842 1379 1896 qun
1401 1825 1623 1895 spiritus

17 1938 77 1985 es,
106 1920 197 1988 spi
212 1920 497 1974 ritualiter
525 1920 763 1989 cogitare
790 1919 1038 1981 voluerit,
1067 1920 1146 1974 sic
1196 1920 1445 1973 meditari
1476 1919 1541 1972 de
1572 1929 1621 1973 te

17 2010 212 2064 ιιιιριίι
242 2010 532 2064 inchoare.
564 2010 746 2063 Primo
785 2018 1027 2063 assumat
1076 2010 1128 2062 in
1175 2018 1411 2063 mentem
1466 2024 1618 2063 suam

18 2105 251 2170 liquam
288 2102 843 2157 animamvirtutibus
879 2102 1192 2170 perfectam,
1219 2102 1364 2157 etde
1407 2101 1493 2155 illa
1546 2103 1615 2155 ita

18 2190 339 2261 .pecialiter
384 2192 605 2260 cogitet,
639 2193 792 2261 quasi
827 2192 953 2245 nulli
976 2193 1189 2261 corpori
1214 2191 1284 2245 sit
1307 2191 1614 2260 conjuncta.

21 2282 360 2353 maginetur
399 2290 579 2335 autem
610 2282 663 2335 in
686 2282 772 2335 illa
796 2296 1011 2336 omnem
1036 2280 1422 2351 perfectionem
1446 2282 1516 2333 Vll
1533 2291 1618 2335 tu-

18 2389 133 2436 um,
164 2388 299 2443 quae
330 2387 575 2441 unquam
620 2371 687 2426 de
715 2371 893 2441 aliqua
925 2372 1107 2426 anima
1131 2372 1332 2440 poterit
1362 2372 1613 2443 cogitari,

17 2464 212 2519 .cilicet
241 2477 420 2532 quam
446 2463 605 2529 bona,
630 2477 791 2532 quam
813 2462 1180 2531 dulcis,quam
1207 2463 1614 2532 patiens,quam

17 2558 353 2624 nisericors,
401 2571 562 2626 quam
599 2556 839 2626 sapiens,
867 2571 1028 2625 quam
1074 2555 1417 2620 charitativa,
1452 2571 1613 2625 quam

17 2649 198 2715 idelis,
228 2664 411 2719 quam
444 2649 552 2719 pia,
579 2646 929 2719 quamjusta,
955 2661 1116 2716 quam
1146 2660 1297 2713 vera,
1326 2661 1485 2714 quam
1512 2647 1613 2699 hu-

17 2740 164 2807 nilis,
197 2749 308 2795 etc.
344 2738 497 2795 Cum
526 2749 709 2793 autem
758 2739 904 2793 circa
932 2738 1170 2791 animam
1196 2736 1322 2791 talia
1348 2737 1615 2807 cogitave-

18 2832 87 2898 ‘it,
125 2831 336 2903 cogitet
364 2829 526 2901 quod
558 2830 674 2883 haec
703 2828 884 2883 anima
936 2837 1020 2883 est
1059 2827 1254 2882 similis
1301 2828 1530 2882 creatori
1560 2828 1612 2883 in

17 2922 295 2977 'irtutibus
323 2920 432 2991 qui
458 2935 576 2975 eam
606 2920 662 2974 in
693 2919 1107 2974 similitudinem
1154 2934 1307 2974 suam
1356 2919 1505 2985 fecit,
1557 2929 1609 2974 et

17 3023 185 3069 iostea
212 3016 529 3068 transferat
556 3027 617 3068 se
672 3011 738 3066 ad
794 3012 1132 3077 Creatorem,
1168 3022 1226 3066 ut
1252 3012 1432 3066 omnia
1489 3028 1610 3083 qua:

18 3123 47 3160 ιι
70 3108 253 3162 anima
290 3106 551 3177 profecta
576 3114 830 3176 poterunt
862 3105 1113 3169 inveniri,
1148 3106 1198 3160 iu
1233 3107 1492 3163 Creatore
1523 3109 1606 3162 in-

17 3200 144 3256 lnita
176 3202 406 3272 cogitet
429 3208 484 3255 et
514 3201 799 3269 immensa,
831 3210 883 3254 et
912 3215 973 3255 ea
1028 3201 1144 3271 ipsa
1174 3208 1421 3255 naturam
1455 3216 1607 3255 suam

17 3309 132 3359 :sse,
159 3307 214 3350 et
239 3296 322 3350 sic
351 3294 600 3364 quodam
631 3293 790 3347 modo
818 3293 1099 3346 invisibilia
1137 3291 1235 3345 Dei
1258 3308 1349 3362 per
1395 3309 1455 3345 ea
1490 3308 1608 3363 qua:

18 3389 135 3443 'acta
163 3399 309 3454 sunt,
342 3386 659 3456 conspiciat
681 3385 952 3441 intellecta
984 3384 1163 3456 (Rom.
1190 3401 1228 3453 ι,
1258 3384 1371 3455 20).
1407 3384 1504 3440 Hie
1526 3394 1607 3440 est

17 3482 222 3553 [uidem
267 3480 507 3537 initialis
559 3480 750 3535 modus
802 3479 1072 3550 cogitandi
1120 3479 1187 3533 de
1237 3487 1308 3544 te,
1354 3478 1603 3543 Domine,

18 3590 161 3643 )uem
213 3576 307 3645 qui
368 3574 600 3630 sollicite
630 3574 878 3643 sequitur
913 3572 1222 3628 meditando
1260 3579 1332 3637 te,
1385 3572 1606 3625 intrabit

18 3662 202 3719 'ontem
228 3666 419 3719 vivum
438 3663 847 3719 etduleedinem
873 3672 975 3717 tuae
1000 3671 1230 3728 natum,
1255 3677 1373 3732 quae
1397 3675 1604 3732 quanto

18 3757 172 3826 najor
200 3766 287 3813 est
342 3756 601 3813 omnibus
635 3755 912 3811 beneﬁciis
941 3755 1069 3821 tuis,
1102 3762 1252 3809 tanto
1285 3757 1457 3825 magis
1488 3755 1599 3809 alli-

17 3849 71 3903 :it
102 3859 350 3906 nostram
372 3851 726 3915 voluntatem,
743 3858 801 3904 ut
825 3865 1118 3921 sequamur
1140 3850 1395 3906 ardenter
1418 3850 1600 3905 Jesum

17 3940 170 3997 ilium
197 3951 356 3997 tuum
382 3942 451 3997 ad
498 3941 712 3998 laudem
736 3941 994 3999 bonitatis
1022 3951 1126 3998 tua:
1170 3958 1270 3999 nos
1298 3942 1601 3999 informan-

20 4049 127 4090 em.

600 4123 829 4180 CAPUT
867 4123 954 4180 Ill.

157 4216 242 4271 De
265 4214 604 4286 sequentibus
631 4213 928 4286 particulis,
953 4228 1140 4269 venire
1167 4221 1291 4283 post
1319 4226 1426 4268 me.

61 4306 255 4362 Tertio
278 4307 432 4362 enim
458 4320 518 4361 se
546 4304 697 4361 dedit
724 4312 970 4361 nostrum
999 4302 1282 4359 ductorem
1307 4314 1363 4359 et
1389 4305 1596 4360 instru-

17 4409 377 4465 :torem,cum
405 4397 616 4453 subdit:
654 4396 830 4452 Venite
845 4407 961 4467 post
983 4412 1085 4450 me.
1103 4396 1596 4467 Quantumcunque

1728 1820 1904 1875 anima
1938 1821 2297 1889 incarccrata,
2326 1825 2378 1879 in
2406 1828 2613 1881 umbris
2645 1829 2930 1895 collocata,
2983 1832 3060 1887 sic
3088 1833 3315 1887 insatia-

1724 1908 1907 1964 biliter
1928 1911 2180 1981 afﬂigitur
2208 1928 2306 1982 pro
2334 1914 2494 1969 laude
2547 1925 2657 1981 tua,
2711 1919 2983 1986 quomodo
3025 1922 3315 1975 satiabitur

1724 2015 1847 2055 cum
1890 2001 1942 2056 in
1975 2004 2202 2058 meridie
2233 2006 2613 2074 apparueritei
2656 2007 2871 2063 bonitas
2895 2019 3004 2075 tua,
3053 2027 3175 2065 cum
3209 2014 3314 2066 uti-

1722 2108 1827 2161 que
1850 2094 2027 2147 videat
2056 2096 2122 2147 ad
2152 2095 2366 2164 plenum
2391 2112 2508 2151 eam
2526 2114 2631 2152 non
2656 2114 2811 2168 posse
2836 2100 3064 2156 laudari.
3090 2104 3146 2157 Si
3172 2103 3315 2160 forte

1723 2180 1856 2236 dicis
1880 2183 2030 2247 mihi,
2057 2183 2457 2254 Domino,un
2484 2189 2582 2243 hoc
2604 2191 2708 2242 erit
2732 2190 3025 2245 maximum
3052 2196 3306 2264 gaudium

1722 2273 1857 2341 ejus,
1887 2275 2030 2344 quod
2058 2275 2297 2341 perfecte
2322 2288 2611 2348 cognoscet
2646 2280 2945 2336 bonitatem
2977 2291 3219 2347 tuam,et
3244 2286 3309 2338 il-

1720 2365 1826 2420 lam
1856 2376 1963 2420 tam
1994 2368 2336 2434 immensam,
2367 2372 2509 2440 quod
2541 2386 2661 2426 eam
2718 2387 2823 2427 non
2875 2375 3075 2443 poterit
3125 2375 3308 2447 aliqua

1719 2462 1970 2514 creatura
1998 2460 2151 2529 plene
2172 2462 2412 2517 laudare.
2442 2462 2642 2518 Verum
2671 2464 2837 2519 credo
2876 2466 3018 2536 quod
3050 2466 3116 2522 de
3155 2467 3306 2523 boui-

1721 2550 1844 2605 tatis
1869 2562 1973 2604 tuae
2000 2552 2364 2608 immensitate
2424 2554 2712 2624 gaudebit;
2749 2562 2930 2610 tamen
2975 2556 3152 2612 adhuc
3192 2572 3309 2627 pm-

1719 2643 1857 2697 nitet
1884 2657 2004 2697 eam
2040 2644 2283 2713 perfecte
2314 2659 2421 2700 non
2471 2660 2631 2714 posse
2675 2646 2900 2702 laudare
2928 2689 2942 2715 ,
2977 2649 3080 2703 nisi
3127 2650 3310 2720 aliquo

1718 2734 1879 2787 modo
1902 2732 2123 2787 vulnera
2151 2732 2271 2802 ejus
2301 2734 2674 2804 alligarentur,
2700 2744 2756 2790 et
2777 2752 3113 2807 percussum
3135 2740 3309 2811 plagas

1717 2822 1833 2892 ejus
1856 2834 2204 2889 sanarentur,
2251 2826 2378 2895 quia
2410 2836 2538 2880 tunc
2564 2828 2800 2896 primum
2830 2829 3010 2883 oleum
3060 2831 3303 2885 additum

1715 2927 1865 2979 esset
1890 2918 2128 2972 camino.
2157 2918 2311 2975 Unde
2365 2919 2411 2974 si
2458 2918 2634 2988 pl‘acet
2667 2921 2782 2986 tibi,
2837 2922 3083 2989 Domine,
3138 2926 3303 2978 credo

1713 3013 1856 3083 quod
1884 3014 2047 3067 etiam
2078 3027 2234 3080 pinna
2264 3021 2317 3066 et
2342 3011 2563 3067 amictio
2595 3012 2768 3069 laudis
2798 3024 2923 3079 tua},
2944 3029 3107 3083 quam
3138 3015 3303 3072 habet

1638 3139 1685 3202 ο
1716 3103 1804 3157 hic
1832 3103 2037 3167 anima,
2068 3102 2139 3156 ibi
2178 3102 2466 3158 satiabitur
2516 3113 2571 3158 et
2601 3104 2908 3174 alligabitur
2937 3105 3058 3175 palo
3101 3105 3300 3171 laudis,

1715 3210 1838 3250 cum
1893 3205 1947 3249 tu
1985 3196 2077 3265 qui
2130 3195 2303 3265 reples
2351 3196 2403 3250 in
2458 3196 2616 3251 bonis
2671 3198 2993 3252 desiderium
3053 3209 3295 3255 nostrum

1713 3286 1886 3359 (Psal.
1913 3298 2013 3352 cu,
2041 3288 2120 3358 5),
2153 3298 2359 3342 tantum
2407 3289 2624 3344 dederis
2668 3298 2719 3345 te
2770 3290 2990 3345 laudare
3031 3301 3295 3361 quantum

1711 3381 2100 3446 desideramus,
2130 3381 2238 3435 imo
2264 3381 2420 3452 longe
2446 3396 2607 3451 supra
2632 3382 3016 3438 desideratum.
3045 3384 3134 3439 Sic
3149 3386 3293 3440 enim

1710 3475 1895 3529 dixisti
1929 3473 2105 3541 :Quia
2128 3491 2219 3529 vos
2255 3475 2532 3543 plorabitis
2567 3484 2613 3528 et
2648 3475 2840 3545 ﬂebitis
2874 3494 3035 3543 nunc,
3067 3480 3296 3533 mundus

1709 3576 1882 3619 autem
1907 3565 2175 3637 gaudebit.
2216 3565 2453 3621 Tristitia
2485 3577 2653 3621 restra
2694 3577 2924 3622 vertetur
2954 3569 3005 3623 in
3034 3572 3291 3639 gaudium

1709 3655 1891 3726 (Joan.
1942 3672 2055 3722 xvi,
2093 3656 2208 3727 20).
2243 3656 2444 3713 Sanata
2499 3669 2682 3714 autem
2742 3674 2924 3729 pmna,
2984 3677 3146 3730 quam
3201 3664 3289 3719 hic

1707 3750 1917 3817 habuit,
1932 3760 1985 3807 et
2013 3751 2232 3823 impleto
2249 3754 2388 3821 quod
2410 3754 2499 3809 hic
2520 3754 2866 3821 desideravit,
2882 3756 3041 3810 aliam
3072 3772 3287 3826 pinnam

1705 3861 1803 3915 pro
1848 3846 2037 3917 majori
2068 3847 2374 3901 laudatione
2405 3847 2498 3909 ibi,
2537 3847 2679 3901 sicut
2705 3862 2805 3901 nec
2828 3848 2981 3913 hic,a
3005 3864 3065 3904 se
3092 3850 3290 3907 habere

1704 3954 1812 3993 non
1837 3948 2031 4008 potest.
2061 3938 2138 3992 Tu
2173 3940 2336 3994 etiam
2381 3956 2486 3995 non
2511 3940 2667 3995 dabis
2688 3940 2759 4007 ei,
2790 3941 2878 4008 qui
2908 3943 3082 3995 omnia
3105 3944 3285 4012 dispo~

1703 4030 1785 4083 nis
1809 4028 1865 4081 in
1902 4043 2138 4091 numero,
2178 4033 2427 4099 pondere,
2451 4040 2500 4085 et
2523 4047 2772 4085 mensura
2803 4030 2959 4103 (Sap.
3012 4048 3049 4087 ιι
3081 4064 3096 4095 ,
3149 4019 3284 4105 21),

1702 4119 1830 4187 quia
1856 4126 1986 4173 tunc
2018 4132 2125 4172 non
2166 4120 2271 4173 erit
2298 4127 2508 4190 tempus
2536 4119 2723 4190 ﬂendi,
2764 4124 2859 4177 sed
2891 4124 3121 4191 ridendi,
3161 4142 3284 4181 cum

1701 4206 2015 4277 apparuerit
2041 4207 2198 4264 nobis
2233 4217 2358 4264 tuus
2385 4209 2576 4265 unicus
2607 4211 2866 4278 Filius,si
2897 4213 3143 4271 volumus
3167 4225 3290 4287 post

1703 4299 1884 4369 ipsum
1910 4298 2120 4356 venire.

2299 4390 2528 4448 CAPUT
2568 4391 2659 4448 IV.

18 4506 285 4546 :urramus
319 4486 598 4545 ferventer
619 4489 918 4558 sequendo,
950 4486 1131 4543 nullus
1153 4488 1411 4559 praecedit
1440 4498 1511 4555 le,
1536 4498 1593 4544 et
1623 4488 1670 4543 D
1699 4480 1852 4551 Quod
1879 4500 1982 4538 non
2004 4486 2169 4539 simus
2210 4485 2376 4539 nostri
2397 4526 2411 4547 ,
2442 4484 2533 4563 sed
2565 4484 2696 4551 Dei;
2746 4488 2816 4541 ad
2856 4486 3015 4556 illud,
3055 4471 3287 4563 abneget

18 4583 173 4638 iullus
220 4583 375 4638 vadit
404 4581 559 4651 juxta
592 4590 683 4636 te:
710 4580 916 4636 Omnes
964 4594 1064 4636 nos
1095 4588 1310 4650 oportet
1353 4580 1432 4633 ire
1475 4587 1595 4649 post

18 4687 68 4740 e,
91 4675 217 4744 quia
253 4684 308 4729 ιιι
335 4690 395 4729 es
417 4674 793 4743 primogenitus
816 4674 869 4727 in
899 4672 1079 4727 multis
1114 4671 1371 4742 fratribus
1408 4671 1589 4745 (Rom.

17 4777 112 4825 nu,
140 4765 256 4834 29).
281 4764 474 4820 Primo
500 4764 667 4827 dicis,
692 4764 920 4818 Domine
944 4804 959 4829 ,
1005 4761 1285 4832 discipulis
1319 4779 1333 4816 :
1386 4760 1588 4827 Venite,

17 4864 45 4906 et
66 4857 231 4911 videte
252 4856 443 4929 (Joan.
474 4872 513 4922 ι,
542 4856 660 4926 59).
693 4854 888 4911 Postea
930 4855 1095 4922 dicis,
1139 4852 1319 4910 Venite
1346 4867 1461 4925 post
1483 4872 1587 4920 me,

18 4957 58 5001 ιι
87 4951 305 5017 quodin
339 4962 392 5006 te
416 4951 671 5006 viderunt
701 4950 998 5005 imitentur.
1037 4948 1239 5004 Deinde
1274 4948 1409 5004 dicis
1441 4966 1454 5001 :
1490 4947 1591 5002 Ve-

18 5042 98 5093 iite
130 5043 195 5095 ad
221 5060 325 5109 me,
357 5059 535 5098 omnes
562 5041 650 5111 qui
678 5041 929 5096 laboratis
958 5050 1004 5094 et
1032 5039 1235 5094 onerati
1255 5039 1400 5111 estis,
1424 5051 1470 5093 et
1496 5055 1589 5109 ego

18 5129 224 5195 'e/iciam
249 5150 336 5187 vos
355 5132 576 5203 (Matth.
604 5129 1214 5200 x1,28).ete.,utjugunt
1239 5142 1385 5185 tuum
1408 5148 1586 5195 suave,

17 5229 45 5269 rt
73 5236 201 5276 onus
232 5217 383 5277 tuum
414 5224 524 5278 leue
560 5222 737 5294 (ibid.,
766 5221 877 5293 50),
911 5224 1055 5292 quod
1109 5223 1201 5292 qui
1251 5222 1589 5292 susceperint

22 5310 238 5368 iilariter
267 5316 481 5385 possint
507 5326 726 5385 portare
754 5314 818 5368 ad
850 5315 1075 5385 gloriam
1106 5314 1282 5368 Patris
1314 5314 1412 5368 tui.
1441 5314 1586 5367 Tan-

18 5398 116 5454 lem
146 5404 325 5460 dicis:
374 5405 575 5473 Venite,
626 5406 881 5460 benedicti
927 5404 1108 5459 Patris
1162 5409 1297 5469 mei;
1336 5405 1587 5475 percipite

18 5504 205 5558 'egnum
231 5497 451 5566 (Matth.
479 5516 604 5562 xxv,
628 5497 740 5569 54).
776 5497 889 5563 Sic,
912 5495 1164 5561 Domine,
1198 5496 1299 5550 iste
1330 5504 1414 5550 est
1460 5494 1586 5549 fide-

18 5581 231 5643 lissimus
262 5590 473 5662 legatus
500 5604 640 5660 tuus,
672 5592 764 5663 qui
800 5592 977 5662 primo
1007 5589 1156 5661 ponit
1208 5604 1266 5643 se
1321 5588 1474 5643 nobis
1528 5587 1581 5641 in

17 5677 323 5747 exemplum,
351 5698 474 5738 cum
503 5684 664 5739 dicit:
706 5683 887 5738 Venite
929 5694 976 5737 et
1029 5682 1229 5745 videte;
1287 5689 1340 5737 et
1394 5686 1580 5750 postea

17 5760 189 5822 invitat
212 5771 277 5825 ad
308 5776 628 5832 veniendum
651 5786 769 5845 p051
797 5790 872 5832 se.
903 5773 1190 5832 Venientes
1219 5773 1282 5827 ad
1307 5788 1363 5829 sc
1392 5780 1574 5838 vocat,

2320 4557 2691 4625 semetipsum.

1768 4666 1974 4736 Quarto
1995 4683 2127 4739 ergo
2157 4668 2398 4723 ostendit
2447 4669 2602 4724 nobis
2626 4669 2843 4725 initium
2871 4671 2994 4737 vite,
3047 4686 3153 4741 qua
3187 4675 3284 4728 de-

1692 4766 1885 4818 bemus
1907 4771 2032 4832 post
2060 4762 2335 4817 Clu-istum
2387 4764 2599 4830 venire,
2627 4780 2753 4821 cum
2777 4766 2931 4829 dicit,
2965 4767 3180 4838 abneget
3205 4785 3289 4821 se-

1694 4851 2119 4923 metipsum.Qui
2178 4867 2310 4923 ergo
2339 4852 2392 4907 in
2430 4855 2511 4910 via
2572 4855 2923 4925 perfectionis
2966 4856 3081 4910 vult
3133 4859 3285 4927 sequi

1696 4943 1973 4999 Christum
1998 4942 2207 5008 Jesum,
2264 4943 2475 4998 laboret
2504 4945 2681 5012 primo
2716 4956 2774 4999 ut
2828 4946 3045 5015 abneget
3098 4960 3287 5002 semet-

1692 5034 1883 5103 ipsum.
1948 5032 2141 5087 Merito
2178 5047 2308 5102 ergo
2354 5034 2617 5089 debemus
2673 5050 2772 5089 nos
2816 5037 3118 5107 abnegare,
3159 5055 3284 5097 cum

1694 5126 1988 5194 nihiljuris
2016 5126 2315 5180 habeamus
2358 5125 2409 5180 in
2462 5126 2636 5181 nobis.
2671 5127 2811 5182 Sunt
2840 5137 3022 5184 autem
3073 5141 3280 5203 septem

1692 5233 1890 5284 causae,
1924 5233 2154 5285 quarum
2188 5218 2461 5287 quzelibet-
2497 5217 2768 5274 sulliceret
2812 5221 3084 5277 hominem
3133 5239 3283 5279 com-

1690 5310 1891 5382 pellere
1920 5318 1977 5361 ιιι
2007 5306 2241 5362 fateatur
2294 5308 2347 5362 iu
2387 5324 2446 5363 se
2476 5310 2612 5365 nihil
2633 5311 2773 5380 juris
2813 5313 3037 5370 habere.
3066 5314 3280 5382 Prima,

1691 5403 1814 5472 quia
1846 5410 1924 5468 tu,
1949 5401 2197 5465 Domine,
2231 5417 2330 5456 nos
2349 5404 2581 5469 creasti;
2616 5404 2756 5460 sicut
2783 5420 2913 5477 ergo
2943 5407 3078 5462 nihil
3111 5408 3164 5462 in
3190 5422 3279 5464 ηας

1687 5499 1772 5554 bis
1800 5498 1925 5553 boni
1953 5508 2056 5563 est,
2106 5497 2249 5566 quod
2274 5506 2330 5552 ιιι
2359 5512 2464 5552 non
2493 5501 2787 5565 creaveris,
2821 5501 2898 5557 ita
2927 5501 3150 5571 dignum
3194 5509 3280 5556 est

1687 5591 1832 5662 quod
1885 5589 2069 5647 omnia
2106 5590 2247 5645 bona
2286 5600 2470 5645 nostra
2498 5591 2608 5647 sint
2647 5602 2759 5660 tua,
2786 5584 2907 5664 qua:
2942 5592 3091 5648 nullo
3121 5594 3280 5647 modo

1688 5684 1815 5740 licet
1855 5681 2056 5737 auferri
2087 5697 2116 5735 a
2148 5688 2199 5735 te
2229 5680 2430 5736 Sancto
2464 5694 2798 5748 sanctorum,
2827 5699 2894 5738 ne
2930 5682 3276 5752 sacrilegium

1686 5771 2109 5827 committamus.
2141 5768 2250 5825 Cur
2277 5782 2406 5839 ergo
2433 5786 2543 5826 non
2576 5771 2969 5840 abnegaremus
3012 5784 3132 5835 nos,
3181 5767 3274 5838 qui
