3898 6318
665 282 774 342 295

1810 270 1900 338 AD
1935 279 2164 338 orsus
2201 279 2262 336 s.
2295 277 2596 334 ANSELMI
2639 279 3004 336 arraxmx.

667 400 842 458 nostri
881 414 986 456 non
1021 399 1245 464 sumus?
1298 397 1432 454 Nam
1479 398 1912 470 quandocunque
1967 398 2170 469 aliquid
2219 412 2252 452 a
2281 406 2326 464 Α
2355 409 2518 462 quam
2555 404 2630 458 te,
2662 403 2868 448 tantum
2899 396 2966 450 de
2997 409 3059 448 se
3083 406 3322 452 reservet
3351 397 3474 464 tibi,
3503 410 3682 472 quanto
3719 411 3792 462 ιρις-ι

665 492 826 550 uobis
853 491 1214 562 abuegamus,
1243 505 1345 546 nec
1389 491 1494 548 hoc
1543 491 1869 562 abnegatam
1926 501 2148 561 propter
2201 498 2252 546 te

651 580 1014 642 conferimus,
1041 579 1134 634 sed
1166 580 1382 636 aliunde
1404 579 1796 650 quantumlibet
1837 580 2002 636 etiam
2042 580 2254 636 modico

667 673 928 742 temporis
975 672 1150 742 spatio
1180 673 1476 734 donamus,
1508 685 1633 726 mox
1663 669 1900 726 alienum
1929 671 2252 726 invadimus.

664 763 914 820 Secunda
965 780 1130 820 causa
1155 773 1266 829 est,
1295 765 1421 834 quia
1449 779 1550 820 nos
1582 772 1802 818 interna:
1832 763 1992 818 morti
2042 763 2254 818 deditos

665 864 754 910 tua
813 865 988 910 morte
1051 856 1444 926 pretiosissima
1485 855 1796 924 redemisti,
1851 870 1951 924 pro
2005 855 2255 910 omnibus

663 955 911 1002 mortuus
931 962 1014 1012 es,
1048 956 1103 999 ut
1127 947 1218 1017 qui
1246 948 1418 1002 uirum
1461 946 1578 1016 jam
1605 947 1704 1002 sibi
1725 963 1827 1002 non
1853 948 2050 1016 uiuant,
2093 948 2183 1002 sed
2205 948 2256 1012 ei

661 1042 752 1112 qui
778 1057 872 1110 pro
909 1041 1148 1094 omnibus
1175 1051 1409 1094 mortuus
1437 1050 1512 1096 est
1543 1040 1592 1112 (1
1601 1039 1625 1093 1
1665 1039 1790 1095 Cor.
1813 1038 1996 1112 v,15),
2035 1047 2095 1094 ut
2121 1039 2255 1096 dicit

663 1118 774 1188 Vas
807 1141 960 1197 tuum
990 1131 1246 1186 electum.
1271 1131 1410 1200 Ergo
1447 1133 1584 1186 sicut
1615 1147 1804 1187 omnes
1828 1140 1883 1186 et
1931 1139 2072 1186 totos
2101 1134 2254 1188 rede-

665 1221 838 1286 misti,
879 1221 960 1276 sic
987 1230 1042 1274 et
1071 1236 1263 1276 omnes
1287 1232 1342 1276 et
1373 1222 1468 1276 toti
1503 1221 1578 1276 tui
1631 1223 1758 1277 sint.
1805 1220 1906 1289 Qui
1965 1221 2080 1277 vult
2122 1237 2252 1292 ergo

662 1312 844 1368 salvus
867 1328 1006 1378 esse,
1041 1313 1292 1368 restituat
1317 1312 1408 1366 tibi
1444 1311 1589 1366 illum
1626 1312 2074 1384 pretiosissimum
2126 1328 2251 1366 san-

661 1405 881 1474 guiuem
905 1420 1065 1475 quem
1095 1419 1194 1476 pro
1229 1419 1296 1460 eo
1351 1403 1552 1458 fudisti.
1585 1403 1798 1468 Tertia,
1850 1404 1976 1472 quia
2035 1419 2133 1459 uos
2164 1403 2246 1459 in-

661 1506 848 1566 gratos
867 1500 1116 1554 omnibus
1141 1499 1297 1554 bonis
1324 1497 1430 1553 tuis
1476 1507 1530 1552 et
1583 1512 1805 1552 aversos
1867 1513 1898 1550 a
1933 1506 1984 1552 te
2035 1507 2251 1568 propter

661 1599 886 1660 peccata
915 1605 945 1644 a
975 1590 1186 1646 diabolo
1215 1589 1528 1654 defendiSti,
1557 1599 1840 1660 postquam
1871 1603 1904 1643 a
1958 1597 2010 1642 te
2065 1597 2250 1644 nostro

661 1682 892 1740 Domino
921 1685 1243 1742 recessimus
1267 1684 1498 1755 turpiter
1526 1691 1583 1738 et
1607 1683 1812 1752 inique,
1838 1681 1938 1736 sub
1985 1692 2074 1736 tua
2120 1697 2248 1752 pro-

662 1777 898 1832 tectione
917 1793 1038 1833 esse
1066 1778 1264 1834 merito
1292 1793 1402 1833 non
1427 1776 1770 1844 deberemus.
1797 1773 1998 1848 Sicque
2035 1783 2133 1832 no‘s
2157 1776 2252 1832 lto-
2283 1767 2326 1823 Β
2352 1779 2471 1833 (tum
2505 1770 2868 1826 communiter
2897 1783 3088 1827 natura
3112 1774 3366 1830 omnibus
3395 1776 3675 1831 hominibus

659 1867 758 1920 stis
794 1868 912 1923 sine
937 1868 1255 1924 defensioue
1275 1869 1519 1939 captivos
1542 1867 1748 1922 habens
1775 1867 1842 1922 ad
1875 1881 2031 1922 suam
2057 1866 2252 1922 volun-

661 1966 851 2026 tatem,
875 1962 1156 2017 debuisset
1181 1963 1234 2016 iu
1259 1971 1460 2015 aeterna
1489 1959 1747 2030 supplicia
1779 1959 2120 2024 demersisse,
2147 1959 2248 2014 nisi

659 2060 719 2106 tu
748 2066 813 2108 ex
837 2053 1300 2124 superabundauti
1332 2051 1574 2108 bonitate
1599 2067 1696 2106 nos
1716 2049 2052 2106 defendisses
2075 2049 2141 2104 ab
2161 2065 2245 2112 eo.

655 2154 711 2198 et
740 2145 808 2198 ad
831 2145 1208 2213 paenitentiam
1239 2157 1592 2208 reservasses,
1615 2151 1670 2197 et
1699 2151 1922 2212 propter
1953 2141 2098 2196 hanc
2119 2155 2248 2194 cau-

656 2253 774 2292 sam
797 2237 1014 2307 proprie
1039 2251 1226 2292 smnus
1255 2236 1332 2290 lui
1366 2237 1534 2302 servi,
1561 2236 1718 2308 quasi
1745 2237 1814 2292 ab
1845 2236 1999 2290 hoste
2026 2233 2248 2290 servati.

661 2326 928 2384 Similiter
961 2327 1038 2382 tui
1059 2335 1188 2382 sunt
1215 2326 1526 2396 quicunque
1579 2342 1676 2397 per
1717 2335 1866 2382 tuam
1906 2325 2140 2397 gratiam
2172 2326 2252 2380 la-

659 2433 834 2488 queos
861 2417 1062 2474 diaboli
1095 2417 1442 2482 evitaverint,
1470 2425 1526 2472 et
1551 2418 1670 2474 ideo
1720 2415 1816 2472 tibi
1865 2416 2002 2472 nihil
2045 2415 2252 2488 auferri

660 2509 822 2565 debet
847 2523 916 2564 ex
939 2524 1004 2564 eo
1031 2509 1174 2578 quod
1194 2509 1278 2564 vel
1314 2517 1368 2566 te
1389 2509 1552 2566 dante
1581 2524 1688 2566 non
1727 2509 1952 2578 cecidit,
1985 2510 2070 2568 vel
2089 2513 2136 2568 si
2158 2527 2250 2578 cee

661 2600 872 2656 ciderat
909 2609 995 2656 est
1024 2610 1292 2656 erectum.
1342 2601 1545 2670 Quarta
1591 2616 1756 2658 causa
1802 2612 1920 2670 est,
1971 2603 2095 2674 quia
2125 2621 2248 2662 eum

665 2700 930 2746 aeternam
963 2700 1192 2748 mortem
1219 2695 1456 2764 peccatis
1493 2693 1696 2748 nostris
1733 2693 2137 2762 meruissemus,
2193 2706 2250 2752 tu

659 2798 758 2838 nos
797 2783 1064 2840 reduxisti
1099 2785 1165 2840 ad
1188 2788 1378 2853 vitam,
1416 2800 1538 2842 eam
1589 2785 1934 2842 dimittendo.
1983 2787 2094 2846 Cur
2119 2804 2252 2862 ergo

658 2875 754 2930 tibi
809 2891 916 2931 non
969 2876 1216 2934 vivemus
1274 2893 1376 2935 nos
1433 2878 1650 2948 penitus
1687 2879 2022 2950 abnegando,
2074 2896 2104 2936 a
2141 2897 2252 2954 quo

655 2967 920 3026 habemus
945 2970 1088 3040 quod
1121 2971 1452 3028 aeterualiter
1479 2969 1680 3026 mortui
1711 2985 1817 3026 non
1845 2971 2250 3040 sitnusthinta

655 3073 820 3112 causa
853 3068 958 3126 est,
1001 3059 1148 3130 quod
1205 3059 1396 3114 eadem
1423 3059 1666 3116 bonitate
1717 3074 1822 3130 qua
1877 3076 1977 3118 nos
2029 3061 2248 3130 creasti,

653 3149 819 3206 etiam
847 3165 1242 3215 conservas,ue
1269 3151 1321 3206 iu
1351 3152 1580 3208 nihilum
1610 3154 1938 3224 redigamur.
1970 3155 2249 3223 Quomodo

657 3242 804 3298 enim
851 3243 1036 3314 aliquo
1085 3244 1388 3300 subsistere
1419 3244 1714 3312 valeamus,
1749 3245 1854 3300 nisi
1913 3255 1966 3302 te
2009 3263 2248 3304 conser-

656 3331 858 3386 vante?
890 3332 945 3386 Si
968 3347 1098 3404 ergo
1139 3342 1276 3388 lues
1309 3335 1418 3390 vita
1471 3344 1676 3402 nostra,
1733 3335 1862 3392 nulli
1918 3336 2012 3392 alii
2058 3337 2250 3395 vivere

657 3423 920 3480 debemus
937 3465 952 3492 ,
977 3426 1120 3482 sicut
1145 3426 1292 3482 nullo
1319 3427 1426 3482 alio
1455 3428 1753 3484 subsistere
1783 3429 2047 3487 valemus.
2077 3431 2248 3489 Sexta

659 3529 823 3570 causa
847 3525 935 3570 est
958 3517 1260 3582 securitas;
1289 3517 1380 3586 qui
1413 3517 1560 3572 enim
1599 3532 1660 3572 se
1692 3526 1862 3574 totum
1888 3520 2140 3592 abnegat,
2190 3531 2248 3578 ut

661 3607 830 3663 Deum
853 3609 1074 3676 habeat,
1103 3610 1196 3680 qui
1223 3611 1324 3664 sibi
1355 3610 1514 3680 periit
1553 3618 1614 3664 ut
1643 3610 1736 3666 tibi
1771 3613 1974 3678 valeat,
2013 3614 2106 3683 qui
2145 3614 2246 3670 sibi

657 3698 794 3754 nihil
817 3707 902 3754 est
945 3711 1007 3754 ut
1033 3700 1128 3754 tibi
1155 3700 1357 3770 aliquid
1393 3701 1594 3769 sit;'si
1643 3701 1776 3758 nihil
1837 3703 1891 3758 in
1931 3717 1992 3758 se
2041 3704 2246 3768 habet,

658 3787 792 3842 nihil
816 3790 898 3844 sui
929 3789 1181 3846 amittere
1207 3791 1363 3846 timet
1389 3833 1406 3860 ,
1435 3792 1532 3848 sed
1575 3806 1790 3862 semper
1810 3805 2036 3848 securus
2077 3801 2160 3848 est
2197 3802 2249 3850 te

657 3883 801 3952 quod
856 3891 1012 3938 tuum
1058 3894 1140 3940 est
1181 3899 1525 3940 conservare.
1558 3885 1939 3940 Siminentur
1974 3885 2022 3940 ei
2075 3899 2248 3956 pinnae

656 3978 874 4046 inferni,
920 3980 1005 4036 vel
1033 3981 1173 4054 ignis
1219 3984 1809 4054 purgatorius,parum
1833 3985 2032 4042 timore
2057 4001 2246 4042 eorum

657 4068 910 4135 allicitur,
933 4072 1058 4141 quia
1087 4073 1329 4128 cantabit
1357 4089 1562 4130 vacuus
1585 4090 1770 4130 coram
1800 4075 2009 4130 latrone
2039 4077 2242 4131 viator:

655 4170 714 4226 et
746 4177 805 4218 se
825 4177 934 4218 non
960 4163 1111 4218 timet
1139 4166 1368 4234 perdere
1389 4167 1482 4237 qui
1509 4181 1572 4222 se
1595 4167 1848 4237 abnegat.
1885 4167 1942 4224 Si
1997 4169 2143 4224 enim
2192 4179 2244 4224 tu

657 4266 806 4317 eum,
837 4253 931 4322 qui
958 4263 1078 4309 tuus
1107 4265 1214 4322 est,
1249 4257 1316 4312 ad
1355 4273 1544 4326 prunas
1569 4258 1790 4313 mittere
1816 4259 2002 4324 velles,
2031 4276 2248 4331 semper

659 4353 846 4400 tamen
872 4346 938 4400 de
973 4355 1023 4402 te
1051 4346 1104 4402 in
1149 4348 1394 4404 bonitate
1423 4349 1673 4416 sentiret,
1708 4362 1932 4420 paratus
1979 4353 2246 4408 sustinere

660 4439 802 4509 quod
828 4440 1012 4508 velles,
1037 4457 1140 4500 nec
1161 4444 1398 4502 diceret:
1427 4442 1538 4498 Cur
1557 4443 1632 4497 ita
1669 4441 1841 4498 iacis?
1865 4443 1962 4498 Cui
1989 4444 2246 4513 pra3dicta

665 4533 938 4588 sententia
965 4551 1071 4588 non
1097 4535 1304 4606 placet;
1335 4547 1388 4590 at
1411 4535 1484 4600 ei,
1515 4535 1760 4600 Domine,
1789 4550 1848 4590 se
1873 4535 2160 4606 abnegare,
2185 4546 2246 4591 ut

659 4624 940 4696 intelligat.
973 4625 1218 4698 Septima
1249 4641 1380 4682 vero
1403 4641 1566 4682 causa
1591 4625 1816 4682 deberet
1869 4627 2104 4682 maxime
2147 4643 2246 4684 nos

657 4730 882 4784 urgere;
901 4716 1108 4772 scilicet
1127 4727 1189 4772 ut
1216 4717 1310 4772 tibi
1343 4717 1492 4772 vices
1523 4717 1868 4774 redderemus
1891 4718 2004 4772 sive
2029 4733 2248 4788 respon-

656 4806 912 4862 deremus
934 4807 1060 4878 quia
1085 4825 1217 4880 puer
1238 4818 1392 4864 natus
1421 4817 1496 4863 est
1529 4807 1700 4872 nobis,
1719 4815 1770 4868 et
1797 4807 1939 4876 ﬁlius
1968 4808 2122 4862 datus
2167 4818 2244 4864 est

657 4897 806 4952 nobis
841 4897 999 4970 (Isai.
1023 4915 1102 4964 lx,
1133 4899 1222 4970 6);
1273 4903 1369 4968 qui
1412 4900 1512 4954 das
1535 4898 1782 4968 quotidie
1803 4909 1858 4954 te
1886 4900 2042 4956 nobis
2069 4900 2122 4956 in
2165 4902 2245 4956 ci-

657 4988 807 5052 bum,
834 5003 890 5044 et
915 4991 1132 5046 tandem
1176 4991 1334 5046 dabis
1367 5001 1419 5046 te
1448 4990 1606 5046 nobis
1627 4990 1680 5044 in
1707 4990 1991 5061 praemium
2013 5032 2030 5058 ,
2079 5003 2138 5048 et
2185 4992 2242 5048 in

659 5083 964 5138 mercedem
1018 5098 1270 5153 magnam
1327 5083 1512 5150 nimis.
1547 5083 1793 5148 Domine,
1826 5084 1954 5154 quid
2017 5085 2240 5157 dignum

657 5173 856 5241 poterit
885 5187 1006 5228 esse
1047 5175 1212 5230 tantis
1234 5173 1516 5231 beneﬁciis
1543 5173 1682 5229 tuis?
1734 5173 1872 5240 Quid
1899 5175 1968 5230 ad
2024 5175 2127 5232 hoc
2159 5175 2242 5230 di—

656 5279 820 5334 gnum
843 5263 1144 5332 poterimus
1166 5266 1330 5321 dare?
1366 5268 1448 5322 An
1471 5275 1686 5338 oportet
1708 5267 1912 5338 aliquid
1944 5277 2145 5339 praeter
2186 5267 2242 5324 id

655 5371 756 5412 nos
777 5355 992 5424 penitus
1013 5355 1277 5427 abuegare
1303 5369 1358 5413 et
1384 5355 1478 5414 tibi
1503 5360 1651 5420 dare,
1670 5357 1980 5414 dulcissime
1991 5357 2243 5412 Domine?

657 5449 716 5503 Si
735 5464 876 5502 unus
927 5450 1090 5505 homo
1136 5460 1277 5506 esset
1307 5454 1442 5508 tanti
1477 5453 1666 5524 quanti
1720 5466 1912 5508 omnes
1953 5459 2238 5517 creaturas,

657 5555 794 5610 quas
827 5557 1063 5612 unquam
1095 5542 1288 5610 fecisti,
1311 5555 1548 5616 quantus
1591 5555 1758 5606 esset,
1788 5544 1833 5598 si
1887 5543 2045 5597 daret
2073 5557 2132 5596 se
2163 5551 2242 5598 to-

657 5642 770 5687 tum
797 5633 913 5700 tibi,
951 5636 1040 5705 qui
1069 5635 1260 5692 dedisti
1287 5647 1338 5694 te
1375 5648 1548 5693 totum
1603 5637 1789 5700 nobis,
1817 5631 1972 5701 cujus
2023 5631 2240 5686 bonitas

655 5725 710 5780 iu
749 5725 1012 5788 infinitum
1063 5729 1474 5802 prtrpouderat?
1518 5728 1608 5799 qui
1641 5741 1700 5782 se
1751 5734 1908 5796 putat
1959 5723 2236 5780 meliorem

2275 3117 2324 3182 ο

2276 4475 2322 4534 D

2356 499 2470 540 rem
2502 499 2560 540 se
2583 493 2735 554 putat
2763 499 2924 558 quam
2959 497 3033 540 tu.
3074 487 3300 558 Propter
3366 489 3656 559 huiusmodi
3699 513 3794 550 cura?

2357 573 2492 630 dicis
2521 591 2536 630 :
2566 573 2625 630 Si
2645 579 2759 644 quis
2810 575 2914 632 vult
2965 579 3136 632 venire
3189 591 3300 649 post
3349 598 3435 636 me
3457 621 3471 645 ,
3501 583 3687 654 abneget
3721 606 3786 640 res:

2356 665 2526 734 ipsum
2556 664 2774 738 (51mm.
2802 682 2912 730 xu,
2955 667 3092 742 24)!
3129 669 3258 735 imo,
3307 670 3562 736 Domine,
3604 673 3692 744 jam
3717 693 3788 747 re;

2357 755 2538 810 dicere
2563 757 2734 828 (salvo
2764 760 2930 814 verbo
2961 760 3072 831 tuo)
3096 761 3239 830 quod
3264 763 3452 818 nullus
3479 767 3792 838 semetipsum,

2358 845 2465 903 leat
2511 848 2802 921 abuegare.
2834 849 3115 919 Quomodo
3164 855 3310 909 enim
3353 871 3418 911 se
3469 857 3738 930 abuegabit,
3765 881 3786 928 gr

2359 955 2631 1009 nunquam
2659 941 2863 1012 aliquid
2889 941 3032 1012 juris
3056 945 3112 1000 in
3139 960 3197 1002 se
3219 946 3446 1004 habuit?
3489 949 3590 1004 Sed
3617 991 3632 1014 ,
3673 953 3786 1006 Dama:

2356 1029 2410 1085 in
2445 1031 2546 1087 hoc
2575 1033 2737 1088 verbo
2765 1037 3008 1092 ostendis
3047 1041 3340 1094 max-imam
3370 1042 3786 1111 gratitudiuemtm

2355 1131 2414 1176 ut
2442 1122 2542 1178 hoc
2585 1125 2722 1180 tanti
2745 1126 2981 1182 aestimes
3007 1137 3066 1184 ut
3097 1130 3410 1201 quicunque
3433 1133 3484 1187 in
3513 1149 3570 1189 se
3607 1135 3686 1188 sibi
3705 1137 3790 1204 alia“

2347 1211 2488 1282 juris
2515 1225 2890 1287 usurpaverat,
2925 1218 3154 1275 ulterius
3174 1235 3234 1276 se
3262 1221 3358 1276 tibi
3397 1238 3583 1293 rapere
3609 1239 3690 1280 non
3715 1237 3788 1278 alia:

2356 1315 2452 1362 tet.
2481 1308 2552 1364 Da
2591 1309 2743 1378 mihi,
2791 1310 3037 1378 Domine,
3069 1323 3130 1369 ut
3159 1331 3244 1372 me
3264 1316 3554 1388 abnegauit.
3582 1319 3672 1374 imo
3701 1325 3788 1372 utui-

2353 1395 2477 1450 dam
2494 1399 2634 1467 quod
2657 1399 2807 1470 rapui
2833 1399 3118 1460 violenter.
3141 1405 3413 1462 Debemus
3438 1417 3608 1464 autem
3631 1395 3799 1470 secantis}

2351 1485 2522 1560 legem
2547 1490 2782 1546 ablatqu
2815 1493 3042 1550 reddere
3091 1497 3145 1550 in
3174 1499 3542 1570 quadruplum
3571 1499 3646 1571 (II
3661 1483 3782 1570 Begu

2353 1576 2429 1650 6),
2462 1589 2520 1635 ut
2555 1597 2661 1638 non
2693 1583 2866 1642 solum
2900 1603 3022 1655 nos,
3047 1589 3142 1644 sed
3169 1598 3225 1644 et
3270 1603 3461 1645 nostra
3495 1593 3770 1656 reddamus:

2353 1672 2478 1730 licet
2517 1677 2814 1742 naturalia,
2844 1677 3066 1738 fortuita
3097 1692 3151 1738 et
3173 1685 3436 1755 gratuita.
3469 1685 3703 1741 Naturalia
3722 1695 3784 1738 sua

2353 1855 2575 1926 nistrat;
2609 1863 2856 1931 quaedam
2885 1861 2938 1918 in
2969 1863 3148 1918 anima
3182 1873 3421 1934 tantum,
3446 1876 3502 1921 ut
3531 1819 3800 1934 intellectus

2352 1945 2604 2018 allectus;
2629 1954 2874 2022 quaedam
2925 1955 2978 2010 in
3011 1971 3271 2028 corpore,
3304 1960 3576 2015 mediante
3612 1961 3743 2017 animi,
3767 1971 3782 2006 5‘.

2352 2040 2590 2112 quinque
2622 2057 2817 2102 sensus
2845 2045 3156 2102 interiores.
3191 2047 3508 2105 Reddamus
3545 2063 3653 2120 ergo
3687 2045 3780 2100 intra

2353 2136 2631 2200 ctum,sed
2653 2152 2808 2193 suum
2837 2139 3114 2212 proprium
3145 2141 3630 2212 relinquentes,qui
3653 2155 3716 2194 nos
3732 2153 3782 2190 aur

2354 2236 2466 2284 tum
2490 2245 2521 2284 a
2544 2231 2852 2301 cognitione
2879 2234 3126 2289 veritatis
3158 2233 3444 2306 impendit.
3485 2233 3688 2302 Quamliu
3723 2231 3780 2282 eis

2352 2317 2516 2376 homo
2541 2335 2704 2378 sensu
2734 2337 2836 2380 suo
2869 2325 2942 2379 ita
2983 2325 3236 2380 innititur
3261 2338 3323 2382 ut
3355 2328 3424 2382 ab
3472 2343 3534 2382 eo
3555 2325 3780 2382 recederen-

2352 2409 2470 2476 luit,
2496 2413 2582 2468 vix
2607 2429 2825 2470 sensum
2850 2416 3075 2474 alterius
3101 2428 3581 2491 quantumcunque
3602 2413 3778 2472 rationis

2351 2505 2724 2572 apprehendit.
2758 2493 3085 2562 Faciendum
3141 2507 3307 2578 igitur
3333 2503 3422 2564 est
3449 2508 3694 2564 secundum
3723 2503 3778 2566 iiir

2352 2587 2547 2662 stblum
2583 2613 2598 2651 :
2631 2595 2942 2664 Quicunque
2973 2599 3110 2654 inter
3135 2617 3221 2656 vos
3247 2603 3461 2671 sapiens
3489 2616 3588 2654 esse
3607 2595 3697 2658 eali,
3723 2602 3777 2644 liii-

2351 2697 2434 2742 tus
2461 2689 2578 2758 ﬁat,
2608 2698 2663 2744 ut
2695 2691 2902 2761 sapiens
2934 2691 3000 2747 sit
3039 2691 3092 2766 (I
3127 2692 3250 2749 Cor.
3277 2710 3360 2755 ut,
3389 2693 3477 2766 18)
3507 2693 3556 2748 Si
3580 2679 3778 2746 culmini-

2351 2775 2476 2834 liter
2501 2795 2560 2836 se
2597 2781 2822 2836 stultum
2856 2793 3130 2852 reputaret
3175 2785 3240 2840 ad
3283 2796 3494 2855 tempus
3516 2825 3531 2848 ,
3565 2791 3665 2836 tunc
3696 2785 3776 2826 veni

2352 2870 2672 2938 sapientiam
2701 2885 2732 2926 a
2763 2880 2815 2929 te
2843 2913 2858 2940 ,
2883 2874 2998 2930 sive
3019 2889 3048 2928 a
3067 2875 3173 2930 tuis
3193 2877 3586 2948 apprehendere
3612 2881 3651 2926 te
3683 2871 3776 2938 μιεεά

2353 2961 2478 3032 (lilia
2536 2963 2626 3018 ubi
2681 2965 2992 3034 humilitas,
3053 2967 3125 3024 ibi
3171 2971 3437 3040 sapientia
3487 2968 3650 3039 (Prov.
3673 2954 3774 3020 11,3L

2353 3053 2554 3110 Paulus
2622 3057 2768 3111 enim
2843 3043 3090 3114 creditur
3156 3061 3415 3118 didicisse
3469 3045 3776 3128 Evangeliuuil

2354 3145 2461 3201 illis
2493 3147 2666 3206 tribus
2689 3150 2902 3216 diebus,
2954 3169 3078 3208 cum
3141 3143 3320 3212 caecus
3382 3161 3522 3211 esset
3564 3139 3774 3221 (Arum?-

2352 3237 2660 3296 lleddamus
2689 3242 2852 3296 etiam
2875 3241 3128 3302 affectum
3159 3243 3292 3311 Deo,
3323 3260 3536 3316 semper
3551 3227 3774 3322 POS'POW

2349 3337 2588 3384 nostram
2617 3329 2948 3388 voluntatem
2971 3332 3232 3389 voluntati
3255 3335 3472 3399 divime,
3523 3341 3568 3388 et
3589 3323 3772 3408 maxime

2348 3419 2598 3474 oratione
2631 3429 2838 3490 nostra,
2871 3423 2996 3494 quia
3023 3423 3077 3478 in
3107 3425 3255 3480 omni
3281 3426 3527 3480 oratione
3573 3426 3712 3474 nostra
3734 3417 3774 3458 uir

2349 3507 2487 3564 litati
2508 3527 2660 3566 suam
2692 3512 2952 3568 debemus
2971 3529 3290 3586 praeponere
3315 3517 3638 3572 voluntatem,
3661 3505 3773 3558 imos?

2349 3600 2617 3670 voluntas,
2644 3605 2686 3659 si
2714 3619 2778 3658 ea
2805 3615 2953 3661 recte
2978 3605 3204 3676 utimur,
3239 3623 3456 3679 semper
3480 3612 3555 3660 est
3586 3605 3713 3654 nostra
3733 3593 3773 3638 ω’

2348 3692 2492 3749 litas.
2533 3695 2688 3766 Srepe
2712 3705 2894 3752 autem
2929 3698 3076 3752 venit
3104 3699 3170 3754 de
3192 3701 3415 3770 proprio
3469 3709 3608 3752 sensu
3639 3685 3774 3779 quiia:I

2349 3787 2621 3842 credimus
2671 3787 2882 3843 Domini
2919 3789 3252 3845 voluntatem
3295 3805 3420 3848 esse
3468 3779 3678 3858 quidquid
3713 3781 3772 3860 alii

2349 3891 2449 3932 nos
2471 3879 2754 3950 contingit,
2785 3887 2838 3935 et
2871 3881 2944 3934 ita
2969 3879 3244 3936 abutimur
3264 3897 3353 3948 ea,
3381 3881 3547 3937 minus
3569 3879 3682 3944 3’3”
3699 3871 3774 3950 sui?

2351 3969 2573 4038 piendo,
2595 3947 2736 4026 sicut
2767 3973 2897 4027 dicit
2917 3973 3250 4044 Augustinus
3274 3973 3334 4044 (Ι.
3369 3990 3402 4028 x
3431 3969 3616 4037 Confer.
3642 3947 3772 4016 νιιῗθίί

2354 4082 2372 4115 ι
2408 4059 2654 4130 Optimus
2681 4064 2771 4119 ille
2801 4073 2924 4120 tuus
2952 4065 3198 4120 minister
3228 4074 3314 4120 est
3333 4067 3423 4138 qui
3443 4077 3540 4118 non
3567 4059 3680 4138 hoca
3701 4051 3773 4138 ιειῗ

2347 4118 2469 4208 dire
2493 4152 2773 4222 desiderat
2795 4154 2934 4224 quod
2959 4153 3073 4224 ipse
3099 4118 3366 4221 voluerit:
3380 4153 3470 4210 sed
3495 4151 3584 4205 hoc
3607 4118 3772 4224 velle

2350 4262 2378 4299 a
2433 4217 2718 4302 te-audiet.
2750 4265 2768 4298 ι
2805 4215 2908 4300 Sed
2937 4215 3058 4300 eum
3099 4245 3183 4300 his
3210 4215 3452 4310 duobus,
3487 4239 3656 4297 scilicet
3673 4215 3772 4332 illiilli:

2347 4348 2436 4393 etu
2459 4351 2515 4393 et
2539 4337 2759 4404 affectu,
2793 4347 2847 4394 et
2872 4339 3111 4411 quinque
3148 4355 3344 4396 sensus
3389 4313 3772 4420 exterioresufﬁi“:

2349 4445 2492 4494 mus,
2515 4429 2894 4486 mortiﬁraudo
2924 4447 3018 4486 eos
3050 4431 3117 4487 ab
3169 4435 3421 4488 omnibus
3472 4415 3729 4482 vanitatibus.
3753 4415 3773 4448 (ί

2348 4523 2413 4578 ad
2439 4531 2586 4578 tuum
2616 4524 2931 4593 obsequium
2958 4527 3346 4590 convertenda,
3379 4525 3483 4594 jam
3523 4497 3770 4583 aliquamdiu

2345 4613 2608 4672 habemus
2639 4619 2703 4671 de
2726 4617 2896 4686 prima
2927 4617 3081 4688 parte
3102 4635 3263 4689 quam
3321 4593 3580 4673 nobiseum
3628 4593 3772 4689 illum?

2346 4703 2848 4770 debemusscincet
2879 4685 2943 4762 δέ
2973 4685 3308 4764 naturalibus
3337 4685 3770 4782 bonis.$ecum{_al=f

2345 4803 2471 4848 sunt
2497 4793 2741 4860 fortuita,
2765 4811 2886 4866 quae
2917 4797 3099 4853 dicere
3147 4813 3434 4868 possumus
3477 4765 3770 4874 temporalia.“ll

2346 4887 2570 4942 amicos.
2595 4885 2720 4942 Hrec
2744 4888 2888 4944 enim
2928 4889 3111 4944 omnia
3151 4889 3407 4944 calcanda
3447 4889 3591 4944 sunt.
3617 4869 3770 4959 ¹¹θ

2345 4977 2498 5032 diant
2528 4988 2678 5034 tuum
2703 4993 2964 5036 amorem.
2999 5000 3017 5033 ι
3049 4980 3227 5036 Minus
3251 4981 3394 5037 enim
3436 4981 3570 5034 amat
3603 4955 3770 5076 te.

2346 5084 2470 5125 cum
2503 5069 2709 5142 aliquid
2742 5081 2918 5140 amat,
2959 5073 3103 5142 quod
3143 5088 3250 5128 non
3300 5080 3510 5144 propter
3547 5048 3760 5150 ιϐᾉ³¹ξξ³ξξξ

2345 5159 2476 5216 dicit
2499 5137 2856 5234 Augustinus.
2905 5137 2930 5216 γι
2961 5137 3134 5220 Ῠιιιιιθ
3179 5137 3768 5244 deberet-homo

2343 5253 2568 5325 diligere
2589 5229 2830 5310 vmodiea
2888 5272 3047 5327 quem
3095 5266 3260 5314 tanta:
3317 5249 3575 5332 dignitatis
3603 5229 3768 5332 Ῐοείξίλξ

2343 5347 2390 5400 ei
2421 5347 2581 5402 liceat
2611 5355 2662 5401 te
2710 5363 2914 5404 amare.
2956 5349 3236 5406 Occultius
3288 5317 3459 5406 autem
3509 5340 3635 5398 noccl
3667 5317 3768 5460 “ET”:
3798 5337 3799 5352 ‘

2885 5459 2894 5460 κ
2961 5459 2966 5460 γ
3073 5454 3084 5460 -
3319 5446 3349 5460 --
3424 5458 3434 5460 -
3492 5431 3591 5460 ....:..
3643 5429 3694 5460 te:
3743 5439 3750 5448 ~

2343 5457 2499 5496 amor
2545 5443 2846 5496 amicorum
2874 5459 3036 5513 quam
3072 5446 3461 5513 temporalium,
3489 5431 3592 5504 quia
3643 5429 3765 5520 “3'1:

2343 5536 2612 5592 velamine
2632 5535 2935 5600 charitatis,
2969 5536 3040 5591 ita
3070 5539 3214 5607 quod
3237 5554 3377 5607 saepe
3405 5535 3542 5606 putet
3567 5495 3766 5614 110⁸³3ίῇ

2344 5631 2562 5685 ritatem
2597 5644 2718 5686 esse
2743 5631 2883 5700 quod
2911 5629 3130 5687 dilectio
3157 5641 3242 5687 est
3265 5629 3520 5690 carnalis.
3540 5625 3632 5686 ίιαπ
3654 5609 3764 5704 “Ta:

2343 5721 2480 5776 ciler
2508 5733 2560 5776 et
2593 5723 2833 5778 suaviter
2865 5734 3101 5779 mentem
3123 5725 3390 5798 captivam
3427 5721 3569 5776 tonet,
3600 5687 3694 5772 Ψιοδ
3721 5691 3752 5730 θ’
