3898 6318
57 336 162 394 ἱῦῚ

949 333 1313 391 SPURIA.—
1339 331 1465 386 LIB.
1512 330 1599 386 DE
1636 325 2185 384 MENSUllATlONE
2223 325 2471 384 CRUCIS

3217 323 3324 390 298

53 451 186 506 sciat
227 449 390 504 homo
419 462 581 517 quam
615 446 762 502 duris
791 445 1019 501 vinculis
1052 445 1215 501 fuerit
1259 445 1476 516 ligatus,
1531 444 1632 498 nisi
1667 455 1712 511 Α
1739 455 1958 498 omnem
1984 440 2206 496 exced’is
2231 439 2620 505 humilitatem,
2652 439 2738 494 cui
2769 439 2812 495 si
2840 439 3066 495 velimus
3092 439 3320 496 similari

53 552 332 612 postquam
364 540 850 594 lueritabsolutus.
893 539 985 594 Sic
1029 548 1200 594 totum
1248 553 1342 594 cor
1386 549 1630 592 nostrum

50 646 139 690 tuo
176 635 434 689 debemus
461 634 729 698 amori,ut
759 634 1018 702 quidquid
1051 633 1114 687 de
1136 648 1200 686 eo
1228 631 1385 686 alteri
1417 632 1628 695 damus,

51 724 142 781 tibi
173 725 597 778 subtrahamus?
627 722 1008 779 Necessarium
1035 737 1164 793 ergo
1187 731 1267 776 est
1313 729 1370 776 ut
1424 722 1628 789 omnia,

53 829 169 885 qua:
193 814 414 868 fortuna
447 815 603 867 nobis
630 813 790 869 offert
818 813 1111 884 diligenda,
1137 815 1253 869 sive
1295 827 1384 866 res
1423 822 1631 884 tempo-

53 905 212 965 rales,
238 903 352 957 sive
372 905 831 974 amicos,pr0pter
854 913 902 958 te
926 907 1282 976 abnegemus:
1299 907 1478 962 Tertia
1505 923 1631 977 pars

53 993 410 1047 restitutionis
434 1003 559 1047 sunt
597 994 858 1064 gratuita,
883 995 1090 1049 scilicet
1116 997 1368 1060 virtutes,
1411 1013 1545 1066 quas
1575 998 1626 1049 in

52 1084 251 1138 fontem
277 1099 430 1138 suum
463 1084 678 1154 penitus
701 1084 990 1140 refundere
1007 1085 1286 1152 debemus,
1306 1087 1436 1141 nihil
1456 1103 1519 1142 ex
1547 1087 1629 1143 his

49 1176 198 1229 nobis
231 1175 574 1240 ascribendo,
610 1178 704 1231 sed
735 1177 852 1238 tibi,
887 1196 919 1230 (ι
957 1194 1060 1248 quo
1108 1194 1256 1232 omne
1295 1181 1488 1232 donum
1519 1195 1630 1248 per-

45 1267 232 1336 fectum
258 1265 399 1335 (Ιηε.
429 1283 466 1333 l,
499 1267 606 1337 l7),
640 1283 738 1336 pro
763 1269 844 1322 eis
871 1278 1053 1337 grates
1085 1255 1392 1323 referendo.
1419 1269 1476 1323 Si
1507 1285 1628 1323 om-

44 1359 151 1422 nia,
177 1373 299 1426 quae
331 1359 383 1412 in
423 1360 508 1413 his
569 1361 780 1424 tribus,
805 1360 1016 1415 scilicet
1060 1361 1218 1416 bonis
1267 1362 1626 1428 naturalibus,

43 1446 276 1502 fortuitis
320 1458 374 1503 et
404 1451 679 1518 gratuitis,
719 1450 1067 1505 inveniuntur
1091 1492 1104 1513 ,
1131 1453 1482 1522 abnegamus,
1510 1469 1628 1517 _nos

43 1540 135 1594 tibi
179 1540 324 1611 quod
355 1541 733 1597 fraudavimus
763 1543 814 1596 in
856 1544 1214 1612 quadriiplum
1268 1545 1625 1612 restituimus,

40 1637 94 1683 et
121 1629 222 1683 hoc
248 1629 320 1683 sit
344 1630 500 1684 nobis
531 1629 744 1684 initium
774 1631 899 1686 vitae
947 1631 1232 1702 perfectae,
1267 1634 1347 1690 sic
1388 1645 1628 1690 nosmet-

38 1721 181 1791 ipsos
209 1723 422 1793 penitus
451 1724 741 1794 abnegare.

656 1835 885 1894 CAPUT
931 1835 997 1890 γ.

163 1926 525 1981 Excutiuntur
552 1926 704 1981 verba
735 1925 851 1992 illa,
887 1926 1035 1981 tollat
1060 1943 1280 1984 crucem
1311 1944 1484 1984 suam.

100 2015 302 2084 Quinto
331 2018 730 2074 consideratum
757 2005 842 2073 est
870 2018 1029 2087 quale
1080 2019 1313 2074 medium
1342 2021 1624 2091 perfectio-

28 2109 112 2164 nis
136 2111 209 2163 sit
250 2108 405 2164 nobis
429 2111 784 2179 propositum,
822 2119 880 2164 ut
926 2110 1263 2166 ambulemus
1300 2128 1395 2180 per
1426 2113 1620 2181 ipsum,

30 2196 238 2252 scilicet
263 2205 554 2252 uterucem
589 2207 830 2252 nostram
878 2198 1147 2255 tollamus.
1181 2202 1322 2256 Crux
1356 2212 1536 2258 autem
1592 2219 1622 2257 a

29 2289 272 2343 cruciatu
295 2290 513 2346 dicitur.
550 2288 797 2354 Domine,
827 2291 870 2346 si
903 2307 1120 2346 crucem
1175 2302 1414 2348 nostram
1474 2303 1622 2348 tuum

26 2383 308 2436 servitium
338 2382 595 2442 dicerem,
636 2384 933 2438 secundum
970 2385 1277 2453 opinionem
1309 2402 1493 2439 eorum
1523 2389 1624 2442 hoc

25 2475 384 2545 iutelligerem
401 2476 490 2545 qui
528 2477 774 2530 nesciunt
799 2477 1052 2547 quoniam
1075 2476 1262 2547 jugum
1289 2487 1437 2532 tuum
1457 2495 1623 2533 suave

22 2575 122 2634 est,
151 2577 206 2622 et
229 2583 371 2624 onus
401 2579 550 2622 tuum
581 2568 692 2623 leve
719 2569 936 2640 (Matth.
971 2585 1045 2635 χι,
1077 2570 1192 2639 ’50),
1226 2587 1328 2626 nec
1381 2573 1624 2626 sentiunt

21 2674 179 2729 quam
207 2661 387 2717 bonus
409 2670 463 2716 et
488 2678 650 2732 quam
679 2663 861 2717 suavis
887 2671 1010 2717 tuus
1039 2663 1350 2734 sitspiritus
1378 2664 1619 2720 innatis.

21 2751 147 2805 Dico
174 2759 365 2805 autem
399 2767 616 2806 crucem
648 2767 768 2806 esse
794 2751 1094 2806 cruciatum
1121 2755 1323 2817 cordis,
1352 2769 1514 2823 quem
1559 2757 1624 2810 de

20 2842 119 2896 hoc
156 2842 370 2896 habere
394 2842 654 2897 debemus
680 2843 824 2911 quod
851 2858 956 2897 non
986 2859 1174 2898 sumus
1207 2844 1278 2898 ita
1332 2845 1516 2899 fideles
1570 2853 1624 2900 et

21 2931 304 2987 ferventes
331 2933 384 2985 in
413 2933 561 2986 ontui
591 2932 814 2987 servitio
848 2942 940 2988 tuo
971 2941 1024 2988 et
1057 2933 1215 2988 laude
1246 2942 1334 2988 tua
1368 2945 1425 2988 ut
1461 2937 1625 2990 debe-

20 3039 220 3079 remus.
269 3021 396 3080 Haec
421 3038 550 3078 crux
586 3024 751 3078 habet
797 3024 1205 3095 longitudinem,
1257 3027 1618 3092 latitudinem,

21 3114 436 3179 sublimitatem,
464 3124 627 3184 atque
648 3115 998 3186 profundum.
1026 3115 1294 3174 Debemus
1335 3135 1466 3189 ergo
1519 3120 1617 3175 ha-

1735 548 1956 588 nccesse
2008 534 2272 589 habemus
2327 531 2618 588 humiliari.
2666 532 2819 598 Item,
2861 535 3005 603 quod
3033 535 3164 588 adeo
3212 543 3320 587 tam

1733 626 1912 698 frigidi
1943 643 2130 682 sumus
2161 636 2336 682 utnec
2364 643 2570 692 amore,
2605 642 2705 682 nec
2730 628 2908 694 laude,
2937 644 3036 684 nec
3063 629 3114 684 in
3142 629 3323 699 aliquo

1734 719 2062 788 respondere
2108 730 2211 774 tute
2259 719 2485 774 bonitati
2541 736 2848 790 possumus.
2905 721 3029 778 lltec
3068 732 3120 776 et
3156 725 3319 777 multa

1732 811 1857 872 alia,
1896 825 2015 880 quze
2069 811 2240 881 magis
2291 814 2598 867 communia
2665 823 2809 880 sunt,
2868 815 2933 870 ad
2962 816 3320 870 humilitatem

1732 899 1888 955 nobis
1911 899 2206 966 sufficiunt,
2253 901 2361 956 imo
2394 902 2661 971 superbia:
2712 903 2916 957 nullum
2961 904 3136 959 locum
3161 904 3323 959 relin-

1730 1000 1921 1059 quunt.
1973 991 2136 1047 Valde
2158 1001 2336 1047 autem
2367 995 2671 1049 necessaria
2697 1006 2780 1050 est
2810 996 2961 1050 nobis
2984 996 3323 1065 profunditas

1731 1082 2047 1139 humilitatis
2084 1087 2150 1141 ad
2183 1094 2327 1140 tuam
2361 1087 2769 1150 sublimitatem,
2815 1091 2941 1158 quia
2970 1099 3172 1157 quanto
3199 1089 3322 1158 quis

1731 1189 1790 1229 se
1818 1187 2030 1246 reputat
2067 1179 2444 1248 indigniorem,
2481 1189 2634 1234 tanto
2660 1182 2828 1250 magis
2855 1188 3040 1251 gratus
3067 1191 3149 1236 est
3167 1183 3321 1235 benc-

1733 1267 1902 1335 ficiis;
1931 1281 1985 1324 et
2006 1283 2211 1342 quanto
2236 1274 2462 1342 gratior,
2509 1283 2662 1330 tanto
2692 1277 2861 1345 magis
2884 1275 3236 1340 laudabilior;
3269 1286 3322 1330 et

1730 1363 1820 1430 qui
1853 1365 2086 1418 maxime
2109 1375 2294 1434 gratus
2325 1375 2428 1432 est,
2461 1367 2694 1422 maxime
2727 1377 2779 1422 te
2804 1369 3065 1423 laudabit.
3102 1369 3174 1422 Da
3226 1369 3322 1438 igi-

1732 1463 1820 1507 tur
1866 1457 2050 1521 nobis,
2097 1456 2344 1524 Domine,
2379 1474 2561 1513 veram
2589 1459 2982 1523 humilitatem,
3014 1461 3066 1514 id
3106 1469 3212 1527 est,
3247 1462 3320 1514 ita

1730 1547 1978 1609 cruciari,
2010 1549 2152 1618 quod
2188 1549 2238 1603 in
2272 1551 2374 1605 hae
2403 1552 2509 1606 vita
2538 1568 2642 1608 non
2676 1567 2963 1622 possumus
2991 1554 3058 1608 ad
3105 1555 3320 1624 plenum

1731 1635 2025 1706 humiliari,
2059 1648 2116 1692 ut
2145 1639 2532 1697 sichabeamus
2559 1643 2738 1698 crucis
2767 1627 3324 1712 profundum.:Subli-

1732 1727 1890 1781 mitas
1926 1729 2105 1784 crucis
2145 1739 2225 1784 est
2251 1732 2486 1786 cruciari
2516 1748 2700 1803 proco
2727 1735 2869 1802 quod
2913 1743 2963 1789 te
2997 1737 3062 1789 ad
3102 1735 3318 1806 plenum

1656 1815 1702 1874 Β
1732 1818 1952 1874 laudare
1975 1837 2078 1875 non
2108 1836 2394 1890 possumus
2423 1835 2479 1879 et
2509 1839 2714 1880 amare.
2747 1825 2899 1892 Quod
2930 1842 3089 1881 causa
3115 1829 3321 1882 amoris

1734 1907 1807 1960 tui
1845 1907 2127 1975 habemus,
2157 1927 2277 1979 qua:
2307 1911 2486 1980 lingua
2511 1916 2712 1980 dicere,
2758 1917 2842 1971 vel
2871 1917 2991 1987 quis
3019 1918 3321 1972 intellectus

1729 1999 1964 2056 sufficiat
2001 2019 2224 2074 capere,
2278 2009 2482 2063 nescio.
2539 2007 2594 2062 Si
2655 2009 2856 2080 aliquid
2915 2012 3086 2078 gratis
3137 2029 3322 2068 amare

1727 2093 1998 2161 volunms,
2033 2098 2122 2152 ubi
2161 2099 2351 2155 melius
2387 2116 2548 2172 quam
2605 2102 2658 2156 in
2713 2113 2764 2157 te
2801 2118 3040 2158 amorem
3073 2115 3317 2161 nostrum

1727 2184 2060 2244 locabimus?
2095 2191 2150 2245 Si
2188 2208 2284 2261 pro
2316 2195 2651 2259 muneribus,
2682 2207 2888 2264 quanto
2925 2195 3077 2266 plura
3127 2199 3321 2253 dabis?

1729 2276 1835 2332 Sed
1866 2289 2070 2350 quanto
2103 2283 2220 2353 plus
2246 2288 2538 2356 promittis,
2580 2298 2729 2342 tanto
2757 2290 2926 2360 magis
2953 2292 3122 2359 gratis
3145 2293 3317 2347 amari

1727 2372 1974 2426 mereris.
2023 2372 2080 2428 Si
2139 2393 2324 2434 amare
2383 2381 2631 2436 volumus
2677 2397 2773 2436 eos
2825 2383 2914 2452 qui
2967 2400 3065 2438 nos
3113 2399 3316 2451 amant,

1725 2471 1929 2530 quanto
1954 2467 2162 2534 aequius
2190 2485 2288 2524 nos
2320 2479 2372 2526 te
2398 2475 2732 2528 amabimus?
2761 2475 2823 2528 Et
2865 2476 2907 2530 si
2937 2487 3320 2547 exspectamus

1724 2563 1780 2606 et
1808 2554 2179 2613 desideramus
2211 2571 2268 2614 ut
2314 2562 2433 2630 quis
2468 2574 2787 2634 extorqueat
2838 2582 2864 2620 a
2916 2569 3072 2624 nobis
3119 2573 3314 2638 amari,

1728 2657 1906 2699 nonne
1940 2656 1993 2700 tu
2024 2663 2084 2702 es
2113 2648 2258 2706 Deus
2295 2668 2466 2720 meus,
2513 2656 2604 2724 qui
2656 2666 2762 2709 tam
2809 2660 3001 2713 crebro
3029 2660 3210 2730 pulsas
3265 2673 3319 2716 et

1727 2735 2004 2792 mendicas
2033 2739 2099 2794 ad
2147 2742 2349 2797 ostium
2385 2743 2628 2801 nostrum
2679 2748 2908 2804 dicens:
2962 2750 3172 2818 Prwbe,
3211 2755 3313 2822 ﬁli,

1724 2840 1816 2877 cor
1837 2837 1984 2881 tuum
2008 2829 2327 2901 mihi(Prov.
2350 2851 2505 2901 xxm,
2529 2835 2644 2908 26),
2669 2839 2777 2893 imo
2801 2848 2856 2894 et
2883 2857 3022 2912 smpe
3045 2844 3314 2912 repulsus,

1729 2924 1778 2970 te
1810 2918 2006 2974 iterum
2039 2925 2241 2992 ingeris
2272 2923 2630 2998 impudenter.
2667 2931 2722 2985 Si
2774 2947 2901 2988 vero
2928 2934 3130 3004 aliquid
3165 2939 3317 2992 volu-

1727 3022 1847 3062 tnus
1909 3011 2168 3082 diligere,
2241 3019 2368 3087 quia
2430 3019 2662 3087 bonum,
2727 3039 2826 3077 cur
2883 3041 2988 3079 non
3029 3028 3207 3096 potius
3264 3040 3315 3085 te

1729 3098 2050 3158 immensum
2082 3105 2304 3175 bonum,
2329 3111 2418 3180 qui
2444 3119 2614 3166 totum
2639 3125 2882 3170 nostrmn
2930 3119 3024 3173 tibi
3075 3122 3319 3178 vindicas

19 3213 142 3261 bere
169 3207 502 3271 cruciatum,
534 3221 599 3260 eo
639 3185 780 3277 quod
840 3224 946 3261 ηοη
1007 3216 1216 3262 tantum
1266 3210 1620 3290 humilia,ng
1649 3185 1690 3242 C
1728 3189 2001 3290 affectum,
2031 3207 2088 3251 ut
2125 3199 2422 3256 bonitatem
2449 3212 2592 3259 tuam
2630 3221 2876 3264 amemus
2917 3219 2971 3265 et
3001 3210 3314 3272 laudemus!

13 3306 72 3349 ut
106 3297 466 3363 deberemus,
513 3308 570 3353 et
618 3298 719 3353 hoc
765 3307 848 3352 est
896 3300 1220 3367 profundum
1242 3291 1445 3356 crucis.
1502 3300 1618 3356 Non

13 3396 224 3442 tantum
256 3404 509 3442 amamus
561 3397 615 3444 et
662 3389 967 3456 laudamus,
995 3400 1252 3459 quantum
1287 3391 1498 3445 bonitas
1527 3401 1615 3446 tua

15 3481 201 3551 exigit,
237 3491 301 3536 ct
329 3480 443 3536 haec
469 3490 551 3535 est
573 3480 897 3536 sublimitas.
925 3483 1042 3537 Non
1071 3498 1258 3538 sumus
1283 3494 1390 3537 tam
1431 3485 1615 3540 fideles

13 3582 68 3625 ut
88 3574 444 3639 deberemus,
474 3581 528 3628 et
555 3573 670 3628 haec
707 3583 790 3628 est
819 3574 1064 3629 latitudo.
1089 3574 1242 3640 Quod
1269 3591 1374 3630 non
1400 3591 1614 3647 semper

10 3667 428 3730 continuamus,
469 3680 570 3720 nec
593 3665 804 3720 laudem
859 3674 1006 3721 tuam
1036 3667 1253 3736 copiose
1281 3667 1614 3733 extollimus,

11 3771 112 3812 uec
138 3757 560 3812 abinﬁdelitate
610 3766 723 3812 toto
766 3756 886 3812 nisu
929 3758 1265 3824 desistimus;
1309 3768 1364 3813 et
1386 3759 1500 3813 haec
1534 3769 1621 3812 est

9 3849 320 3918 longitudo.
344 3850 424 3903 Ad
449 3849 775 3919 profundum
805 3844 1127 3906 humilitatis
1151 3851 1295 3921 cogit
1323 3867 1422 3906 nos
1447 3853 1622 3922 primo

11 3942 235 4010 propria
276 3942 554 4012 cognitio;
586 3942 719 3996 satis
751 3943 895 3996 enim
922 3951 1006 3996 est
1035 3942 1261 4007 homini,
1293 3945 1360 3998 ad
1403 3944 1622 3998 humili-

10 4038 206 4096 tatem,
251 4048 588 4105 cognoscere
616 4034 876 4105 seipsum,
905 4037 1140 4090 maxime
1172 4037 1215 4091 si
1272 4038 1623 4094 recordamur

13 4121 376 4193 iniquitatem
406 4136 710 4179 nostrarum
763 4127 1131 4198 antiquarum,
1187 4127 1311 4198 quia
1359 4128 1538 4199 inique
1567 4130 1620 4184 in

6 4226 322 4286 conspectu
366 4226 455 4271 tuo
478 4218 708 4287 egimus,
745 4220 886 4275 Deus
918 4234 1086 4282 meus,
1117 4220 1243 4289 quia
1302 4235 1484 4275 revera
1515 4232 1620 4275 tam

9 4307 195 4362 ﬁdelis
223 4307 384 4363 nobis
411 4324 470 4364 es
497 4311 638 4380 quod
666 4313 830 4366 etiam
855 4313 907 4366 in
940 4313 1176 4381 peccatis
1203 4313 1358 4367 nobis
1387 4314 1622 4369 existen-

12 4401 161 4455 tibus
195 4409 426 4470 pcccata
456 4401 746 4466 dimittere,
781 4412 837 4458 et
867 4404 1096 4474 gratiam
1130 4414 1276 4458 tuam
1310 4413 1417 4458 tam
1448 4406 1618 4459 abun-

11 4487 230 4554 danter,
272 4491 419 4545 sicut
462 4491 740 4556 vellemus,
776 4492 958 4563 largiri
1011 4509 1070 4549 es
1117 4504 1356 4564 paratus.
1407 4495 1618 4561 Quanto
1657 4531 1699 4586 υ

13 4579 228 4647 majora
281 4582 407 4651 quis
450 4581 517 4636 de
574 4589 626 4636 te
655 4581 962 4650 praesumit,
1017 4594 1170 4638 tanto
1197 4585 1367 4654 magis
1399 4601 1622 4641 necesse

14 4679 92 4720 est
125 4682 256 4722 eum
294 4669 594 4735 humiliari,
630 4672 753 4740 quia
788 4679 936 4726 tanto
963 4673 1189 4742 nequius
1210 4676 1320 4744 egit
1355 4684 1544 4729 contra
1569 4683 1622 4729 te

12 4761 320 4825 peccando,
357 4769 560 4828 quanto
600 4771 654 4814 tu
714 4763 929 4818 interim
971 4761 1170 4832 largius
1208 4765 1255 4818 ei
1303 4765 1624 4820 benefacere

12 4851 326 4920 cogitabas.
359 4851 513 4908 Unde
534 4851 888 4909 Bernartius:
935 4872 954 4907 α
990 4855 1203 4922 Quanto
1244 4855 1527 4925 benignius
1558 4857 1625 4910 de

14 4940 126 5008 illo,
163 4955 323 4998 tanto
380 4944 653 5015 indignius
697 4948 762 5000 de
808 4962 893 5002 me
925 4949 1127 5003 sentire
1157 4964 1341 5018 cogor.
1397 4969 1412 4999 ι
1461 4949 1623 5024 _ltcm,

13 5031 269 5090 defectus
299 5037 604 5105 quotidiani
637 5039 939 5104 humiliant,
971 5055 1038 5094 eo
1068 5041 1210 5111 quod
1238 5041 1311 5094 ita
1349 5041 1625 5096 instabiles

12 5123 67 5180 in
109 5127 276 5182 laude
313 5136 404 5183 tua
433 5144 640 5195 sumus,
674 5132 782 5186 imo
835 5147 1112 5202 nunquam
1151 5131 1203 5186 in
1245 5133 1432 5187 eodem
1482 5141 1623 5189 statu

12 5231 436 5286 permanemus.
488 5221 701 5289 Quanto
749 5232 806 5278 tu
870 5224 1111 5294 quotidie
1165 5224 1393 5295 pronior
1438 5240 1498 5280 es
1556 5225 1625 5279 ad

15 5308 452 5384 indulgendum,
521 5324 671 5370 tanto
734 5316 857 5386 plus
913 5318 1165 5373 humiliat
1223 5326 1413 5372 contra
1477 5325 1624 5372 tuam

15 5402 351 5476 delinquere
372 5407 688 5464 bonitatem.
717 5409 874 5475 ltem,
905 5411 1115 5481 pondus
1154 5411 1342 5481 gratia:
1376 5409 1624 5464 humiliat

16 5504 74 5550 et
127 5497 433 5568 deprimit,
485 5515 608 5557 cum
661 5503 1074 5558 consideramus
1117 5503 1261 5573 quod
1310 5518 1373 5556 ea
1417 5501 1622 5572 indigni

16 5601 232 5657 sumus,
261 5591 362 5660 qui
392 5592 566 5662 magis
593 5593 646 5646 in
676 5593 888 5648 inferno
912 5608 1031 5649 esse
1050 5607 1442 5648 merueramus.
1469 5591 1619 5655 Item,

18 5683 163 5750 quod
195 5692 255 5738 tu
287 5691 502 5739 tantum
558 5685 872 5741 humiliatus
913 5701 974 5742 es
1023 5701 1122 5758 pro
1173 5686 1348 5752 nobis,
1397 5684 1623 5740 Domine

16 5773 160 5832 Deus
192 5792 380 5834 meus.
436 5779 592 5844 Item,
638 5779 782 5850 quod
821 5779 874 5833 in
927 5791 1120 5834 natura
1168 5779 1468 5835 divinitatis
1520 5788 1623 5833 tua:

436 5897 708 5959 Ριτιιοι..
739 5892 960 5953 CLIX.

1728 3281 1784 3335 Si
1841 3299 1970 3340 vero
2017 3288 2220 3358 aliquid
2277 3291 2502 3364 dignum
2525 3297 2834 3366 judicamus
2889 3316 3075 3358 amore
3126 3317 3317 3361 nostro

1725 3371 1870 3462 quod
1899 3383 2046 3430 tanta
2090 3378 2278 3434 fecerit
2322 3399 2419 3452 pro
2461 3385 2648 3454 nobis,
2708 3403 2807 3442 cur
2858 3406 2962 3446 non
3007 3392 3317 3462 judicamus

1729 3459 1981 3517 similiter
2007 3466 2075 3520 de
2107 3478 2178 3533 te,
2214 3469 2305 3538 qui
2357 3480 2435 3526 tot
2484 3483 2536 3528 et
2587 3484 2734 3531 tanta
2789 3479 2964 3534 fecisti
2995 3459 3093 3551 pro
3122 3484 3314 3540 nobis?

1731 3549 1787 3604 Si
1821 3568 1950 3608 vero
1997 3558 2406 3617 consideramus
2458 3566 2740 3632 passiones
2795 3577 2942 3637 tuas,
2993 3549 3048 3626 tu
3077 3575 3315 3629 animam

1733 3649 1877 3697 tuam
1931 3661 2030 3716 pro
2085 3651 2238 3704 nobis
2294 3653 2667 3722 dignatissimc
2721 3661 2980 3729 posuisti,
3041 3676 3096 3714 ut
3145 3673 3313 3720 totam

1730 3734 1965 3791 animam
2005 3750 2245 3797 nostram
2272 3747 2602 3813 possideres.
2634 3749 2844 3805 Infinita
2887 3762 3031 3819 sunt,
3068 3757 3313 3821 Domine,

1728 3840 1848 3894 qua:
1899 3844 1995 3885 nos
2045 3842 2097 3885 te
2143 3848 2329 3890 amare
2379 3838 2740 3906 compellunt,
2792 3843 2917 3912 quia
2961 3846 3141 3900 omnia
3195 3865 3315 3918 qua:

1726 3923 1946 3985 creasti,
2002 3933 2148 3979 tuam
2204 3929 2502 3995 prtedicant
2543 3930 2861 3994 bonitatem,
2912 3950 3074 4004 quam
3117 3939 3207 4008 qui
3261 3955 3313 3992 tn

1726 4014 1976 4070 omnibus
2007 4033 2112 4071 non
2143 4019 2468 4090 intelligunt,
2499 4038 2604 4076 non
2639 4024 2760 4084 tibi,
2789 4026 2881 4078 sed
2911 4041 3022 4081 sua:
3047 4029 3317 4098 imputent

1726 4107 1980 4158 excitati.
2012 4105 2118 4161 Sed
2146 4109 2273 4177 quia
2307 4127 2326 4159 ‹
2375 4111 2622 4179 probatio
2665 4111 3006 4180 dilectionis,
3051 4119 3314 4175 exlubitio

1726 4201 1808 4247 est
1839 4199 2021 4264 operis
2043 4199 2356 4272 (Gascon.),
2394 4222 2412 4253 ι
2451 4218 2674 4258 necesse
2725 4205 2885 4260 habet
2929 4209 3106 4263 anima
3151 4212 3230 4266 sic.
3257 4213 3326 4268 se"

1726 4287 2069 4344 conformare
2091 4292 2158 4346 ad
2187 4291 2533 4350 dilectionem
2581 4306 2750 4362 tuam,
2793 4310 2848 4354 ut
2879 4301 3020 4356 sicut
3057 4313 3108 4360 te
3149 4305 3315 4363 habes

1727 4379 1794 4432 ad
1830 4395 1975 4444 eam,
2007 4381 2088 4438 sic
2117 4399 2330 4454 semper
2345 4403 2404 4442 se
2431 4389 2496 4442 ad
2529 4398 2580 4444 te
2603 4390 2804 4447 habere
2828 4393 3052 4448 nitatur.
3080 4395 3313 4454 Maxime

1729 4482 1907 4527 autem
1941 4473 1992 4527 in
2028 4474 2164 4531 istis.
2207 4477 2410 4546 Primo,
2452 4481 2595 4535 sicut
2627 4491 2680 4536 tu
2708 4498 2858 4540 amas
2905 4499 3134 4558 semper,
3169 4491 3237 4544 ita
3261 4499 3316 4546 et

1727 4562 1840 4632 ipsa
1869 4580 2085 4637 semper
2111 4579 2279 4634 amet,
2311 4581 2365 4626 et
2397 4573 2499 4627 hoc
2527 4578 2815 4631 ostendere
2863 4579 2958 4633 tibi
3003 4582 3225 4645 nitatur,
3254 4591 3313 4636 ut

1725 4672 1941 4712 omnem
1971 4659 2222 4715 affectum
2254 4678 2410 4717 suum
2445 4674 2548 4720 tute
2597 4679 2972 4739 contempcret
3023 4675 3309 4728 voluntati.

1727 4747 1865 4803 Sunt
1889 4760 2066 4806 autem
2097 4763 2333 4822 quatuor
2362 4753 2698 4823 affectiones,
2725 4761 2792 4814 ad
2818 4777 2952 4830 quas
2983 4764 3100 4820 alia:
3127 4767 3310 4822 reduci

1725 4854 1978 4910 possunt,
2023 4845 2228 4902 scilicet
2276 4852 2564 4919 gaudium,
2608 4853 2793 4922 dolor,
2846 4871 2970 4926 spes
3017 4866 3073 4912 et
3126 4858 3307 4914 timor.

1727 4932 1923 4990 Prima:
1949 4937 2068 4992 diue
2087 4948 2213 4994 sunt
2245 4942 2391 4997 circa
2441 4947 2750 5014 praesentia,
2796 4948 2880 5001 vel
2928 4951 3223 5018 praeterita,
3256 4963 3310 5006 ct

1724 5027 1843 5081 aliae
1870 5028 1990 5083 diue
2019 5043 2145 5086 sunt
2171 5033 2316 5089 circa
2346 5034 2547 5095 futura.
2613 5037 2706 5094 Sic
2746 5040 2909 5110 igitur
2959 5041 3051 5096 tibi
3105 5044 3312 5098 confir-

1728 5137 1876 5178 mare
1921 5135 2138 5181 nostras
2194 5127 2506 5186 affectiones
2537 5133 2819 5200 debemus,
2862 5143 2919 5188 ut
2952 5136 3019 5190 de
3058 5139 3310 5195 omnibus

1726 5227 1846 5283 quae
1896 5215 1992 5269 tibi
2053 5219 2280 5274 adversa
2329 5232 2457 5278 sunt
2489 5225 2772 5279 timeamus
2817 5235 2870 5280 et
2919 5227 3312 5295 doleamus;et

1724 5319 1846 5375 quae
1895 5306 1989 5360 tibi
2031 5308 2280 5378 honesta,
2333 5313 2514 5368 dehis
2543 5328 2822 5383 speremus
2851 5325 2905 5373 et
2950 5321 3305 5390 gaudeamus,

1724 5416 1916 5457 omnes
1946 5403 2080 5458 alias
2104 5403 2418 5461 affectiones
2440 5407 2508 5462 de
2531 5408 2786 5464 cordibus
2813 5412 3018 5467 nostris
3067 5412 3310 5483 effugan-

1727 5503 1828 5550 tes.
1862 5494 2096 5562 “Quanta
2153 5497 2357 5552 utilitas
2405 5498 2458 5552 iu
2508 5500 2612 5554 hoc
2671 5509 2813 5556 esset
2859 5503 3004 5571 quod
3046 5503 3212 5558 falsas
3251 5512 3308 5558 et

1727 5587 1943 5644 inutiles
1974 5588 2286 5644 affectiones
2330 5589 2658 5648 vitaremus?
2705 5593 2903 5664 Utique
2951 5595 2996 5649 si
3047 5596 3210 5650 homo
3248 5610 3307 5650 se

1726 5696 1853 5737 vere
1888 5683 2182 5736 secundum
2219 5682 2315 5737 has
2345 5693 2575 5757 quatuor
2603 5683 2918 5740 affectiones
2941 5668 3312 5746 examinaret,

1725 5772 1940 5840 quando
1995 5771 2204 5841 aliquos
2259 5785 2434 5831 motus
2482 5777 2728 5840 sentiret,
2777 5777 3046 5845 quomodo
3095 5786 3150 5828 tu
3178 5761 3316 5829 cum'

2948 5887 3020 5945 10
