3898 6318
671 295 778 350 199

1705 289 2048 348 ADOPERA
2083 287 2140 344 S.
2181 285 2486 372 ANSELMI
2527 283 2894 342 APPENDIX.
3753 295 3791 348 δέ

669 406 947 476 eriperes?
993 404 1238 471 Domine,
1301 407 1450 464 solus
1495 403 1656 460 nosti.
1691 401 1748 458 Si
1793 401 1940 458 enim
1985 403 2246 472 originem
2279 407 2323 462 Α
2353 403 2543 456 devote
2569 401 2662 454 vel
2703 401 2768 454 ad
2797 401 2976 454 minus
3001 400 3223 465 seriose,
3251 409 3305 454 ιιι
3333 415 3464 457 cum
3497 401 3621 458 bene
3645 403 3792 462 videam

671 505 912 552 motuum
945 507 1250 552 nostrorum
1296 497 1583 567 diligenter
1609 496 2018 550 advertercmus
2039 533 2054 556 ,
2106 507 2248 560 stupe

671 585 1038 642 inveniremus
1062 601 1182 641 esse
1207 586 1345 653 vitii,
1367 585 1510 656 quod
1537 585 1846 654 putavimus
1865 596 1986 638 esse
2009 582 2246 646 virtutis,

669 686 724 733 ct
767 691 910 747 saepe
939 677 1028 732 illo
1078 677 1401 748 impellimur
1443 692 1552 746 quo
1603 675 1876 730 credimus
1917 673 2244 745 promoveri.

669 771 940 837 Secundo,
985 770 1126 826 sicut
1179 784 1398 842 sempor
1443 769 1614 824 habes
1659 783 1760 822 nos
1783 783 1890 837 prte
1918 767 2090 821 oculis
2122 770 2244 828 tuis,

665 863 738 916 ita
767 862 931 916 etiam
980 870 1032 917 te
1075 877 1292 932 semper
1319 863 1582 918 debemus
1619 860 1862 931 cogitare
1898 870 2244 930 praesentem.

662 952 778 1008 iloc
819 951 964 1021 cogit
1009 966 1108 1007 nos
1145 951 1217 1006 ab
1262 952 1514 1006 omnibus
1557 949 1976 1020 cogitationibus
2021 952 2244 1014 nostris,

661 1043 874 1105 verbis.
929 1041 1088 1098 factis
1149 1052 1206 1098 et
1266 1044 1510 1098 moribus
1557 1057 1677 1098 esse
1731 1044 1829 1098 sub
1877 1041 2247 1098 moderamine

659 1133 982 1202 disciplinae,
1021 1134 1276 1203 quoniam
1307 1147 1410 1188 non
1461 1133 1684 1188 auderet
1719 1147 1914 1202 sponsa
1959 1133 2245 1188 inhoneste

661 1237 722 1278 se
766 1224 970 1278 habere
1013 1238 1212 1292 sponso
1259 1239 1358 1279 suo
1417 1234 1699 1294 praesente,
1755 1224 1862 1278 imo
1911 1224 1962 1278 in
1992 1223 2244 1278 omnibus

661 1314 970 1368 intenderet
1004 1314 1104 1370 sibi
1133 1313 1368 1384 placere,
1397 1323 1453 1368 et
1471 1329 1718 1383 quaerere
1746 1314 1816 1368 ab
1853 1328 1918 1368 eo
1954 1313 2240 1368 consilium

663 1411 722 1458 et
747 1403 1028 1467 auxilium,
1053 1411 1112 1471 ut
1155 1403 1208 1458 in
1257 1404 1510 1458 omnibus
1538 1405 1833 1458 secundum
1869 1419 2022 1458 suam
2059 1411 2244 1474 posset

664 1509 827 1567 agere
856 1492 1208 1550 voluntatem.
1241 1494 1372 1550 Cum
1395 1505 1576 1550 autem
1630 1495 1684 1550 in
1716 1497 1970 1551 omnibus
2012 1496 2108 1551 tibi
2133 1496 2244 1566 pla-

663 1599 790 1642 cere
839 1584 1196 1658 intendimus,
1261 1600 1475 1656 semper
1546 1600 1794 1642 securam
1856 1586 2241 1641 conscientiam

662 1677 1004 1746 habebimus,
1031 1678 1242 1734 etiamsi
1273 1693 1332 1733 se
1361 1677 1565 1748 aliquid
1587 1677 1768 1733 minus
1807 1677 1937 1732 utile
1968 1687 2165 1746 praeter
2191 1688 2241 1732 te

2355 491 2482 560 quid
2535 491 2825 560 petendum
2870 491 2944 546 sit
2997 506 3027 544 a
3077 499 3147 568 te,
3201 491 3414 547 intente
3458 491 3524 546 de
3555 494 3692 550 corde
3712 511 3792 552 nos-1

2349 593 2623 652 petamus,
2651 597 2756 638 non
2789 582 3001 648 alienis,
3046 583 3140 638 sed
3165 585 3403 654 propriis
3433 584 3606 642 verbis
3621 589 3745 642 cordis
3764 597 3791 640 ιςέ

2349 673 2486 738 oris,
2532 673 2658 742 quia
2711 657 2942 746 utraque
2999 690 3153 744 aeque
3205 674 3472 746 intelligis
3535 685 3586 732 et
3633 679 3787 732 austris.

2349 761 2658 826 llumiliter,
2693 773 2751 816 ut
2783 778 2888 818 non
2915 765 2983 818 de
3002 774 3190 819 nostro
3221 765 3448 830 merito,
3473 767 3564 820 sed
3608 777 3751 822 tantum
3773 787 3792 822 ιι

2349 863 2436 906 tua
2463 853 2637 924 gratia
2661 852 3015 934 conﬁdamus.
3043 853 3300 921 Quamvis
3325 856 3478 910 enim
3517 866 3704 924 peccata
3732 859 3792 910 die.

2345 943 2506 1009 seris,
2555 955 2610 998 et
2653 945 2979 1014 quandoque
3030 944 3234 1012 aliquid
3285 945 3382 1000 tibi
3423 945 3786 1001 servircconctsee

2345 1051 2563 1106 semper
2599 1045 2776 1092 tamen
2809 1037 2942 1092 tales
2965 1051 3062 1091 nos
3097 1047 3353 1108 reputare
3419 1039 3678 1104 debemus,
3715 1055 3792 1108 qm

2346 1130 2596 1200 nosipsos
2649 1131 2926 1198 peccando
2966 1131 3217 1198 fecimus,
3269 1131 3363 1202 qui
3413 1131 3548 1186 nihil
3601 1134 3784 1186 nisiniti:

2345 1237 2438 1290 per
2485 1237 2584 1276 nos
2633 1220 2812 1276 facere
2859 1237 3166 1290 possumus.
3194 1221 3490 1288 Fideliter,
3521 1234 3576 1278 ut
3603 1223 3648 1278 iu
3675 1229 3791 1276 orata--

2353 1311 2645 1366 oll'cramus
2669 1329 2769 1368 nos
2794 1313 2860 1366 ad
2887 1313 3186 1370 carentium
3229 1315 3416 1370 omnis
3437 1315 3612 1386 gaudii
3631 1327 3672 1368 et
3699 1318 3788 1385 patie-

2349 1403 2478 1458 tiam
2506 1405 2684 1459 omnis
2713 1421 2886 1476 pinnae
2916 1422 3037 1478 qua:
3063 1407 3130 1462 ad
3157 1406 3459 1482 utilitatem
3483 1421 3693 1464 nostram
3709 1410 3791 1463 cuba

2345 1494 2520 1548 valeat
2541 1510 2640 1564 per
2668 1506 2820 1550 tuum
2849 1497 3202 1566 adjutorium,
3243 1514 3303 1554 ut
3333 1501 3400 1554 in
3427 1501 3722 1556 exauditione

2343 1583 2478 1638 derii
2508 1585 2675 1640 nostri
2703 1587 2847 1640 actio
2869 1596 3014 1642 tuam
3039 1587 3252 1644 laudem
3275 1590 3522 1646 attollat.
3539 1591 3650 1655 Sed,
3669 1591 3786 1644 Deae.

2346 1677 2598 1732 merebor
2619 1677 2698 1734 sic
2720 1676 2998 1734 offerendo
3044 1695 3130 1734 me
3172 1681 3290 1750 tibi,
3317 1697 3450 1738 cum
3483 1691 3784 1746 tamen,ut

659 1771 944 1826 intentioni
969 1780 1168 1828 nostra:
1189 1769 1477 1840 ingesserit
1499 1769 1823 1826 incidenter.
1854 1771 2060 1833 Tertio,
2097 1771 2240 1826 sicut
2273 1752 2312 1810 Β
2343 1776 2486 1834 tuus,
2525 1771 2591 1826 ad
2619 1771 2720 1825 hoc
2744 1779 2939 1838 teneat,
2971 1773 3134 1834 etiam
3161 1773 3206 1830 si
3243 1759 3530 1845 nunquam
3568 1775 3780 1828 voiucrisv

657 1877 872 1932 semper
901 1871 962 1916 et
984 1862 1238 1917 continue
1263 1861 1435 1916 servis
1459 1863 1636 1928 nobis,
1661 1861 1842 1928 omnia
1876 1877 2038 1932 opera
2057 1871 2238 1916 nostra

643 1951 932 2022 .operando
959 1949 1041 2006 vel
1073 1949 1410 2014 sustinendo,
1441 1965 1512 2004 ne
1533 1965 1653 2004 esse
1682 1949 2013 2014 desinamus,
2043 1950 2122 2004 vel
2143 1965 2241 2020 per

655 2042 812 2102 alios.
845 2041 930 2096 vel
961 2055 1283 2112 quocunque
1329 2039 1507 2104 modo,
1558 2049 1634 2093 tta
1667 2055 1946 2110 nunquam
1973 2039 2237 2110 particula

653 2134 762 2188 dici
788 2133 944 2188 bonae
973 2131 1134 2192 debet
1177 2145 1274 2186 nos
1319 2131 1598 2200 praeterire
1633 2130 1762 2200 quin
1814 2131 1868 2184 in
1899 2139 1990 2185 tuo
2019 2131 2240 2186 servitio

653 2225 1044 2296 expendamus.
1071 2222 1298 2290 Quarto,
1362 2223 1506 2278 sicut
1551 2238 1768 2292 semper
1807 2225 1972 2276 tueris
2020 2239 2140 2288 nos,
2186 2234 2239 2279 et

654 2317 899 2382 custodis
934 2330 1034 2370 nos
1061 2315 1128 2370 ab
1155 2313 1407 2368 omnibus
1435 2313 1612 2378 malis,
1655 2315 1767 2369 sive
1792 2329 1889 2383 per
1912 2327 1986 2380 te,
2011 2314 2124 2368 sive
2145 2331 2240 2386 per

651 2420 800 2470 tuos,
827 2409 902 2461 ita
930 2406 1213 2478 diligenter
1234 2404 1492 2460 debemus
1515 2419 1610 2459 nos
1639 2404 1958 2460 abstrahere
1973 2406 2040 2459 ab
2067 2406 2238 2460 omni-

631 2501 758 2555 bus
782 2515 902 2569 quae
915 2515 1011 2554 nos
1033 2509 1250 2566 possent
1279 2499 1332 2552 in
1358 2507 1448 2552 tuo
1469 2497 1692 2552 servitio
1713 2497 1995 2564 impedire.
2018 2495 2234 2563 Quinto,

657 2593 802 2648 sicut
859 2591 1077 2662 largitas
1127 2601 1214 2646 tua
1263 2605 1537 2660 nunquam
1589 2589 1824 2644 lassatur
1849 2589 1898 2644 in
1925 2588 2120 2654 dando,
2165 2591 2236 2644 ita

656 2700 936 2752 nunquam
984 2683 1242 2738 debemus
1294 2681 1596 2740 voluntarie
1640 2681 1872 2735 deficere
1921 2681 1972 2735 in
2007 2681 2233 2736 orando.

654 2777 846 2840 Sexto,
879 2773 1022 2830 sicut
1061 2788 1274 2843 semper
1301 2788 1361 2827 es
1395 2772 1660 2844 benignus
1715 2771 1768 2826 in
1803 2770 2117 2838 relaxando,
2163 2773 2234 2826 ita

652 2881 926 2938 nunquam
957 2866 1218 2920 debemus
1263 2863 1566 2921 defectibus
1618 2862 1820 2918 nostris
1868 2865 2058 2917 terreri
2104 2857 2260 2933 quin

650 2960 833 3014 statim
883 2967 1023 3028 .Post
1074 2957 1284 3030 culpam
1335 2957 1548 3010 veniam
1598 2954 1953 3024 postnlemus.
2009 2951 2236 3019 Quando

648 3051 794 3104 cnim
845 3063 942 3104 cor
977 3049 1210 3102 hominis
1243 3055 1328 3102 est
1373 3047 1686 3110 distortum,
1731 3056 1786 3100 et
1819 3061 1849 3098 a
1898 3055 1950 3102 te
1977 3045 2232 3116 quodam-

651 3143 810 3198 modo
831 3141 1086 3203 alienum,
1123 3138 1293 3194 multo
1321 3147 1403 3193 est
1427 3137 1649 3208 pronius
1677 3138 1742 3192 ad
1775 3137 2021 3192 levitates
2069 3147 2122 3192 et
2167 3139 2234 3192 ad

651 3233 976 3302 quaircndas
1054 3227 1296 3286 exterius
1377 3229 1542 3284 falsas
1611 3228 2008 3284 consolationes
2072 3245 2233 3298 quam

650 3326 816 3382 fuerit
859 3326 986 3380 dum
1018 3321 1159 3394 apud
1207 3332 1259 3377 te
1300 3331 1461 3380 esset.
1495 3320 1644 3380 Unde
1673 3338 1777 3378 non
1821 3332 1907 3378 est
1936 3321 2232 3386 tiiﬂ'et‘enda

651 3417 942 3488 acquisitio
969 3414 1162 3479 venite,
1218 3429 1286 3469 ne
1326 3415 1630 3470 diuturnior
1680 3430 1932 3474 recessus
1966 3413 2234 3468 difﬁciliu—

650 3523 768 3566 rcm
793 3507 1026 3564 reditum
1055 3511 1328 3574 operetur.
1382 3504 1588 3559 Taliter
1636 3519 1736 3559 nos
1763 3503 2022 3560 debemus
2068 3505 2133 3558 ad
2183 3513 2234 3558 te

651 3601 876 3666 habere,
921 3609 976 3656 et
1027 3615 1241 3671 semper
1283 3597 1514 3654 cruciari
1565 3597 1708 3666 quod
1759 3605 1812 3653 te
1868 3605 2072 3652 tantum
2127 3613 2230 3651 non

649 3705 899 3746 amamus
939 3699 997 3745 ut
1024 3690 1302 3745 debemus.
1352 3685 1635 3755 Quomodo
1681 3695 1864 3742 autem
1915 3695 1968 3742 te
2013 3685 2231 3741 laudare

649 3783 965 3845 debeamus,
993 3780 1135 3836 etde
1164 3779 1363 3850 quibus
1385 3777 1589 3848 gratias
1624 3791 1786 3847 agere
1811 3776 2122 3840 debeamus,
2149 3785 2232 3830 cst

644 3879 700 3928 tn
729 3871 994 3944 principio
1022 3883 1186 3941 supra
1215 3869 1437 3925 dictum.
1483 3867 1559 3920 Da
1605 3865 1783 3932 nobis,
1826 3865 2071 3929 Domine,
2122 3875 2231 3919 toto

647 3964 916 4024 desiderio
943 3965 1010 4018 ad
1035 3963 1326 4018 amandum
1355 3969 1410 4016 et
1433 3959 1763 4016 laudandum
1799 3968 1851 4015 te
1876 3959 2138 4030 aspirare,
2178 3969 2232 4013 et

647 4073 745 4128 pro
775 4072 840 4112 eo
871 4057 1013 4126 quod
1044 4055 1206 4126 digne
1242 4045 1348 4110 non
1377 4065 1685 4124 possumus,
1735 4050 1994 4117 cruciari,
2035 4060 2090 4106 et
2131 4051 2230 4106 hoc

642 4151 804 4210 nobis
836 4148 1089 4208 tollendae
1135 4147 1312 4204 crucis
1369 4147 1440 4201 sit
1493 4145 1741 4200 altitudo.
1775 4143 2026 4199 Latitndo
2047 4152 2227 4199 autem

645 4241 832 4296 crucis
873 4249 957 4296 est
1003 4237 1236 4298 ﬁdelitas
1295 4254 1512 4308 semper
1573 4238 1828 4308 spiritum
1879 4237 2136 4314 crucians.
2175 4245 2230 4291 et

645 4331 906 4398 dilatans,
937 4338 1232 4383 utomnem
1257 4329 1528 4384 hominem
1559 4329 1813 4399 subjiciat
1855 4339 1958 4384 tuae
1981 4327 2122 4383 laudi
2165 4343 2228 4382 ac

2341 1861 2620 1916 exaudire.
2651 1861 3092 1927 Perseveranter,
3123 1875 3180 1919 ut
3210 1881 3496 1936 nunquam
3543 1881 3712 1922 cessare
3737 1881 3782 1933 te

2341 1965 2606 2020 ponamus
2635 1968 2664 2004 a
2695 1952 2967 2012 desiderio
2995 1955 3236 2010 omnium
3264 1971 3392 2026 qua:
3437 1957 3534 2013 tibi
3585 1967 3686 2011 sunt
3707 1955 3783 2006 isti}

2341 2043 2468 2098 bilia
2493 2053 2549 2098 et
2571 2045 2816 2100 honesta.
2845 2045 2901 2102 Si
2934 2061 3040 2116 qua
3065 2063 3194 2103 vero
3223 2049 3276 2103 in
3305 2051 3473 2106 nobis
3513 2050 3592 2106 vel
3625 2050 3668 2105 in
3697 2061 3782 2103 nostr:

2341 2140 2718 2206 supervenerit
2749 2141 3063 2210 necessitas,
3119 2145 3375 2212 quamvis
3435 2161 3535 2215 pro
3580 2145 3662 2200 hac
3687 2156 3780 2206 seu?

2341 2243 2460 2284 cum
2490 2230 2788 2288 intentione
2817 2248 2922 2288 non
2973 2249 3261 2304 possumus
3290 2253 3482 2303 orare,
3515 2245 3665 2291 tamen
3685 2233 3779 2300 alita-

2342 2322 2461 2388 ties,
2491 2337 2612 2376 cum
2639 2323 2783 2378 omni
2815 2323 3073 2380 ﬁdelitate
3091 2341 3196 2394 qua
3223 2342 3541 2396 possumus,
3577 2341 3656 2396 pro
3680 2335 3780 2376 eam

2340 2412 2604 2479 bimus,et
2627 2414 2879 2484 deinceps
2893 2415 3160 2471 voluntati
3190 2426 3294 2470 tuae
3325 2426 3573 2472 nostrum
3598 2410 3778 2470 desideria

2339 2503 2760 2566 committemus,
2791 2518 3006 2575 semper
3031 2505 3260 2573 primam
3288 2505 3620 2568 ﬁdelitatem,
3641 2513 3680 2556 et
3702 2499 3774 2552 sire:

2341 2596 2392 2648 in
2422 2605 2565 2659 actu,
2625 2597 2804 2649 tanien
2871 2595 2923 2650 iu
2979 2595 3164 2651 habitu
3214 2599 3533 2653 retinentes.
3564 2591 3776 2651 Conﬁdens.

2339 2695 2397 2740 ut
2433 2686 2766 2756 postulemus
2795 2687 2848 2742 in
2882 2687 2988 2743 ﬁne
3032 2687 3166 2744 nihil
3213 2687 3549 2744 haesutantes.
3575 2687 3679 2742 Sunt
3701 2691 3776 2734 auiti

2339 2787 2543 2848 septem
2568 2793 2745 2833 causa!
2774 2794 2893 2848 qua:
2906 2783 3106 2852 Cogunt
3133 2785 3229 2835 nos
3247 2789 3354 2834 tua:
3382 2781 3639 2836 conlidere
3651 2767 3776 2830 Ιιοιιῑιέέὶ

2337 2872 2539 2934 Prima,
2583 2872 2707 2940 quia
2741 2867 2945 2939 justum
2977 2886 3138 2926 omne
3184 2871 3519 2927 desiderium
3550 2879 3598 2924 tu
3619 2867 3776 2925 das.th

2337 2961 2466 3032 quid
2520 2960 2699 3027 dares,
2756 2961 2856 3016 nisi
2899 2961 3064 3016 etiam
3113 2960 3278 3016 velles
3331 2947 3791 3024 exaudirewcczm-it.‘

2337 3053 2462 3123 quia
2492 3067 2598 3106 non
2625 3051 2689 3106 ad
2709 3061 2948 3106 nostram
2981 3052 3288 3118 utilitatem,
3313 3053 3414 3108 sed
3447 3051 3511 3106 ad
3535 3039 3774 3114 tuamglor'nn

2337 3143 2585 3199 volumus
2627 3144 2895 3200 exaudiri.
2953 3141 3156 3208 Tertia,
3208 3145 3334 3214 quia
3403 3143 3616 3212 majora,
3651 3139 3791 3226 qnxl’l‘

2338 3235 2494 3291 nobis
2537 3235 2745 3304 fecisd,
2798 3235 3042 3291 animant
3072 3251 3170 3291 nos
3202 3245 3260 3292 ut
3307 3239 3478 3293 etiam
3518 3235 3578 3289 de
3614 3223 3774 3285 minionis-5

2335 3323 2692 3380 conﬁdamus.
2725 3325 2918 3382 Omnia
2948 3326 3093 3381 enim
3130 3341 3249 3397 qua:
3279 3337 3472 3396 petere
3505 3323 3775 3396 possumus

2341 3413 2550 3468 minora
2597 3423 2724 3470 sunt
2771 3430 2935 3486 quam
2986 3415 3128 3486 quod
3172 3413 3465 3486 dignanter
3513 3427 3599 3486 pro
3639 3402 3774 3462 υοῦίεδ

2337 3505 2650 3562 incarnatus
2700 3516 2754 3562 et
2791 3521 3003 3577 passus.
3042 3505 3268 3576 Quarta,
3301 3509 3432 3578 quia
3493 3515 3589 3560 tam
3629 3493 3774 3553 laciletri

2335 3599 2476 3667 apud
2530 3607 2581 3654 te
2639 3599 2690 3654 in
2743 3599 3014 3666 maximis,
3045 3613 3208 3670 quam
3257 3600 3312 3655 in
3353 3597 3585 3656 minimis
3625 3583 3772 3676 exaudiri-

2334 3693 2556 3760 Quinta,
2587 3693 2711 3762 quia
2751 3707 2851 3748 nos
2878 3691 2944 3748 ad
2977 3692 3080 3748 huc
3116 3705 3381 3764 provocat
3407 3683 3514 3750 tute
3552 3681 3774 3766 consident!

2333 3782 2610 3838 bonitatis.
2649 3782 2840 3851 Sexta,
2881 3783 3008 3853 quia
3045 3785 3467 3841 intercessorem
3511 3792 3576 3844 te,
3598 3765 3773 3856 JesuChrE‘

2333 3879 2448 3937 ste,
2499 3871 2785 3938 habemus,
2843 3879 2899 3928 et
2959 3887 3149 3929 omnes
3195 3883 3437 3931 sanctos.
3487 3863 3774 3962 Septimihlif41

2335 3960 2599 4015 inﬁnitam
2632 3961 2698 4016 ad
2740 3977 2840 4018 nos
2887 3962 3055 4019 habes
3081 3964 3403 4020 bonitatem.
3445 3963 3500 4020 Si
3535 3955 3772 4041 animm-it"3

2333 4052 2551 4108 dilectio
2577 4067 2740 4123 quam
2763 4053 2830 4108 ad
2862 4061 2914 4110 te
2943 4055 3207 4112 habemus
3236 4055 3302 4114 ad
3330 4055 3438 4112 hoc
3467 4067 3557 4110 nos
3578 4045 3697 4116 ροεῑι,
3715 4043 3772 4088 uel

2331 4143 2582 4198 omnibus
2612 4153 2718 4200 tua:
2745 4143 3008 4200 voluntati
3039 4145 3271 4201 libenter
3289 4160 3482 4218 parcre
3508 4139 3705 4199 velimus.
3734 4129 3774 4173 (ἓν

2332 4236 2473 4290 idem
2511 4235 2578 4290 de
2606 4235 2969 4292 inaestimabili
3002 4236 3294 4292 dilectione
3349 4246 3444 4291 tua
3481 4247 3575 4290 non
3603 4221 3772 4298 praesumi

2333 4325 2549 4382 remus?
2587 4324 2840 4396 Alioquin
2873 4325 3143 4382 ﬁdeliores
3173 4325 3434 4382 vellemus
3463 4311 3771 4396 apparel‘e‘lW.l

645 4419 919 4490 servituti.
971 4417 1086 4472 liae
1131 4416 1366 4472 maxime
1405 4416 1534 4471 facit
1579 4417 1850 4471 hominem
1902 4417 1955 4470 in
1986 4416 2228 4470 oratione
2263 4432 2306 4486 ι)
2335 4425 2410 4481 ιιι,
2442 4416 2488 4471 si
2522 4415 2655 4471 tales
2693 4431 2792 4486 nos
2823 4415 2918 4472 tibi
2964 4417 3370 4482 exhiberemus,
3427 4414 3617 4488 qualem
3641 4413 3678 4458 ιε
3701 4391 3772 4449 “ob”

645 4523 992 4570 communem
1048 4521 1252 4577 cogens
1292 4515 1348 4560 ut
1402 4506 1660 4583 quidquid
1701 4506 1802 4561 sibi
1837 4505 1917 4560 vel
1964 4506 2232 4574 aliquibus

645 4602 955 4676 specialiter
981 4601 1094 4660 suis
1119 4599 1410 4663 desiderat,
1440 4599 1564 4678 quia
1585 4613 1679 4652 eos
1721 4599 1946 4653 humiles
1974 4599 2228 4669 quodam-

643 4695 806 4752 modo
838 4692 1005 4754 videt.
1049 4688 1181 4744 nihil
1230 4697 1408 4744 tamen
1461 4689 1761 4754 hominum,
1807 4687 1900 4743 sed
1945 4697 2110 4743 totum
2164 4689 2230 4742 ad

643 4783 862 4842 laudem
896 4791 1000 4837 tua:
1025 4779 1292 4836 desideret
1320 4779 1599 4834 bonitatis.
1642 4777 1795 4834 Unde
1842 4795 1966 4834 cum
2001 4778 2227 4836 ﬁdelitas

642 4873 888 4933 maxime
929 4873 982 4927 in
1041 4870 1290 4926 oratione
1342 4871 1620 4932 consistat,
1654 4871 2103 4924 considerandum
2145 4881 2228 4925 est

645 4963 880 5032 qualiter
907 4960 1103 5015 debeat
1145 4972 1306 5012 orare
1351 4957 1442 5026 qui
1479 4956 1712 5016 voluerit
1765 4957 2028 5011 exattdiri.
2063 4957 2228 5014 Debet

645 5055 792 5112 enim
819 5066 978 5106 orare
1005 5049 1300 5118 sapienter,
1331 5049 1606 5112 ardenter,
1642 5047 1935 5112 humiliter,
1974 5047 2222 5116 fideliter,

648 5151 1064 5216 perseveranter
1110 5148 1168 5194 et
1211 5138 1571 5194 conﬁdenter.
1620 5137 1948 5208 Sapienter,
2001 5147 2060 5194 ut
2106 5149 2226 5196 oret

627 5253 770 5309 ,ηιιιιι
825 5247 928 5290 tute
981 5232 1126 5287 laudi
1176 5241 1304 5287 sunt
1364 5231 1701 5302 expedientia
1749 5243 1804 5287 et
1853 5233 2221 5304 proximorum

633 5331 833 5396 ,s‘aluti.
891 5329 948 5386 Si
994 5342 1128 5383 vero
1194 5327 1249 5382 in
1319 5327 1638 5397 quibusdam
1684 5328 1994 5383 dubitamus
2042 5333 2221 5380 utrum

643 5422 970 5494 expediant,
1030 5419 1172 5474 sicut
1218 5417 1364 5475 salus
1417 5419 1692 5488 corporis,
1746 5427 1800 5472 et
1861 5417 2059 5472 similia
2099 5432 2224 5487 quae

648 5513 973 5584 quandoque
1013 5524 1244 5576 nocere,
1285 5509 1612 5580 quandoque
1657 5510 1914 5580 prodesse
1959 5517 2220 5578 possunt,

647 5620 751 5676 pro
777 5603 863 5660 bis
890 5611 1103 5674 semper
1125 5599 1226 5656 sub
1249 5599 1560 5658 conditione
1590 5611 1674 5656 est
1699 5601 1990 5665 orandum,
2014 5599 2220 5656 scilicet

637 5698 698 5764 1i
729 5697 824 5754 tibi
865 5696 936 5753 sit
969 5695 1226 5770 placitum
1260 5701 1314 5752 et
1337 5693 1643 5752 honestum.
1676 5691 1963 5760 Ardentcr,
2016 5691 2222 5754 scilicet

2335 4521 2628 4562 cconverso
2655 4521 2761 4562 non
2789 4507 3318 4574 erederemus'l-Sic,
3347 4507 3580 4568 Domine,
3599 4490 3770 4576 οπώῖθῗξ·

2332 4609 2385 4654 et
2425 4611 2647 4671 propter
2695 4601 2798 4656 hoc
2844 4599 2899 4655 in
2961 4601 3208 4656 oratione
3256 4597 3616 4658 conﬁdentiam
3653 4571 3770 4671 trabeis

2331 4665 2482 4757 mus;
2527 4665 2880 4747 nihilominus
2927 4699 3106 4747 tamen
3161 4693 3551 4753 crdciabimur,
3601 4665 3770 4757 (ιυοδὲθί

2329 4779 2490 4853 digne
2525 4783 2870 4851 exsequendo
2911 4797 3128 4838 omnem
3174 4783 3448 4839 hominem
3481 4769 3552 4834 ad
3599 4755 3768 4824 tuamlﬂ'

2327 4871 2450 4926 dem
2487 4887 2584 4940 per
2629 4871 2879 4927 ell'ectum
2935 4871 3150 4927 trahere
3201 4888 3306 4927 non
3369 4873 3627 4944 possumus

2327 4961 2520 5032 plecti;
2569 4971 2625 5018 et
2673 4961 2788 5019 haec
2831 4963 3126 5034 spiritualis
3183 4974 3384 5019 nostra:
3427 4955 3587 5018 crucis
3623 4949 3682 5002 esi
3709 4933 3766 4985 "i"

2330 5053 2478 5108 tudo.

2944 5145 3173 5202 CAPUT
3217 5146 3299 5201 vr.

2423 5235 2500 5291 De
2533 5237 2914 5308 perseverantia
2943 5238 2998 5291 in
3022 5253 3175 5293 cruce
3195 5255 3216 5295 :
3244 5239 3314 5294 ad
3350 5235 3477 5293 illud
3497 5277 3510 5302 ,
3535 5215 3719 5299 quotidie

2393 5300 2698 5397 Longitudo
2749 5337 2928 5383 autem
2989 5329 3170 5385 crucis
3229 5337 3334 5386 tuae
3385 5300 3627 5384 tati'vitte
3657 5300 3762 5397 "ostii

2323 5417 2484 5472 debet
2517 5393 2979 5486 commensurari,
3037 5429 3098 5476 ut
3123 5421 3370 5490 quamvis
3389 5393 3763 5490 considerem“:

2323 5522 2445 5562 cum
2475 5523 2594 5564 esse
2617 5508 2936 5579 jucundum,
2965 5520 3018 5566 et
3047 5519 3099 5566 te
3131 5477 3182 5566 in
3213 5511 3376 5566 domo
3405 5519 3486 5565 tua
3535 5477 3760 5579 Ιειιιιίεηνξι

2324 5601 2377 5656 in
2410 5573 2744 5674 abysso'tuae
2769 5573 3071 5659 dulcedinis
3117 5603 3416 5670 absorberi,
3455 5573 3761 5684 tamen

2317 5693 2448 5750 deat
2476 5709 2573 5752 nos
2599 5705 2819 5768 portare
2865 5711 3080 5754 crucem
3111 5703 3278 5766 luam,
3327 5688 3538 5754 cruciari
3573 5663 3756 5738 561W”
