4014 6304
204 337 305 394 301

1155 334 1423 391 SPURIA.
1472 363 1541 372 —
1578 329 1669 386 DE
1703 325 2037 386 CONCEPT.
2065 326 2123 382 Β.
2167 326 2425 385 MANE.

3350 331 3454 387 502

204 452 407 505 misera
465 449 566 504 hac
618 450 726 504 vita
768 464 864 519 pro
924 457 1028 503 ttue
1072 447 1242 503 laudis
1296 454 1601 517 augmento.
1649 444 1785 511 Quid
1817 447 1977 501 Atua
2033 441 2189 495 laude
2239 439 2477 510 quotidie
2523 438 2817 494 deiicienda
2879 440 3048 503 cadit,
3099 440 3169 494 ita
3236 456 3451 501 crucem

208 540 388 610 magni
422 547 526 604 est,
560 540 807 603 Domine,
832 539 875 593 si
914 548 1087 593 tecum
1118 538 1219 593 sim
1245 538 1297 591 in
1329 536 1517 606 patria,
1547 534 1636 589 ubi
1661 549 1781 589 smn

206 643 433 681 securus
460 627 529 680 ab
556 628 704 681 omni
727 627 867 680 malo
889 634 943 682 et
965 626 1053 681 ubi
1085 626 1309 680 habeam
1337 622 1594 694 quidquid
1621 622 1738 677 volo
1758 623 1783 675 τ

209 719 281 772 Da
337 714 492 783 mihi,
526 717 774 782 Domine,
813 727 870 772 ut
921 732 1196 785 nunquam
1245 730 1331 771 me
1372 714 1656 785 pungendo
1703 712 1782 767 sic

204 815 462 874 superent
484 806 619 860 clavi
656 807 863 861 timoris
892 815 947 861 et
971 807 1207 861 miseria:
1226 803 1385 874 hujus
1406 804 1551 868 vitze,
1579 810 1635 856 ut
1657 812 1782 855 ante

202 898 364 951 velim
386 898 717 952 descendere
740 898 825 952 vel
857 896 1047 951 saltent
1101 896 1290 967 deponi
1322 896 1386 950 de
1414 909 1575 950 cruce
1620 908 1779 963 quam

201 999 232 1037 a
265 994 337 1046 te,
368 984 615 1048 Domine,
646 984 749 1038 hoc
781 984 941 1038 fuerit
970 982 1301 1036 mandatum.
1333 980 1440 1034 Sed
1470 993 1644 1049 neque
1680 979 1782 1032 hoc

202 1074 594 1138 desiderarem,
635 1080 694 1128 ut
719 1073 788 1127 ab
828 1075 926 1128 hac
949 1072 1058 1127 cito
1094 1072 1260 1127 facias
1304 1086 1391 1126 me
1428 1070 1643 1139 deponi,
1687 1070 1781 1124 sed

201 1171 260 1217 nt
289 1178 509 1233 semper
534 1161 749 1217 mallem
772 1172 991 1233 propter
1016 1170 1068 1217 te
1091 1161 1325 1232 pendere
1349 1161 1403 1215 in
1431 1173 1593 1215 cruce
1620 1174 1779 1229 quam

200 1268 229 1304 a
258 1252 498 1308 miseriis
527 1252 613 1307 his
648 1251 817 1308 facias
844 1268 929 1307 me
968 1252 1020 1305 in
1076 1250 1391 1307 abscondito
1433 1249 1667 1320 sepeliri.
1703 1248 1780 1302 Tu

199 1344 370 1409 enim,
401 1343 644 1405 Domine,
672 1358 773 1398 nec
804 1341 1127 1399 descendisti
1174 1342 1241 1396 de
1272 1356 1453 1404 cruce,
1488 1355 1587 1396 nec
1616 1342 1693 1396 sic
1733 1349 1784 1396 te

195 1434 396 1502 deponi
426 1433 631 1504 petisti.
669 1433 926 1488 Voluntas
954 1449 1086 1503 ergo
1129 1448 1342 1502 semper
1368 1431 1633 1500 afﬂigendi
1686 1446 1784 1500 pro

198 1533 495 1591 augtnento
524 1531 629 1577 tua:
659 1522 855 1586 laudis,
908 1524 1083 1577 crucis
1110 1522 1214 1577 erit
1244 1522 1540 1592 longitudo.
1582 1520 1643 1576 Si
1668 1523 1783 1591 quis

198 1611 303 1665 uult
333 1615 509 1666 venire
545 1622 658 1682 post
696 1628 798 1672 me,
830 1611 979 1665 tollat
1030 1628 1236 1666 crucem
1267 1626 1416 1665 suam
1441 1610 1692 1678 quotidie,
1735 1616 1783 1661 et

196 1712 451 1771 sequatur
478 1717 559 1754 me
587 1700 739 1773 (Luc.
770 1716 846 1765 ιι,
876 1699 990 1771 ‘25),
1020 1711 1076 1754 et
1112 1699 1192 1755 sic
1224 1709 1405 1754 currat
1433 1712 1529 1769 per
1550 1698 1781 1752 medium

1886 529 2125 600 quotidie
2177 528 2363 584 tollere
2410 528 2696 588 debemus.
2752 527 2925 583 laudis
2979 537 3080 583 tua:
3127 528 3451 585 desiderium

1886 621 2228 676 resumcndo.

2478 708 2703 764 CAPUT
2748 709 2855 764 V'll.

1924 803 2181 871 tt'xrensio
2205 810 2579 870 postremorum
2609 800 2896 863 uerborum,
2927 808 2982 854 et
3018 811 3275 871 sequatur
3310 818 3412 855 me.

1955 893 2066 960 Qua
2100 904 2227 945 vero
2256 890 2552 944 intentione
2584 890 2638 944 in
2692 890 2775 943 via
2806 890 2905 944 ista
2939 891 3011 945 sit
3042 891 3451 955 ambulandum,

1885 985 2065 1039 innuis
2096 983 2287 1038 ultimo
2312 997 2436 1037 cum
2467 982 2624 1047 dicis,
2654 993 2901 1051 sequatur
2929 998 3029 1036 me.
3070 982 3221 1048 Quod
3250 991 3358 1038 tam
3391 984 3456 1038 de

1884 1092 2070 1145 gressu
2095 1076 2338 1146 corporis
2359 1090 2519 1144 quam
2544 1074 2608 1128 de
2629 1074 2826 1128 mentis
2843 1076 3455 1147 possumusintelligere.

1884 1168 2016 1234 Quia
2057 1166 2209 1220 multi
2237 1180 2341 1221 non
2367 1164 2539 1220 solum
2572 1172 2849 1232 portantes
2898 1178 3111 1220 crucem
3132 1207 3145 1230 ,
3179 1168 3270 1221 sed
3307 1176 3362 1223 et
3400 1182 3458 1223 se

1886 1260 2275 1329 suspendentes
2308 1257 2360 1311 in
2389 1271 2569 1319 cruce,
2612 1263 2665 1309 te
2710 1271 2899 1324 gressu
2929 1258 3171 1327 corporis
3206 1267 3331 1312 sunt
3378 1273 3461 1313 se-

1884 1352 2015 1407 cuti.
2032 1351 2335 1418 Seqnamur
2359 1347 2520 1418 igitur
2546 1354 2598 1400 te
2619 1361 2724 1401 non
2749 1355 2955 1402 tantum
2978 1363 3166 1419 gressu
3194 1348 3456 1402 bonorum

1881 1456 2131 1511 operum,
2162 1440 2255 1494 sed
2304 1446 2357 1493 et
2405 1438 2700 1494 intentione
2749 1438 3014 1504 cordium,
3058 1446 3113 1492 ut
3153 1452 3257 1492 non
3286 1439 3458 1494 solum

1885 1532 2289 1589 consideremus
2321 1531 2515 1600 quibus
2546 1530 2801 1600 operibus
2848 1544 2945 1584 nos
2976 1530 3337 1598 praecesseris,
3365 1529 3460 1585 sed

1885 1638 1989 1692 qua
2021 1624 2318 1676 intentione
2350 1621 2565 1683 feceris,
2587 1631 2643 1674 et
2664 1622 2715 1674 in
2741 1621 2842 1675 hac
2872 1630 2923 1674 te
2942 1620 3092 1689 sequi
3122 1620 3457 1675 Studeamus.

1886 1712 2191 1767 Invenimus
2220 1721 2400 1767 autem
2432 1711 2574 1781 quod
2626 1712 2678 1765 in
2727 1711 2977 1765 omnibus
3019 1710 3459 1781 cogitationibus,

198 1794 298 1845 vite
327 1793 699 1858 perfectionis.
737 1792 793 1845 Si
825 1806 925 1845 nos
973 1791 1239 1855 tollamus,
1291 1789 1536 1852 Domine,
1571 1797 1623 1841 tu
1666 1788 1779 1857 ipse

1885 1803 2064 1858 verbis
2089 1811 2137 1857 et
2169 1802 2325 1855 factis
2366 1800 2471 1855 tuis
2526 1800 2896 1869 principaliter
2922 1802 3199 1869 quaesieris
3236 1799 3461 1870 gloriam

196 1883 466 1951 port..bis.
526 1881 713 1936 Finem
771 1893 948 1935 autem
997 1881 1139 1935 viam
1196 1880 1560 1950 perfectionis,
1604 1879 1655 1934 id
1697 1887 1783 1934 est

194 1974 663 2043 perseverantiam
690 1974 740 2027 iu
769 1974 1069 2037 voluntate,
1100 1988 1312 2043 semper
1344 1989 1441 2043 pro
1470 1980 1519 2027 te
1544 1970 1781 2042 patiendi

195 2065 385 2119 innuis
411 2065 468 2118 in
500 2078 569 2118 eo
612 2064 755 2133 quod
795 2064 930 2119 dicis
976 2065 1227 2135 quotidie.
1276 2063 1333 2118 Si
1373 2064 1515 2118 enim
1544 2077 1651 2117 uno
1675 2062 1781 2127 die,

194 2160 352 2227 prius
381 2172 546 2226 quam
581 2166 637 2212 tu
654 2156 904 2225 iusseris,
935 2172 1152 2212 crucem
1184 2157 1451 2226 deponere
1502 2155 1779 2222 volumus;

191 2263 317 2302 eam
348 2247 599 2317 quotidie
619 2262 725 2302 non
754 2246 1006 2302 tollimus.
1023 2246 1124 2313 Qui
1152 2258 1328 2299 autem
1359 2245 1785 2316 perseveraverit

193 2354 488 2409 usquequo
517 2354 637 2394 eam
680 2339 941 2409 deponas,
973 2340 1063 2395 hic
1090 2340 1141 2394 in
1174 2339 1470 2394 abundanti
1504 2338 1663 2394 laude
1688 2349 1781 2393 tua

192 2433 513 2503 sepulcrum
550 2433 847 2505 ingreditur
873 2435 1021 2504 pacis
1040 2445 1275 2489 teter-ue.
1305 2434 1562 2501 Quamvis
1595 2433 1648 2488 in
1680 2434 1782 2488 hoc

193 2526 368 2580 verbo
395 2525 696 2598 intelligere
716 2541 1000 2597 possumus
1021 2528 1163 2597 quod
1191 2527 1329 2582 sicut
1367 2527 1642 2582 cruciatus
1684 2542 1783 2599 pro

211 2665 1949 2695 Μ

1886 1896 1961 1949 tui
1996 1894 2192 1948 Patris.
2240 1892 2316 1946 Tu
2364 1907 2511 1962 ergo,
2570 1892 2793 1945 Domine
2830 1890 2953 1946 Jesu
2999 1889 3233 1953 Christe,
3289 1890 3463 1959 dirige

1884 1978 2235 2038 intentionem
2263 1990 2527 2046 nostram,
2558 1989 2618 2037 ut
2670 1982 2723 2035 in
2773 1982 3021 2037 omnibus
3069 1981 3297 2052 gloriam
3346 1977 3463 2047 ejus

1883 2090 2192 2146 qumramus
2238 2084 2295 2129 et
2342 2084 2521 2140 tuam,
2557 2090 2657 2130 nos
2702 2074 3046 2144 abnegando,
3096 2072 3459 2144 profundum,

1884 2164 2291 2229 sublimitatem,
2347 2164 2686 2219 latitudinem
2736 2172 2791 2219 et
2846 2163 3237 2233 longitudinem
3285 2161 3463 2215 crucis

1886 2258 2187 2327 portando,
2236 2266 2293 2311 et
2356 2258 2413 2311 in
2466 2271 2529 2311 ea
2577 2257 2970 2325 perseverando
3018 2256 3086 2309 ad
3149 2254 3361 2309 tandem
3410 2262 3460 2308 et

1886 2347 2114 2417 gloriam
2161 2356 2340 2412 tuam,
2403 2345 2494 2415 qui
2548 2361 2671 2399 cum
2732 2345 2891 2399 Patre
2928 2353 2984 2398 et
3029 2343 3226 2414 Spiritu
3273 2349 3461 2396 sancto

1888 2441 2026 2493 vivis
2056 2454 2121 2494 ac
2146 2454 2357 2510 regnas,
2386 2438 2545 2503 Deus,
2577 2452 2671 2508 per
2696 2438 2876 2493 omnia
2903 2436 3095 2491 saecula
3121 2433 3459 2489 satcuhtrum.

1888 2530 2080 2584 Amen.

1422 2846 2275 2963 TRACTATUS

630 3085 774 3174 DE
848 3081 1686 3176 CONCEPTIONE
1763 3086 1866 3172 B.
1948 3084 2361 3174 MARIIE
2434 3070 3084 3178 VIRGINISm

262 3398 630 3471 Principium,
658 3413 765 3470 quo
787 3396 933 3453 salus
968 3397 1150 3452 mundi
1184 3398 1469 3468 processit,
1495 3398 1626 3453 mihi
1655 3414 1783 3456 con~
1812 3386 1858 3450 C
1890 3403 2197 3471 ouendum,
2237 3402 2365 3475 quid
2411 3403 2513 3457 mei
2556 3403 2821 3458 similibus
2867 3400 2939 3456 sit
2972 3412 3119 3457 certa
3164 3400 3335 3472 magis
3376 3415 3464 3454 ra-

191 3495 449 3549 siderare
478 3490 681 3546 volenti
708 3490 950 3546 occurrit
989 3490 1247 3544 hodierna
1292 3490 1636 3556 solemnitas,
1669 3505 1789 3562 quae

190 3585 565 3654 conceptione
593 3583 765 3637 beatae
789 3580 975 3636 Matris
1010 3580 1103 3634 Dei
1136 3579 1316 3636 Mariae
1354 3581 1537 3637 multis
1566 3582 1618 3637 in
1656 3581 1789 3636 locis

192 3676 401 3733 festiva
446 3674 806 3730 rcdditur'".
848 3673 913 3727 Et
955 3673 1169 3743 quidem
1219 3674 1413 3743 priscis
1458 3673 1791 3743 temporibus

194 3764 563 3837 frequentiori
610 3779 709 3819 usu
757 3762 1138 3819 celebrabatur
1175 3764 1267 3829 ”°,
1312 3764 1381 3817 ab
1409 3763 1491 3819 eis
1520 3764 1789 3834 prmcipue

192 3857 248 3911 in
280 3856 493 3928 quibus
527 3870 661 3924 pura
702 3853 1018 3925 simplicitas
1045 3863 1099 3909 et
1128 3853 1383 3909 humilior
1410 3856 1463 3909 in
1499 3853 1666 3910 Deum
1707 3855 1789 3910 vi-

191 3950 361 4019 gebat
389 3948 626 4003 devotio.
654 3946 725 4001 At
745 3946 811 3978 ¹³¹
837 3946 925 4001 ubi
949 3955 1004 4001 et
1032 3946 1206 4017 major
1228 3946 1454 4001 scientia
1482 3956 1537 4001 et
1561 3946 1787 4015 praepol-

191 4039 317 4093 lens
354 4034 691 4091 examinatio
732 4050 913 4091 rerum
955 4044 1165 4091 mentes
1197 4035 1553 4105 quorumdam
1594 4034 1789 4089 imbuit

190 4136 246 4181 et
271 4126 490 4189 erexit,
514 4124 761 4180 eamdem
794 4125 864 4156 “'
902 4123 1331 4193 solemnitatemf,
1374 4132 1553 4192 spreta
1584 4138 1787 4194 panpe-

193 4233 321 4272 rum
369 4214 741 4286 simplicitate,
780 4216 845 4270 de
892 4214 1069 4269 medio
1102 4214 1349 4278 sustulit;
1383 4223 1437 4267 et
1481 4227 1601 4267 eam
1629 4214 1785 4282 quasi

195 4307 417 4361 ratione
460 4314 743 4359 vacantem
782 4305 854 4343 ¹³³
896 4304 1101 4374 redegit
1138 4304 1189 4358 in
1252 4303 1475 4357 nihilum
1508 4301 1595 4355 ηδ.
1637 4301 1783 4369 Quo-

195 4413 320 4451 rum
354 4397 624 4451 sententia
656 4410 721 4449 eo
759 4395 991 4449 maxine
1019 4394 1071 4448 in
1102 4394 1263 4447 robur
1296 4392 1697 4463 excrevitquod
1724 4394 1781 4460 ii,

191 4490 286 4561 qui
330 4503 458 4543 eam
497 4486 871 4557 protulerunt,
907 4484 1151 4540 smculari
1196 4494 1249 4538 et
1285 4483 1651 4539 ecclesiastica
1688 4499 1782 4538 au-

189 4581 461 4635 ctoritate
507 4580 924 4646 divitiarumque
970 4576 1294 4632 abundantia
1342 4576 1780 4646 praeminebant.

189 4673 304 4729 Sed
342 4686 471 4726 cum
499 4685 600 4741 ego
629 4679 685 4724 et
718 4669 1019 4740 priscorum
1059 4667 1459 4738 simplicitatem
1493 4676 1547 4721 et
1576 4667 1784 4721 moder-

190 4778 397 4819 norum
455 4760 658 4829 ingenii
703 4758 1093 4813 sublimitatem
1143 4772 1353 4813 mecum
1403 4756 1775 4824 revolverem,

186 4852 399 4908 cecidit
425 4851 481 4904 in
514 4858 748 4904 mentem
778 4849 1022 4918 quasdam
1052 4845 1246 4903 divinae
1284 4846 1578 4917 Scripturze
1615 4848 1780 4902 verba

188 4946 243 4999 in
276 4943 465 4999 medio
487 4955 730 5012 ponere;
767 4949 821 4995 et
850 4939 975 5008 quid
999 4937 1187 5008 judieii
1216 4938 1282 4993 de
1314 4938 1540 5008 singulis
1565 4947 1779 5008 gerant,

186 5051 294 5106 pro
316 5048 446 5089 meo
480 5047 644 5087 sensu
683 5031 769 5102 pia
807 5028 1239 5086 consideratione
1265 5029 1617 5099 perpendere,
1644 5043 1781 5097 qua-

188 5136 360 5181 tenus
401 5122 476 5155 “'
527 5137 624 5178 sua
668 5120 995 5176 auctoritate
1035 5118 1296 5190 probetur
1336 5118 1465 5188 quid
1496 5118 1583 5174 cui
1624 5119 1782 5173 attri-

1892 3496 2035 3551 tione
2055 3497 2406 3566 sequendum.
2444 3495 2507 3549 Et
2530 3495 2596 3550 de
2626 3492 2961 3566 simplicibus
2990 3493 3207 3563 quidem
3242 3491 3293 3546 in
3328 3491 3460 3561 ipsis

1888 3587 2068 3642 verbis
2093 3587 2367 3643 invenitur
2396 3588 2537 3657 quod
2564 3602 2689 3642 cum
2721 3587 2801 3641 eis
2823 3586 2895 3640 εἰ
2918 3582 3303 3639 sermocinatio
3338 3580 3457 3638 Dei.

1885 3677 2008 3735 Illos
2034 3693 2161 3734 vero
2189 3694 2324 3749 quos
2356 3679 2521 3733 multa
2559 3680 2787 3761 scientia
2832 3678 2949 3734 sine
2987 3677 3251 3733 eharitate
3282 3677 3462 3747 perluc

1885 3780 2025 3824 strat
2045 3768 2225 3825 ferunt
2259 3770 2446 3824 eadem
2480 3770 2705 3825 scientia
2738 3768 2912 3825 inﬂari
2952 3770 3128 3839 potius
3155 3782 3314 3837 quam
3346 3769 3460 3824 veri

1885 3862 2013 3917 boni
2044 3861 2354 3932 integritate
2386 3860 2629 3915 solidari.
2656 3860 2788 3915 Cum
2814 3875 2944 3930 ergo
2979 3859 3096 3913 illos
3130 3856 3221 3913 Dei
3253 3872 3461 3913 sermo-

1886 3954 2084 4010 cinatio
2110 3954 2361 4019 instruat,
2386 3962 2439 4008 et
2462 3955 2592 4009 istos
2617 3968 2711 4008 sua
2744 3949 2971 4007 scicntia
3007 3949 3236 4020 quadam
3270 3956 3459 4002 vento-

1884 4046 2047 4101 sitate
2078 4045 2373 4109 distendat,
2408 4045 2497 4114 qni
2527 4059 2677 4113 aequa
2708 4042 3021 4097 discernere
3057 4054 3160 4093 nou
3200 4046 3455 4093 verentur

1884 4137 1971 4193 cui
2001 4136 2169 4207 magis
2195 4137 2333 4205 parti
2360 4136 2428 4189 sit
2457 4136 2773 4199 cedendum,
2802 4148 3022 4203 precor,
3054 4130 3264 4193 edicas,
3291 4129 3457 4185 collo-

1885 4228 2013 4299 quio
2059 4227 2311 4283 videlicet
2340 4226 2435 4283 Dei
2466 4226 2746 4282 inhzerenti
2766 4266 2779 4289 ,
2814 4240 2879 4280 an
2913 4224 2978 4279 de
3008 4223 3086 4278 sui
3119 4223 3298 4278 cordis
3329 4237 3454 4292 pcr-

1884 4321 2118 4391 spicacia
2142 4320 2283 4376 ultra
2312 4334 2522 4389 aequum
2546 4317 2793 4374 tumenti.
2818 4318 2881 4371 Et
2904 4317 2959 4371 hi
2984 4316 3195 4385 quidem
3226 4325 3283 4369 ut
3309 4314 3455 4370 nulla

1885 4411 2140 4465 memoria
2168 4411 2235 4465 de
2259 4411 2611 4480 conceptione
2642 4403 2876 4479 Virginis
2907 4406 3095 4462 Matris
3125 4406 3177 4460 in
3211 4405 3456 4461 Ecclesia

1885 4502 1977 4555 lilii
2002 4500 2115 4569 ejus
2145 4502 2257 4563 fiat,
2282 4516 2385 4556 non
2412 4500 2514 4555 sibi
2541 4500 2764 4557 rationis
2784 4499 2852 4532 “'
2875 4497 3042 4554 videri
3069 4495 3365 4559 afﬁrmant,
3391 4511 3457 4551 eo

1884 4591 2027 4662 quod
2052 4607 2117 4647 ex
2146 4591 2213 4623 ’⁸⁷
2241 4590 2519 4645 natbitate
2549 4591 2691 4644 illius
2714 4606 2830 4660 qum
2858 4590 3058 4660 ubique
3089 4587 3278 4642 festive
3304 4599 3458 4641 reco-

1885 4682 2043 4746 litur,
2076 4679 2444 4751 conceptionis
2473 4677 2590 4749 ejus
2620 4676 2897 4733 exordium
2932 4675 3063 4731 satis
3092 4682 3454 4737 memoretur,

1882 4782 1983 4823 nec
2010 4767 2174 4831 enim,
2203 4768 2374 4831 aiunt,
2406 4776 2533 4822 nata
2562 4776 2726 4831 esset,
2754 4766 2797 4821 si
2827 4775 3086 4834 concepta
3106 4777 3213 4827 non
3244 4760 3455 4815 fuissm.

1883 4856 1952 4911 Et
1979 4872 2102 4912 eum
2134 4856 2187 4910 in
2217 4856 2390 4911 lucem
2418 4871 2485 4911 ex
2518 4855 2747 4910 materni
2780 4854 2920 4908 uteri
2950 4860 3157 4908 secreto
3185 4848 3417 4921 prodivit
3439 4888 3456 4912 ,

1883 4948 2090 5003 clarum
2129 4945 2231 5001 fuit
2267 4947 2410 5017 quod
2449 4947 2502 5000 in
2545 4946 2665 5000 alvo
2705 4944 2947 5015 parentis
2990 4950 3247 5011 concepta
3289 4937 3362 4970 ’³⁸
3402 4939 3455 4992 ἰιι

1885 5039 2174 5094 humanam
2211 5037 2440 5093 formam
2483 5036 2776 5093 concrevit.
2819 5034 2952 5089 Cum
2988 5032 3171 5101 itaque
3213 5029 3457 5099 corroris

1887 5130 2003 5200 ejus
2024 5130 2332 5203 speciilcata
2362 5128 2699 5201 compositio,
2722 5136 2776 5180 et
2800 5127 2853 5179 in
2876 5124 3035 5193 hujus
3060 5121 3243 5177 mundi
3275 5121 3456 5175 latitu-

1474 5309 1706 5367 V'ARI/E
1746 5303 2146 5366 LECTIONES.

261 5466 342 5500 ³⁸⁸
371 5462 610 5520 Collatus
638 5469 711 5514 est
742 5472 860 5512 cum
895 5470 1022 5508 mss.
1060 5450 1299 5520 Ciumac.
1328 5458 1374 5503 et
1406 5446 1563 5520 coro.
1593 5476 1662 5520 -_--
1694 5444 1776 5499 Ms
1806 5442 2047 5520 Cluniae.
2079 5437 2254 5520 incipit

876 5506 1059 5578 mdis
1102 5518 1257 5575 Corb.
1298 5529 1348 5573 et
1396 5518 1553 5571 editio
1586 5515 1700 5585 ηας
1739 5530 1857 5585 quae
1898 5516 1964 5567 de
2005 5510 2419 5630 conceptione...
2456 5507 2589 5562 locis
2617 5506 2871 5559 recolitur
3000 5506 3067 5531 ²³¹³
3103 5506 3184 5549 M8
3223 5506 3377 5592 Lg”-
3424 5506 3455 5542 ³

879 5611 925 5630 ια
974 5591 1365 5630 summu-ilum.--
1421 5586 1728 5630 celebratur
1855 5583 1923 5616 ³³¹
1954 5581 2034 5630 Ms
2064 5580 2168 5630 (.‘or
2205 5620 2218 5630 .
2246 5580 2437 5630 Atnue.
2546 5576 2615 5607 ’³³
2642 5574 2725 5630 Με
2748 5571 2903 5627 Corb.
2955 5568 3166 5624 tandem
3291 5625 3329 5630 _
3371 5557 3453 5630 M3
3552 5592 3559 5599 ‘

183 5537 251 5593 Β.
283 5536 476 5592 Mariae
510 5530 745 5600 Virginis
809 5598 839 5601 η
876 5530 944 5558 ¹²⁹
976 5530 1059 5578 Ms
1102 5530 1194 5601 Coi

227 5586 525 5663 {nitidam
573 5586 932 5670 p‘r'azsentibus
974 5591 1367 5670 temporibus...
1421 5586 1728 5670 celebratur

227 5626 525 5663 0100903“!
574 5626 932 5670 prmium“:
975 5626 1367 5660 ισιιιγυιιυυσ...
1422 5626 1437 5641 1

182 5626 359 5732 garb.
390 5680 666 5730 carentem
767 5667 836 5698 ⁸⁸⁸
869 5665 950 5719 Hs
986 5662 1141 5717 Corb.
1167 5659 1437 5732 vinculum

184 5731 357 5803 Corb.
381 5747 439 5800 in
514 5740 585 5774 m
616 5738 695 5795 .lfs
732 5736 885 5793 Corb.
924 5735 976 5789 in
1002 5731 1240 5801 peccatis
1276 5734 1535 5795 concepta

1548 5656 1617 5689 ³³⁸
1655 5654 1737 5711 Ms
1783 5654 1935 5711 Coro.
1968 5661 2229 5723 quantum

2292 5451 2307 5492 :
2341 5436 2624 5491 Tractatus
2644 5433 2705 5489 Β.
2737 5429 2978 5488 Anselmi
3002 5428 3078 5483 De
3102 5420 3386 5491 concept'o
3410 5436 3458 5473 :e

3000 5498 3067 5531 ⁹³⁰
3103 5493 3184 5549 Ms
3223 5492 3377 5546 Corb.
3424 5506 3455 5542 ει

1855 5583 1923 5681 "ﬁ
1952 5581 2034 5636 M‘
2064 5580 2225 5681 “3'3;
2246 5580 2437 5681 Αξίξῗθιῖ

2348 5625 2479 5703 {ills
2505 5625 2684 5702 (ἴοι-ὑί
2704 5625 2813 5701 non
2843 5642 2959 5699 sine
2984 5637 3192 5695 ratione
3262 5625 3330 5663 ⁸³⁷
3363 5627 3450 5681 M8
