  <div class='ocr_page' id='page_1' title='image "/cluster/home/n/w/nwhite01/storage/ocr_20150623/159/hvd.32044024236648/160.png"; bbox 0 0 3898 6318; ppageno 0'>
   <div class='ocr_carea' id='block_1_1' title="bbox 9 333 1674 395">
    <p class='ocr_par' dir='ltr' id='par_1_1' title="bbox 9 338 1674 395">
     <span class='ocr_line' id='line_1_1' title="bbox 9 338 1674 395; baseline 0.001 -3"><span class='ocrx_word' id='word_1_1' title='bbox 9 338 144 394; x_wconf 69' lang='grc'><strong>503</strong></span> <span class='ocrx_word' id='word_1_2' title='bbox 1009 339 1275 395; x_wconf 60' lang='grc' dir='ltr'><strong>ιΡυιιιΑ.</strong></span> <span class='ocrx_word' id='word_1_3' title='bbox 1327 370 1398 378; x_wconf 89' lang='grc'><strong>-</strong></span> <span class='ocrx_word' id='word_1_4' title='bbox 1447 339 1536 394; x_wconf 78' lang='grc' dir='ltr'><strong>ΒΕ</strong></span> <span class='ocrx_word' id='word_1_5' title='bbox 1579 339 1674 394; x_wconf 87' lang='lat' dir='ltr'>C0</span> 
     </span>
    </p>
   </div>
   <div class='ocr_carea' id='block_1_2' title="bbox 1781 333 3360 395">
    <p class='ocr_par' dir='ltr' id='par_1_2' title="bbox 1781 333 3360 393">
     <span class='ocr_line' id='line_1_2' title="bbox 1781 333 3360 393; baseline -0.003 -1"><span class='ocrx_word' id='word_1_6' title='bbox 1781 337 1917 392; x_wconf 72' lang='lat' dir='ltr'><strong>EPT.</strong></span> <span class='ocrx_word' id='word_1_7' title='bbox 1973 339 2031 393; x_wconf 75' lang='grc' dir='ltr'><strong>Β.</strong></span> <span class='ocrx_word' id='word_1_8' title='bbox 2085 334 2343 393; x_wconf 57' lang='lat' dir='ltr'><strong>MANE.</strong></span> <span class='ocrx_word' id='word_1_9' title='bbox 3252 333 3360 388; x_wconf 63' lang='grc' dir='ltr'><strong>με</strong></span> 
     </span>
    </p>
   </div>
   <div class='ocr_carea' id='block_1_3' title="bbox 9 443 3358 528">
    <p class='ocr_par' dir='ltr' id='par_1_3' title="bbox 9 443 3358 528">
     <span class='ocr_line' id='line_1_3' title="bbox 9 443 3358 528; baseline -0.002 -20"><span class='ocrx_word' id='word_1_10' title='bbox 9 454 314 524; x_wconf 78' lang='lat' dir='ltr'><strong>alicujus</strong></span> <span class='ocrx_word' id='word_1_11' title='bbox 339 469 406 528; x_wconf 76' lang='lat' dir='ltr'><strong>ex</strong></span> <span class='ocrx_word' id='word_1_12' title='bbox 438 453 624 524; x_wconf 72' lang='lat' dir='ltr'><strong>prima:</strong></span> <span class='ocrx_word' id='word_1_13' title='bbox 667 453 1128 526; x_wconf 67' lang='lat' dir='ltr'><strong>praevaricationis</strong></span> <span class='ocrx_word' id='word_1_14' title='bbox 1149 454 1356 523; x_wconf 82' lang='lat' dir='ltr'><strong>origine</strong></span> <span class='ocrx_word' id='word_1_15' title='bbox 1400 453 1664 509; x_wconf 82' lang='lat' dir='ltr'><strong>maculam</strong></span> <span class='ocrx_word' id='word_1_16' title='bbox 1695 460 1741 519; x_wconf 78' lang='grc' dir='ltr'>Α</span> <span class='ocrx_word' id='word_1_17' title='bbox 1773 447 1886 503; x_wconf 83' lang='lat' dir='ltr'><strong>fieri</strong></span> <span class='ocrx_word' id='word_1_18' title='bbox 1917 460 2142 502; x_wconf 88' lang='lat' dir='ltr'><strong>matrem</strong></span> <span class='ocrx_word' id='word_1_19' title='bbox 2172 463 2344 514; x_wconf 85' lang='lat' dir='ltr'><strong>suam,</strong></span> <span class='ocrx_word' id='word_1_20' title='bbox 2375 453 2430 502; x_wconf 88' lang='lat' dir='ltr'><strong>et</strong></span> <span class='ocrx_word' id='word_1_21' title='bbox 2452 459 2577 516; x_wconf 83' lang='lat' dir='ltr'><strong>quia</strong></span> <span class='ocrx_word' id='word_1_22' title='bbox 2609 444 2808 510; x_wconf 86' lang='lat' dir='ltr'><strong>voluit,</strong></span> <span class='ocrx_word' id='word_1_23' title='bbox 2833 443 2959 501; x_wconf 85' lang='lat' dir='ltr'><strong>fecit</strong></span> <span class='ocrx_word' id='word_1_24' title='bbox 2982 460 3104 501; x_wconf 80' lang='lat' dir='ltr'><strong>esse</strong></span> <span class='ocrx_word' id='word_1_25' title='bbox 3139 463 3152 500; x_wconf 90' lang='lat'>:</span> <span class='ocrx_word' id='word_1_26' title='bbox 3203 448 3358 516; x_wconf 85' lang='lat' dir='ltr'><strong>quasi</strong></span> 
     </span>
    </p>
   </div>
   <div class='ocr_carea' id='block_1_4' title="bbox 9 534 3358 615">
    <p class='ocr_par' dir='ltr' id='par_1_4' title="bbox 9 534 3358 615">
     <span class='ocr_line' id='line_1_4' title="bbox 9 534 3358 615; baseline -0.002 -17"><span class='ocrx_word' id='word_1_27' title='bbox 9 546 232 600; x_wconf 79' lang='lat' dir='ltr'><strong>traxit.</strong></span> <span class='ocrx_word' id='word_1_28' title='bbox 265 547 363 612; x_wconf 68' lang='lat'><strong>&#39;7‘,</strong></span> <span class='ocrx_word' id='word_1_29' title='bbox 388 545 515 615; x_wconf 87' lang='lat' dir='ltr'><strong>quid</strong></span> <span class='ocrx_word' id='word_1_30' title='bbox 552 547 830 600; x_wconf 82' lang='lat' dir='ltr'><strong>dicemus?</strong></span> <span class='ocrx_word' id='word_1_31' title='bbox 880 534 1090 614; x_wconf 67' lang='lat' dir='ltr'><strong>utiquel</strong></span> <span class='ocrx_word' id='word_1_32' title='bbox 1107 559 1234 599; x_wconf 80' lang='lat' dir='ltr'><strong>voce</strong></span> <span class='ocrx_word' id='word_1_33' title='bbox 1264 543 1445 599; x_wconf 87' lang='lat' dir='ltr'><strong>divina</strong></span> <span class='ocrx_word' id='word_1_34' title='bbox 1477 544 1675 599; x_wconf 91' lang='lat' dir='ltr'><strong>dicitur</strong></span> <span class='ocrx_word' id='word_1_35' title='bbox 1778 540 2071 602; x_wconf 79' lang='lat' dir='ltr'><strong>diceretur,</strong></span> <span class='ocrx_word' id='word_1_36' title='bbox 2106 537 2330 593; x_wconf 84' lang='lat' dir='ltr'><strong>Matrem</strong></span> <span class='ocrx_word' id='word_1_37' title='bbox 2372 551 2524 592; x_wconf 89' lang='lat' dir='ltr'><strong>suam</strong></span> <span class='ocrx_word' id='word_1_38' title='bbox 2575 546 2627 592; x_wconf 88' lang='lat' dir='ltr'><strong>te</strong></span> <span class='ocrx_word' id='word_1_39' title='bbox 2670 535 2797 593; x_wconf 86' lang='lat' dir='ltr'><strong>fecit</strong></span> <span class='ocrx_word' id='word_1_40' title='bbox 2845 536 2933 592; x_wconf 91' lang='lat' dir='ltr'><strong>ille</strong></span> <span class='ocrx_word' id='word_1_41' title='bbox 2960 552 3140 593; x_wconf 89' lang='lat' dir='ltr'><strong>rerum</strong></span> <span class='ocrx_word' id='word_1_42' title='bbox 3175 537 3358 591; x_wconf 89' lang='lat' dir='ltr'><strong>Domi-</strong></span> 
     </span>
    </p>
   </div>
   <div class='ocr_carea' id='block_1_5' title="bbox 9 621 3356 706">
    <p class='ocr_par' dir='ltr' id='par_1_5' title="bbox 9 621 3356 706">
     <span class='ocr_line' id='line_1_5' title="bbox 9 621 3356 706; baseline -0.001 -18"><span class='ocrx_word' id='word_1_43' title='bbox 9 638 94 689; x_wconf 79' lang='lat' dir='ltr'><strong>ad</strong></span> <span class='ocrx_word' id='word_1_44' title='bbox 137 635 477 693; x_wconf 85' lang='lat' dir='ltr'><strong>Jeremiam</strong></span> <span class='ocrx_word' id='word_1_45' title='bbox 515 653 528 690; x_wconf 90' lang='lat'>:</span> <span class='ocrx_word' id='word_1_46' title='bbox 565 621 885 706; x_wconf 74' lang='lat' dir='ltr'><strong>Priusquam</strong></span> <span class='ocrx_word' id='word_1_47' title='bbox 907 645 953 688; x_wconf 85' lang='lat' dir='ltr'><strong>te</strong></span> <span class='ocrx_word' id='word_1_48' title='bbox 973 634 1254 705; x_wconf 81' lang='lat' dir='ltr'><strong>formarem</strong></span> <span class='ocrx_word' id='word_1_49' title='bbox 1279 635 1332 688; x_wconf 84' lang='lat' dir='ltr'><strong>in</strong></span> <span class='ocrx_word' id='word_1_50' title='bbox 1360 645 1524 698; x_wconf 88' lang='lat' dir='ltr'><strong>utero,</strong></span> <span class='ocrx_word' id='word_1_51' title='bbox 1557 621 1673 688; x_wconf 74' lang='lat' dir='ltr'><strong>noni</strong></span> <span class='ocrx_word' id='word_1_52' title='bbox 1778 632 2136 696; x_wconf 89' lang='lat' dir='ltr'><strong>nus,Creator</strong></span> <span class='ocrx_word' id='word_1_53' title='bbox 2158 640 2213 684; x_wconf 88' lang='lat' dir='ltr'><strong>et</strong></span> <span class='ocrx_word' id='word_1_54' title='bbox 2233 630 2580 700; x_wconf 78' lang='lat' dir='ltr'><strong>gubernator;</strong></span> <span class='ocrx_word' id='word_1_55' title='bbox 2607 630 3066 701; x_wconf 88' lang='lat' dir='ltr'><strong>rerum,inquam,</strong></span> <span class='ocrx_word' id='word_1_56' title='bbox 3091 631 3356 696; x_wconf 90' lang='lat' dir='ltr'><strong>omnium,</strong></span> 
     </span>
    </p>
   </div>
   <div class='ocr_carea' id='block_1_6' title="bbox 10 721 3359 799">
    <p class='ocr_par' dir='ltr' id='par_1_6' title="bbox 10 721 3359 799">
     <span class='ocr_line' id='line_1_6' title="bbox 10 721 3359 799; baseline -0.002 -20"><span class='ocrx_word' id='word_1_57' title='bbox 10 740 71 780; x_wconf 84' lang='lat' dir='ltr'><strong>te</strong></span> <span class='ocrx_word' id='word_1_58' title='bbox 108 742 131 780; x_wconf 91' lang='lat'><strong><em>:</em></strong></span> <span class='ocrx_word' id='word_1_59' title='bbox 169 739 232 782; x_wconf 77' lang='lat' dir='ltr'><strong>et</strong></span> <span class='ocrx_word' id='word_1_60' title='bbox 298 737 580 799; x_wconf 76' lang='lat' dir='ltr'><strong>antequam</strong></span> <span class='ocrx_word' id='word_1_61' title='bbox 623 728 792 782; x_wconf 68' lang='lat' dir='ltr'><strong>exire;</strong></span> <span class='ocrx_word' id='word_1_62' title='bbox 825 727 888 781; x_wconf 87' lang='lat' dir='ltr'><strong>de</strong></span> <span class='ocrx_word' id='word_1_63' title='bbox 913 738 1118 792; x_wconf 79' lang='lat' dir='ltr'><strong>ventre,</strong></span> <span class='ocrx_word' id='word_1_64' title='bbox 1159 726 1483 796; x_wconf 73' lang='lat' dir='ltr'><strong>sanctiﬁcaui</strong></span> <span class='ocrx_word' id='word_1_65' title='bbox 1521 737 1598 792; x_wconf 79' lang='lat' dir='ltr'><strong>te;</strong></span> <span class='ocrx_word' id='word_1_66' title='bbox 1627 735 1674 779; x_wconf 86' lang='lat' dir='ltr'><strong>et</strong></span> <span class='ocrx_word' id='word_1_67' title='bbox 1777 738 1884 777; x_wconf 88' lang='lat' dir='ltr'><strong>non</strong></span> <span class='ocrx_word' id='word_1_68' title='bbox 1933 721 2106 777; x_wconf 89' lang='lat' dir='ltr'><strong>solum</strong></span> <span class='ocrx_word' id='word_1_69' title='bbox 2138 721 2578 792; x_wconf 82' lang='lat' dir='ltr'><strong>iutelligibilium,</strong></span> <span class='ocrx_word' id='word_1_70' title='bbox 2625 723 2718 776; x_wconf 89' lang='lat' dir='ltr'><strong>sed</strong></span> <span class='ocrx_word' id='word_1_71' title='bbox 2767 738 2982 777; x_wconf 88' lang='lat' dir='ltr'><strong>onmem</strong></span> <span class='ocrx_word' id='word_1_72' title='bbox 3033 721 3359 776; x_wconf 88' lang='lat' dir='ltr'><strong>intellectum</strong></span> 
     </span>
    </p>
   </div>
   <div class='ocr_carea' id='block_1_7' title="bbox 9 811 3364 888">
    <p class='ocr_par' dir='ltr' id='par_1_7' title="bbox 9 811 3364 888">
     <span class='ocr_line' id='line_1_7' title="bbox 9 811 3364 888; baseline -0.001 -19"><span class='ocrx_word' id='word_1_73' title='bbox 9 819 384 886; x_wconf 75' lang='lat' dir='ltr'><strong>prophetam</strong></span> <span class='ocrx_word' id='word_1_74' title='bbox 406 819 458 870; x_wconf 88' lang='lat' dir='ltr'><strong>in</strong></span> <span class='ocrx_word' id='word_1_75' title='bbox 478 817 716 888; x_wconf 81' lang='lat' dir='ltr'><strong>gentibus</strong></span> <span class='ocrx_word' id='word_1_76' title='bbox 739 818 925 871; x_wconf 85' lang='lat' dir='ltr'><strong>dedite</strong></span> <span class='ocrx_word' id='word_1_77' title='bbox 951 819 1020 848; x_wconf 70' lang='grc'><strong>’⁷³</strong></span> <span class='ocrx_word' id='word_1_78' title='bbox 1043 818 1161 888; x_wconf 61' lang='grc' dir='ltr'><strong>μεν</strong></span> <span class='ocrx_word' id='word_1_79' title='bbox 1207 833 1248 880; x_wconf 84' lang='grc' dir='ltr'><strong>ι,</strong></span> <span class='ocrx_word' id='word_1_80' title='bbox 1272 817 1348 887; x_wconf 83' lang='grc'><strong>5).</strong></span> <span class='ocrx_word' id='word_1_81' title='bbox 1375 817 1448 871; x_wconf 88' lang='lat' dir='ltr'><strong>De</strong></span> <span class='ocrx_word' id='word_1_82' title='bbox 1467 815 1675 872; x_wconf 83' lang='lat' dir='ltr'><strong>Joanne</strong></span> <span class='ocrx_word' id='word_1_83' title='bbox 1779 813 2272 868; x_wconf 90' lang='lat' dir='ltr'><strong>transcendentium</strong></span> <span class='ocrx_word' id='word_1_84' title='bbox 2313 811 2571 867; x_wconf 84' lang='lat' dir='ltr'><strong>Dominus</strong></span> <span class='ocrx_word' id='word_1_85' title='bbox 2607 821 2662 867; x_wconf 92' lang='lat' dir='ltr'><strong>et</strong></span> <span class='ocrx_word' id='word_1_86' title='bbox 2702 813 2874 867; x_wconf 82' lang='lat' dir='ltr'><strong>factor</strong></span> <span class='ocrx_word' id='word_1_87' title='bbox 2911 825 2961 868; x_wconf 92' lang='lat' dir='ltr'><strong>te</strong></span> <span class='ocrx_word' id='word_1_88' title='bbox 3000 814 3274 868; x_wconf 90' lang='lat' dir='ltr'><strong>dominam</strong></span> <span class='ocrx_word' id='word_1_89' title='bbox 3307 823 3364 867; x_wconf 91' lang='lat' dir='ltr'><strong>et</strong></span> 
     </span>
    </p>
   </div>
   <div class='ocr_carea' id='block_1_8' title="bbox 17 905 3358 980">
    <p class='ocr_par' dir='ltr' id='par_1_8' title="bbox 17 905 3358 980">
     <span class='ocr_line' id='line_1_8' title="bbox 17 905 3358 980; baseline -0.001 -20"><span class='ocrx_word' id='word_1_90' title='bbox 17 924 300 980; x_wconf 80' lang='lat' dir='ltr'><strong>quoque</strong></span> <span class='ocrx_word' id='word_1_91' title='bbox 331 909 574 980; x_wconf 77' lang='lat' dir='ltr'><strong>angelus,</strong></span> <span class='ocrx_word' id='word_1_92' title='bbox 602 909 691 978; x_wconf 90' lang='lat' dir='ltr'><strong>qui</strong></span> <span class='ocrx_word' id='word_1_93' title='bbox 719 924 841 964; x_wconf 90' lang='lat' dir='ltr'><strong>eum</strong></span> <span class='ocrx_word' id='word_1_94' title='bbox 881 909 1210 962; x_wconf 82' lang='lat' dir='ltr'><strong>nasciturum</strong></span> <span class='ocrx_word' id='word_1_95' title='bbox 1245 908 1671 976; x_wconf 65' lang='lat' dir='ltr'><strong>praenuntiabat,</strong></span> <span class='ocrx_word' id='word_1_96' title='bbox 1777 905 2176 975; x_wconf 88' lang='lat' dir='ltr'><strong>imperatricem</strong></span> <span class='ocrx_word' id='word_1_97' title='bbox 2218 905 2500 960; x_wconf 88' lang='lat' dir='ltr'><strong>constituit</strong></span> <span class='ocrx_word' id='word_1_98' title='bbox 2549 905 2808 960; x_wconf 68' lang='lat' dir='ltr'><strong>caelorum</strong></span> <span class='ocrx_word' id='word_1_99' title='bbox 2853 915 3017 975; x_wconf 89' lang='lat' dir='ltr'><strong>atque</strong></span> <span class='ocrx_word' id='word_1_100' title='bbox 3071 917 3358 970; x_wconf 89' lang='lat' dir='ltr'><strong>terrarum,</strong></span> 
     </span>
    </p>
   </div>
   <div class='ocr_carea' id='block_1_9' title="bbox 18 986 3362 1069">
    <p class='ocr_par' dir='ltr' id='par_1_9' title="bbox 18 986 3362 1069">
     <span class='ocr_line' id='line_1_9' title="bbox 18 986 3362 1069; baseline -0.001 -17"><span class='ocrx_word' id='word_1_101' title='bbox 18 1001 320 1055; x_wconf 78' lang='lat' dir='ltr'><strong>asseruit</strong></span> <span class='ocrx_word' id='word_1_102' title='bbox 358 1000 497 1069; x_wconf 88' lang='lat' dir='ltr'><strong>quod</strong></span> <span class='ocrx_word' id='word_1_103' title='bbox 542 999 744 1068; x_wconf 90' lang='lat' dir='ltr'><strong>Spiritu</strong></span> <span class='ocrx_word' id='word_1_104' title='bbox 795 1009 985 1054; x_wconf 88' lang='lat' dir='ltr'><strong>sancto</strong></span> <span class='ocrx_word' id='word_1_105' title='bbox 1037 997 1334 1067; x_wconf 86' lang='lat' dir='ltr'><strong>repleretur</strong></span> <span class='ocrx_word' id='word_1_106' title='bbox 1383 997 1558 1050; x_wconf 90' lang='lat' dir='ltr'><strong>adhuc</strong></span> <span class='ocrx_word' id='word_1_107' title='bbox 1606 1011 1674 1050; x_wconf 80' lang='lat' dir='ltr'><strong>ex</strong></span> <span class='ocrx_word' id='word_1_108' title='bbox 1776 1006 1830 1051; x_wconf 90' lang='lat' dir='ltr'><strong>et</strong></span> <span class='ocrx_word' id='word_1_109' title='bbox 1855 997 1934 1052; x_wconf 91' lang='lat' dir='ltr'><strong>sic</strong></span> <span class='ocrx_word' id='word_1_110' title='bbox 1963 997 2197 1052; x_wconf 89' lang='lat' dir='ltr'><strong>marium</strong></span> <span class='ocrx_word' id='word_1_111' title='bbox 2226 1007 2280 1050; x_wconf 89' lang='lat' dir='ltr'><strong>et</strong></span> <span class='ocrx_word' id='word_1_112' title='bbox 2307 995 2548 1050; x_wconf 91' lang='lat' dir='ltr'><strong>omnium</strong></span> <span class='ocrx_word' id='word_1_113' title='bbox 2579 986 2966 1050; x_wconf 76' lang='lat' dir='ltr'><strong>elementorum</strong></span> <span class='ocrx_word' id='word_1_114' title='bbox 2991 1037 3006 1056; x_wconf 91' lang='lat'><strong>,</strong></span> <span class='ocrx_word' id='word_1_115' title='bbox 3035 1011 3160 1050; x_wconf 89' lang='lat' dir='ltr'><strong>cum</strong></span> <span class='ocrx_word' id='word_1_116' title='bbox 3188 996 3362 1050; x_wconf 89' lang='lat' dir='ltr'><strong>omni-</strong></span> 
     </span>
    </p>
   </div>
   <div class='ocr_carea' id='block_1_10' title="bbox 22 1081 3360 1162">
    <p class='ocr_par' dir='ltr' id='par_1_10' title="bbox 22 1081 3360 1162">
     <span class='ocr_line' id='line_1_10' title="bbox 22 1081 3360 1162; baseline 0 -22"><span class='ocrx_word' id='word_1_117' title='bbox 22 1101 215 1145; x_wconf 82' lang='lat' dir='ltr'><strong>tttero</strong></span> <span class='ocrx_word' id='word_1_118' title='bbox 246 1091 444 1146; x_wconf 89' lang='lat' dir='ltr'><strong>matris</strong></span> <span class='ocrx_word' id='word_1_119' title='bbox 464 1107 573 1147; x_wconf 67' lang='lat' dir='ltr'><strong>suae</strong></span> <span class='ocrx_word' id='word_1_120' title='bbox 599 1089 752 1162; x_wconf 86' lang='lat' dir='ltr'><strong>(Luc.</strong></span> <span class='ocrx_word' id='word_1_121' title='bbox 778 1081 944 1160; x_wconf 42' lang='lat' dir='ltr'><strong>alii).</strong></span> <span class='ocrx_word' id='word_1_122' title='bbox 975 1089 1031 1144; x_wconf 88' lang='lat' dir='ltr'><strong>Si</strong></span> <span class='ocrx_word' id='word_1_123' title='bbox 1058 1089 1219 1160; x_wconf 84' lang='lat' dir='ltr'><strong>igitur</strong></span> <span class='ocrx_word' id='word_1_124' title='bbox 1239 1086 1523 1153; x_wconf 89' lang='lat' dir='ltr'><strong>Jercmias,</strong></span> <span class='ocrx_word' id='word_1_125' title='bbox 1547 1088 1674 1157; x_wconf 86' lang='lat' dir='ltr'><strong>quia</strong></span> <span class='ocrx_word' id='word_1_126' title='bbox 1776 1089 1878 1145; x_wconf 88' lang='lat' dir='ltr'><strong>bus</strong></span> <span class='ocrx_word' id='word_1_127' title='bbox 1907 1105 2025 1159; x_wconf 73' lang='lat' dir='ltr'><strong>qua:</strong></span> <span class='ocrx_word' id='word_1_128' title='bbox 2054 1089 2105 1142; x_wconf 90' lang='lat' dir='ltr'><strong>in</strong></span> <span class='ocrx_word' id='word_1_129' title='bbox 2138 1088 2267 1159; x_wconf 86' lang='lat' dir='ltr'><strong>ipsis</strong></span> <span class='ocrx_word' id='word_1_130' title='bbox 2300 1097 2444 1152; x_wconf 88' lang='lat' dir='ltr'><strong>sunt,</strong></span> <span class='ocrx_word' id='word_1_131' title='bbox 2480 1087 2697 1141; x_wconf 89' lang='lat' dir='ltr'><strong>domina</strong></span> <span class='ocrx_word' id='word_1_132' title='bbox 2728 1097 2782 1140; x_wconf 87' lang='lat' dir='ltr'><strong>et</strong></span> <span class='ocrx_word' id='word_1_133' title='bbox 2820 1087 3134 1157; x_wconf 82' lang='lat' dir='ltr'><strong>imperatrix</strong></span> <span class='ocrx_word' id='word_1_134' title='bbox 3189 1089 3360 1144; x_wconf 83' lang='lat' dir='ltr'><strong>exsti-</strong></span> 
     </span>
    </p>
   </div>
   <div class='ocr_carea' id='block_1_11' title="bbox 19 1168 3362 1252">
    <p class='ocr_par' dir='ltr' id='par_1_11' title="bbox 19 1168 3362 1252">
     <span class='ocr_line' id='line_1_11' title="bbox 19 1168 3362 1252; baseline -0.001 -16"><span class='ocrx_word' id='word_1_135' title='bbox 19 1181 106 1212; x_wconf 72' lang='lat'><strong>&quot;’</strong></span> <span class='ocrx_word' id='word_1_136' title='bbox 173 1183 239 1236; x_wconf 84' lang='lat' dir='ltr'><strong>in</strong></span> <span class='ocrx_word' id='word_1_137' title='bbox 301 1184 551 1251; x_wconf 75' lang='lat' dir='ltr'><strong>gentibus</strong></span> <span class='ocrx_word' id='word_1_138' title='bbox 581 1192 697 1236; x_wconf 85' lang='lat' dir='ltr'><strong>erat</strong></span> <span class='ocrx_word' id='word_1_139' title='bbox 737 1182 998 1252; x_wconf 87' lang='lat' dir='ltr'><strong>pr0pheta</strong></span> <span class='ocrx_word' id='word_1_140' title='bbox 1045 1180 1280 1243; x_wconf 87' lang='lat' dir='ltr'><strong>futurus,</strong></span> <span class='ocrx_word' id='word_1_141' title='bbox 1314 1179 1364 1232; x_wconf 90' lang='lat' dir='ltr'><strong>in</strong></span> <span class='ocrx_word' id='word_1_142' title='bbox 1409 1178 1562 1233; x_wconf 89' lang='lat' dir='ltr'><strong>vulva</strong></span> <span class='ocrx_word' id='word_1_143' title='bbox 1593 1195 1676 1240; x_wconf 73' lang='lat' dir='ltr'><strong>est</strong></span> <span class='ocrx_word' id='word_1_144' title='bbox 1779 1180 1888 1234; x_wconf 91' lang='lat' dir='ltr'><strong>tisti</strong></span> <span class='ocrx_word' id='word_1_145' title='bbox 1922 1189 1976 1233; x_wconf 91' lang='lat' dir='ltr'><strong>et</strong></span> <span class='ocrx_word' id='word_1_146' title='bbox 2006 1179 2216 1244; x_wconf 82' lang='lat' dir='ltr'><strong>existis,</strong></span> <span class='ocrx_word' id='word_1_147' title='bbox 2245 1188 2302 1232; x_wconf 88' lang='lat' dir='ltr'><strong>et</strong></span> <span class='ocrx_word' id='word_1_148' title='bbox 2331 1188 2388 1232; x_wconf 89' lang='lat' dir='ltr'><strong>ut</strong></span> <span class='ocrx_word' id='word_1_149' title='bbox 2435 1179 2508 1231; x_wconf 89' lang='lat' dir='ltr'><strong>ita</strong></span> <span class='ocrx_word' id='word_1_150' title='bbox 2555 1191 2725 1244; x_wconf 90' lang='lat' dir='ltr'><strong>esses,</strong></span> <span class='ocrx_word' id='word_1_151' title='bbox 2760 1168 2814 1230; x_wconf 85' lang='lat' dir='ltr'><strong>in</strong></span> <span class='ocrx_word' id='word_1_152' title='bbox 2845 1187 2999 1231; x_wconf 91' lang='lat' dir='ltr'><strong>utero</strong></span> <span class='ocrx_word' id='word_1_153' title='bbox 3038 1178 3225 1231; x_wconf 84' lang='lat' dir='ltr'><strong>matris</strong></span> <span class='ocrx_word' id='word_1_154' title='bbox 3258 1188 3362 1232; x_wconf 75' lang='lat' dir='ltr'><strong>tua:</strong></span> 
     </span>
    </p>
   </div>
   <div class='ocr_carea' id='block_1_12' title="bbox 17 1265 3359 1340">
    <p class='ocr_par' dir='ltr' id='par_1_12' title="bbox 17 1265 3359 1340">
     <span class='ocr_line' id='line_1_12' title="bbox 17 1265 3359 1340; baseline -0.002 -14"><span class='ocrx_word' id='word_1_155' title='bbox 17 1273 471 1337; x_wconf 82' lang='lat' dir='ltr'><strong>sanctificatus,</strong></span> <span class='ocrx_word' id='word_1_156' title='bbox 500 1282 554 1328; x_wconf 86' lang='lat' dir='ltr'><strong>et</strong></span> <span class='ocrx_word' id='word_1_157' title='bbox 575 1273 830 1339; x_wconf 83' lang='lat' dir='ltr'><strong>Joannes,</strong></span> <span class='ocrx_word' id='word_1_158' title='bbox 857 1273 1141 1329; x_wconf 90' lang='lat' dir='ltr'><strong>Dominum</strong></span> <span class='ocrx_word' id='word_1_159' title='bbox 1173 1274 1224 1328; x_wconf 91' lang='lat' dir='ltr'><strong>in</strong></span> <span class='ocrx_word' id='word_1_160' title='bbox 1257 1271 1469 1340; x_wconf 90' lang='lat' dir='ltr'><strong>spiritu,</strong></span> <span class='ocrx_word' id='word_1_161' title='bbox 1489 1287 1543 1330; x_wconf 79' lang='lat' dir='ltr'><strong>et</strong></span> <span class='ocrx_word' id='word_1_162' title='bbox 1571 1278 1674 1330; x_wconf 69' lang='lat' dir='ltr'><strong>vir-</strong></span> <span class='ocrx_word' id='word_1_163' title='bbox 1776 1285 1805 1323; x_wconf 90' lang='lat' dir='ltr'><strong>a</strong></span> <span class='ocrx_word' id='word_1_164' title='bbox 1833 1267 2140 1340; x_wconf 87' lang='lat' dir='ltr'><strong>primordiis</strong></span> <span class='ocrx_word' id='word_1_165' title='bbox 2165 1267 2566 1337; x_wconf 88' lang='lat' dir='ltr'><strong>conceptionis,</strong></span> <span class='ocrx_word' id='word_1_166' title='bbox 2604 1275 2864 1335; x_wconf 85' lang='lat' dir='ltr'><strong>cperante</strong></span> <span class='ocrx_word' id='word_1_167' title='bbox 2896 1265 3098 1336; x_wconf 87' lang='lat' dir='ltr'><strong>Spiritu</strong></span> <span class='ocrx_word' id='word_1_168' title='bbox 3150 1276 3359 1332; x_wconf 75' lang='lat' dir='ltr'><strong>sancto,</strong></span> 
     </span>
    </p>
   </div>
   <div class='ocr_carea' id='block_1_13' title="bbox 17 1357 1674 1439">
    <p class='ocr_par' dir='ltr' id='par_1_13' title="bbox 17 1364 1673 1439">
     <span class='ocr_line' id='line_1_13' title="bbox 17 1364 1673 1439; baseline 0.002 -22"><span class='ocrx_word' id='word_1_169' title='bbox 17 1375 158 1418; x_wconf 84' lang='lat' dir='ltr'><strong>tute</strong></span> <span class='ocrx_word' id='word_1_170' title='bbox 214 1364 365 1419; x_wconf 71' lang='lat' dir='ltr'><strong>Elite</strong></span> <span class='ocrx_word' id='word_1_171' title='bbox 404 1380 769 1436; x_wconf 73' lang='lat' dir='ltr'><strong>przecessurus</strong></span> <span class='ocrx_word' id='word_1_172' title='bbox 802 1367 976 1437; x_wconf 85' lang='lat' dir='ltr'><strong>(ibid.,</strong></span> <span class='ocrx_word' id='word_1_173' title='bbox 1006 1367 1115 1438; x_wconf 82' lang='grc'><strong>17),</strong></span> <span class='ocrx_word' id='word_1_174' title='bbox 1144 1365 1346 1439; x_wconf 88' lang='lat' dir='ltr'><strong>Spiritu</strong></span> <span class='ocrx_word' id='word_1_175' title='bbox 1376 1377 1566 1422; x_wconf 90' lang='lat' dir='ltr'><strong>sancto</strong></span> <span class='ocrx_word' id='word_1_176' title='bbox 1592 1377 1673 1422; x_wconf 89' lang='lat' dir='ltr'><strong>est</strong></span> 
     </span>
    </p>
   </div>
   <div class='ocr_carea' id='block_1_14' title="bbox 1781 1357 3362 1439">
    <p class='ocr_par' dir='ltr' id='par_1_14' title="bbox 1781 1357 3362 1427">
     <span class='ocr_line' id='line_1_14' title="bbox 1781 1357 3362 1427; baseline -0.004 -11"><span class='ocrx_word' id='word_1_177' title='bbox 1781 1361 2046 1416; x_wconf 83' lang='lat' dir='ltr'><strong>creabaris</strong></span> <span class='ocrx_word' id='word_1_178' title='bbox 2102 1361 2194 1415; x_wconf 82' lang='grc'><strong>³⁷⁷.</strong></span> <span class='ocrx_word' id='word_1_179' title='bbox 2253 1359 2333 1414; x_wconf 87' lang='lat' dir='ltr'><strong>lla</strong></span> <span class='ocrx_word' id='word_1_180' title='bbox 2393 1368 2509 1424; x_wconf 90' lang='lat' dir='ltr'><strong>est,</strong></span> <span class='ocrx_word' id='word_1_181' title='bbox 2562 1359 2702 1413; x_wconf 88' lang='lat' dir='ltr'><strong>bona</strong></span> <span class='ocrx_word' id='word_1_182' title='bbox 2741 1357 3009 1420; x_wconf 88' lang='lat' dir='ltr'><strong>Domina,</strong></span> <span class='ocrx_word' id='word_1_183' title='bbox 3061 1366 3116 1412; x_wconf 93' lang='lat' dir='ltr'><strong>et</strong></span> <span class='ocrx_word' id='word_1_184' title='bbox 3161 1357 3362 1427; x_wconf 79' lang='lat' dir='ltr'><strong>gaude-</strong></span> 
     </span>
    </p>
   </div>
   <div class='ocr_carea' id='block_1_15' title="bbox 23 1448 3360 1530">
    <p class='ocr_par' dir='ltr' id='par_1_15' title="bbox 23 1448 3360 1530">
     <span class='ocr_line' id='line_1_15' title="bbox 23 1448 3360 1530; baseline -0.003 -19"><span class='ocrx_word' id='word_1_185' title='bbox 23 1474 100 1511; x_wconf 81' lang='lat' dir='ltr'><strong>ex</strong></span> <span class='ocrx_word' id='word_1_186' title='bbox 133 1467 324 1511; x_wconf 85' lang='lat' dir='ltr'><strong>utero</strong></span> <span class='ocrx_word' id='word_1_187' title='bbox 351 1458 542 1512; x_wconf 83' lang='lat' dir='ltr'><strong>matris</strong></span> <span class='ocrx_word' id='word_1_188' title='bbox 565 1458 816 1528; x_wconf 85' lang='lat' dir='ltr'><strong>repletus,</strong></span> <span class='ocrx_word' id='word_1_189' title='bbox 838 1460 961 1528; x_wconf 87' lang='lat' dir='ltr'><strong>quis</strong></span> <span class='ocrx_word' id='word_1_190' title='bbox 983 1459 1160 1514; x_wconf 81' lang='lat' dir='ltr'><strong>dicere</strong></span> <span class='ocrx_word' id='word_1_191' title='bbox 1188 1460 1672 1530; x_wconf 81' lang='lat' dir='ltr'><strong>audeatsingulare</strong></span> <span class='ocrx_word' id='word_1_192' title='bbox 1775 1469 1895 1508; x_wconf 84' lang='lat' dir='ltr'><strong>ntus</strong></span> <span class='ocrx_word' id='word_1_193' title='bbox 1937 1454 2009 1507; x_wconf 86' lang='lat' dir='ltr'><strong>ita</strong></span> <span class='ocrx_word' id='word_1_194' title='bbox 2063 1468 2204 1508; x_wconf 88' lang='lat' dir='ltr'><strong>esse.</strong></span> <span class='ocrx_word' id='word_1_195' title='bbox 2251 1450 2501 1520; x_wconf 82' lang='lat' dir='ltr'><strong>Nunquid</strong></span> <span class='ocrx_word' id='word_1_196' title='bbox 2551 1466 2710 1519; x_wconf 80' lang='lat' dir='ltr'><strong>ergo,</strong></span> <span class='ocrx_word' id='word_1_197' title='bbox 2767 1449 3077 1504; x_wconf 83' lang='lat' dir='ltr'><strong>dulcissima</strong></span> <span class='ocrx_word' id='word_1_198' title='bbox 3121 1448 3360 1512; x_wconf 84' lang='lat' dir='ltr'><strong>domina,</strong></span> 
     </span>
    </p>
   </div>
   <div class='ocr_carea' id='block_1_16' title="bbox 20 1536 1674 1621">
    <p class='ocr_par' dir='ltr' id='par_1_16' title="bbox 20 1549 1674 1621">
     <span class='ocr_line' id='line_1_16' title="bbox 20 1549 1674 1621; baseline 0.002 -20"><span class='ocrx_word' id='word_1_199' title='bbox 20 1551 216 1603; x_wconf 85' lang='lat' dir='ltr'><strong>totius</strong></span> <span class='ocrx_word' id='word_1_200' title='bbox 250 1549 448 1603; x_wconf 68' lang='lat' dir='ltr'><strong>smculi</strong></span> <span class='ocrx_word' id='word_1_201' title='bbox 480 1550 962 1620; x_wconf 85' lang='lat' dir='ltr'><strong>propitiatiorium,</strong></span> <span class='ocrx_word' id='word_1_202' title='bbox 987 1567 1052 1606; x_wconf 85' lang='lat' dir='ltr'><strong>ac</strong></span> <span class='ocrx_word' id='word_1_203' title='bbox 1078 1551 1200 1606; x_wconf 88' lang='lat' dir='ltr'><strong>Filii</strong></span> <span class='ocrx_word' id='word_1_204' title='bbox 1220 1551 1312 1607; x_wconf 88' lang='lat' dir='ltr'><strong>Dei</strong></span> <span class='ocrx_word' id='word_1_205' title='bbox 1335 1552 1674 1621; x_wconf 84' lang='lat' dir='ltr'><strong>omnipoten-</strong></span> 
     </span>
    </p>
   </div>
   <div class='ocr_carea' id='block_1_17' title="bbox 1781 1536 3360 1621">
    <p class='ocr_par' dir='ltr' id='par_1_17' title="bbox 1781 1536 3360 1611">
     <span class='ocr_line' id='line_1_17' title="bbox 1781 1536 3360 1611; baseline -0.004 -15"><span class='ocrx_word' id='word_1_206' title='bbox 1781 1542 2017 1611; x_wconf 88' lang='lat' dir='ltr'><strong>nunquid</strong></span> <span class='ocrx_word' id='word_1_207' title='bbox 2056 1551 2109 1596; x_wconf 90' lang='lat' dir='ltr'><strong>tu</strong></span> <span class='ocrx_word' id='word_1_208' title='bbox 2143 1549 2290 1595; x_wconf 87' lang='lat' dir='ltr'><strong>tanta</strong></span> <span class='ocrx_word' id='word_1_209' title='bbox 2336 1539 2515 1593; x_wconf 87' lang='lat' dir='ltr'><strong>futura</strong></span> <span class='ocrx_word' id='word_1_210' title='bbox 2540 1539 2638 1605; x_wconf 72' lang='grc'><strong>⁸³⁷⁸,</strong></span> <span class='ocrx_word' id='word_1_211' title='bbox 2665 1538 2872 1593; x_wconf 90' lang='lat' dir='ltr'><strong>Summi</strong></span> <span class='ocrx_word' id='word_1_212' title='bbox 2906 1537 3161 1592; x_wconf 80' lang='lat' dir='ltr'><strong>videlicet</strong></span> <span class='ocrx_word' id='word_1_213' title='bbox 3189 1536 3360 1591; x_wconf 86' lang='lat' dir='ltr'><strong>Mater</strong></span> 
     </span>
    </p>
   </div>
   <div class='ocr_carea' id='block_1_18' title="bbox 17 1628 1674 1714">
    <p class='ocr_par' dir='ltr' id='par_1_18' title="bbox 17 1636 1674 1714">
     <span class='ocr_line' id='line_1_18' title="bbox 17 1636 1674 1714; baseline 0.002 -20"><span class='ocrx_word' id='word_1_214' title='bbox 17 1642 106 1694; x_wconf 86' lang='lat' dir='ltr'><strong>tis</strong></span> <span class='ocrx_word' id='word_1_215' title='bbox 136 1636 552 1696; x_wconf 79' lang='lat' dir='ltr'><strong>dulcissimum</strong></span> <span class='ocrx_word' id='word_1_216' title='bbox 579 1639 1005 1710; x_wconf 89' lang='lat' dir='ltr'><strong>reclinatorittm,</strong></span> <span class='ocrx_word' id='word_1_217' title='bbox 1050 1659 1172 1699; x_wconf 76' lang='lat' dir='ltr'><strong>mox</strong></span> <span class='ocrx_word' id='word_1_218' title='bbox 1226 1644 1277 1697; x_wconf 94' lang='lat' dir='ltr'><strong>in</strong></span> <span class='ocrx_word' id='word_1_219' title='bbox 1307 1658 1418 1697; x_wconf 73' lang='lat' dir='ltr'><strong>sua:</strong></span> <span class='ocrx_word' id='word_1_220' title='bbox 1446 1659 1674 1714; x_wconf 83' lang='lat' dir='ltr'><strong>concep-</strong></span> 
     </span>
    </p>
   </div>
   <div class='ocr_carea' id='block_1_19' title="bbox 1781 1628 3366 1714">
    <p class='ocr_par' dir='ltr' id='par_1_19' title="bbox 1781 1628 3366 1700">
     <span class='ocr_line' id='line_1_19' title="bbox 1781 1628 3366 1700; baseline -0.004 -12"><span class='ocrx_word' id='word_1_221' title='bbox 1781 1635 1952 1696; x_wconf 87' lang='lat' dir='ltr'><strong>nnica,</strong></span> <span class='ocrx_word' id='word_1_222' title='bbox 1986 1641 2042 1688; x_wconf 86' lang='lat' dir='ltr'><strong>et</strong></span> <span class='ocrx_word' id='word_1_223' title='bbox 2067 1631 2308 1689; x_wconf 91' lang='lat' dir='ltr'><strong>omnium</strong></span> <span class='ocrx_word' id='word_1_224' title='bbox 2340 1647 2458 1700; x_wconf 65' lang='lat' dir='ltr'><strong>quae</strong></span> <span class='ocrx_word' id='word_1_225' title='bbox 2490 1630 2731 1694; x_wconf 88' lang='lat' dir='ltr'><strong>fuerunt,</strong></span> <span class='ocrx_word' id='word_1_226' title='bbox 2760 1639 2882 1684; x_wconf 92' lang='lat' dir='ltr'><strong>sunt</strong></span> <span class='ocrx_word' id='word_1_227' title='bbox 2914 1628 2998 1683; x_wconf 86' lang='lat' dir='ltr'><strong>vel</strong></span> <span class='ocrx_word' id='word_1_228' title='bbox 3024 1637 3205 1694; x_wconf 92' lang='lat' dir='ltr'><strong>erunt,</strong></span> <span class='ocrx_word' id='word_1_229' title='bbox 3236 1644 3366 1699; x_wconf 85' lang='lat' dir='ltr'><strong>pru-</strong></span> 
     </span>
    </p>
   </div>
   <div class='ocr_carea' id='block_1_20' title="bbox 21 1718 3357 1804">
    <p class='ocr_par' dir='ltr' id='par_1_20' title="bbox 21 1718 3357 1804">
     <span class='ocr_line' id='line_1_20' title="bbox 21 1718 3357 1804; baseline -0.001 -20"><span class='ocrx_word' id='word_1_230' title='bbox 21 1732 215 1786; x_wconf 82' lang='lat' dir='ltr'><strong>tiouis</strong></span> <span class='ocrx_word' id='word_1_231' title='bbox 281 1732 516 1786; x_wconf 78' lang='lat' dir='ltr'><strong>exordio</strong></span> <span class='ocrx_word' id='word_1_232' title='bbox 555 1732 790 1802; x_wconf 81' lang='lat' dir='ltr'><strong>Spiritus</strong></span> <span class='ocrx_word' id='word_1_233' title='bbox 852 1734 1025 1788; x_wconf 84' lang='lat' dir='ltr'><strong>sancti</strong></span> <span class='ocrx_word' id='word_1_234' title='bbox 1081 1735 1268 1804; x_wconf 79' lang='lat' dir='ltr'><strong>gratiae</strong></span> <span class='ocrx_word' id='word_1_235' title='bbox 1317 1733 1672 1788; x_wconf 83' lang='lat' dir='ltr'><strong>illustratione</strong></span> <span class='ocrx_word' id='word_1_236' title='bbox 1777 1725 1910 1779; x_wconf 85' lang='lat' dir='ltr'><strong>dens</strong></span> <span class='ocrx_word' id='word_1_237' title='bbox 1941 1740 2004 1778; x_wconf 83' lang='lat' dir='ltr'><strong>ac</strong></span> <span class='ocrx_word' id='word_1_238' title='bbox 2034 1723 2235 1778; x_wconf 85' lang='lat' dir='ltr'><strong>nobilis</strong></span> <span class='ocrx_word' id='word_1_239' title='bbox 2261 1730 2383 1794; x_wconf 79' lang='lat' dir='ltr'><strong>post</strong></span> <span class='ocrx_word' id='word_1_240' title='bbox 2430 1721 2598 1775; x_wconf 87' lang='lat' dir='ltr'><strong>lilium</strong></span> <span class='ocrx_word' id='word_1_241' title='bbox 2642 1729 2792 1774; x_wconf 81' lang='lat' dir='ltr'><strong>tuum</strong></span> <span class='ocrx_word' id='word_1_242' title='bbox 2840 1718 3178 1788; x_wconf 76' lang='lat' dir='ltr'><strong>imperatrix,</strong></span> <span class='ocrx_word' id='word_1_243' title='bbox 3223 1735 3357 1773; x_wconf 86' lang='lat' dir='ltr'><strong>nun-</strong></span> 
     </span>
    </p>
   </div>
   <div class='ocr_carea' id='block_1_21' title="bbox 17 1812 3358 1896">
    <p class='ocr_par' dir='ltr' id='par_1_21' title="bbox 17 1812 3358 1896">
     <span class='ocr_line' id='line_1_21' title="bbox 17 1812 3358 1896; baseline -0.003 -21"><span class='ocrx_word' id='word_1_244' title='bbox 17 1824 412 1878; x_wconf 83' lang='lat' dir='ltr'><strong>destitutum.</strong></span> <span class='ocrx_word' id='word_1_245' title='bbox 447 1823 700 1878; x_wconf 84' lang='lat' dir='ltr'><strong>Testante</strong></span> <span class='ocrx_word' id='word_1_246' title='bbox 723 1839 850 1878; x_wconf 80' lang='lat' dir='ltr'><strong>vero</strong></span> <span class='ocrx_word' id='word_1_247' title='bbox 873 1824 1153 1896; x_wconf 78' lang='lat' dir='ltr'><strong>Scriptura</strong></span> <span class='ocrx_word' id='word_1_248' title='bbox 1183 1843 1196 1881; x_wconf 83' lang='lat'><strong>;</strong></span> <span class='ocrx_word' id='word_1_249' title='bbox 1223 1825 1318 1880; x_wconf 69' lang='lat' dir='ltr'><strong>Ubi</strong></span> <span class='ocrx_word' id='word_1_250' title='bbox 1339 1827 1575 1896; x_wconf 59' lang='grc' dir='ltr'><strong>ερξνξιιιε,</strong></span> <span class='ocrx_word' id='word_1_251' title='bbox 1594 1826 1664 1879; x_wconf 66' lang='grc' dir='ltr'>ξω</span> <span class='ocrx_word' id='word_1_252' title='bbox 1699 1813 1742 1867; x_wconf 85' lang='grc' dir='ltr'><strong>Β</strong></span> <span class='ocrx_word' id='word_1_253' title='bbox 1767 1817 1894 1888; x_wconf 90' lang='lat' dir='ltr'><strong>quid</strong></span> <span class='ocrx_word' id='word_1_254' title='bbox 1926 1817 1978 1873; x_wconf 93' lang='lat' dir='ltr'><strong>in</strong></span> <span class='ocrx_word' id='word_1_255' title='bbox 2002 1813 2462 1872; x_wconf 81' lang='lat' dir='ltr'><strong>exordiotuotalis</strong></span> <span class='ocrx_word' id='word_1_256' title='bbox 2481 1828 2602 1868; x_wconf 90' lang='lat' dir='ltr'><strong>esse</strong></span> <span class='ocrx_word' id='word_1_257' title='bbox 2627 1812 2857 1867; x_wconf 83' lang='lat' dir='ltr'><strong>debuisti</strong></span> <span class='ocrx_word' id='word_1_258' title='bbox 2891 1820 2948 1866; x_wconf 92' lang='lat' dir='ltr'><strong>ut</strong></span> <span class='ocrx_word' id='word_1_259' title='bbox 2966 1813 3206 1866; x_wconf 91' lang='lat' dir='ltr'><strong>omnium</strong></span> <span class='ocrx_word' id='word_1_260' title='bbox 3230 1827 3358 1882; x_wconf 90' lang='lat' dir='ltr'><strong>quo-</strong></span> 
     </span>
    </p>
   </div>
   <div class='ocr_carea' id='block_1_22' title="bbox 19 1901 3364 1988">
    <p class='ocr_par' dir='ltr' id='par_1_22' title="bbox 19 1901 3364 1988">
     <span class='ocr_line' id='line_1_22' title="bbox 19 1901 3364 1988; baseline -0.004 -21"><span class='ocrx_word' id='word_1_261' title='bbox 19 1916 274 1970; x_wconf 76' lang='lat' dir='ltr'><strong>libet-tas</strong></span> <span class='ocrx_word' id='word_1_262' title='bbox 302 1914 395 1984; x_wconf 89' lang='lat' dir='ltr'><strong>(Il</strong></span> <span class='ocrx_word' id='word_1_263' title='bbox 417 1915 541 1970; x_wconf 84' lang='lat' dir='ltr'><strong>Cor.</strong></span> <span class='ocrx_word' id='word_1_264' title='bbox 568 1932 650 1981; x_wconf 82' lang='grc' dir='ltr'><strong>ιιι,</strong></span> <span class='ocrx_word' id='word_1_265' title='bbox 671 1917 782 1986; x_wconf 83' lang='lat' dir='ltr'><strong>l7),</strong></span> <span class='ocrx_word' id='word_1_266' title='bbox 814 1933 843 1970; x_wconf 90' lang='lat' dir='ltr'><strong>a</strong></span> <span class='ocrx_word' id='word_1_267' title='bbox 875 1917 1136 1972; x_wconf 88' lang='lat' dir='ltr'><strong>servitute</strong></span> <span class='ocrx_word' id='word_1_268' title='bbox 1160 1903 1324 1988; x_wconf 81' lang='lat' dir='ltr'><strong>igitur</strong></span> <span class='ocrx_word' id='word_1_269' title='bbox 1342 1919 1518 1973; x_wconf 92' lang='lat' dir='ltr'><strong>omnis</strong></span> <span class='ocrx_word' id='word_1_270' title='bbox 1545 1933 1672 1987; x_wconf 84' lang='lat' dir='ltr'><strong>pec-</strong></span> <span class='ocrx_word' id='word_1_271' title='bbox 1776 1924 1894 1964; x_wconf 88' lang='lat' dir='ltr'><strong>rum</strong></span> <span class='ocrx_word' id='word_1_272' title='bbox 1921 1918 1972 1962; x_wconf 88' lang='lat' dir='ltr'><strong>te</strong></span> <span class='ocrx_word' id='word_1_273' title='bbox 2001 1905 2286 1960; x_wconf 89' lang='lat' dir='ltr'><strong>Dominum</strong></span> <span class='ocrx_word' id='word_1_274' title='bbox 2314 1905 2383 1935; x_wconf 73' lang='lat'><strong>’7’</strong></span> <span class='ocrx_word' id='word_1_275' title='bbox 2408 1917 2598 1973; x_wconf 79' lang='lat' dir='ltr'><strong>gerere</strong></span> <span class='ocrx_word' id='word_1_276' title='bbox 2638 1901 2946 1957; x_wconf 89' lang='lat' dir='ltr'><strong>certissime</strong></span> <span class='ocrx_word' id='word_1_277' title='bbox 2979 1902 3228 1955; x_wconf 86' lang='lat' dir='ltr'><strong>novitrus</strong></span> <span class='ocrx_word' id='word_1_278' title='bbox 3273 1911 3364 1955; x_wconf 87' lang='lat' dir='ltr'><strong>aut</strong></span> 
     </span>
    </p>
   </div>
   <div class='ocr_carea' id='block_1_23' title="bbox 19 1989 3366 2080">
    <p class='ocr_par' dir='ltr' id='par_1_23' title="bbox 19 1989 3366 2080">
     <span class='ocr_line' id='line_1_23' title="bbox 19 1989 3366 2080; baseline 0.001 -39"><span class='ocrx_word' id='word_1_279' title='bbox 19 2008 146 2061; x_wconf 58' lang='grc' dir='ltr'><strong>ρηιί</strong></span> <span class='ocrx_word' id='word_1_280' title='bbox 184 2005 379 2061; x_wconf 65' lang='lat' dir='ltr'><strong>libera</strong></span> <span class='ocrx_word' id='word_1_281' title='bbox 411 2006 534 2071; x_wconf 53' lang='lat' dir='ltr'><strong>fu“,</strong></span> <span class='ocrx_word' id='word_1_282' title='bbox 583 2023 704 2076; x_wconf 57' lang='lat' dir='ltr'><strong>quae</strong></span> <span class='ocrx_word' id='word_1_283' title='bbox 737 2008 979 2062; x_wconf 66' lang='lat' dir='ltr'><strong>omnim&quot;</strong></span> <span class='ocrx_word' id='word_1_284' title='bbox 1013 2008 1082 2040; x_wconf 67' lang='grc' dir='ltr'><strong>ιη</strong></span> <span class='ocrx_word' id='word_1_285' title='bbox 1107 2018 1450 2080; x_wconf 56' lang='lat' dir='ltr'><strong>peccatorum</strong></span> <span class='ocrx_word' id='word_1_286' title='bbox 1492 2011 1673 2080; x_wconf 66' lang='grc' dir='ltr'><strong>ρτορῖ-</strong></span> <span class='ocrx_word' id='word_1_287' title='bbox 1775 1993 2077 2064; x_wconf 87' lang='lat' dir='ltr'><strong>impuritati</strong></span> <span class='ocrx_word' id='word_1_288' title='bbox 2115 2003 2207 2048; x_wconf 88' lang='lat' dir='ltr'><strong>aut</strong></span> <span class='ocrx_word' id='word_1_289' title='bbox 2254 1990 2577 2062; x_wconf 88' lang='lat' dir='ltr'><strong>subjectioni</strong></span> <span class='ocrx_word' id='word_1_290' title='bbox 2624 1990 2886 2080; x_wconf 88' lang='lat' dir='ltr'><strong>potuisset</strong></span> <span class='ocrx_word' id='word_1_291' title='bbox 2921 1990 3130 2043; x_wconf 85' lang='lat' dir='ltr'><strong>addici?</strong></span> <span class='ocrx_word' id='word_1_292' title='bbox 3157 1989 3248 2043; x_wconf 89' lang='lat' dir='ltr'><strong>Ille</strong></span> <span class='ocrx_word' id='word_1_293' title='bbox 3276 2006 3366 2044; x_wconf 89' lang='lat' dir='ltr'><strong>as-</strong></span> 
     </span>
    </p>
   </div>
   <div class='ocr_carea' id='block_1_24' title="bbox 26 2079 1674 2169">
    <p class='ocr_par' dir='ltr' id='par_1_24' title="bbox 26 2099 1671 2169">
     <span class='ocr_line' id='line_1_24' title="bbox 26 2099 1671 2169; baseline 0.001 -16"><span class='ocrx_word' id='word_1_294' title='bbox 26 2101 241 2154; x_wconf 86' lang='lat' dir='ltr'><strong>lialori</strong></span> <span class='ocrx_word' id='word_1_295' title='bbox 272 2099 430 2165; x_wconf 87' lang='lat' dir='ltr'><strong>aula,</strong></span> <span class='ocrx_word' id='word_1_296' title='bbox 457 2099 509 2155; x_wconf 89' lang='lat' dir='ltr'><strong>in</strong></span> <span class='ocrx_word' id='word_1_297' title='bbox 535 2117 638 2169; x_wconf 83' lang='lat' dir='ltr'><strong>qua</strong></span> <span class='ocrx_word' id='word_1_298' title='bbox 679 2108 734 2154; x_wconf 85' lang='lat' dir='ltr'><strong>et</strong></span> <span class='ocrx_word' id='word_1_299' title='bbox 761 2115 826 2154; x_wconf 77' lang='lat' dir='ltr'><strong>ex</strong></span> <span class='ocrx_word' id='word_1_300' title='bbox 853 2114 960 2169; x_wconf 85' lang='lat' dir='ltr'><strong>qua</strong></span> <span class='ocrx_word' id='word_1_301' title='bbox 993 2100 1349 2169; x_wconf 83' lang='lat' dir='ltr'><strong>personaliter</strong></span> <span class='ocrx_word' id='word_1_302' title='bbox 1376 2101 1537 2156; x_wconf 81' lang='lat' dir='ltr'><strong>homo</strong></span> <span class='ocrx_word' id='word_1_303' title='bbox 1575 2100 1671 2155; x_wconf 85' lang='lat' dir='ltr'><strong>ﬁe-</strong></span> 
     </span>
    </p>
   </div>
   <div class='ocr_carea' id='block_1_25' title="bbox 1781 2079 3368 2169">
    <p class='ocr_par' dir='ltr' id='par_1_25' title="bbox 1781 2079 3368 2154">
     <span class='ocr_line' id='line_1_25' title="bbox 1781 2079 3368 2154; baseline -0.004 -14"><span class='ocrx_word' id='word_1_304' title='bbox 1781 2093 1952 2141; x_wconf 82' lang='lat' dir='ltr'><strong>sertor</strong></span> <span class='ocrx_word' id='word_1_305' title='bbox 1973 2100 2122 2154; x_wconf 73' lang='lat' dir='ltr'><strong>pura:</strong></span> <span class='ocrx_word' id='word_1_306' title='bbox 2143 2083 2418 2149; x_wconf 83' lang='lat' dir='ltr'><strong>veritatis,</strong></span> <span class='ocrx_word' id='word_1_307' title='bbox 2448 2091 2504 2136; x_wconf 90' lang='lat' dir='ltr'><strong>et</strong></span> <span class='ocrx_word' id='word_1_308' title='bbox 2533 2096 2560 2134; x_wconf 89' lang='lat' dir='ltr'><strong>a</strong></span> <span class='ocrx_word' id='word_1_309' title='bbox 2597 2079 2706 2135; x_wconf 83' lang='lat' dir='ltr'><strong>filio</strong></span> <span class='ocrx_word' id='word_1_310' title='bbox 2734 2088 2826 2135; x_wconf 90' lang='lat' dir='ltr'><strong>tuo</strong></span> <span class='ocrx_word' id='word_1_311' title='bbox 2841 2079 2952 2148; x_wconf 88' lang='lat' dir='ltr'><strong>jam</strong></span> <span class='ocrx_word' id='word_1_312' title='bbox 2987 2081 3040 2134; x_wconf 92' lang='lat' dir='ltr'><strong>in</strong></span> <span class='ocrx_word' id='word_1_313' title='bbox 3064 2080 3201 2136; x_wconf 66' lang='lat' dir='ltr'><strong>caalo</strong></span> <span class='ocrx_word' id='word_1_314' title='bbox 3231 2095 3368 2150; x_wconf 82' lang='lat' dir='ltr'><strong>prae-</strong></span> 
     </span>
    </p>
   </div>
   <div class='ocr_carea' id='block_1_26' title="bbox 23 2171 3368 2262">
    <p class='ocr_par' dir='ltr' id='par_1_26' title="bbox 23 2171 3368 2262">
     <span class='ocr_line' id='line_1_26' title="bbox 23 2171 3368 2262; baseline -0.003 -16"><span class='ocrx_word' id='word_1_315' title='bbox 23 2202 141 2253; x_wconf 88' lang='lat' dir='ltr'><strong>ret,</strong></span> <span class='ocrx_word' id='word_1_316' title='bbox 176 2190 442 2262; x_wconf 78' lang='lat' dir='ltr'><strong>Spiritus</strong></span> <span class='ocrx_word' id='word_1_317' title='bbox 467 2191 640 2246; x_wconf 86' lang='lat' dir='ltr'><strong>sancti</strong></span> <span class='ocrx_word' id='word_1_318' title='bbox 667 2191 951 2261; x_wconf 73' lang='lat' dir='ltr'><strong>przesentia</strong></span> <span class='ocrx_word' id='word_1_319' title='bbox 974 2201 1025 2246; x_wconf 89' lang='lat' dir='ltr'><strong>et</strong></span> <span class='ocrx_word' id='word_1_320' title='bbox 1048 2192 1367 2262; x_wconf 89' lang='lat' dir='ltr'><strong>operatione</strong></span> <span class='ocrx_word' id='word_1_321' title='bbox 1391 2200 1672 2246; x_wconf 81' lang='lat' dir='ltr'><strong>construe-</strong></span> <span class='ocrx_word' id='word_1_322' title='bbox 1773 2177 1985 2236; x_wconf 83' lang='lat' dir='ltr'><strong>sidente</strong></span> <span class='ocrx_word' id='word_1_323' title='bbox 2007 2190 2103 2230; x_wconf 90' lang='lat' dir='ltr'><strong>vas</strong></span> <span class='ocrx_word' id='word_1_324' title='bbox 2131 2175 2412 2231; x_wconf 88' lang='lat' dir='ltr'><strong>electionis</strong></span> <span class='ocrx_word' id='word_1_325' title='bbox 2435 2173 2869 2238; x_wconf 61' lang='lat' dir='ltr'><strong>cognominalust</strong></span> <span class='ocrx_word' id='word_1_326' title='bbox 2902 2187 3091 2226; x_wconf 74' lang='lat' dir='ltr'><strong>omnes</strong></span> <span class='ocrx_word' id='word_1_327' title='bbox 3121 2171 3368 2226; x_wconf 67' lang='grc' dir='ltr'><strong>Ῐιοηὶῑηοε</strong></span> 
     </span>
    </p>
   </div>
   <div class='ocr_carea' id='block_1_27' title="bbox 30 2263 1674 2355">
    <p class='ocr_par' dir='ltr' id='par_1_27' title="bbox 30 2282 1669 2355">
     <span class='ocr_line' id='line_1_27' title="bbox 30 2282 1669 2355; baseline 0 -17"><span class='ocrx_word' id='word_1_328' title='bbox 30 2285 236 2338; x_wconf 83' lang='lat' dir='ltr'><strong>batur.</strong></span> <span class='ocrx_word' id='word_1_329' title='bbox 276 2282 445 2350; x_wconf 85' lang='lat' dir='ltr'><strong>Quod</strong></span> <span class='ocrx_word' id='word_1_330' title='bbox 468 2283 514 2336; x_wconf 91' lang='lat' dir='ltr'><strong>si</strong></span> <span class='ocrx_word' id='word_1_331' title='bbox 541 2283 664 2353; x_wconf 87' lang='lat' dir='ltr'><strong>quis</strong></span> <span class='ocrx_word' id='word_1_332' title='bbox 688 2299 808 2337; x_wconf 91' lang='lat' dir='ltr'><strong>eam</strong></span> <span class='ocrx_word' id='word_1_333' title='bbox 839 2283 1027 2354; x_wconf 73' lang='lat' dir='ltr'><strong>prima:</strong></span> <span class='ocrx_word' id='word_1_334' title='bbox 1053 2283 1279 2354; x_wconf 83' lang='lat' dir='ltr'><strong>originis</strong></span> <span class='ocrx_word' id='word_1_335' title='bbox 1311 2291 1532 2355; x_wconf 87' lang='lat' dir='ltr'><strong>peccato</strong></span> <span class='ocrx_word' id='word_1_336' title='bbox 1563 2299 1669 2338; x_wconf 92' lang='lat' dir='ltr'><strong>non</strong></span> 
     </span>
    </p>
   </div>
   <div class='ocr_carea' id='block_1_28' title="bbox 1781 2263 3370 2355">
    <p class='ocr_par' dir='ltr' id='par_1_28' title="bbox 1781 2263 3370 2338">
     <span class='ocr_line' id='line_1_28' title="bbox 1781 2263 3370 2338; baseline -0.003 -16"><span class='ocrx_word' id='word_1_337' title='bbox 1781 2269 2027 2338; x_wconf 78' lang='lat' dir='ltr'><strong>peccasse</strong></span> <span class='ocrx_word' id='word_1_338' title='bbox 2058 2268 2110 2322; x_wconf 91' lang='lat' dir='ltr'><strong>in</strong></span> <span class='ocrx_word' id='word_1_339' title='bbox 2151 2267 2322 2320; x_wconf 80' lang='lat' dir='ltr'><strong>Atiam</strong></span> <span class='ocrx_word' id='word_1_340' title='bbox 2353 2263 2572 2329; x_wconf 80' lang='lat' dir='ltr'><strong>fatetur,</strong></span> <span class='ocrx_word' id='word_1_341' title='bbox 2597 2280 2725 2320; x_wconf 84' lang='lat' dir='ltr'><strong>vera</strong></span> <span class='ocrx_word' id='word_1_342' title='bbox 2757 2266 2943 2335; x_wconf 89' lang='lat' dir='ltr'><strong>utique</strong></span> <span class='ocrx_word' id='word_1_343' title='bbox 2986 2265 3282 2329; x_wconf 87' lang='lat' dir='ltr'><strong>sententia,</strong></span> <span class='ocrx_word' id='word_1_344' title='bbox 3314 2274 3370 2319; x_wconf 89' lang='lat' dir='ltr'><strong>et</strong></span> 
     </span>
    </p>
   </div>
   <div class='ocr_carea' id='block_1_29' title="bbox 27 2354 1674 2442">
    <p class='ocr_par' dir='ltr' id='par_1_29' title="bbox 27 2354 1670 2442">
     <span class='ocr_line' id='line_1_29' title="bbox 27 2354 1670 2442; baseline -0.001 -14"><span class='ocrx_word' id='word_1_345' title='bbox 27 2373 384 2429; x_wconf 88' lang='lat' dir='ltr'><strong>omnimode</strong></span> <span class='ocrx_word' id='word_1_346' title='bbox 415 2383 690 2442; x_wconf 79' lang='lat' dir='ltr'><strong>expertem</strong></span> <span class='ocrx_word' id='word_1_347' title='bbox 718 2372 886 2428; x_wconf 87' lang='lat' dir='ltr'><strong>fuisse</strong></span> <span class='ocrx_word' id='word_1_348' title='bbox 911 2373 1252 2442; x_wconf 86' lang='lat' dir='ltr'><strong>pronuntiat,</strong></span> <span class='ocrx_word' id='word_1_349' title='bbox 1283 2354 1404 2428; x_wconf 90' lang='lat' dir='ltr'><strong>cum</strong></span> <span class='ocrx_word' id='word_1_350' title='bbox 1437 2372 1580 2426; x_wconf 89' lang='lat' dir='ltr'><strong>illam</strong></span> <span class='ocrx_word' id='word_1_351' title='bbox 1602 2388 1670 2427; x_wconf 78' lang='lat' dir='ltr'><strong>ex</strong></span> 
     </span>
    </p>
   </div>
   <div class='ocr_carea' id='block_1_30' title="bbox 1781 2354 3368 2442">
    <p class='ocr_par' dir='ltr' id='par_1_30' title="bbox 1781 2354 3368 2427">
     <span class='ocr_line' id='line_1_30' title="bbox 1781 2354 3368 2427; baseline -0.004 -13"><span class='ocrx_word' id='word_1_352' title='bbox 1781 2359 1859 2415; x_wconf 76' lang='lat' dir='ltr'><strong>tui</strong></span> <span class='ocrx_word' id='word_1_353' title='bbox 1898 2357 2199 2414; x_wconf 90' lang='lat' dir='ltr'><strong>contradici</strong></span> <span class='ocrx_word' id='word_1_354' title='bbox 2233 2355 2385 2412; x_wconf 90' lang='lat' dir='ltr'><strong>nel‘as</strong></span> <span class='ocrx_word' id='word_1_355' title='bbox 2409 2373 2526 2413; x_wconf 91' lang='lat' dir='ltr'><strong>esse</strong></span> <span class='ocrx_word' id='word_1_356' title='bbox 2560 2356 2874 2427; x_wconf 90' lang='lat' dir='ltr'><strong>pronuntio.</strong></span> <span class='ocrx_word' id='word_1_357' title='bbox 2922 2354 3030 2410; x_wconf 90' lang='lat' dir='ltr'><strong>Sed</strong></span> <span class='ocrx_word' id='word_1_358' title='bbox 3079 2370 3200 2410; x_wconf 92' lang='lat' dir='ltr'><strong>cum</strong></span> <span class='ocrx_word' id='word_1_359' title='bbox 3234 2355 3368 2409; x_wconf 89' lang='lat' dir='ltr'><strong>emi-</strong></span> 
     </span>
    </p>
   </div>
   <div class='ocr_carea' id='block_1_31' title="bbox 33 2449 1674 2539">
    <p class='ocr_par' dir='ltr' id='par_1_31' title="bbox 33 2464 1670 2539">
     <span class='ocr_line' id='line_1_31' title="bbox 33 2464 1670 2539; baseline -0.002 -18"><span class='ocrx_word' id='word_1_360' title='bbox 33 2468 207 2539; x_wconf 81' lang='lat' dir='ltr'><strong>legali</strong></span> <span class='ocrx_word' id='word_1_361' title='bbox 242 2464 512 2535; x_wconf 84' lang='lat' dir='ltr'><strong>conjugio</strong></span> <span class='ocrx_word' id='word_1_362' title='bbox 534 2465 701 2521; x_wconf 90' lang='lat' dir='ltr'><strong>maris</strong></span> <span class='ocrx_word' id='word_1_363' title='bbox 727 2474 779 2520; x_wconf 91' lang='lat' dir='ltr'><strong>et</strong></span> <span class='ocrx_word' id='word_1_364' title='bbox 809 2465 1021 2519; x_wconf 66' lang='lat' dir='ltr'><strong>feminae</strong></span> <span class='ocrx_word' id='word_1_365' title='bbox 1043 2473 1360 2534; x_wconf 88' lang='lat' dir='ltr'><strong>conceptam</strong></span> <span class='ocrx_word' id='word_1_366' title='bbox 1389 2466 1670 2520; x_wconf 87' lang='lat' dir='ltr'><strong>verissime</strong></span> 
     </span>
    </p>
   </div>
   <div class='ocr_carea' id='block_1_32' title="bbox 1781 2449 3368 2539">
    <p class='ocr_par' dir='ltr' id='par_1_32' title="bbox 1781 2449 3368 2519">
     <span class='ocr_line' id='line_1_32' title="bbox 1781 2449 3368 2519; baseline -0.003 -15"><span class='ocrx_word' id='word_1_367' title='bbox 1781 2449 2010 2504; x_wconf 76' lang='lat' dir='ltr'><strong>nentiam</strong></span> <span class='ocrx_word' id='word_1_368' title='bbox 2040 2449 2229 2519; x_wconf 73' lang='lat' dir='ltr'><strong>gratiae</strong></span> <span class='ocrx_word' id='word_1_369' title='bbox 2273 2449 2366 2503; x_wconf 92' lang='lat' dir='ltr'><strong>Dei</strong></span> <span class='ocrx_word' id='word_1_370' title='bbox 2396 2449 2448 2504; x_wconf 92' lang='lat' dir='ltr'><strong>in</strong></span> <span class='ocrx_word' id='word_1_371' title='bbox 2479 2459 2531 2504; x_wconf 91' lang='lat' dir='ltr'><strong>te</strong></span> <span class='ocrx_word' id='word_1_372' title='bbox 2560 2450 2866 2514; x_wconf 91' lang='lat' dir='ltr'><strong>considero,</strong></span> <span class='ocrx_word' id='word_1_373' title='bbox 2893 2449 3032 2504; x_wconf 86' lang='lat' dir='ltr'><strong>sicut</strong></span> <span class='ocrx_word' id='word_1_374' title='bbox 3065 2457 3116 2503; x_wconf 89' lang='lat' dir='ltr'><strong>te</strong></span> <span class='ocrx_word' id='word_1_375' title='bbox 3143 2463 3250 2504; x_wconf 92' lang='lat' dir='ltr'><strong>non</strong></span> <span class='ocrx_word' id='word_1_376' title='bbox 3285 2449 3368 2502; x_wconf 85' lang='lat' dir='ltr'><strong>itt-</strong></span> 
     </span>
    </p>
   </div>
   <div class='ocr_carea' id='block_1_33' title="bbox 32 2538 3368 2623">
    <p class='ocr_par' dir='ltr' id='par_1_33' title="bbox 32 2538 3368 2623">
     <span class='ocr_line' id='line_1_33' title="bbox 32 2538 3368 2623; baseline -0.002 -12"><span class='ocrx_word' id='word_1_377' title='bbox 32 2538 291 2623; x_wconf 87' lang='lat' dir='ltr'><strong>constet,</strong></span> <span class='ocrx_word' id='word_1_378' title='bbox 353 2557 630 2612; x_wconf 88' lang='lat' dir='ltr'><strong>sententia</strong></span> <span class='ocrx_word' id='word_1_379' title='bbox 662 2556 924 2611; x_wconf 87' lang='lat' dir='ltr'><strong>catholica</strong></span> <span class='ocrx_word' id='word_1_380' title='bbox 954 2565 1057 2611; x_wconf 90' lang='lat' dir='ltr'><strong>est.</strong></span> <span class='ocrx_word' id='word_1_381' title='bbox 1103 2555 1214 2621; x_wconf 76' lang='lat' dir='ltr'><strong>Ego</strong></span> <span class='ocrx_word' id='word_1_382' title='bbox 1242 2574 1269 2610; x_wconf 88' lang='lat' dir='ltr'><strong>a</strong></span> <span class='ocrx_word' id='word_1_383' title='bbox 1301 2557 1581 2611; x_wconf 66' lang='lat' dir='ltr'><strong>catholica:</strong></span> <span class='ocrx_word' id='word_1_384' title='bbox 1615 2566 1670 2612; x_wconf 87' lang='lat' dir='ltr'><strong>ct</strong></span> <span class='ocrx_word' id='word_1_385' title='bbox 1774 2549 1854 2594; x_wconf 64' lang='lat'><strong>&quot;‘3</strong></span> <span class='ocrx_word' id='word_1_386' title='bbox 1886 2541 2090 2605; x_wconf 63' lang='lat' dir='ltr'><strong>omnia:</strong></span> <span class='ocrx_word' id='word_1_387' title='bbox 2123 2538 2216 2595; x_wconf 71' lang='grc' dir='ltr'><strong>εθά</strong></span> <span class='ocrx_word' id='word_1_388' title='bbox 2243 2554 2407 2608; x_wconf 62' lang='lat' dir='ltr'><strong>super</strong></span> <span class='ocrx_word' id='word_1_389' title='bbox 2431 2542 2611 2595; x_wconf 70' lang='lat' dir='ltr'><strong>omnia</strong></span> <span class='ocrx_word' id='word_1_390' title='bbox 2639 2555 2760 2610; x_wconf 71' lang='grc' dir='ltr'><strong>(ιυεε</strong></span> <span class='ocrx_word' id='word_1_391' title='bbox 2800 2539 2945 2594; x_wconf 60' lang='lat' dir='ltr'><strong>fac“!</strong></span> <span class='ocrx_word' id='word_1_392' title='bbox 2991 2546 3138 2604; x_wconf 69' lang='grc' dir='ltr'><strong>ευηιι</strong></span> <span class='ocrx_word' id='word_1_393' title='bbox 3173 2540 3368 2593; x_wconf 66' lang='grc' dir='ltr'><strong>Ῐηαθειί·</strong></span> 
     </span>
    </p>
   </div>
   <div class='ocr_carea' id='block_1_34' title="bbox 37 2631 1674 2704">
    <p class='ocr_par' dir='ltr' id='par_1_34' title="bbox 37 2647 1671 2704">
     <span class='ocr_line' id='line_1_34' title="bbox 37 2647 1671 2704; baseline -0.002 -1"><span class='ocrx_word' id='word_1_394' title='bbox 37 2649 403 2704; x_wconf 87' lang='lat' dir='ltr'><strong>universalis</strong></span> <span class='ocrx_word' id='word_1_395' title='bbox 429 2648 688 2702; x_wconf 73' lang='lat' dir='ltr'><strong>Ecclesia:</strong></span> <span class='ocrx_word' id='word_1_396' title='bbox 722 2647 949 2702; x_wconf 76' lang='lat' dir='ltr'><strong>veritate</strong></span> <span class='ocrx_word' id='word_1_397' title='bbox 994 2647 1138 2702; x_wconf 90' lang='lat' dir='ltr'><strong>nulla</strong></span> <span class='ocrx_word' id='word_1_398' title='bbox 1173 2650 1382 2703; x_wconf 85' lang='lat' dir='ltr'><strong>ratione</strong></span> <span class='ocrx_word' id='word_1_399' title='bbox 1405 2647 1524 2703; x_wconf 84' lang='lat' dir='ltr'><strong>volo</strong></span> <span class='ocrx_word' id='word_1_400' title='bbox 1560 2647 1671 2701; x_wconf 73' lang='lat' dir='ltr'><strong>dis-</strong></span> 
     </span>
    </p>
   </div>
   <div class='ocr_carea' id='block_1_35' title="bbox 1781 2631 3369 2704">
    <p class='ocr_par' dir='ltr' id='par_1_35' title="bbox 1781 2631 3369 2701">
     <span class='ocr_line' id='line_1_35' title="bbox 1781 2631 3369 2701; baseline -0.001 -17"><span class='ocrx_word' id='word_1_401' title='bbox 1781 2631 1960 2686; x_wconf 89' lang='lat' dir='ltr'><strong>mabili</strong></span> <span class='ocrx_word' id='word_1_402' title='bbox 2002 2631 2163 2685; x_wconf 91' lang='lat' dir='ltr'><strong>modo</strong></span> <span class='ocrx_word' id='word_1_403' title='bbox 2209 2641 2492 2697; x_wconf 90' lang='lat' dir='ltr'><strong>contueor,</strong></span> <span class='ocrx_word' id='word_1_404' title='bbox 2541 2633 2615 2687; x_wconf 89' lang='lat' dir='ltr'><strong>ita</strong></span> <span class='ocrx_word' id='word_1_405' title='bbox 2653 2641 2704 2686; x_wconf 90' lang='lat' dir='ltr'><strong>te</strong></span> <span class='ocrx_word' id='word_1_406' title='bbox 2746 2646 2852 2685; x_wconf 90' lang='lat' dir='ltr'><strong>non</strong></span> <span class='ocrx_word' id='word_1_407' title='bbox 2902 2631 3018 2701; x_wconf 84' lang='lat' dir='ltr'><strong>lege</strong></span> <span class='ocrx_word' id='word_1_408' title='bbox 3060 2639 3266 2684; x_wconf 84' lang='lat' dir='ltr'><strong>naturae</strong></span> <span class='ocrx_word' id='word_1_409' title='bbox 3311 2641 3369 2683; x_wconf 88' lang='lat' dir='ltr'><strong>ut</strong></span> 
     </span>
    </p>
   </div>
   <div class='ocr_carea' id='block_1_36' title="bbox 35 2722 1674 2810">
    <p class='ocr_par' dir='ltr' id='par_1_36' title="bbox 35 2739 1671 2810">
     <span class='ocr_line' id='line_1_36' title="bbox 35 2739 1671 2810; baseline -0.004 -12"><span class='ocrx_word' id='word_1_410' title='bbox 35 2743 284 2806; x_wconf 78' lang='lat' dir='ltr'><strong>sentire,</strong></span> <span class='ocrx_word' id='word_1_411' title='bbox 325 2739 800 2810; x_wconf 77' lang='lat' dir='ltr'><strong>magnificentiam</strong></span> <span class='ocrx_word' id='word_1_412' title='bbox 840 2739 910 2771; x_wconf 75' lang='grc'><strong>’⁷⁸</strong></span> <span class='ocrx_word' id='word_1_413' title='bbox 940 2750 1117 2793; x_wconf 88' lang='lat' dir='ltr'><strong>tamen</strong></span> <span class='ocrx_word' id='word_1_414' title='bbox 1149 2740 1524 2809; x_wconf 86' lang='lat' dir='ltr'><strong>operationum</strong></span> <span class='ocrx_word' id='word_1_415' title='bbox 1564 2739 1671 2791; x_wconf 85' lang='lat' dir='ltr'><strong>vir-</strong></span> 
     </span>
    </p>
   </div>
   <div class='ocr_carea' id='block_1_37' title="bbox 1781 2722 3365 2810">
    <p class='ocr_par' dir='ltr' id='par_1_37' title="bbox 1781 2722 3365 2794">
     <span class='ocr_line' id='line_1_37' title="bbox 1781 2722 3365 2794; baseline -0.001 -17"><span class='ocrx_word' id='word_1_416' title='bbox 1781 2722 1909 2778; x_wconf 81' lang='lat' dir='ltr'><strong>alios</strong></span> <span class='ocrx_word' id='word_1_417' title='bbox 1950 2722 2006 2777; x_wconf 91' lang='lat' dir='ltr'><strong>in</strong></span> <span class='ocrx_word' id='word_1_418' title='bbox 2051 2731 2139 2776; x_wconf 89' lang='lat' dir='ltr'><strong>tua</strong></span> <span class='ocrx_word' id='word_1_419' title='bbox 2188 2725 2544 2794; x_wconf 85' lang='lat' dir='ltr'><strong>conceptione</strong></span> <span class='ocrx_word' id='word_1_420' title='bbox 2591 2725 2895 2778; x_wconf 87' lang='lat' dir='ltr'><strong>devinctam</strong></span> <span class='ocrx_word' id='word_1_421' title='bbox 2940 2723 3106 2778; x_wconf 82' lang='lat' dir='ltr'><strong>fuisse</strong></span> <span class='ocrx_word' id='word_1_422' title='bbox 3152 2724 3365 2792; x_wconf 81' lang='lat' dir='ltr'><strong>Opinor.</strong></span> 
     </span>
    </p>
   </div>
   <div class='ocr_carea' id='block_1_38' title="bbox 42 2817 3366 2899">
    <p class='ocr_par' dir='ltr' id='par_1_38' title="bbox 42 2817 3366 2899">
     <span class='ocr_line' id='line_1_38' title="bbox 42 2817 3366 2899; baseline -0.005 -12"><span class='ocrx_word' id='word_1_423' title='bbox 42 2833 178 2888; x_wconf 89' lang='lat' dir='ltr'><strong>tutis</strong></span> <span class='ocrx_word' id='word_1_424' title='bbox 214 2833 436 2885; x_wconf 79' lang='lat' dir='ltr'><strong>divinae</strong></span> <span class='ocrx_word' id='word_1_425' title='bbox 469 2830 704 2898; x_wconf 85' lang='lat' dir='ltr'><strong>quadam</strong></span> <span class='ocrx_word' id='word_1_426' title='bbox 751 2831 904 2898; x_wconf 87' lang='lat' dir='ltr'><strong>quasi</strong></span> <span class='ocrx_word' id='word_1_427' title='bbox 956 2829 1154 2883; x_wconf 87' lang='lat' dir='ltr'><strong>mentis</strong></span> <span class='ocrx_word' id='word_1_428' title='bbox 1207 2829 1527 2899; x_wconf 90' lang='lat' dir='ltr'><strong>lippitudine</strong></span> <span class='ocrx_word' id='word_1_429' title='bbox 1573 2841 1671 2898; x_wconf 88' lang='lat' dir='ltr'><strong>pro</strong></span> <span class='ocrx_word' id='word_1_430' title='bbox 1773 2818 1868 2873; x_wconf 82' lang='lat' dir='ltr'><strong>sed</strong></span> <span class='ocrx_word' id='word_1_431' title='bbox 1911 2818 2173 2890; x_wconf 82' lang='lat' dir='ltr'><strong>singulari</strong></span> <span class='ocrx_word' id='word_1_432' title='bbox 2228 2827 2283 2873; x_wconf 89' lang='lat' dir='ltr'><strong>et</strong></span> <span class='ocrx_word' id='word_1_433' title='bbox 2328 2820 2568 2874; x_wconf 91' lang='lat' dir='ltr'><strong>humano</strong></span> <span class='ocrx_word' id='word_1_434' title='bbox 2618 2817 2917 2872; x_wconf 86' lang='lat' dir='ltr'><strong>intellectui</strong></span> <span class='ocrx_word' id='word_1_435' title='bbox 2968 2817 3366 2886; x_wconf 74' lang='lat' dir='ltr'><strong>impenetrabili</strong></span> 
     </span>
    </p>
   </div>
   <div class='ocr_carea' id='block_1_39' title="bbox 35 2908 1674 2995">
    <p class='ocr_par' dir='ltr' id='par_1_39' title="bbox 35 2920 1671 2995">
     <span class='ocr_line' id='line_1_39' title="bbox 35 2920 1671 2995; baseline 0.001 -21"><span class='ocrx_word' id='word_1_436' title='bbox 35 2940 209 2995; x_wconf 74' lang='lat' dir='ltr'><strong>posse</strong></span> <span class='ocrx_word' id='word_1_437' title='bbox 253 2921 656 2987; x_wconf 78' lang='lat' dir='ltr'><strong>considerans,</strong></span> <span class='ocrx_word' id='word_1_438' title='bbox 687 2921 874 2976; x_wconf 83' lang='lat' dir='ltr'><strong>videor</strong></span> <span class='ocrx_word' id='word_1_439' title='bbox 915 2921 1046 2974; x_wconf 90' lang='lat' dir='ltr'><strong>mihi</strong></span> <span class='ocrx_word' id='word_1_440' title='bbox 1086 2920 1270 2975; x_wconf 86' lang='lat' dir='ltr'><strong>videre</strong></span> <span class='ocrx_word' id='word_1_441' title='bbox 1307 2921 1433 2990; x_wconf 82' lang='lat' dir='ltr'><strong>quia</strong></span> <span class='ocrx_word' id='word_1_442' title='bbox 1461 2920 1506 2975; x_wconf 88' lang='lat' dir='ltr'><strong>si</strong></span> <span class='ocrx_word' id='word_1_443' title='bbox 1542 2921 1671 2992; x_wconf 88' lang='lat' dir='ltr'><strong>quid</strong></span> 
     </span>
    </p>
   </div>
   <div class='ocr_carea' id='block_1_40' title="bbox 1781 2908 3366 2995">
    <p class='ocr_par' dir='ltr' id='par_1_40' title="bbox 1781 2908 3366 2978">
     <span class='ocr_line' id='line_1_40' title="bbox 1781 2908 3366 2978; baseline -0.003 -14"><span class='ocrx_word' id='word_1_444' title='bbox 1781 2909 2074 2965; x_wconf 83' lang='lat' dir='ltr'><strong>divinitatis</strong></span> <span class='ocrx_word' id='word_1_445' title='bbox 2101 2910 2299 2965; x_wconf 91' lang='lat' dir='ltr'><strong>virtute</strong></span> <span class='ocrx_word' id='word_1_446' title='bbox 2321 2917 2376 2964; x_wconf 89' lang='lat' dir='ltr'><strong>et</strong></span> <span class='ocrx_word' id='word_1_447' title='bbox 2403 2908 2716 2978; x_wconf 87' lang='lat' dir='ltr'><strong>operatione</strong></span> <span class='ocrx_word' id='word_1_448' title='bbox 2745 2909 2812 2962; x_wconf 90' lang='lat' dir='ltr'><strong>ab</strong></span> <span class='ocrx_word' id='word_1_449' title='bbox 2841 2908 2986 2963; x_wconf 91' lang='lat' dir='ltr'><strong>omni</strong></span> <span class='ocrx_word' id='word_1_450' title='bbox 3028 2909 3233 2978; x_wconf 89' lang='lat' dir='ltr'><strong>peccati</strong></span> <span class='ocrx_word' id='word_1_451' title='bbox 3268 2910 3366 2960; x_wconf 76' lang='lat' dir='ltr'><strong>atl-</strong></span> 
     </span>
    </p>
   </div>
   <div class='ocr_carea' id='block_1_41' title="bbox 39 2997 3370 3086">
    <p class='ocr_par' dir='ltr' id='par_1_41' title="bbox 39 2997 3370 3086">
     <span class='ocr_line' id='line_1_41' title="bbox 39 2997 3370 3086; baseline 0.002 -41"><span class='ocrx_word' id='word_1_452' title='bbox 39 3015 344 3086; x_wconf 58' lang='lat' dir='ltr'><strong>originalis</strong></span> <span class='ocrx_word' id='word_1_453' title='bbox 384 3013 600 3082; x_wconf 48' lang='lat' dir='ltr'><strong>peccati</strong></span> <span class='ocrx_word' id='word_1_454' title='bbox 641 3013 692 3067; x_wconf 70' lang='grc' dir='ltr'><strong>ίη</strong></span> <span class='ocrx_word' id='word_1_455' title='bbox 726 3013 1115 3082; x_wconf 48' lang='lat' dir='ltr'><strong>propagatione</strong></span> <span class='ocrx_word' id='word_1_456' title='bbox 1153 3011 1302 3080; x_wconf 56' lang='lat' dir='ltr'><strong>ejus,</strong></span> <span class='ocrx_word' id='word_1_457' title='bbox 1331 3021 1388 3068; x_wconf 71' lang='grc' dir='ltr'>ει</span> <span class='ocrx_word' id='word_1_458' title='bbox 1427 3028 1672 3068; x_wconf 67' lang='lat' dir='ltr'><strong>comm“-</strong></span> <span class='ocrx_word' id='word_1_459' title='bbox 1766 2999 2044 3070; x_wconf 79' lang='lat' dir='ltr'><strong>iunctione</strong></span> <span class='ocrx_word' id='word_1_460' title='bbox 2064 3000 2416 3056; x_wconf 89' lang='lat' dir='ltr'><strong>liberrimam.</strong></span> <span class='ocrx_word' id='word_1_461' title='bbox 2445 2998 2633 3054; x_wconf 92' lang='lat' dir='ltr'><strong>Solum</strong></span> <span class='ocrx_word' id='word_1_462' title='bbox 2664 2999 2860 3054; x_wconf 85' lang='lat' dir='ltr'><strong>etenim</strong></span> <span class='ocrx_word' id='word_1_463' title='bbox 2886 3008 3165 3070; x_wconf 88' lang='lat' dir='ltr'><strong>peccatum</strong></span> <span class='ocrx_word' id='word_1_464' title='bbox 3189 2997 3370 3054; x_wconf 79' lang='lat' dir='ltr'><strong>fuerat</strong></span> 
     </span>
    </p>
   </div>
   <div class='ocr_carea' id='block_1_42' title="bbox 43 3087 1674 3182">
    <p class='ocr_par' dir='ltr' id='par_1_42' title="bbox 43 3103 1670 3178">
     <span class='ocr_line' id='line_1_42' title="bbox 43 3103 1670 3178; baseline 0 -18"><span class='ocrx_word' id='word_1_465' title='bbox 43 3108 128 3160; x_wconf 90' lang='lat' dir='ltr'><strong>nis</strong></span> <span class='ocrx_word' id='word_1_466' title='bbox 162 3105 283 3160; x_wconf 90' lang='lat' dir='ltr'><strong>vitii</strong></span> <span class='ocrx_word' id='word_1_467' title='bbox 318 3103 566 3167; x_wconf 71' lang='lat' dir='ltr'><strong>exstitit,</strong></span> <span class='ocrx_word' id='word_1_468' title='bbox 615 3103 746 3158; x_wconf 93' lang='lat' dir='ltr'><strong>illud</strong></span> <span class='ocrx_word' id='word_1_469' title='bbox 789 3105 1202 3174; x_wconf 81' lang='lat' dir='ltr'><strong>propagantium</strong></span> <span class='ocrx_word' id='word_1_470' title='bbox 1232 3113 1288 3159; x_wconf 89' lang='lat' dir='ltr'><strong>et</strong></span> <span class='ocrx_word' id='word_1_471' title='bbox 1334 3119 1440 3160; x_wconf 92' lang='lat' dir='ltr'><strong>non</strong></span> <span class='ocrx_word' id='word_1_472' title='bbox 1474 3121 1670 3178; x_wconf 86' lang='lat' dir='ltr'><strong>propa-</strong></span> 
     </span>
    </p>
   </div>
   <div class='ocr_carea' id='block_1_43' title="bbox 1781 3087 3369 3182">
    <p class='ocr_par' dir='ltr' id='par_1_43' title="bbox 1781 3087 3369 3161">
     <span class='ocr_line' id='line_1_43' title="bbox 1781 3087 3369 3161; baseline -0.002 -16"><span class='ocrx_word' id='word_1_473' title='bbox 1781 3091 1917 3161; x_wconf 80' lang='lat' dir='ltr'><strong>quod</strong></span> <span class='ocrx_word' id='word_1_474' title='bbox 1947 3091 2196 3146; x_wconf 90' lang='lat' dir='ltr'><strong>homines</strong></span> <span class='ocrx_word' id='word_1_475' title='bbox 2224 3106 2254 3144; x_wconf 90' lang='lat' dir='ltr'><strong>a</strong></span> <span class='ocrx_word' id='word_1_476' title='bbox 2284 3097 2439 3161; x_wconf 87' lang='lat' dir='ltr'><strong>parte</strong></span> <span class='ocrx_word' id='word_1_477' title='bbox 2480 3089 2572 3144; x_wconf 90' lang='lat' dir='ltr'><strong>Dei</strong></span> <span class='ocrx_word' id='word_1_478' title='bbox 2606 3088 2924 3152; x_wconf 88' lang='lat' dir='ltr'><strong>dirimebat;</strong></span> <span class='ocrx_word' id='word_1_479' title='bbox 2949 3098 3004 3142; x_wconf 91' lang='lat' dir='ltr'><strong>et</strong></span> <span class='ocrx_word' id='word_1_480' title='bbox 3027 3095 3084 3141; x_wconf 91' lang='lat' dir='ltr'><strong>ut</strong></span> <span class='ocrx_word' id='word_1_481' title='bbox 3113 3088 3243 3143; x_wconf 88' lang='lat' dir='ltr'><strong>illud</strong></span> <span class='ocrx_word' id='word_1_482' title='bbox 3277 3087 3369 3142; x_wconf 84' lang='lat' dir='ltr'><strong>Fi-</strong></span> 
     </span>
    </p>
   </div>
   <div class='ocr_carea' id='block_1_44' title="bbox 46 3168 3364 3269">
    <p class='ocr_par' dir='ltr' id='par_1_44' title="bbox 46 3168 3364 3269">
     <span class='ocr_line' id='line_1_44' title="bbox 46 3168 3364 3269; baseline -0.005 -20"><span class='ocrx_word' id='word_1_483' title='bbox 46 3208 188 3269; x_wconf 75' lang='lat' dir='ltr'><strong>gata:</strong></span> <span class='ocrx_word' id='word_1_484' title='bbox 218 3196 414 3269; x_wconf 90' lang='lat' dir='ltr'><strong>prolis</strong></span> <span class='ocrx_word' id='word_1_485' title='bbox 441 3194 563 3249; x_wconf 89' lang='lat' dir='ltr'><strong>fuit.</strong></span> <span class='ocrx_word' id='word_1_486' title='bbox 789 3168 806 3173; x_wconf 51' lang='grc'><em>’</em></span> <span class='ocrx_word' id='word_1_487' title='bbox 890 3168 905 3174; x_wconf 48' lang='grc'><em>”</em></span> <span class='ocrx_word' id='word_1_488' title='bbox 962 3168 988 3174; x_wconf 55' lang='grc'><em>’</em></span> <span class='ocrx_word' id='word_1_489' title='bbox 1474 3168 1493 3178; x_wconf 69' lang='grc'><em>’</em></span> <span class='ocrx_word' id='word_1_490' title='bbox 1576 3168 1595 3177; x_wconf 69' lang='grc'><strong>’</strong></span> <span class='ocrx_word' id='word_1_491' title='bbox 1697 3168 1742 3222; x_wconf 71' lang='lat' dir='ltr'><strong><em>C</em></strong></span> <span class='ocrx_word' id='word_1_492' title='bbox 1773 3182 1878 3238; x_wconf 90' lang='lat' dir='ltr'><strong>lius</strong></span> <span class='ocrx_word' id='word_1_493' title='bbox 1907 3183 2002 3238; x_wconf 91' lang='lat' dir='ltr'><strong>Dei</strong></span> <span class='ocrx_word' id='word_1_494' title='bbox 2033 3192 2353 3248; x_wconf 84' lang='lat' dir='ltr'><strong>evacuaret,</strong></span> <span class='ocrx_word' id='word_1_495' title='bbox 2383 3183 2570 3251; x_wconf 89' lang='lat' dir='ltr'><strong>sicque</strong></span> <span class='ocrx_word' id='word_1_496' title='bbox 2609 3181 2677 3236; x_wconf 92' lang='lat' dir='ltr'><strong>ad</strong></span> <span class='ocrx_word' id='word_1_497' title='bbox 2708 3181 2921 3251; x_wconf 87' lang='lat' dir='ltr'><strong>placere</strong></span> <span class='ocrx_word' id='word_1_498' title='bbox 2945 3179 3036 3234; x_wconf 88' lang='lat' dir='ltr'><strong>Dei</strong></span> <span class='ocrx_word' id='word_1_499' title='bbox 3065 3177 3364 3233; x_wconf 89' lang='lat' dir='ltr'><strong>humanmn</strong></span> 
     </span>
    </p>
   </div>
   <div class='ocr_carea' id='block_1_45' title="bbox 117 3271 1674 3345">
    <p class='ocr_par' dir='ltr' id='par_1_45' title="bbox 117 3287 1673 3345">
     <span class='ocr_line' id='line_1_45' title="bbox 117 3287 1673 3345; baseline -0.002 0"><span class='ocrx_word' id='word_1_500' title='bbox 117 3291 467 3345; x_wconf 80' lang='lat' dir='ltr'><strong>Castaneam</strong></span> <span class='ocrx_word' id='word_1_501' title='bbox 498 3287 727 3341; x_wconf 84' lang='lat' dir='ltr'><strong>invicem</strong></span> <span class='ocrx_word' id='word_1_502' title='bbox 757 3287 1014 3342; x_wconf 89' lang='lat' dir='ltr'><strong>attende:</strong></span> <span class='ocrx_word' id='word_1_503' title='bbox 1052 3303 1176 3342; x_wconf 88' lang='lat' dir='ltr'><strong>cum</strong></span> <span class='ocrx_word' id='word_1_504' title='bbox 1215 3289 1281 3344; x_wconf 90' lang='lat' dir='ltr'><strong>de</strong></span> <span class='ocrx_word' id='word_1_505' title='bbox 1305 3291 1386 3344; x_wconf 90' lang='lat' dir='ltr'><strong>sui</strong></span> <span class='ocrx_word' id='word_1_506' title='bbox 1422 3288 1673 3344; x_wconf 84' lang='lat' dir='ltr'><strong>videlicet</strong></span> 
     </span>
    </p>
   </div>
   <div class='ocr_carea' id='block_1_46' title="bbox 1781 3271 3365 3345">
    <p class='ocr_par' dir='ltr' id='par_1_46' title="bbox 1781 3271 3365 3345">
     <span class='ocr_line' id='line_1_46' title="bbox 1781 3271 3365 3345; baseline -0.003 -16"><span class='ocrx_word' id='word_1_507' title='bbox 1781 3289 1940 3345; x_wconf 76' lang='lat' dir='ltr'><strong>genus</strong></span> <span class='ocrx_word' id='word_1_508' title='bbox 1963 3282 2267 3339; x_wconf 87' lang='lat' dir='ltr'><strong>revocaret,</strong></span> <span class='ocrx_word' id='word_1_509' title='bbox 2292 3274 2456 3328; x_wconf 91' lang='lat' dir='ltr'><strong>homo</strong></span> <span class='ocrx_word' id='word_1_510' title='bbox 2486 3272 2603 3327; x_wconf 83' lang='lat' dir='ltr'><strong>fieri</strong></span> <span class='ocrx_word' id='word_1_511' title='bbox 2630 3271 2821 3336; x_wconf 89' lang='lat' dir='ltr'><strong>voluit,</strong></span> <span class='ocrx_word' id='word_1_512' title='bbox 2846 3280 2900 3326; x_wconf 90' lang='lat' dir='ltr'><strong>et</strong></span> <span class='ocrx_word' id='word_1_513' title='bbox 2929 3271 3074 3336; x_wconf 88' lang='lat' dir='ltr'><strong>talis,</strong></span> <span class='ocrx_word' id='word_1_514' title='bbox 3104 3279 3162 3324; x_wconf 85' lang='lat' dir='ltr'><strong>tit</strong></span> <span class='ocrx_word' id='word_1_515' title='bbox 3186 3286 3285 3326; x_wconf 90' lang='lat' dir='ltr'><strong>nec</strong></span> <span class='ocrx_word' id='word_1_516' title='bbox 3313 3271 3365 3324; x_wconf 92' lang='lat' dir='ltr'><strong>in</strong></span> 
     </span>
    </p>
   </div>
   <div class='ocr_carea' id='block_1_47' title="bbox 48 3362 1674 3456">
    <p class='ocr_par' dir='ltr' id='par_1_47' title="bbox 48 3380 1673 3456">
     <span class='ocr_line' id='line_1_47' title="bbox 48 3380 1673 3456; baseline -0.002 -17"><span class='ocrx_word' id='word_1_517' title='bbox 48 3385 271 3456; x_wconf 75' lang='lat' dir='ltr'><strong>generis</strong></span> <span class='ocrx_word' id='word_1_518' title='bbox 322 3382 536 3438; x_wconf 86' lang='lat' dir='ltr'><strong>arbore</strong></span> <span class='ocrx_word' id='word_1_519' title='bbox 575 3380 753 3452; x_wconf 83' lang='lat' dir='ltr'><strong>prodit</strong></span> <span class='ocrx_word' id='word_1_520' title='bbox 801 3381 1110 3445; x_wconf 88' lang='lat' dir='ltr'><strong>nascitura,</strong></span> <span class='ocrx_word' id='word_1_521' title='bbox 1143 3381 1480 3435; x_wconf 88' lang='lat' dir='ltr'><strong>involucrum</strong></span> <span class='ocrx_word' id='word_1_522' title='bbox 1531 3380 1673 3435; x_wconf 89' lang='lat' dir='ltr'><strong>illius</strong></span> 
     </span>
    </p>
   </div>
   <div class='ocr_carea' id='block_1_48' title="bbox 1781 3362 3365 3456">
    <p class='ocr_par' dir='ltr' id='par_1_48' title="bbox 1781 3362 3365 3437">
     <span class='ocr_line' id='line_1_48' title="bbox 1781 3362 3365 3437; baseline -0.004 -14"><span class='ocrx_word' id='word_1_523' title='bbox 1781 3381 1836 3423; x_wconf 79' lang='lat' dir='ltr'><strong>eo</strong></span> <span class='ocrx_word' id='word_1_524' title='bbox 1865 3365 2208 3437; x_wconf 88' lang='lat' dir='ltr'><strong>aliquatenus</strong></span> <span class='ocrx_word' id='word_1_525' title='bbox 2250 3365 2608 3421; x_wconf 89' lang='lat' dir='ltr'><strong>concordaret</strong></span> <span class='ocrx_word' id='word_1_526' title='bbox 2656 3364 2728 3427; x_wconf 88' lang='lat' dir='ltr'><strong>ei,</strong></span> <span class='ocrx_word' id='word_1_527' title='bbox 2764 3364 2908 3418; x_wconf 89' lang='lat' dir='ltr'><strong>unde</strong></span> <span class='ocrx_word' id='word_1_528' title='bbox 2961 3364 3121 3417; x_wconf 89' lang='lat' dir='ltr'><strong>homo</strong></span> <span class='ocrx_word' id='word_1_529' title='bbox 3163 3378 3192 3416; x_wconf 89' lang='lat' dir='ltr'><strong>a</strong></span> <span class='ocrx_word' id='word_1_530' title='bbox 3255 3362 3365 3416; x_wconf 87' lang='lat' dir='ltr'><strong>Deo</strong></span> 
     </span>
    </p>
   </div>
   <div class='ocr_carea' id='block_1_49' title="bbox 53 3454 1674 3546">
    <p class='ocr_par' dir='ltr' id='par_1_49' title="bbox 53 3472 1674 3546">
     <span class='ocr_line' id='line_1_49' title="bbox 53 3472 1674 3546; baseline -0.004 -15"><span class='ocrx_word' id='word_1_531' title='bbox 53 3487 231 3533; x_wconf 87' lang='lat' dir='ltr'><strong>totum</strong></span> <span class='ocrx_word' id='word_1_532' title='bbox 294 3475 581 3546; x_wconf 81' lang='lat' dir='ltr'><strong>hispidum</strong></span> <span class='ocrx_word' id='word_1_533' title='bbox 638 3482 694 3526; x_wconf 93' lang='lat' dir='ltr'><strong>et</strong></span> <span class='ocrx_word' id='word_1_534' title='bbox 744 3473 1094 3528; x_wconf 88' lang='lat' dir='ltr'><strong>densissimis</strong></span> <span class='ocrx_word' id='word_1_535' title='bbox 1173 3474 1378 3529; x_wconf 88' lang='lat' dir='ltr'><strong>aculeis</strong></span> <span class='ocrx_word' id='word_1_536' title='bbox 1437 3472 1674 3541; x_wconf 89' lang='lat' dir='ltr'><strong>undique</strong></span> 
     </span>
    </p>
   </div>
   <div class='ocr_carea' id='block_1_50' title="bbox 1781 3454 3366 3546">
    <p class='ocr_par' dir='ltr' id='par_1_50' title="bbox 1781 3454 3366 3531">
     <span class='ocr_line' id='line_1_50' title="bbox 1781 3454 3366 3531; baseline -0.004 -19"><span class='ocrx_word' id='word_1_537' title='bbox 1781 3457 2157 3513; x_wconf 78' lang='lat' dir='ltr'><strong>discordabat:</strong></span> <span class='ocrx_word' id='word_1_538' title='bbox 2209 3457 2335 3528; x_wconf 87' lang='lat' dir='ltr'><strong>quia</strong></span> <span class='ocrx_word' id='word_1_539' title='bbox 2378 3471 2507 3527; x_wconf 83' lang='lat' dir='ltr'><strong>ergo</strong></span> <span class='ocrx_word' id='word_1_540' title='bbox 2535 3457 2606 3531; x_wconf 84' lang='lat' dir='ltr'><strong>ita</strong></span> <span class='ocrx_word' id='word_1_541' title='bbox 2643 3454 2758 3509; x_wconf 83' lang='lat' dir='ltr'><strong>fieri</strong></span> <span class='ocrx_word' id='word_1_542' title='bbox 2802 3454 3103 3522; x_wconf 83' lang='lat' dir='ltr'><strong>oportebat,</strong></span> <span class='ocrx_word' id='word_1_543' title='bbox 3137 3461 3366 3506; x_wconf 87' lang='lat' dir='ltr'><strong>matrem</strong></span> 
     </span>
    </p>
   </div>
   <div class='ocr_carea' id='block_1_51' title="bbox 58 3563 1672 3638">
    <p class='ocr_par' dir='ltr' id='par_1_51' title="bbox 58 3563 1672 3638">
     <span class='ocr_line' id='line_1_51' title="bbox 58 3563 1672 3638; baseline -0.002 -17"><span class='ocrx_word' id='word_1_544' title='bbox 58 3577 280 3638; x_wconf 81' lang='lat' dir='ltr'><strong>septum</strong></span> <span class='ocrx_word' id='word_1_545' title='bbox 330 3574 583 3636; x_wconf 85' lang='lat' dir='ltr'><strong>apparet.</strong></span> <span class='ocrx_word' id='word_1_546' title='bbox 637 3565 785 3619; x_wconf 89' lang='lat' dir='ltr'><strong>Intus</strong></span> <span class='ocrx_word' id='word_1_547' title='bbox 831 3575 1088 3621; x_wconf 87' lang='lat' dir='ltr'><strong>castanea</strong></span> <span class='ocrx_word' id='word_1_548' title='bbox 1132 3563 1465 3635; x_wconf 87' lang='lat' dir='ltr'><strong>concipitur,</strong></span> <span class='ocrx_word' id='word_1_549' title='bbox 1497 3564 1672 3633; x_wconf 89' lang='lat' dir='ltr'><strong>primo</strong></span> 
     </span>
    </p>
   </div>
   <div class='ocr_carea' id='block_1_52' title="bbox 60 3651 1674 3727">
    <p class='ocr_par' dir='ltr' id='par_1_52' title="bbox 60 3651 1674 3727">
     <span class='ocr_line' id='line_1_52' title="bbox 60 3651 1674 3727; baseline -0.001 -19"><span class='ocrx_word' id='word_1_550' title='bbox 60 3659 285 3727; x_wconf 85' lang='lat' dir='ltr'><strong>quidem</strong></span> <span class='ocrx_word' id='word_1_551' title='bbox 335 3655 594 3712; x_wconf 85' lang='lat' dir='ltr'><strong>nucleum</strong></span> <span class='ocrx_word' id='word_1_552' title='bbox 636 3654 796 3709; x_wconf 85' lang='lat' dir='ltr'><strong>lactei</strong></span> <span class='ocrx_word' id='word_1_553' title='bbox 829 3655 1073 3724; x_wconf 85' lang='lat' dir='ltr'><strong>liquoris,</strong></span> <span class='ocrx_word' id='word_1_554' title='bbox 1107 3654 1240 3708; x_wconf 88' lang='lat' dir='ltr'><strong>nihil</strong></span> <span class='ocrx_word' id='word_1_555' title='bbox 1270 3652 1562 3724; x_wconf 88' lang='lat' dir='ltr'><strong>hispidum,</strong></span> <span class='ocrx_word' id='word_1_556' title='bbox 1592 3651 1674 3707; x_wconf 87' lang='lat' dir='ltr'><strong>tti-</strong></span> 
     </span>
    </p>
   </div>
   <div class='ocr_carea' id='block_1_53' title="bbox 62 3746 1674 3822">
    <p class='ocr_par' dir='ltr' id='par_1_53' title="bbox 62 3746 1674 3822">
     <span class='ocr_line' id='line_1_53' title="bbox 62 3746 1674 3822; baseline -0.002 -18"><span class='ocrx_word' id='word_1_557' title='bbox 62 3751 139 3804; x_wconf 86' lang='lat' dir='ltr'><strong>ltil</strong></span> <span class='ocrx_word' id='word_1_558' title='bbox 169 3747 433 3822; x_wconf 76' lang='lat' dir='ltr'><strong>aSperum</strong></span> <span class='ocrx_word' id='word_1_559' title='bbox 452 3789 467 3814; x_wconf 96' lang='lat'><strong>,</strong></span> <span class='ocrx_word' id='word_1_560' title='bbox 497 3763 598 3802; x_wconf 84' lang='lat' dir='ltr'><strong>nec</strong></span> <span class='ocrx_word' id='word_1_561' title='bbox 627 3746 895 3816; x_wconf 87' lang='lat' dir='ltr'><strong>aliquibus</strong></span> <span class='ocrx_word' id='word_1_562' title='bbox 919 3747 1123 3802; x_wconf 90' lang='lat' dir='ltr'><strong>aculeis</strong></span> <span class='ocrx_word' id='word_1_563' title='bbox 1156 3747 1377 3801; x_wconf 77' lang='lat' dir='ltr'><strong>noxium</strong></span> <span class='ocrx_word' id='word_1_564' title='bbox 1405 3747 1457 3801; x_wconf 91' lang='lat' dir='ltr'><strong>in</strong></span> <span class='ocrx_word' id='word_1_565' title='bbox 1489 3763 1546 3802; x_wconf 90' lang='lat' dir='ltr'><strong>se</strong></span> <span class='ocrx_word' id='word_1_566' title='bbox 1579 3749 1674 3801; x_wconf 86' lang='lat' dir='ltr'><strong>ha-</strong></span> 
     </span>
    </p>
   </div>
   <div class='ocr_carea' id='block_1_54' title="bbox 64 3837 1673 3908">
    <p class='ocr_par' dir='ltr' id='par_1_54' title="bbox 64 3837 1673 3908">
     <span class='ocr_line' id='line_1_54' title="bbox 64 3837 1673 3908; baseline -0.001 -13"><span class='ocrx_word' id='word_1_567' title='bbox 64 3843 233 3906; x_wconf 89' lang='lat' dir='ltr'><strong>bens,</strong></span> <span class='ocrx_word' id='word_1_568' title='bbox 259 3843 357 3896; x_wconf 88' lang='lat' dir='ltr'><strong>sed</strong></span> <span class='ocrx_word' id='word_1_569' title='bbox 389 3841 435 3895; x_wconf 88' lang='lat' dir='ltr'><strong>si</strong></span> <span class='ocrx_word' id='word_1_570' title='bbox 463 3839 805 3908; x_wconf 86' lang='lat' dir='ltr'><strong>aliquatenus</strong></span> <span class='ocrx_word' id='word_1_571' title='bbox 831 3853 1056 3893; x_wconf 88' lang='lat' dir='ltr'><strong>servans</strong></span> <span class='ocrx_word' id='word_1_572' title='bbox 1081 3837 1188 3894; x_wconf 89' lang='lat' dir='ltr'><strong>illic</strong></span> <span class='ocrx_word' id='word_1_573' title='bbox 1216 3839 1268 3893; x_wconf 90' lang='lat' dir='ltr'><strong>in</strong></span> <span class='ocrx_word' id='word_1_574' title='bbox 1296 3855 1504 3894; x_wconf 89' lang='lat' dir='ltr'><strong>summa</strong></span> <span class='ocrx_word' id='word_1_575' title='bbox 1536 3839 1673 3894; x_wconf 80' lang='lat' dir='ltr'><strong>leni-</strong></span> 
     </span>
    </p>
   </div>
   <div class='ocr_carea' id='block_1_55' title="bbox 68 3928 1672 4001">
    <p class='ocr_par' dir='ltr' id='par_1_55' title="bbox 68 3928 1672 4001">
     <span class='ocr_line' id='line_1_55' title="bbox 68 3928 1672 4001; baseline 0 -15"><span class='ocrx_word' id='word_1_576' title='bbox 68 3943 178 3987; x_wconf 87' lang='lat' dir='ltr'><strong>tate</strong></span> <span class='ocrx_word' id='word_1_577' title='bbox 206 3932 476 3994; x_wconf 85' lang='lat' dir='ltr'><strong>nutritur,</strong></span> <span class='ocrx_word' id='word_1_578' title='bbox 516 3928 729 3984; x_wconf 83' lang='lat' dir='ltr'><strong>fovetur</strong></span> <span class='ocrx_word' id='word_1_579' title='bbox 763 3938 818 3984; x_wconf 89' lang='lat' dir='ltr'><strong>et</strong></span> <span class='ocrx_word' id='word_1_580' title='bbox 845 3929 1030 3994; x_wconf 85' lang='lat' dir='ltr'><strong>alitur,</strong></span> <span class='ocrx_word' id='word_1_581' title='bbox 1061 3945 1127 3985; x_wconf 86' lang='lat' dir='ltr'><strong>ac</strong></span> <span class='ocrx_word' id='word_1_582' title='bbox 1150 3929 1322 3985; x_wconf 82' lang='lat' dir='ltr'><strong>forma</strong></span> <span class='ocrx_word' id='word_1_583' title='bbox 1351 3930 1404 3984; x_wconf 92' lang='lat' dir='ltr'><strong>in</strong></span> <span class='ocrx_word' id='word_1_584' title='bbox 1436 3932 1517 3985; x_wconf 89' lang='lat' dir='ltr'><strong>sui</strong></span> <span class='ocrx_word' id='word_1_585' title='bbox 1548 3947 1672 4001; x_wconf 84' lang='lat' dir='ltr'><strong>spe-</strong></span> 
     </span>
    </p>
   </div>
   <div class='ocr_carea' id='block_1_56' title="bbox 64 4021 1673 4096">
    <p class='ocr_par' dir='ltr' id='par_1_56' title="bbox 64 4021 1673 4096">
     <span class='ocr_line' id='line_1_56' title="bbox 64 4021 1673 4096; baseline -0.001 -15"><span class='ocrx_word' id='word_1_586' title='bbox 64 4027 208 4081; x_wconf 85' lang='lat' dir='ltr'><strong>ciem</strong></span> <span class='ocrx_word' id='word_1_587' title='bbox 237 4034 294 4078; x_wconf 89' lang='lat' dir='ltr'><strong>et</strong></span> <span class='ocrx_word' id='word_1_588' title='bbox 327 4023 707 4078; x_wconf 83' lang='lat' dir='ltr'><strong>habitudinem</strong></span> <span class='ocrx_word' id='word_1_589' title='bbox 724 4021 837 4091; x_wconf 89' lang='lat' dir='ltr'><strong>jam</strong></span> <span class='ocrx_word' id='word_1_590' title='bbox 862 4023 1065 4088; x_wconf 87' lang='lat' dir='ltr'><strong>adulta,</strong></span> <span class='ocrx_word' id='word_1_591' title='bbox 1108 4033 1266 4096; x_wconf 89' lang='lat' dir='ltr'><strong>rupto</strong></span> <span class='ocrx_word' id='word_1_592' title='bbox 1300 4024 1578 4079; x_wconf 86' lang='lat' dir='ltr'><strong>involucro</strong></span> <span class='ocrx_word' id='word_1_593' title='bbox 1606 4025 1673 4080; x_wconf 87' lang='lat' dir='ltr'><strong>ab</strong></span> 
     </span>
    </p>
   </div>
   <div class='ocr_carea' id='block_1_57' title="bbox 64 4112 1673 4183">
    <p class='ocr_par' dir='ltr' id='par_1_57' title="bbox 64 4112 1673 4183">
     <span class='ocr_line' id='line_1_57' title="bbox 64 4112 1673 4183; baseline -0.001 -16"><span class='ocrx_word' id='word_1_594' title='bbox 64 4115 216 4168; x_wconf 90' lang='lat' dir='ltr'><strong>omni</strong></span> <span class='ocrx_word' id='word_1_595' title='bbox 247 4113 534 4183; x_wconf 85' lang='lat' dir='ltr'><strong>spinarum</strong></span> <span class='ocrx_word' id='word_1_596' title='bbox 561 4113 849 4181; x_wconf 88' lang='lat' dir='ltr'><strong>punctione</strong></span> <span class='ocrx_word' id='word_1_597' title='bbox 885 4122 940 4166; x_wconf 90' lang='lat' dir='ltr'><strong>et</strong></span> <span class='ocrx_word' id='word_1_598' title='bbox 967 4128 1134 4168; x_wconf 88' lang='lat' dir='ltr'><strong>onere</strong></span> <span class='ocrx_word' id='word_1_599' title='bbox 1183 4112 1460 4168; x_wconf 87' lang='lat' dir='ltr'><strong>liberrima</strong></span> <span class='ocrx_word' id='word_1_600' title='bbox 1483 4122 1673 4167; x_wconf 86' lang='lat' dir='ltr'><strong>natura</strong></span> 
     </span>
    </p>
   </div>
   <div class='ocr_carea' id='block_1_58' title="bbox 65 4203 671 4276">
    <p class='ocr_par' dir='ltr' id='par_1_58' title="bbox 65 4203 671 4276">
     <span class='ocr_line' id='line_1_58' title="bbox 65 4203 671 4276; baseline -0.013 -12"><span class='ocrx_word' id='word_1_601' title='bbox 65 4206 384 4276; x_wconf 77' lang='lat' dir='ltr'><strong>egreditur.</strong></span> <span class='ocrx_word' id='word_1_602' title='bbox 418 4203 671 4258; x_wconf 81' lang='lat' dir='ltr'><strong>Attendo.</strong></span> 
     </span>
    </p>
   </div>
   <div class='ocr_carea' id='block_1_59' title="bbox 143 4293 1674 4366">
    <p class='ocr_par' dir='ltr' id='par_1_59' title="bbox 143 4293 1674 4366">
     <span class='ocr_line' id='line_1_59' title="bbox 143 4293 1674 4366; baseline -0.002 -15"><span class='ocrx_word' id='word_1_603' title='bbox 143 4295 199 4351; x_wconf 90' lang='lat' dir='ltr'><strong>Si</strong></span> <span class='ocrx_word' id='word_1_604' title='bbox 246 4295 397 4350; x_wconf 92' lang='lat' dir='ltr'><strong>Deus</strong></span> <span class='ocrx_word' id='word_1_605' title='bbox 445 4302 712 4350; x_wconf 74' lang='lat' dir='ltr'><strong>castanea:</strong></span> <span class='ocrx_word' id='word_1_606' title='bbox 741 4293 952 4350; x_wconf 82' lang='lat' dir='ltr'><strong>confert</strong></span> <span class='ocrx_word' id='word_1_607' title='bbox 998 4303 1055 4350; x_wconf 92' lang='lat' dir='ltr'><strong>ut</strong></span> <span class='ocrx_word' id='word_1_608' title='bbox 1089 4295 1233 4350; x_wconf 90' lang='lat' dir='ltr'><strong>inter</strong></span> <span class='ocrx_word' id='word_1_609' title='bbox 1259 4296 1443 4366; x_wconf 81' lang='lat' dir='ltr'><strong>Spinas</strong></span> <span class='ocrx_word' id='word_1_610' title='bbox 1469 4305 1674 4350; x_wconf 88' lang='lat' dir='ltr'><strong>remota</strong></span> 
     </span>
    </p>
   </div>
   <div class='ocr_carea' id='block_1_60' title="bbox 73 4385 1674 4458">
    <p class='ocr_par' dir='ltr' id='par_1_60' title="bbox 73 4385 1674 4458">
     <span class='ocr_line' id='line_1_60' title="bbox 73 4385 1674 4458; baseline 0 -18"><span class='ocrx_word' id='word_1_611' title='bbox 73 4386 371 4458; x_wconf 86' lang='lat' dir='ltr'><strong>punetione</strong></span> <span class='ocrx_word' id='word_1_612' title='bbox 425 4385 763 4458; x_wconf 84' lang='lat' dir='ltr'><strong>concipiatur</strong></span> <span class='ocrx_word' id='word_1_613' title='bbox 824 4388 912 4454; x_wconf 68' lang='grc'><strong>³⁷⁸,</strong></span> <span class='ocrx_word' id='word_1_614' title='bbox 975 4387 1174 4453; x_wconf 86' lang='lat' dir='ltr'><strong>alatur,</strong></span> <span class='ocrx_word' id='word_1_615' title='bbox 1227 4387 1512 4451; x_wconf 81' lang='lat' dir='ltr'><strong>formetur,</strong></span> <span class='ocrx_word' id='word_1_616' title='bbox 1570 4404 1674 4441; x_wconf 91' lang='lat' dir='ltr'><strong>non</strong></span> 
     </span>
    </p>
   </div>
   <div class='ocr_carea' id='block_1_61' title="bbox 77 4478 1676 4549">
    <p class='ocr_par' dir='ltr' id='par_1_61' title="bbox 77 4478 1676 4549">
     <span class='ocr_line' id='line_1_61' title="bbox 77 4478 1676 4549; baseline -0.001 -19"><span class='ocrx_word' id='word_1_617' title='bbox 77 4479 248 4546; x_wconf 82' lang='lat' dir='ltr'><strong>potuit</strong></span> <span class='ocrx_word' id='word_1_618' title='bbox 280 4479 400 4533; x_wconf 68' lang='lat' dir='ltr'><strong>hinc</strong></span> <span class='ocrx_word' id='word_1_619' title='bbox 429 4478 558 4532; x_wconf 89' lang='lat' dir='ltr'><strong>dare</strong></span> <span class='ocrx_word' id='word_1_620' title='bbox 587 4479 824 4533; x_wconf 88' lang='lat' dir='ltr'><strong>humano</strong></span> <span class='ocrx_word' id='word_1_621' title='bbox 849 4482 990 4548; x_wconf 89' lang='lat' dir='ltr'><strong>quod</strong></span> <span class='ocrx_word' id='word_1_622' title='bbox 1017 4479 1131 4549; x_wconf 88' lang='lat' dir='ltr'><strong>ipse</strong></span> <span class='ocrx_word' id='word_1_623' title='bbox 1160 4480 1260 4534; x_wconf 86' lang='lat' dir='ltr'><strong>sibi</strong></span> <span class='ocrx_word' id='word_1_624' title='bbox 1290 4479 1514 4549; x_wconf 84' lang='lat' dir='ltr'><strong>parabat</strong></span> <span class='ocrx_word' id='word_1_625' title='bbox 1543 4487 1676 4532; x_wconf 85' lang='lat' dir='ltr'><strong>tem-</strong></span> 
     </span>
    </p>
   </div>
   <div class='ocr_carea' id='block_1_62' title="bbox 80 4570 1674 4642">
    <p class='ocr_par' dir='ltr' id='par_1_62' title="bbox 80 4570 1674 4642">
     <span class='ocr_line' id='line_1_62' title="bbox 80 4570 1674 4642; baseline 0.003 -21"><span class='ocrx_word' id='word_1_626' title='bbox 80 4570 164 4639; x_wconf 87' lang='lat' dir='ltr'><strong>plo</strong></span> <span class='ocrx_word' id='word_1_627' title='bbox 195 4573 249 4624; x_wconf 80' lang='lat' dir='ltr'><strong>in</strong></span> <span class='ocrx_word' id='word_1_628' title='bbox 281 4586 392 4642; x_wconf 86' lang='lat' dir='ltr'><strong>quo</strong></span> <span class='ocrx_word' id='word_1_629' title='bbox 419 4572 775 4641; x_wconf 88' lang='lat' dir='ltr'><strong>corporaliter</strong></span> <span class='ocrx_word' id='word_1_630' title='bbox 805 4573 1098 4638; x_wconf 86' lang='lat' dir='ltr'><strong>habitaret,</strong></span> <span class='ocrx_word' id='word_1_631' title='bbox 1122 4582 1178 4626; x_wconf 89' lang='lat' dir='ltr'><strong>et</strong></span> <span class='ocrx_word' id='word_1_632' title='bbox 1218 4572 1285 4626; x_wconf 88' lang='lat' dir='ltr'><strong>de</strong></span> <span class='ocrx_word' id='word_1_633' title='bbox 1328 4587 1434 4641; x_wconf 81' lang='lat' dir='ltr'><strong>quo</strong></span> <span class='ocrx_word' id='word_1_634' title='bbox 1465 4572 1517 4624; x_wconf 91' lang='lat' dir='ltr'><strong>in</strong></span> <span class='ocrx_word' id='word_1_635' title='bbox 1558 4571 1674 4625; x_wconf 84' lang='lat' dir='ltr'><strong>tnti-</strong></span> 
     </span>
    </p>
   </div>
   <div class='ocr_carea' id='block_1_63' title="bbox 81 4665 1667 4736">
    <p class='ocr_par' dir='ltr' id='par_1_63' title="bbox 81 4665 1667 4736">
     <span class='ocr_line' id='line_1_63' title="bbox 81 4665 1667 4736; baseline 0 -19"><span class='ocrx_word' id='word_1_636' title='bbox 81 4673 189 4720; x_wconf 88' lang='lat' dir='ltr'><strong>tate</strong></span> <span class='ocrx_word' id='word_1_637' title='bbox 215 4681 328 4720; x_wconf 70' lang='lat' dir='ltr'><strong>sua:</strong></span> <span class='ocrx_word' id='word_1_638' title='bbox 363 4680 608 4736; x_wconf 82' lang='lat' dir='ltr'><strong>personae</strong></span> <span class='ocrx_word' id='word_1_639' title='bbox 633 4665 902 4736; x_wconf 88' lang='lat' dir='ltr'><strong>perfectus</strong></span> <span class='ocrx_word' id='word_1_640' title='bbox 929 4666 1091 4721; x_wconf 90' lang='lat' dir='ltr'><strong>homo</strong></span> <span class='ocrx_word' id='word_1_641' title='bbox 1116 4666 1287 4732; x_wconf 88' lang='lat' dir='ltr'><strong>tieret,</strong></span> <span class='ocrx_word' id='word_1_642' title='bbox 1327 4675 1384 4718; x_wconf 92' lang='lat' dir='ltr'><strong>ut</strong></span> <span class='ocrx_word' id='word_1_643' title='bbox 1422 4665 1544 4720; x_wconf 89' lang='lat' dir='ltr'><strong>licet.</strong></span> <span class='ocrx_word' id='word_1_644' title='bbox 1584 4665 1667 4717; x_wconf 84' lang='lat' dir='ltr'><strong>in-</strong></span> 
     </span>
    </p>
   </div>
   <div class='ocr_carea' id='block_1_64' title="bbox 87 4756 1690 4832">
    <p class='ocr_par' dir='ltr' id='par_1_64' title="bbox 87 4756 1690 4832">
     <span class='ocr_line' id='line_1_64' title="bbox 87 4756 1690 4832; baseline 0.001 -24"><span class='ocrx_word' id='word_1_645' title='bbox 87 4765 164 4808; x_wconf 91' lang='lat' dir='ltr'><strong>tcr</strong></span> <span class='ocrx_word' id='word_1_646' title='bbox 189 4756 374 4827; x_wconf 87' lang='lat' dir='ltr'><strong>spinas</strong></span> <span class='ocrx_word' id='word_1_647' title='bbox 402 4766 747 4826; x_wconf 89' lang='lat' dir='ltr'><strong>peccatorum</strong></span> <span class='ocrx_word' id='word_1_648' title='bbox 779 4757 1178 4826; x_wconf 88' lang='lat' dir='ltr'><strong>conciperetur,</strong></span> <span class='ocrx_word' id='word_1_649' title='bbox 1225 4759 1292 4811; x_wconf 86' lang='lat' dir='ltr'><strong>ab</strong></span> <span class='ocrx_word' id='word_1_650' title='bbox 1324 4757 1453 4825; x_wconf 90' lang='lat' dir='ltr'><strong>ipsis</strong></span> <span class='ocrx_word' id='word_1_651' title='bbox 1491 4767 1690 4832; x_wconf 23' lang='lat' dir='ltr'><strong>tamen.</strong></span> 
     </span>
    </p>
   </div>
   <div class='ocr_carea' id='block_1_65' title="bbox 87 4847 1675 4918">
    <p class='ocr_par' dir='ltr' id='par_1_65' title="bbox 87 4847 1675 4918">
     <span class='ocr_line' id='line_1_65' title="bbox 87 4847 1675 4918; baseline 0.003 -21"><span class='ocrx_word' id='word_1_652' title='bbox 87 4847 359 4913; x_wconf 82' lang='lat' dir='ltr'><strong>spinarum</strong></span> <span class='ocrx_word' id='word_1_653' title='bbox 393 4848 599 4904; x_wconf 87' lang='lat' dir='ltr'><strong>aculeis</strong></span> <span class='ocrx_word' id='word_1_654' title='bbox 632 4847 939 4904; x_wconf 86' lang='lat' dir='ltr'><strong>omnimodo</strong></span> <span class='ocrx_word' id='word_1_655' title='bbox 967 4865 1156 4906; x_wconf 86' lang='lat' dir='ltr'><strong>exsors</strong></span> <span class='ocrx_word' id='word_1_656' title='bbox 1205 4847 1559 4903; x_wconf 88' lang='lat' dir='ltr'><strong>redderetur?</strong></span> <span class='ocrx_word' id='word_1_657' title='bbox 1581 4864 1675 4918; x_wconf 32' lang='lat' dir='ltr'><strong>pos</strong></span> 
     </span>
    </p>
   </div>
   <div class='ocr_carea' id='block_1_66' title="bbox 92 4938 1676 5012">
    <p class='ocr_par' dir='ltr' id='par_1_66' title="bbox 92 4938 1676 5012">
     <span class='ocr_line' id='line_1_66' title="bbox 92 4938 1676 5012; baseline 0.002 -22"><span class='ocrx_word' id='word_1_658' title='bbox 92 4939 182 4990; x_wconf 71' lang='lat' dir='ltr'><strong>hit</strong></span> <span class='ocrx_word' id='word_1_659' title='bbox 212 4939 390 5007; x_wconf 87' lang='lat' dir='ltr'><strong>plane,</strong></span> <span class='ocrx_word' id='word_1_660' title='bbox 423 4952 476 4995; x_wconf 86' lang='lat' dir='ltr'><strong>et</strong></span> <span class='ocrx_word' id='word_1_661' title='bbox 499 4941 698 5007; x_wconf 85' lang='lat' dir='ltr'><strong>voluit;</strong></span> <span class='ocrx_word' id='word_1_662' title='bbox 756 4941 799 4996; x_wconf 86' lang='lat' dir='ltr'><strong>si</strong></span> <span class='ocrx_word' id='word_1_663' title='bbox 854 4941 1015 5012; x_wconf 77' lang='lat' dir='ltr'><strong>igitur</strong></span> <span class='ocrx_word' id='word_1_664' title='bbox 1046 4941 1231 5003; x_wconf 88' lang='lat' dir='ltr'><strong>voluit,</strong></span> <span class='ocrx_word' id='word_1_665' title='bbox 1279 4939 1424 4994; x_wconf 80' lang='lat' dir='ltr'><strong>fecit.</strong></span> <span class='ocrx_word' id='word_1_666' title='bbox 1456 4938 1522 4992; x_wconf 83' lang='lat' dir='ltr'><strong>Et</strong></span> <span class='ocrx_word' id='word_1_667' title='bbox 1556 4939 1676 5008; x_wconf 87' lang='lat' dir='ltr'><strong>qui-</strong></span> 
     </span>
    </p>
   </div>
   <div class='ocr_carea' id='block_1_67' title="bbox 91 5027 1674 5101">
    <p class='ocr_par' dir='ltr' id='par_1_67' title="bbox 91 5027 1674 5101">
     <span class='ocr_line' id='line_1_67' title="bbox 91 5027 1674 5101; baseline 0.003 -22"><span class='ocrx_word' id='word_1_668' title='bbox 91 5027 206 5080; x_wconf 86' lang='lat' dir='ltr'><strong>dem</strong></span> <span class='ocrx_word' id='word_1_669' title='bbox 254 5031 515 5100; x_wconf 84' lang='lat' dir='ltr'><strong>quidquid</strong></span> <span class='ocrx_word' id='word_1_670' title='bbox 568 5031 789 5101; x_wconf 76' lang='lat' dir='ltr'><strong>dignum</strong></span> <span class='ocrx_word' id='word_1_671' title='bbox 854 5045 1090 5100; x_wconf 78' lang='lat' dir='ltr'><strong>Unquam</strong></span> <span class='ocrx_word' id='word_1_672' title='bbox 1169 5029 1235 5084; x_wconf 84' lang='lat' dir='ltr'><strong>tle</strong></span> <span class='ocrx_word' id='word_1_673' title='bbox 1288 5030 1472 5100; x_wconf 85' lang='lat' dir='ltr'><strong>aliquo</strong></span> <span class='ocrx_word' id='word_1_674' title='bbox 1521 5040 1674 5084; x_wconf 76' lang='lat' dir='ltr'><strong>extra</strong></span> 
     </span>
    </p>
   </div>
   <div class='ocr_carea' id='block_1_68' title="bbox 97 5123 1675 5192">
    <p class='ocr_par' dir='ltr' id='par_1_68' title="bbox 97 5123 1675 5192">
     <span class='ocr_line' id='line_1_68' title="bbox 97 5123 1675 5192; baseline 0.005 -22"><span class='ocrx_word' id='word_1_675' title='bbox 97 5132 240 5172; x_wconf 80' lang='lat' dir='ltr'><strong>suam</strong></span> <span class='ocrx_word' id='word_1_676' title='bbox 294 5137 582 5189; x_wconf 88' lang='lat' dir='ltr'><strong>personam</strong></span> <span class='ocrx_word' id='word_1_677' title='bbox 641 5123 847 5189; x_wconf 88' lang='lat' dir='ltr'><strong>voluit,</strong></span> <span class='ocrx_word' id='word_1_678' title='bbox 904 5136 1186 5192; x_wconf 87' lang='lat' dir='ltr'><strong>perperam</strong></span> <span class='ocrx_word' id='word_1_679' title='bbox 1215 5131 1297 5177; x_wconf 82' lang='lat' dir='ltr'><strong>est</strong></span> <span class='ocrx_word' id='word_1_680' title='bbox 1324 5139 1446 5176; x_wconf 89' lang='lat' dir='ltr'><strong>eum</strong></span> <span class='ocrx_word' id='word_1_681' title='bbox 1488 5125 1553 5178; x_wconf 92' lang='lat' dir='ltr'><strong>de</strong></span> <span class='ocrx_word' id='word_1_682' title='bbox 1591 5133 1675 5187; x_wconf 90' lang='lat' dir='ltr'><strong>te,</strong></span> 
     </span>
    </p>
   </div>
   <div class='ocr_carea' id='block_1_69' title="bbox 95 5213 1677 5283">
    <p class='ocr_par' dir='ltr' id='par_1_69' title="bbox 95 5213 1677 5283">
     <span class='ocr_line' id='line_1_69' title="bbox 95 5213 1677 5283; baseline 0.006 -21"><span class='ocrx_word' id='word_1_683' title='bbox 95 5226 126 5262; x_wconf 85' lang='grc' dir='ltr'><strong>ο</strong></span> <span class='ocrx_word' id='word_1_684' title='bbox 155 5213 460 5273; x_wconf 86' lang='lat' dir='ltr'><strong>beatissima</strong></span> <span class='ocrx_word' id='word_1_685' title='bbox 517 5217 864 5282; x_wconf 88' lang='lat' dir='ltr'><strong>feminarum,</strong></span> <span class='ocrx_word' id='word_1_686' title='bbox 906 5215 1176 5283; x_wconf 89' lang='lat' dir='ltr'><strong>noluisse;</strong></span> <span class='ocrx_word' id='word_1_687' title='bbox 1221 5218 1387 5273; x_wconf 86' lang='lat' dir='ltr'><strong>voluit</strong></span> <span class='ocrx_word' id='word_1_688' title='bbox 1437 5218 1581 5272; x_wconf 90' lang='lat' dir='ltr'><strong>enim</strong></span> <span class='ocrx_word' id='word_1_689' title='bbox 1625 5229 1677 5271; x_wconf 89' lang='lat' dir='ltr'><strong>te</strong></span> 
     </span>
    </p>
   </div>
   <div class='ocr_carea' id='block_1_70' title="bbox 1772 3544 3366 3620">
    <p class='ocr_par' dir='ltr' id='par_1_70' title="bbox 1772 3544 3366 3620">
     <span class='ocr_line' id='line_1_70' title="bbox 1772 3544 3366 3620; baseline -0.006 -14"><span class='ocrx_word' id='word_1_690' title='bbox 1772 3551 1838 3606; x_wconf 88' lang='lat' dir='ltr'><strong>de</strong></span> <span class='ocrx_word' id='word_1_691' title='bbox 1889 3565 1994 3620; x_wconf 88' lang='lat' dir='ltr'><strong>qua</strong></span> <span class='ocrx_word' id='word_1_692' title='bbox 2035 3549 2158 3604; x_wconf 91' lang='lat' dir='ltr'><strong>talis</strong></span> <span class='ocrx_word' id='word_1_693' title='bbox 2199 3558 2481 3604; x_wconf 86' lang='lat' dir='ltr'><strong>crearetur</strong></span> <span class='ocrx_word' id='word_1_694' title='bbox 2524 3547 2614 3613; x_wconf 74' lang='grc' dir='ltr'><strong>’³ο,</strong></span> <span class='ocrx_word' id='word_1_695' title='bbox 2651 3546 2904 3600; x_wconf 89' lang='lat' dir='ltr'><strong>mundam</strong></span> <span class='ocrx_word' id='word_1_696' title='bbox 2955 3560 3076 3599; x_wconf 90' lang='lat' dir='ltr'><strong>esse</strong></span> <span class='ocrx_word' id='word_1_697' title='bbox 3120 3544 3188 3599; x_wconf 90' lang='lat' dir='ltr'><strong>ab</strong></span> <span class='ocrx_word' id='word_1_698' title='bbox 3219 3544 3366 3597; x_wconf 89' lang='lat' dir='ltr'><strong>omni</strong></span> 
     </span>
    </p>
   </div>
   <div class='ocr_carea' id='block_1_71' title="bbox 1771 3636 3368 3712">
    <p class='ocr_par' dir='ltr' id='par_1_71' title="bbox 1771 3636 3368 3712">
     <span class='ocr_line' id='line_1_71' title="bbox 1771 3636 3368 3712; baseline -0.006 -15"><span class='ocrx_word' id='word_1_699' title='bbox 1771 3650 1999 3712; x_wconf 84' lang='lat' dir='ltr'><strong>peccato</strong></span> <span class='ocrx_word' id='word_1_700' title='bbox 2043 3639 2292 3696; x_wconf 87' lang='lat' dir='ltr'><strong>decebat.</strong></span> <span class='ocrx_word' id='word_1_701' title='bbox 2338 3640 2514 3694; x_wconf 85' lang='lat' dir='ltr'><strong>Aliter</strong></span> <span class='ocrx_word' id='word_1_702' title='bbox 2537 3639 2682 3692; x_wconf 90' lang='lat' dir='ltr'><strong>enim</strong></span> <span class='ocrx_word' id='word_1_703' title='bbox 2714 3654 2822 3708; x_wconf 89' lang='lat' dir='ltr'><strong>quo</strong></span> <span class='ocrx_word' id='word_1_704' title='bbox 2853 3645 3010 3706; x_wconf 82' lang='lat' dir='ltr'><strong>pacto</strong></span> <span class='ocrx_word' id='word_1_705' title='bbox 3039 3636 3111 3690; x_wconf 90' lang='lat' dir='ltr'><strong>illi</strong></span> <span class='ocrx_word' id='word_1_706' title='bbox 3141 3651 3368 3690; x_wconf 79' lang='lat' dir='ltr'><strong>summat</strong></span> 
     </span>
    </p>
   </div>
   <div class='ocr_carea' id='block_1_72' title="bbox 1772 3723 3369 3802">
    <p class='ocr_par' dir='ltr' id='par_1_72' title="bbox 1772 3723 3369 3802">
     <span class='ocr_line' id='line_1_72' title="bbox 1772 3723 3369 3802; baseline -0.006 -17"><span class='ocrx_word' id='word_1_707' title='bbox 1772 3731 1996 3802; x_wconf 90' lang='lat' dir='ltr'><strong>puritati</strong></span> <span class='ocrx_word' id='word_1_708' title='bbox 2023 3744 2152 3784; x_wconf 90' lang='lat' dir='ltr'><strong>caro</strong></span> <span class='ocrx_word' id='word_1_709' title='bbox 2196 3738 2341 3784; x_wconf 85' lang='lat' dir='ltr'><strong>tanta</strong></span> <span class='ocrx_word' id='word_1_710' title='bbox 2389 3727 2770 3796; x_wconf 85' lang='lat' dir='ltr'><strong>conjunctione</strong></span> <span class='ocrx_word' id='word_1_711' title='bbox 2816 3727 3086 3788; x_wconf 84' lang='lat' dir='ltr'><strong>uniretur,</strong></span> <span class='ocrx_word' id='word_1_712' title='bbox 3121 3733 3177 3778; x_wconf 92' lang='lat' dir='ltr'><strong>ut</strong></span> <span class='ocrx_word' id='word_1_713' title='bbox 3206 3723 3369 3778; x_wconf 83' lang='lat' dir='ltr'><strong>immo</strong></span> 
     </span>
    </p>
   </div>
   <div class='ocr_carea' id='block_1_73' title="bbox 1774 3813 3367 3890">
    <p class='ocr_par' dir='ltr' id='par_1_73' title="bbox 1774 3813 3367 3890">
     <span class='ocr_line' id='line_1_73' title="bbox 1774 3813 3367 3890; baseline -0.007 -15"><span class='ocrx_word' id='word_1_714' title='bbox 1774 3828 2083 3890; x_wconf 86' lang='lat' dir='ltr'><strong>assumptus</strong></span> <span class='ocrx_word' id='word_1_715' title='bbox 2105 3820 2176 3874; x_wconf 88' lang='lat' dir='ltr'><strong>ita</strong></span> <span class='ocrx_word' id='word_1_716' title='bbox 2199 3829 2345 3875; x_wconf 89' lang='lat' dir='ltr'><strong>esset</strong></span> <span class='ocrx_word' id='word_1_717' title='bbox 2372 3818 2426 3873; x_wconf 93' lang='lat' dir='ltr'><strong>in</strong></span> <span class='ocrx_word' id='word_1_718' title='bbox 2454 3833 2645 3883; x_wconf 92' lang='lat' dir='ltr'><strong>unum,</strong></span> <span class='ocrx_word' id='word_1_719' title='bbox 2676 3825 2737 3870; x_wconf 90' lang='lat' dir='ltr'><strong>ut</strong></span> <span class='ocrx_word' id='word_1_720' title='bbox 2767 3831 2885 3886; x_wconf 65' lang='lat' dir='ltr'><strong>quae</strong></span> <span class='ocrx_word' id='word_1_721' title='bbox 2905 3815 2998 3869; x_wconf 88' lang='lat' dir='ltr'><strong>Dei</strong></span> <span class='ocrx_word' id='word_1_722' title='bbox 3029 3823 3174 3873; x_wconf 83' lang='lat' dir='ltr'><strong>sunt.</strong></span> <span class='ocrx_word' id='word_1_723' title='bbox 3205 3813 3367 3867; x_wconf 82' lang='lat' dir='ltr'><strong>indif-</strong></span> 
     </span>
    </p>
   </div>
   <div class='ocr_carea' id='block_1_74' title="bbox 1772 3901 3262 3974">
    <p class='ocr_par' dir='ltr' id='par_1_74' title="bbox 1772 3901 3262 3974">
     <span class='ocr_line' id='line_1_74' title="bbox 1772 3901 3262 3974; baseline -0.008 -8"><span class='ocrx_word' id='word_1_724' title='bbox 1772 3910 2013 3966; x_wconf 81' lang='lat' dir='ltr'><strong>ferenter</strong></span> <span class='ocrx_word' id='word_1_725' title='bbox 2049 3909 2284 3966; x_wconf 91' lang='lat' dir='ltr'><strong>hominis</strong></span> <span class='ocrx_word' id='word_1_726' title='bbox 2307 3916 2508 3974; x_wconf 89' lang='lat' dir='ltr'><strong>essent,</strong></span> <span class='ocrx_word' id='word_1_727' title='bbox 2541 3916 2597 3963; x_wconf 91' lang='lat' dir='ltr'><strong>et</strong></span> <span class='ocrx_word' id='word_1_728' title='bbox 2621 3921 2742 3974; x_wconf 81' lang='lat' dir='ltr'><strong>quae</strong></span> <span class='ocrx_word' id='word_1_729' title='bbox 2765 3903 2998 3960; x_wconf 87' lang='lat' dir='ltr'><strong>hominis</strong></span> <span class='ocrx_word' id='word_1_730' title='bbox 3027 3903 3118 3957; x_wconf 92' lang='lat' dir='ltr'><strong>Dei</strong></span> <span class='ocrx_word' id='word_1_731' title='bbox 3151 3901 3262 3954; x_wconf 64' lang='lat'><strong>&#39;9‘?</strong></span> 
     </span>
    </p>
   </div>
   <div class='ocr_carea' id='block_1_75' title="bbox 1847 3991 3371 4071">
    <p class='ocr_par' dir='ltr' id='par_1_75' title="bbox 1847 3991 3371 4071">
     <span class='ocr_line' id='line_1_75' title="bbox 1847 3991 3371 4071; baseline -0.007 -16"><span class='ocrx_word' id='word_1_732' title='bbox 1847 4000 2040 4056; x_wconf 81' lang='lat' dir='ltr'><strong>Adhuc</strong></span> <span class='ocrx_word' id='word_1_733' title='bbox 2092 4014 2332 4071; x_wconf 91' lang='lat' dir='ltr'><strong>propone</strong></span> <span class='ocrx_word' id='word_1_734' title='bbox 2381 3999 2477 4054; x_wconf 92' lang='lat' dir='ltr'><strong>tibi</strong></span> <span class='ocrx_word' id='word_1_735' title='bbox 2525 3996 2819 4068; x_wconf 88' lang='lat' dir='ltr'><strong>palatium,</strong></span> <span class='ocrx_word' id='word_1_736' title='bbox 2853 3993 2997 4063; x_wconf 88' lang='lat' dir='ltr'><strong>quod</strong></span> <span class='ocrx_word' id='word_1_737' title='bbox 3059 3991 3371 4061; x_wconf 87' lang='lat' dir='ltr'><strong>specialiter</strong></span> 
     </span>
    </p>
   </div>
   <div class='ocr_carea' id='block_1_76' title="bbox 1775 4081 3365 4160">
    <p class='ocr_par' dir='ltr' id='par_1_76' title="bbox 1775 4081 3365 4160">
     <span class='ocr_line' id='line_1_76' title="bbox 1775 4081 3365 4160; baseline -0.009 -12"><span class='ocrx_word' id='word_1_738' title='bbox 1775 4093 1892 4148; x_wconf 84' lang='lat' dir='ltr'><strong>suis</strong></span> <span class='ocrx_word' id='word_1_739' title='bbox 1917 4095 2105 4149; x_wconf 87' lang='lat' dir='ltr'><strong>usibus</strong></span> <span class='ocrx_word' id='word_1_740' title='bbox 2141 4099 2327 4160; x_wconf 85' lang='lat' dir='ltr'><strong>aptum</strong></span> <span class='ocrx_word' id='word_1_741' title='bbox 2359 4089 2591 4151; x_wconf 76' lang='lat' dir='ltr'><strong>existat,</strong></span> <span class='ocrx_word' id='word_1_742' title='bbox 2635 4093 2956 4140; x_wconf 88' lang='lat' dir='ltr'><strong>construere</strong></span> <span class='ocrx_word' id='word_1_743' title='bbox 2989 4082 3280 4144; x_wconf 88' lang='lat' dir='ltr'><strong>volentem,</strong></span> <span class='ocrx_word' id='word_1_744' title='bbox 3313 4081 3365 4134; x_wconf 90' lang='lat' dir='ltr'><strong>in</strong></span> 
     </span>
    </p>
   </div>
   <div class='ocr_carea' id='block_1_77' title="bbox 1776 4167 3366 4253">
    <p class='ocr_par' dir='ltr' id='par_1_77' title="bbox 1776 4167 3366 4253">
     <span class='ocr_line' id='line_1_77' title="bbox 1776 4167 3366 4253; baseline -0.007 -18"><span class='ocrx_word' id='word_1_745' title='bbox 1776 4200 1884 4253; x_wconf 90' lang='lat' dir='ltr'><strong>quo</strong></span> <span class='ocrx_word' id='word_1_746' title='bbox 1909 4193 1966 4238; x_wconf 92' lang='lat' dir='ltr'><strong>et</strong></span> <span class='ocrx_word' id='word_1_747' title='bbox 1993 4184 2104 4252; x_wconf 90' lang='lat' dir='ltr'><strong>ipse</strong></span> <span class='ocrx_word' id='word_1_748' title='bbox 2131 4177 2483 4250; x_wconf 88' lang='lat' dir='ltr'><strong>frequentiori</strong></span> <span class='ocrx_word' id='word_1_749' title='bbox 2517 4184 2570 4232; x_wconf 88' lang='lat' dir='ltr'><strong>et</strong></span> <span class='ocrx_word' id='word_1_750' title='bbox 2596 4173 2860 4230; x_wconf 84' lang='lat' dir='ltr'><strong>festiviori</strong></span> <span class='ocrx_word' id='word_1_751' title='bbox 2888 4187 3048 4228; x_wconf 87' lang='lat' dir='ltr'><strong>cursu</strong></span> <span class='ocrx_word' id='word_1_752' title='bbox 3074 4167 3366 4227; x_wconf 49' lang='lat' dir='ltr'><strong>converse;</strong></span> 
     </span>
    </p>
   </div>
   <div class='ocr_carea' id='block_1_78' title="bbox 1781 4263 3371 4342">
    <p class='ocr_par' dir='ltr' id='par_1_78' title="bbox 1781 4263 3371 4342">
     <span class='ocr_line' id='line_1_78' title="bbox 1781 4263 3371 4342; baseline -0.008 -13"><span class='ocrx_word' id='word_1_753' title='bbox 1781 4285 1886 4342; x_wconf 87' lang='lat' dir='ltr'><strong>tur,</strong></span> <span class='ocrx_word' id='word_1_754' title='bbox 1917 4283 1971 4328; x_wconf 91' lang='lat' dir='ltr'><strong>et</strong></span> <span class='ocrx_word' id='word_1_755' title='bbox 1999 4272 2254 4329; x_wconf 91' lang='lat' dir='ltr'><strong>omnibus</strong></span> <span class='ocrx_word' id='word_1_756' title='bbox 2301 4285 2403 4341; x_wconf 92' lang='lat' dir='ltr'><strong>ope</strong></span> <span class='ocrx_word' id='word_1_757' title='bbox 2428 4268 2546 4338; x_wconf 87' lang='lat' dir='ltr'><strong>ejus</strong></span> <span class='ocrx_word' id='word_1_758' title='bbox 2579 4275 2743 4336; x_wconf 89' lang='lat' dir='ltr'><strong>atque</strong></span> <span class='ocrx_word' id='word_1_759' title='bbox 2769 4265 2974 4319; x_wconf 86' lang='lat' dir='ltr'><strong>auxilio</strong></span> <span class='ocrx_word' id='word_1_760' title='bbox 3008 4263 3371 4334; x_wconf 83' lang='lat' dir='ltr'><strong>indigentibus</strong></span> 
     </span>
    </p>
   </div>
   <div class='ocr_carea' id='block_1_79' title="bbox 1777 4356 3362 4431">
    <p class='ocr_par' dir='ltr' id='par_1_79' title="bbox 1777 4356 3362 4431">
     <span class='ocr_line' id='line_1_79' title="bbox 1777 4356 3362 4431; baseline -0.009 -9"><span class='ocrx_word' id='word_1_761' title='bbox 1777 4367 1978 4422; x_wconf 90' lang='lat' dir='ltr'><strong>mitiori</strong></span> <span class='ocrx_word' id='word_1_762' title='bbox 2025 4372 2079 4419; x_wconf 92' lang='lat' dir='ltr'><strong>et</strong></span> <span class='ocrx_word' id='word_1_763' title='bbox 2113 4362 2307 4419; x_wconf 69' lang='lat' dir='ltr'><strong>laetiori</strong></span> <span class='ocrx_word' id='word_1_764' title='bbox 2350 4361 2496 4417; x_wconf 91' lang='lat' dir='ltr'><strong>vultu</strong></span> <span class='ocrx_word' id='word_1_765' title='bbox 2546 4357 2911 4431; x_wconf 87' lang='lat' dir='ltr'><strong>respondeat,</strong></span> <span class='ocrx_word' id='word_1_766' title='bbox 2959 4365 3013 4411; x_wconf 92' lang='lat' dir='ltr'><strong>et</strong></span> <span class='ocrx_word' id='word_1_767' title='bbox 3055 4356 3362 4411; x_wconf 75' lang='lat' dir='ltr'><strong>auxiliatur.</strong></span> 
     </span>
    </p>
   </div>
   <div class='ocr_carea' id='block_1_80' title="bbox 1779 4448 3370 4526">
    <p class='ocr_par' dir='ltr' id='par_1_80' title="bbox 1779 4448 3370 4526">
     <span class='ocr_line' id='line_1_80' title="bbox 1779 4448 3370 4526; baseline -0.007 -13"><span class='ocrx_word' id='word_1_768' title='bbox 1779 4459 2163 4521; x_wconf 89' lang='lat' dir='ltr'><strong>Patereturne,</strong></span> <span class='ocrx_word' id='word_1_769' title='bbox 2197 4469 2414 4526; x_wconf 85' lang='lat' dir='ltr'><strong>quaeso,</strong></span> <span class='ocrx_word' id='word_1_770' title='bbox 2447 4455 2499 4508; x_wconf 92' lang='lat' dir='ltr'><strong>in</strong></span> <span class='ocrx_word' id='word_1_771' title='bbox 2531 4452 2795 4524; x_wconf 90' lang='lat' dir='ltr'><strong>principio</strong></span> <span class='ocrx_word' id='word_1_772' title='bbox 2822 4449 3007 4520; x_wconf 89' lang='lat' dir='ltr'><strong>palatii</strong></span> <span class='ocrx_word' id='word_1_773' title='bbox 3050 4448 3370 4503; x_wconf 89' lang='lat' dir='ltr'><strong>fundamen-</strong></span> 
     </span>
    </p>
   </div>
   <div class='ocr_carea' id='block_1_81' title="bbox 1707 4533 3361 4615">
    <p class='ocr_par' dir='ltr' id='par_1_81' title="bbox 1707 4533 3361 4615">
     <span class='ocr_line' id='line_1_81' title="bbox 1707 4533 3361 4615; baseline -0.01 -8"><span class='ocrx_word' id='word_1_774' title='bbox 1707 4533 1752 4588; x_wconf 81' lang='lat' dir='ltr'><strong>D</strong></span> <span class='ocrx_word' id='word_1_775' title='bbox 1782 4561 1892 4606; x_wconf 91' lang='lat' dir='ltr'><strong>tum</strong></span> <span class='ocrx_word' id='word_1_776' title='bbox 1917 4550 2237 4615; x_wconf 84' lang='lat' dir='ltr'><strong>invalidum,</strong></span> <span class='ocrx_word' id='word_1_777' title='bbox 2265 4555 2319 4602; x_wconf 90' lang='lat' dir='ltr'><strong>et</strong></span> <span class='ocrx_word' id='word_1_778' title='bbox 2343 4555 2661 4608; x_wconf 69' lang='lat' dir='ltr'><strong>structurae,</strong></span> <span class='ocrx_word' id='word_1_779' title='bbox 2697 4559 2818 4614; x_wconf 67' lang='lat' dir='ltr'><strong>qum</strong></span> <span class='ocrx_word' id='word_1_780' title='bbox 2849 4542 2992 4597; x_wconf 83' lang='lat' dir='ltr'><strong>foret</strong></span> <span class='ocrx_word' id='word_1_781' title='bbox 3024 4539 3361 4595; x_wconf 68' lang='lat' dir='ltr'><strong>aedificandae</strong></span> 
     </span>
    </p>
   </div>
   <div class='ocr_carea' id='block_1_82' title="bbox 1781 4632 3366 4712">
    <p class='ocr_par' dir='ltr' id='par_1_82' title="bbox 1781 4632 3366 4712">
     <span class='ocr_line' id='line_1_82' title="bbox 1781 4632 3366 4712; baseline -0.008 -15"><span class='ocrx_word' id='word_1_782' title='bbox 1781 4643 2133 4712; x_wconf 83' lang='lat' dir='ltr'><strong>incongruum</strong></span> <span class='ocrx_word' id='word_1_783' title='bbox 2155 4682 2171 4708; x_wconf 93' lang='lat'><strong>,</strong></span> <span class='ocrx_word' id='word_1_784' title='bbox 2202 4650 2258 4696; x_wconf 91' lang='lat' dir='ltr'><strong>et</strong></span> <span class='ocrx_word' id='word_1_785' title='bbox 2302 4656 2407 4695; x_wconf 90' lang='lat' dir='ltr'><strong>non</strong></span> <span class='ocrx_word' id='word_1_786' title='bbox 2438 4637 2753 4695; x_wconf 64' lang='lat' dir='ltr'><strong>cohaerens?</strong></span> <span class='ocrx_word' id='word_1_787' title='bbox 2781 4635 2895 4691; x_wconf 86' lang='lat' dir='ltr'><strong>Non</strong></span> <span class='ocrx_word' id='word_1_788' title='bbox 2937 4643 3088 4704; x_wconf 84' lang='lat' dir='ltr'><strong>puto,</strong></span> <span class='ocrx_word' id='word_1_789' title='bbox 3119 4632 3165 4687; x_wconf 89' lang='lat' dir='ltr'><strong>si</strong></span> <span class='ocrx_word' id='word_1_790' title='bbox 3207 4645 3366 4699; x_wconf 81' lang='lat' dir='ltr'><strong>sape—</strong></span> 
     </span>
    </p>
   </div>
   <div class='ocr_carea' id='block_1_83' title="bbox 1779 4724 3369 4807">
    <p class='ocr_par' dir='ltr' id='par_1_83' title="bbox 1779 4724 3369 4807">
     <span class='ocr_line' id='line_1_83' title="bbox 1779 4724 3369 4807; baseline -0.009 -17"><span class='ocrx_word' id='word_1_791' title='bbox 1779 4746 1883 4802; x_wconf 89' lang='lat' dir='ltr'><strong>ret,</strong></span> <span class='ocrx_word' id='word_1_792' title='bbox 1915 4744 1969 4790; x_wconf 92' lang='lat' dir='ltr'><strong>et</strong></span> <span class='ocrx_word' id='word_1_793' title='bbox 1997 4735 2333 4807; x_wconf 91' lang='lat' dir='ltr'><strong>propositum</strong></span> <span class='ocrx_word' id='word_1_794' title='bbox 2365 4749 2522 4790; x_wconf 92' lang='lat' dir='ltr'><strong>suum</strong></span> <span class='ocrx_word' id='word_1_795' title='bbox 2555 4733 2620 4786; x_wconf 90' lang='lat' dir='ltr'><strong>ad</strong></span> <span class='ocrx_word' id='word_1_796' title='bbox 2648 4731 2899 4786; x_wconf 80' lang='lat' dir='ltr'><strong>ell‘ectum</strong></span> <span class='ocrx_word' id='word_1_797' title='bbox 2933 4727 3228 4799; x_wconf 89' lang='lat' dir='ltr'><strong>perducere</strong></span> <span class='ocrx_word' id='word_1_798' title='bbox 3257 4724 3369 4777; x_wconf 88' lang='lat' dir='ltr'><strong>vel-</strong></span> 
     </span>
    </p>
   </div>
   <div class='ocr_carea' id='block_1_84' title="bbox 1781 4817 3367 4897">
    <p class='ocr_par' dir='ltr' id='par_1_84' title="bbox 1781 4817 3367 4897">
     <span class='ocr_line' id='line_1_84' title="bbox 1781 4817 3367 4897; baseline -0.007 -16"><span class='ocrx_word' id='word_1_799' title='bbox 1781 4827 1870 4881; x_wconf 90' lang='lat' dir='ltr'><strong>let.</strong></span> <span class='ocrx_word' id='word_1_800' title='bbox 1897 4827 2040 4896; x_wconf 83' lang='lat' dir='ltr'><strong>Ergo</strong></span> <span class='ocrx_word' id='word_1_801' title='bbox 2067 4826 2401 4897; x_wconf 88' lang='lat' dir='ltr'><strong>Sapientiam</strong></span> <span class='ocrx_word' id='word_1_802' title='bbox 2433 4836 2560 4879; x_wconf 89' lang='lat' dir='ltr'><strong>ante</strong></span> <span class='ocrx_word' id='word_1_803' title='bbox 2583 4823 2764 4878; x_wconf 88' lang='lat' dir='ltr'><strong>omnia</strong></span> <span class='ocrx_word' id='word_1_804' title='bbox 2795 4819 2991 4876; x_wconf 74' lang='lat' dir='ltr'><strong>szecula</strong></span> <span class='ocrx_word' id='word_1_805' title='bbox 3021 4817 3367 4888; x_wconf 77' lang='lat' dir='ltr'><strong>proposuisse</strong></span> 
     </span>
    </p>
   </div>
   <div class='ocr_carea' id='block_1_85' title="bbox 1780 4908 3364 4986">
    <p class='ocr_par' dir='ltr' id='par_1_85' title="bbox 1780 4908 3364 4986">
     <span class='ocr_line' id='line_1_85' title="bbox 1780 4908 3364 4986; baseline -0.008 -14"><span class='ocrx_word' id='word_1_806' title='bbox 1780 4919 1882 4972; x_wconf 80' lang='lat' dir='ltr'><strong>sibi</strong></span> <span class='ocrx_word' id='word_1_807' title='bbox 1928 4918 2316 4983; x_wconf 88' lang='lat' dir='ltr'><strong>habitaculum,</strong></span> <span class='ocrx_word' id='word_1_808' title='bbox 2361 4916 2502 4986; x_wconf 88' lang='lat' dir='ltr'><strong>quod</strong></span> <span class='ocrx_word' id='word_1_809' title='bbox 2531 4913 2840 4984; x_wconf 89' lang='lat' dir='ltr'><strong>specialiter</strong></span> <span class='ocrx_word' id='word_1_810' title='bbox 2869 4908 3215 4971; x_wconf 88' lang='lat' dir='ltr'><strong>inhabitaret,</strong></span> <span class='ocrx_word' id='word_1_811' title='bbox 3241 4922 3364 4962; x_wconf 86' lang='lat' dir='ltr'><strong>con-</strong></span> 
     </span>
    </p>
   </div>
   <div class='ocr_carea' id='block_1_86' title="bbox 1781 4996 3365 5065">
    <p class='ocr_par' dir='ltr' id='par_1_86' title="bbox 1781 4996 3365 5065">
     <span class='ocr_line' id='line_1_86' title="bbox 1781 4996 3365 5065; baseline -0.009 -1"><span class='ocrx_word' id='word_1_812' title='bbox 1781 5021 1991 5064; x_wconf 85' lang='lat' dir='ltr'><strong>struere</strong></span> <span class='ocrx_word' id='word_1_813' title='bbox 2018 5007 2268 5063; x_wconf 87' lang='lat' dir='ltr'><strong>similiter</strong></span> <span class='ocrx_word' id='word_1_814' title='bbox 2305 5005 2607 5060; x_wconf 88' lang='lat' dir='ltr'><strong>indubitata</strong></span> <span class='ocrx_word' id='word_1_815' title='bbox 2642 5003 2748 5056; x_wconf 81' lang='lat' dir='ltr'><strong>ﬁde</strong></span> <span class='ocrx_word' id='word_1_816' title='bbox 2780 5011 3045 5056; x_wconf 88' lang='lat' dir='ltr'><strong>tenemus.</strong></span> <span class='ocrx_word' id='word_1_817' title='bbox 3086 4996 3240 5065; x_wconf 85' lang='lat' dir='ltr'><strong>Quod</strong></span> <span class='ocrx_word' id='word_1_818' title='bbox 3267 5012 3365 5050; x_wconf 90' lang='lat' dir='ltr'><strong>au-</strong></span> 
     </span>
    </p>
   </div>
   <div class='ocr_carea' id='block_1_87' title="bbox 1785 5091 3364 5163">
    <p class='ocr_par' dir='ltr' id='par_1_87' title="bbox 1785 5091 3364 5163">
     <span class='ocr_line' id='line_1_87' title="bbox 1785 5091 3364 5163; baseline -0.008 -9"><span class='ocrx_word' id='word_1_819' title='bbox 1785 5111 1892 5154; x_wconf 90' lang='lat' dir='ltr'><strong>tem</strong></span> <span class='ocrx_word' id='word_1_820' title='bbox 1927 5099 2295 5155; x_wconf 87' lang='lat' dir='ltr'><strong>habitaculum</strong></span> <span class='ocrx_word' id='word_1_821' title='bbox 2323 5097 2468 5152; x_wconf 86' lang='lat' dir='ltr'><strong>istud</strong></span> <span class='ocrx_word' id='word_1_822' title='bbox 2500 5095 2680 5160; x_wconf 89' lang='lat' dir='ltr'><strong>fuerit,</strong></span> <span class='ocrx_word' id='word_1_823' title='bbox 2712 5093 2825 5163; x_wconf 86' lang='lat' dir='ltr'><strong>jam</strong></span> <span class='ocrx_word' id='word_1_824' title='bbox 2869 5093 3071 5147; x_wconf 90' lang='lat' dir='ltr'><strong>dudum</strong></span> <span class='ocrx_word' id='word_1_825' title='bbox 3104 5091 3364 5154; x_wconf 82' lang='lat' dir='ltr'><strong>innotuit;</strong></span> 
     </span>
    </p>
   </div>
   <div class='ocr_carea' id='block_1_88' title="bbox 1787 5183 3366 5256">
    <p class='ocr_par' dir='ltr' id='par_1_88' title="bbox 1787 5183 3366 5256">
     <span class='ocr_line' id='line_1_88' title="bbox 1787 5183 3366 5256; baseline -0.009 -8"><span class='ocrx_word' id='word_1_826' title='bbox 1787 5195 1888 5249; x_wconf 93' lang='lat' dir='ltr'><strong>hoc</strong></span> <span class='ocrx_word' id='word_1_827' title='bbox 1915 5192 2061 5247; x_wconf 85' lang='lat' dir='ltr'><strong>enim</strong></span> <span class='ocrx_word' id='word_1_828' title='bbox 2091 5189 2455 5246; x_wconf 86' lang='lat' dir='ltr'><strong>habitaculum</strong></span> <span class='ocrx_word' id='word_1_829' title='bbox 2498 5187 2625 5242; x_wconf 89' lang='lat' dir='ltr'><strong>illttd</strong></span> <span class='ocrx_word' id='word_1_830' title='bbox 2653 5185 2952 5242; x_wconf 86' lang='lat' dir='ltr'><strong>sacrarium</strong></span> <span class='ocrx_word' id='word_1_831' title='bbox 2982 5183 3218 5256; x_wconf 88' lang='lat' dir='ltr'><strong>Spiritus</strong></span> <span class='ocrx_word' id='word_1_832' title='bbox 3245 5196 3366 5238; x_wconf 87' lang='lat' dir='ltr'><strong>san-</strong></span> 
     </span>
    </p>
   </div>
   <div class='ocr_carea' id='block_1_89' title="bbox 1421 5432 2072 5492">
    <p class='ocr_par' dir='ltr' id='par_1_89' title="bbox 1421 5432 2072 5492">
     <span class='ocr_line' id='line_1_89' title="bbox 1421 5432 2072 5492; baseline -0.005 -1"><span class='ocrx_word' id='word_1_833' title='bbox 1421 5434 1653 5492; x_wconf 70' lang='grc' dir='ltr'><strong>γΑΚΙιΕ</strong></span> <span class='ocrx_word' id='word_1_834' title='bbox 1689 5432 2072 5490; x_wconf 78' lang='lat' dir='ltr'><strong>LECTIONES</strong></span> 
     </span>
    </p>
   </div>
   <div class='ocr_carea' id='block_1_90' title="bbox 175 5617 1353 5679">
    <p class='ocr_par' dir='ltr' id='par_1_90' title="bbox 175 5617 1353 5679">
     <span class='ocr_line' id='line_1_90' title="bbox 175 5617 1353 5679; baseline 0.003 -7"><span class='ocrx_word' id='word_1_835' title='bbox 175 5617 237 5651; x_wconf 76' lang='grc'>³⁷³</span> <span class='ocrx_word' id='word_1_836' title='bbox 287 5621 367 5674; x_wconf 81' lang='lat' dir='ltr'><strong>ed.</strong></span> <span class='ocrx_word' id='word_1_837' title='bbox 403 5625 679 5679; x_wconf 80' lang='lat' dir='ltr'><strong>contraxit</strong></span> <span class='ocrx_word' id='word_1_838' title='bbox 786 5625 856 5655; x_wconf 75' lang='grc' dir='ltr'><strong>’τ’</strong></span> <span class='ocrx_word' id='word_1_839' title='bbox 964 5624 1183 5678; x_wconf 78' lang='lat' dir='ltr'><strong>ed.hwc</strong></span> <span class='ocrx_word' id='word_1_840' title='bbox 1209 5623 1353 5676; x_wconf 80' lang='lat' dir='ltr'><strong>omit.</strong></span> 
     </span>
    </p>
   </div>
   <div class='ocr_carea' id='block_1_91' title="bbox 1468 5617 2172 5687">
    <p class='ocr_par' dir='ltr' id='par_1_91' title="bbox 1468 5617 2172 5687">
     <span class='ocr_line' id='line_1_91' title="bbox 1468 5617 2172 5687; baseline -0.01 -10"><span class='ocrx_word' id='word_1_841' title='bbox 1468 5621 1539 5653; x_wconf 82' lang='lat'><strong>’&quot;</strong></span> <span class='ocrx_word' id='word_1_842' title='bbox 1571 5621 1654 5676; x_wconf 79' lang='lat' dir='ltr'><strong>Ms</strong></span> <span class='ocrx_word' id='word_1_843' title='bbox 1684 5619 1841 5675; x_wconf 86' lang='lat' dir='ltr'><strong>Corb.</strong></span> <span class='ocrx_word' id='word_1_844' title='bbox 1873 5629 1920 5674; x_wconf 79' lang='lat' dir='ltr'><strong>et</strong></span> <span class='ocrx_word' id='word_1_845' title='bbox 1969 5618 2053 5672; x_wconf 73' lang='lat' dir='ltr'><strong>ed.</strong></span> <span class='ocrx_word' id='word_1_846' title='bbox 2082 5617 2172 5687; x_wconf 88' lang='lat' dir='ltr'><strong>qui</strong></span> 
     </span>
    </p>
   </div>
   <div class='ocr_carea' id='block_1_92' title="bbox 2289 5610 3366 5679">
    <p class='ocr_par' dir='ltr' id='par_1_92' title="bbox 2289 5610 3366 5679">
     <span class='ocr_line' id='line_1_92' title="bbox 2289 5610 3366 5679; baseline 0.016 -32"><span class='ocrx_word' id='word_1_847' title='bbox 2289 5616 2359 5648; x_wconf 70' lang='grc' dir='ltr'><strong>ινδ</strong></span> <span class='ocrx_word' id='word_1_848' title='bbox 2382 5615 2464 5670; x_wconf 61' lang='grc' dir='ltr'><strong>δά,</strong></span> <span class='ocrx_word' id='word_1_849' title='bbox 2489 5611 2618 5667; x_wconf 68' lang='lat' dir='ltr'><strong>olim</strong></span> <span class='ocrx_word' id='word_1_850' title='bbox 2729 5611 2797 5643; x_wconf 72' lang='grc'><strong>³⁷⁸</strong></span> <span class='ocrx_word' id='word_1_851' title='bbox 2824 5610 2905 5663; x_wconf 85' lang='lat' dir='ltr'><strong>ed.</strong></span> <span class='ocrx_word' id='word_1_852' title='bbox 2945 5610 3366 5679; x_wconf 77' lang='lat' dir='ltr'><strong>magnitudinem</strong></span> 
     </span>
    </p>
   </div>
   <div class='ocr_carea' id='block_1_93' title="bbox 113 5679 3370 5782">
    <p class='ocr_par' dir='ltr' id='par_1_93' title="bbox 113 5679 3370 5782">
     <span class='ocr_line' id='line_1_93' title="bbox 113 5679 3370 5782; baseline -0.001 -43"><span class='ocrx_word' id='word_1_853' title='bbox 113 5684 177 5782; x_wconf 52' lang='grc' dir='ltr'>ἱζῖ</span> <span class='ocrx_word' id='word_1_854' title='bbox 201 5689 279 5782; x_wconf 48' lang='grc' dir='ltr'><strong>εἷς.</strong></span> <span class='ocrx_word' id='word_1_855' title='bbox 308 5692 591 5782; x_wconf 55' lang='lat' dir='ltr'><strong>recipiatgr</strong></span> <span class='ocrx_word' id='word_1_856' title='bbox 757 5695 840 5782; x_wconf 61' lang='lat' dir='ltr'><strong>ett.</strong></span> <span class='ocrx_word' id='word_1_857' title='bbox 873 5696 1068 5782; x_wconf 74' lang='lat' dir='ltr'><strong>creatis</strong></span> <span class='ocrx_word' id='word_1_858' title='bbox 1135 5694 1352 5782; x_wconf 54' lang='lat' dir='ltr'><strong>_&quot;&quot;ned.</strong></span> <span class='ocrx_word' id='word_1_859' title='bbox 1380 5693 1429 5747; x_wconf 92' lang='lat' dir='ltr'><strong>in</strong></span> <span class='ocrx_word' id='word_1_860' title='bbox 1459 5702 1606 5775; x_wconf 76' lang='lat' dir='ltr'><strong>tanta</strong></span> <span class='ocrx_word' id='word_1_861' title='bbox 1631 5689 2031 5782; x_wconf 45' lang='lat' dir='ltr'><strong>loturaglqrja</strong></span> <span class='ocrx_word' id='word_1_862' title='bbox 2061 5759 2072 5771; x_wconf 41' lang='lat'><em>.</em></span> <span class='ocrx_word' id='word_1_863' title='bbox 2100 5679 2179 5770; x_wconf 60' lang='grc' dir='ltr'><strong>’ξπ</strong></span> <span class='ocrx_word' id='word_1_864' title='bbox 2208 5689 2292 5743; x_wconf 79' lang='lat' dir='ltr'><strong>rd.</strong></span> <span class='ocrx_word' id='word_1_865' title='bbox 2343 5685 2649 5744; x_wconf 86' lang='lat' dir='ltr'><strong>Dominittm</strong></span> <span class='ocrx_word' id='word_1_866' title='bbox 2726 5681 2793 5720; x_wconf 82' lang='grc'><strong>²⁸⁰</strong></span> <span class='ocrx_word' id='word_1_867' title='bbox 2819 5681 2902 5734; x_wconf 76' lang='lat' dir='ltr'><strong>ed.</strong></span> <span class='ocrx_word' id='word_1_868' title='bbox 2941 5679 3061 5735; x_wconf 79' lang='lat' dir='ltr'><strong>talis</strong></span> <span class='ocrx_word' id='word_1_869' title='bbox 3094 5679 3370 5737; x_wconf 79' lang='lat' dir='ltr'><strong>tolleretur</strong></span> 
     </span>
    </p>
   </div>
   <div class='ocr_carea' id='block_1_94' title="bbox 165 5755 2169 5836">
    <p class='ocr_par' dir='ltr' id='par_1_94' title="bbox 165 5755 2169 5836">
     <span class='ocr_line' id='line_1_94' title="bbox 165 5755 2169 5836; baseline 0.002 -26"><span class='ocrx_word' id='word_1_870' title='bbox 165 5755 176 5785; x_wconf 79' lang='grc'>¹</span> <span class='ocrx_word' id='word_1_871' title='bbox 218 5755 294 5812; x_wconf 71' lang='lat' dir='ltr'><strong>Ms</strong></span> <span class='ocrx_word' id='word_1_872' title='bbox 327 5755 475 5816; x_wconf 78' lang='lat' dir='ltr'><strong>Corb.</strong></span> <span class='ocrx_word' id='word_1_873' title='bbox 524 5765 753 5836; x_wconf 77' lang='lat' dir='ltr'><strong>Explicit</strong></span> <span class='ocrx_word' id='word_1_874' title='bbox 793 5766 1075 5822; x_wconf 79' lang='lat' dir='ltr'><strong>Anselatus</strong></span> <span class='ocrx_word' id='word_1_875' title='bbox 1120 5765 1185 5822; x_wconf 76' lang='lat' dir='ltr'><strong>dc</strong></span> <span class='ocrx_word' id='word_1_876' title='bbox 1238 5765 1599 5835; x_wconf 85' lang='lat' dir='ltr'><strong>Conceptione</strong></span> <span class='ocrx_word' id='word_1_877' title='bbox 1630 5763 1690 5818; x_wconf 87' lang='lat' dir='ltr'><strong>B.</strong></span> <span class='ocrx_word' id='word_1_878' title='bbox 1723 5755 1902 5818; x_wconf 64' lang='lat' dir='ltr'><strong>Marii:</strong></span> <span class='ocrx_word' id='word_1_879' title='bbox 1927 5755 2169 5831; x_wconf 68' lang='lat' dir='ltr'><strong>Virginis</strong></span> 
     </span>
    </p>
   </div>
  </div>
