3898 6318
536 284 641 374 sor

3801 114 3803 207 ι

1566 311 1656 368 AD
1694 312 1921 370 OPERA
1956 311 2014 368 S.
2046 309 2350 368 ANSELMI
2392 306 2758 365 APPENDIX.
3718 308 3785 363 Ἃ

536 430 612 484 cti
636 443 757 486 esse
787 428 1040 493 fatemur,
1079 425 1129 480 in
1155 440 1260 496 quo
1292 432 1343 481 et
1372 438 1466 495 per
1496 425 1638 495 quod
1670 425 1858 480 eadem
1899 423 2126 494 Sapien-
2155 424 2199 479 Α
2234 421 2443 476 ratione
2471 420 2672 476 etenim
2707 417 2966 484 minoris,
3000 416 3045 474 si
3074 416 3319 489 vigilanl'
3363 416 3571 475 animo
3598 420 3785 474 statim

540 522 613 577 tia
649 522 899 578 humanae
929 528 1136 575 natura:
1165 516 1415 587 conjungi
1459 516 1625 571 voluit
1655 526 1709 572 et
1759 515 2116 586 incorporati,

538 620 595 668 et
618 610 869 665 omnibus
914 624 975 664 se
1018 624 1155 678 pura
1197 617 1380 663 mente
1408 607 1792 662 confitentibus
1822 620 2045 676 parcere
2066 612 2121 660 et

538 702 808 762 misereri;
834 700 978 772 quod
1021 701 1344 765 sacrarium,
1375 698 1495 753 aula
1523 698 1772 754 videlicet
1801 696 2120 753 universalis

534 794 949 862 propitiationis,
972 808 1094 847 cum
1119 803 1379 862 eperante
1404 792 1605 861 Spiritu
1636 803 1821 846 sancto
1846 799 2120 845 construe-

534 897 708 951 retur,
741 887 785 940 si
829 885 1239 939 fundamentum
1284 884 1457 948 illius,
1500 884 1708 939 scilicet
1749 884 1956 938 initimn
2004 883 2118 937 sive

532 977 895 1047 primordium
936 974 1275 1030 formaliouis
1326 977 1495 1031 beata:
1541 976 1749 1042 Mariae,
1804 987 2113 1046 corruptum

531 1068 660 1135 fuit,
696 1068 795 1135 ipsi
840 1075 991 1122 certe
1034 1076 1426 1122 constructum:
1477 1084 1582 1123 non
1631 1070 1960 1138 congruebat
2018 1082 2117 1121 nec

529 1160 860 1215 cohaerebat.
905 1157 1154 1213 [nsciane
1208 1158 1309 1212 fuit
1347 1167 1402 1213 et
1436 1160 1701 1229 impotens
1728 1159 1989 1229 sapientia
2019 1157 2112 1211 Dei

528 1260 583 1305 et
612 1250 790 1303 virtus
824 1249 1083 1303 mundum
1115 1249 1214 1304 sibi
1243 1250 1604 1305 habitaculum
1628 1252 1880 1315 condere,
1908 1258 2113 1304 remota

529 1344 676 1399 omni
702 1342 821 1398 labe
850 1340 1173 1397 conditionis
1199 1343 1478 1397 humanm?
1499 1342 1715 1413 Angelis
1736 1341 1856 1396 aliis
1880 1356 2115 1411 peccan-

531 1439 703 1504 tibus,
734 1438 958 1493 bonosa
987 1436 1224 1509 peccatis
1272 1436 1531 1500 servavit,
1574 1446 1631 1491 et
1674 1435 1953 1499 feminam,
1998 1432 2115 1487 Ma-

532 1540 671 1585 trem
695 1544 845 1584 suam
871 1545 995 1587 mox
1021 1529 1279 1592 futuram,
1316 1530 1383 1583 ab
1410 1528 1641 1582 alierum
1666 1526 1904 1596 peccatis
1924 1540 2113 1581 exsor—

529 1629 642 1675 tem
681 1634 900 1675 servare
922 1634 1028 1674 non
1064 1619 1265 1673 valuit?
1296 1617 1350 1672 in
1376 1620 1681 1673 aeternitate
1708 1616 1916 1673 consilii
1947 1616 2112 1671 fixum

531 1711 869 1766 statuiteam
911 1709 1324 1766 dominatricem
1365 1718 1420 1763 et
1458 1711 1700 1778 reginam
1744 1706 1859 1764 fore
1897 1708 2114 1777 angelo-

2222 512 2545 570 adhibemus
2565 554 2582 581 ,
2605 513 2944 583 aliquantum
2976 528 3098 583 qum
3122 514 3197 568 sit
3224 525 3412 582 major
3440 514 3681 567 miseria
3705 530 3783 567 ea

2215 605 2385 677 jicere
2408 605 2651 662 valemus
2674 645 2688 671 ,
2719 604 2845 660 licet
2869 619 3033 674 porro
3062 603 3204 659 infra
3243 619 3421 677 quam
3458 604 3565 659 sit.
3589 604 3789 672 Qualia-

2220 705 2326 753 tem
2354 713 2484 753 vero
2511 696 2871 753 beatitudinis
2902 697 2987 753 vel
3022 697 3285 761 minoris,
3316 697 3433 752 nisi
3467 712 3585 767 per
3609 709 3787 751 contn-

2220 794 2359 849 riam
2392 794 2670 850 miseriam
2698 793 2751 848 in
2777 809 2884 863 qua
2910 808 3096 849 sumus
3120 836 3137 861 ,
3158 808 3266 847 non
3315 792 3500 848 facile
3548 792 3789 863 percipe-2

2219 901 2524 957 pessumus.
2554 885 2628 941 De
2651 883 2843 952 maiori
2874 894 3055 940 autem
3075 884 3423 939 beatitudine
3446 884 3673 939 dictum

2220 995 2308 1035 lno
2342 980 2483 1051 quod
2504 977 2688 1033 oculus
2714 995 2816 1032 mm
2848 979 3005 1043 vidit,
3037 994 3130 1032 nec
3163 978 3309 1031 auris
3343 977 3617 1040 audivit,
3656 994 3735 1028 nec
3758 980 3787 1027 ia

2219 1088 2310 1125 cor
2331 1072 2555 1126 hominis
2582 1070 2851 1134 ascendit,
2884 1085 3001 1140 qua:
3036 1070 3357 1139 pra’parm'it
3406 1068 3573 1123 Deus
3618 1070 3789 1137 dilige-x-

2218 1164 2353 1217 tibus
2380 1180 2435 1217 se
2463 1160 2513 1233 (l
2544 1161 2667 1215 Cor.
2698 1177 2768 1227 ιι,
2795 1160 2873 1234 9).

2288 1253 2369 1308 Ab
2400 1254 2486 1309 his
2515 1255 2678 1325 igitur
2702 1250 3128 1309 beatitudinibus
3170 1250 3317 1305 omni
3368 1250 3559 1305 modo
3605 1266 3783 1319 segem

2220 1343 2424 1398 fuimus
2454 1360 2552 1414 per
2582 1344 3087 1415 praevaricationem
3124 1341 3295 1397 nostri
3324 1342 3511 1411 primi
3551 1346 3771 1410 parents

2216 1445 2274 1493 et
2316 1436 2532 1506 utrique
2581 1437 2815 1493 miseriae
2850 1435 3143 1492 infeliciter
3190 1435 3426 1490 obnoxii
3479 1434 3652 1488 facti.
3692 1434 3789 1487 Hm

2219 1542 2451 1597 namque
2482 1544 2573 1597 per
2600 1538 2871 1598 peccatum
2902 1527 3031 1581 Adae
3063 1526 3278 1580 intravit
3302 1526 3355 1580 in
3412 1526 3730 1589 mundun,
3762 1536 3785 1574 ι·

2215 1620 2290 1673 ita
2320 1619 2373 1672 in
2403 1636 2581 1674 omnes
2616 1619 2852 1674 homines
2873 1618 3203 1690 prrtransivit
3242 1617 3435 1688 (Rom.
3473 1634 3541 1682 v,
3584 1617 3698 1685 12),
3728 1634 3787 1669 se

2219 1708 2415 1778 aliquis
2443 1718 2571 1765 ante
2595 1710 2889 1765 adventum
2931 1708 3025 1764 lilii
3054 1719 3258 1765 sanctae
3298 1708 3508 1764 Mariae
3568 1710 3700 1764 inde
3727 1726 3788 1777 ρε-

526 1818 670 1869 rum,
699 1810 753 1857 et
781 1817 923 1856 nunc
952 1800 1269 1857 inferiorem
1298 1800 1505 1870 angelis
1544 1810 1750 1867 natam,
1794 1801 1847 1855 in
1886 1815 2110 1855 consor-
2143 1768 2191 1827 Β
2218 1807 2355 1853 terat
2385 1799 2627 1854 liberari.
2654 1799 2719 1853 Et
2738 1815 2857 1870 qua:
2880 1801 3072 1856 mors?
3095 1798 3239 1856 Mors
3267 1801 3483 1855 animae
3515 1802 3785 1870 primeqa

527 1895 663 1948 tium
690 1904 969 1965 acceptam
997 1910 1119 1950 esse
1142 1894 1427 1949 credemus
1464 1892 1704 1947 omnium
1734 1891 2115 1962 peccatorum?

525 1988 809 2045 Existimet
838 1989 963 2053 hoc,
996 1996 1053 2043 et
1076 1978 1436 2056 argumentis
1474 1986 1586 2041 suis
1621 1985 1814 2056 probet
1845 1986 1937 2055 qui
1978 1985 2111 2051 vult,

526 2097 629 2153 ego
657 2082 830 2138 donec
866 2082 1121 2139 ostendat
1154 2082 1286 2136 mihi
1339 2081 1479 2136 Deus
1517 2070 1717 2151 aliquid
1756 2082 1969 2151 dignius
2016 2096 2113 2136 ex-

524 2174 777 2231 cellentia
819 2173 1053 2228 dominae
1082 2182 1281 2228 nostra:
1309 2187 1464 2242 posse
1487 2172 1617 2235 dici,
1648 2187 1767 2242 qua:
1796 2173 1929 2237 dixi,
1960 2172 2109 2238 dico;

520 2280 645 2337 qua:
685 2263 882 2335 scripsi
933 2279 1037 2318 non
1078 2271 1254 2329 muto;
1283 2270 1537 2316 caeterum
1570 2270 1655 2314 me
1677 2269 1730 2315 et
1760 2260 2112 2317 intentionem

523 2370 702 2411 meam
731 2356 842 2410 filio
869 2352 1006 2424 ejus,
1032 2363 1088 2411 et
1115 2354 1188 2408 illi
1211 2352 1513 2409 committo.

596 2449 746 2505 Nihil
779 2448 910 2515 tibi,
963 2447 1222 2513 domina,
1270 2448 1515 2517 aequale,
1562 2447 1695 2502 nihil
1745 2446 2111 2517 cemparabile

524 2550 641 2601 est:
663 2555 827 2597 omne
847 2540 992 2595 enim
1012 2539 1153 2609 quod
1170 2548 1272 2605 est,
1289 2549 1381 2593 aut
1402 2553 1563 2609 supra
1591 2546 1642 2593 te
1669 2546 1775 2605 est,
1800 2548 1891 2592 aut
1921 2538 2112 2593 subtus

521 2647 579 2692 te
608 2643 725 2692 est:
757 2633 902 2705 quod
932 2647 1092 2703 supra
1127 2641 1178 2688 te
1201 2640 1320 2696 est,
1358 2631 1506 2687 solus
1538 2630 1682 2686 Deus
1712 2620 1824 2696 est;
1853 2630 1997 2701 quod
2028 2629 2107 2684 in-

524 2727 613 2782 t‘ra
648 2735 699 2783 te
725 2766 740 2793 ,
769 2738 932 2781 omne
960 2724 1105 2795 quod
1132 2724 1275 2779 Deus
1304 2738 1407 2778 non
1440 2732 1542 2778 est.
1592 2721 1676 2777 Ad
1712 2732 1859 2777 tuam
1902 2730 2107 2776 tantam

525 2816 907 2875 excellentiam
937 2815 1058 2885 quis
1079 2815 1342 2885 aspiciet?
1378 2813 1499 2883 quis
1535 2812 1813 2883 attinget?
1856 2811 1924 2865 Et
1960 2819 2110 2866 certe

525 2909 675 2965 utad
705 2909 845 2964 hanc
878 2906 1256 2962 excellentiam
1313 2904 1661 2974 pervenires,
1706 2903 1759 2956 in
1805 2901 2109 2956 humillimo

521 3000 675 3064 loco,
702 2999 754 3052 id
784 3005 869 3053 est
903 2997 956 3051 in
991 3005 1147 3051 utero
1178 2994 1372 3049 matris
1418 3002 1544 3058 tute,
1571 2992 1859 3063 purissima
1891 2991 2097 3045 orieba-

522 3092 622 3146 ris.
677 3088 833 3157 Quod
882 3087 927 3143 si
963 3087 1056 3141 tali
1109 3085 1271 3139 modo
1324 3093 1583 3155 concepta
1622 3092 1677 3138 et
1721 3082 1968 3137 ordinata
2000 3097 2104 3137 non

525 3181 727 3235 fuisses
750 3220 765 3245 ,
797 3178 865 3232 ad
898 3184 1103 3231 tantam
1134 3173 1510 3230 celsitudinem
1538 3189 1644 3228 non
1680 3172 2068 3228 succrevisses.

598 3270 856 3339 Quisquis
885 3268 1051 3338 igitur
1077 3267 1145 3321 de
1166 3264 1429 3321 crementi
1460 3265 1534 3319 tui
1572 3264 1947 3332 magnitudine
1977 3279 2109 3333 gau-

524 3363 618 3421 det
682 3376 749 3416 ac
798 3360 1049 3425 laetatur,
1106 3358 1173 3414 de
1216 3357 1558 3414 ordinatione
1624 3358 1792 3429 ipsius
1842 3355 2109 3413 crementi

526 3469 742 3524 aequum
784 3461 870 3507 est
924 3460 984 3507 ut
1025 3452 1381 3507 exhilaretur.
1428 3450 1531 3519 Qui
1581 3465 1711 3522 ergo
1749 3465 1778 3505 a
1826 3450 1912 3504 die
1936 3451 2110 3505 beata:

528 3544 900 3615 conceptionis
929 3553 1033 3599 tute
1056 3543 1313 3614 gaudium
1344 3542 1584 3613 ejusdem
1615 3544 1988 3613 conceptionis
2015 3543 2111 3597 tol-

524 3633 592 3690 lit
620 3632 876 3688 Ecclesiae
908 3632 1037 3697 Dei,
1068 3640 1162 3687 aut
1191 3648 1297 3688 non
1330 3634 1469 3690 bene
1492 3634 1753 3701 attendit,
1789 3642 1882 3688 aut
1924 3642 2104 3689 atten-

527 3727 658 3782 dere
685 3724 905 3796 negligit
930 3768 944 3793 ,
984 3725 1069 3779 vel
1098 3726 1270 3780 nescit
1291 3726 1490 3782 bonum
1514 3728 1655 3796 quod
1687 3726 1813 3781 inde
1842 3727 2110 3796 processit

520 3818 669 3874 omni
699 3827 966 3873 creaturae
996 3817 1112 3872 Dei.
1153 3817 1260 3873 Sed
1304 3818 1729 3874 immensitatem
1764 3819 1892 3874 boni
1941 3819 2110 3890 ipsius

522 3910 647 3981 quis
670 3908 999 3980 explicabit?
1028 3907 1229 3965 Fateor
1258 3925 1363 3964 non
1395 3924 1527 3981 ego;
1592 3911 1751 3982 longe
1779 3912 1926 3967 enim
1958 3927 1987 3966 a
2023 3927 2108 3968 me

524 4010 581 4058 et
608 4002 716 4057 mei
746 4001 1039 4069 similibus,
1066 4001 1171 4057 hoc
1192 4009 1277 4056 est
1304 4002 1717 4073 peccatoribus,
1747 4012 1895 4058 tanta
1925 4003 2105 4069 salus;

526 4104 933 4160 verumtamen,
965 4104 1026 4149 ut
1055 4102 1300 4162 autumo,
1322 4095 1476 4161 quasi
1508 4095 1560 4149 in
1584 4096 1872 4167 aenigmate
1900 4096 2107 4151 adverti

526 4189 870 4259 aliquatenus
894 4189 1094 4258 poterit
1120 4228 1134 4252 ,
1171 4189 1215 4242 si
1246 4187 1445 4242 malum
1473 4230 1487 4254 ,
1522 4189 1574 4243 in
1604 4186 1746 4257 quod
1773 4197 1969 4243 natura
2008 4189 2109 4243 hu-

526 4294 686 4333 mana
718 4293 783 4332 ex
813 4287 1036 4348 peccato
1072 4278 1202 4333 Adze
1226 4280 1467 4340 corruit,
1512 4288 1641 4333 ante
1682 4278 1883 4334 mentis
1922 4278 2108 4334 oculos

520 4369 856 4443 praeligatur,
885 4378 939 4426 et
970 4371 1043 4425 ita
1078 4372 1131 4425 in
1164 4371 1335 4440 ipsius
1363 4372 1489 4427 mali
1511 4372 1882 4440 contrarium,
1903 4372 2105 4427 bonum

2216 1891 2377 1945 homo
2406 1890 2640 1960 perdidit
2674 1892 2840 1945 vitam
2871 1902 3128 1947 aeternam
3160 1932 3175 1956 ,
3217 1890 3389 1947 Deum
3445 1893 3721 1949 videlicet
3750 1894 3788 1945 al

2215 1982 2367 2053 cujus
2398 1984 2816 2039 similitudinem
2847 1983 3021 2040 factus
3072 1984 3272 2039 fuerat.
3314 1982 3526 2039 Infelix
3570 1990 3787 2055 pernm,

2215 2075 2443 2143 perdere
2470 2074 2614 2146 quod
2640 2088 2854 2131 summe
2882 2084 2967 2131 est
2989 2084 3046 2131 et
3064 2090 3221 2140 vere,
3260 2084 3312 2130 et
3344 2076 3477 2131 sine
3537 2092 3664 2146 quo
3700 2078 3791 2130 niis;

2219 2180 2454 2236 unquam
2486 2166 2625 2222 bene
2653 2165 2884 2221 habetur
2910 2166 2995 2221 vel
3018 2167 3137 2222 est!
3170 2165 3325 2223 Hanc
3353 2167 3647 2223 miseram
3684 2184 3793 2223 ωορδ

2216 2265 2323 2310 tem
2370 2264 2425 2311 et
2460 2256 2608 2310 omni
2660 2254 2804 2311 malo
2840 2256 3319 2327 incomparabilem
3377 2270 3547 2313 mors
3608 2272 3793 2327 quaee

2214 2348 2460 2419 corporis
2488 2348 2843 2419 sequebatur,
2874 2363 2974 2420 per
3000 2363 3165 2418 quam
3202 2347 3384 2402 anima
3410 2387 3431 2413 ,
3479 2364 3621 2419 qua:
3651 2351 3790 2403 adhuc

2213 2446 2267 2500 in
2310 2461 2538 2516 corpore
2573 2446 2774 2518 degens
2809 2446 2933 2500 vita:
2970 2444 3209 2501 ctelestis
3256 2443 3457 2498 flatum
3514 2446 3789 2501 amiserat.

2213 2536 2383 2593 multo
2408 2537 2660 2592 miserior
2685 2536 2940 2592 claustris
2970 2535 3166 2591 inferni
3192 2535 3487 2590 submersa
3510 2536 3789 2605 deperiba.

2213 2629 2365 2684 lianc
2397 2627 2829 2684 intestimabilem
2882 2626 3284 2683 damnationem
3327 2641 3503 2681 nemo
3540 2628 3647 2696 qui
3701 2643 3795 2682 eva-

2213 2723 2403 2787 deret,
2450 2722 2541 2791 qui
2587 2721 2710 2777 inde
2754 2721 3079 2775 liberaretur
3120 2732 3279 2775 nemo
3319 2726 3446 2772 erat
3473 2759 3492 2785 ,
3549 2718 3797 2774 liberae":

2212 2823 2455 2885 potestas
2501 2815 2557 2870 in
2594 2824 2703 2869 tota
2748 2821 2999 2868 creatura
3037 2811 3166 2865 nulli
3204 2810 3281 2865 rei
3329 2810 3682 2875 accidebat;
3724 2810 3794 2864 seii

2213 2905 2326 2960 Deo
2353 2904 2443 2974 qui
2476 2904 2753 2960 hominem
2792 2902 3031 2968 fecerat,
3084 2909 3139 2956 et
3186 2910 3378 2956 contra
3417 2916 3601 2970 quem
3664 2902 3797 2955 homo

2215 2997 2549 3067 deliquerat,
2586 2997 2699 3051 haec
2743 2995 3007 3050 liberandi
3055 3002 3295 3065 potestas
3348 3003 3684 3064 supererat.
3720 2994 3797 3048 Sel

2213 3088 2369 3158 quis?
2396 3088 2510 3158 ipse
2536 3084 2774 3141 offensus
2798 3125 2813 3150 ,
2843 3086 2959 3157 ipse
2983 3084 3293 3155 despectus,
3321 3085 3435 3156 ipse
3462 3096 3528 3140 ut
3559 3095 3798 3157 parceret

2216 3179 2415 3235 anullo
2472 3179 2631 3248 digne
2684 3179 2999 3249 petebatur,
3053 3179 3121 3233 de
3169 3177 3259 3233 die
3298 3177 3352 3231 in
3412 3177 3569 3233 diem
3603 3179 3799 3234 scelera

2216 3271 2745 3342 multiplicabantur,
2789 3279 2845 3325 et
2887 3271 2967 3325 ira
3011 3270 3103 3326 Dei
3142 3270 3205 3325 ad
3238 3269 3585 3340 puniendum
3636 3272 3800 3342 potius

2214 3379 2376 3435 quam
2437 3363 2505 3417 ad
2552 3364 2882 3433 parcendum
2923 3363 3343 3433 provocabatur.
3389 3362 3460 3415 At
3508 3362 3605 3418 ille
3669 3365 3800 3429 cujus

2214 3456 2388 3527 pietas
2415 3469 2519 3510 non
2550 3455 2901 3519 exhauritur,
2934 3453 3093 3523 cujus
3137 3454 3513 3521 misericordia
3563 3473 3685 3509 non
3727 3472 3804 3510 et-

2214 3547 2474 3614 inauitur,
2505 3549 2658 3619 cujus
2684 3548 2896 3603 bonitas
2924 3563 3203 3613 nunquam
3234 3546 3421 3602 deﬁcit
3446 3588 3463 3613 ,
3489 3547 3666 3617 cujus
3710 3564 3803 3603 tm-

2209 3640 2386 3711 jestas
2416 3639 2560 3709 quod
2591 3639 2705 3694 vult
2733 3637 2895 3694 eﬂicit
2917 3679 2931 3705 ,
2966 3639 3240 3694 hominem
3270 3639 3339 3693 ad
3382 3638 3802 3694 similitudines:

2215 3732 2296 3786 sui
2326 3739 2675 3799 creatum,ne
2702 3741 2843 3788 totus
2882 3732 2933 3787 in
2957 3742 3158 3787 aeterna
3181 3732 3546 3788 damnatione
3579 3736 3800 3804 periret,

2214 3820 2449 3876 liberare
2480 3822 2746 3888 instituit,
2798 3833 2853 3875 et
2886 3822 3108 3886 ordine,
3148 3837 3256 3891 quo
3295 3821 3511 3892 gratior
3556 3839 3696 3879 esse
3720 3838 3805 3878 nec

2217 3914 2431 3983 potuit,
2476 3913 2588 3983 ipse
2636 3913 2890 3968 videlicet
2936 3913 3028 3984 qui
3061 3914 3162 3968 hoc
3207 3922 3263 3969 et
3314 3928 3412 3983 per
3440 3928 3503 3968 se
3554 3914 3805 3975 faceret.

2216 4007 2380 4061 homo
2411 4006 2526 4061 fieri
2557 4005 2758 4070 voluit,
2795 4022 2893 4062 nec
2925 4005 3048 4060 talis
3073 4016 3129 4060 ut
3160 4006 3346 4061 caueri
3379 4006 3650 4062 homines
3672 4048 3690 4071 ,
3726 4008 3806 4062 sed

2215 4108 2273 4153 ut
2298 4098 2412 4167 ipse
2460 4106 2514 4154 et
2567 4106 2846 4167 assumpta
2902 4096 3261 4152 humanitatis
3315 4096 3367 4150 in
3423 4113 3538 4152 una
3582 4112 3809 4168 persona

2215 4198 2361 4244 esset
2384 4187 2659 4260 perfectus
2687 4187 2829 4243 Deus
2872 4196 2929 4242 et
2957 4186 3232 4258 perfectus
3268 4188 3463 4254 homo,
3520 4205 3596 4243 ex
3632 4191 3807 4244 anima

2213 4278 2462 4333 rationali
2483 4286 2537 4333 et
2562 4279 2796 4333 humana
2846 4293 3012 4333 carne
3046 4278 3385 4342 subsistens;
3424 4279 3525 4333 sed
3575 4290 3696 4336 tota
3725 4283 3810 4336 hn-

2214 4387 2370 4424 mana
2401 4380 2596 4424 natura
2626 4370 2678 4424 in
2721 4369 2903 4426 radice
2936 4370 3022 4425 sui
3053 4371 3236 4425 vitiata
3262 4370 3443 4424 fuerat
3483 4379 3664 4444 atque
3698 4389 3809 4428 cor-

522 4463 735 4519 scilicet
761 4463 904 4532 quod
931 4478 1031 4531 per
1073 4464 1217 4517 hanc
1261 4464 1535 4518 dominam
1585 4464 1788 4518 mundo
1825 4465 2105 4532 provenit,
2138 4474 2185 4535 ι)
2216 4473 2393 4534 rupta,
2450 4480 2551 4519 nec
2608 4463 2751 4519 Deus
2778 4464 3113 4534 corruptioni
3147 4475 3201 4518 et
3233 4464 3363 4518 vitio
3387 4468 3611 4532 peccati
3640 4477 3811 4537 potest

518 4552 738 4609 animus
762 4551 1111 4608 considerare
1146 4552 1374 4608 volentis
1405 4552 1692 4623 deligatur.

585 4643 761 4700 Omne
813 4644 1013 4716 quippe
1062 4644 1264 4701 bonum
1294 4686 1308 4710 ,
1349 4644 1416 4699 ad
1460 4644 1603 4715 quod
1654 4646 1817 4701 homo
1850 4645 2102 4702 conditus

513 4737 729 4800 fuerat.
754 4734 994 4807 perdidit
1043 4736 1096 4790 in
1136 4734 1310 4790 Adam
1337 4775 1353 4801 ,
1404 4744 1459 4790 et
1505 4736 1645 4791 idem
1683 4737 1858 4807 ipsum
1898 4738 2100 4793 bonum

514 4830 683 4887 multo
722 4829 1087 4886 excellentius
1132 4828 1372 4883 humana
1419 4838 1617 4884 natura
1661 4831 2005 4901 recuperavit
2050 4832 2100 4886 in

516 4918 709 4973 Maria.
740 4919 885 4974 Duas
939 4918 1207 4988 siquidem
1234 4918 1594 4975 beatitudines
1622 4928 1679 4977 et
1705 4920 1838 4976 duas
1856 4921 2103 4977 miserias

522 5023 649 5064 esse
674 5008 947 5063 novimus.
989 5007 1191 5062 Harum
1220 5008 1615 5064 beatitudinum
1660 5018 1716 5065 et
1757 5011 2099 5066 miseriarum

511 5115 677 5156 unam
701 5098 1233 5167 majorem,alteram
1268 5100 1537 5156 minorem
1561 5116 1682 5158 esse
1708 5111 1944 5158 constat.
1966 5102 2102 5158 Bea-

512 5191 691 5245 titudo
735 5190 935 5259 major,
978 5206 1203 5261 regnum
1244 5191 1544 5259 caelorum;
1588 5196 1789 5260 minor,
1839 5210 1944 5265 qua
1986 5195 2103 5265 pri-

509 5297 634 5337 mus
655 5281 819 5337 homo
842 5279 1151 5351 potiebatur
1176 5291 1305 5338 ante
1329 5291 1637 5353 peccatum;
1663 5284 1842 5355 major
1858 5285 2098 5349 miseria,

508 5386 685 5447 pmnm
710 5370 1053 5438 infernales;
1094 5374 1295 5438 minor,
1336 5374 1391 5429 in
1421 5374 1620 5447 quibus
1657 5376 1893 5430 vivimus
1923 5376 2098 5430 contio

512 5483 633 5522 uuae
685 5467 1102 5535 tribulationes,
1148 5474 1204 5523 et
1252 5483 1352 5524 nos
1406 5468 1646 5538 ipsarum
1696 5467 2100 5524 beatitudinum

510 5558 847 5630 experientia
876 5559 1091 5631 penitus
1122 5559 1294 5630 ignari
1321 5599 1334 5621 .
1384 5558 1720 5629 experientia
1749 5557 2097 5613 miseriarum

511 5652 777 5709 srntimus
812 5666 911 5709 nos
935 5665 1329 5724 usquequaque
1354 5651 1606 5721 gravari;
1645 5650 1745 5705 sub
1784 5667 1889 5705 una
1933 5652 2102 5720 gemi-

512 5762 665 5813 nus;
704 5744 862 5802 aliam
893 5788 905 5813 ,
940 5760 1005 5800 ne
1035 5761 1131 5800 nos
1160 5744 1379 5817 rapiat,
1414 5740 1789 5799 formidamus.
1828 5742 2095 5799 Conside-

2208 4556 2530 4612 consociari.
2573 4555 2807 4612 Necesse
2864 4556 3029 4628 igitur
3056 4557 3153 4610 fuit
3191 4565 3249 4611 ut
3280 4566 3497 4622 natura,
3525 4560 3605 4614 de
3629 4577 3740 4629 qua
3762 4576 3809 4616 sc

2209 4646 2484 4701 hominem
2538 4645 2719 4701 facere
2768 4645 3001 4712 volebat,
3051 4654 3105 4701 et
3154 4646 3388 4701 humana
3421 4657 3480 4701 et
3506 4653 3722 4705 munda
3753 4652 3809 4705 ab

2206 4737 2386 4793 omnis
2418 4738 2626 4809 peccati
2684 4737 2936 4807 contagio
2964 4746 3148 4803 esset;
3177 4737 3318 4808 quod
3362 4754 3469 4793 non
3507 4740 3807 4799 inveniret.

2206 4844 2352 4895 cum,
2398 4836 2455 4882 υι
2505 4827 2637 4895 dixi,
2687 4828 2820 4882 nihil
2850 4829 3220 4896 incorruptum
3252 4828 3438 4882 vitiata
3477 4841 3807 4887 cunctorum

2206 4919 2387 4974 radice
2430 4918 2710 4983 existeret,
2752 4918 2845 4973 sed
2870 4918 2962 4989 qui
2991 4919 3243 4973 humana:
3269 4919 3570 4988 perditioni
3609 4923 3807 4977 subve-

2209 5010 2325 5064 nire
2379 5009 2717 5080 disponebat,
2749 5008 2838 5064 Dei
2873 5008 3046 5063 virtus
3071 5017 3126 5063 et
3164 5009 3255 5063 Dei
3283 5010 3549 5079 sapientia
3588 5028 3805 5069 nuncu-

2208 5114 2386 5175 patur.
2420 5104 2605 5175 itaque
2634 5105 2701 5159 ad
2747 5104 2928 5159 omnia
2958 5119 3079 5173 quae
3101 5104 3213 5159 vult
3244 5121 3403 5174 posse
3429 5112 3684 5177 suppetit
3713 5111 3802 5171 illi,

2208 5212 2308 5253 nec
2330 5197 2609 5266 sapientiae
2635 5196 2782 5252 illius
2807 5198 2945 5252 ullus
2968 5207 3049 5253 est
3072 5214 3354 5263 numerus,
3378 5215 3501 5270 qua:
3534 5205 3801 5274 pertingit

2206 5307 2235 5345 a
2261 5290 2369 5346 line
2398 5304 2569 5360 usque
2618 5290 2684 5345 ad
2716 5289 2897 5351 finem,
2935 5298 3126 5345 cuncta
3158 5289 3450 5358 disponens
3479 5288 3642 5360 (Sep.
3684 5311 3800 5353 vni.

2206 5384 2282 5456 l).
2334 5383 2554 5439 Poterat
2598 5399 2730 5454 ergo
2772 5383 2838 5437 de
2868 5397 3045 5437 massa
3071 5384 3377 5453 peccatriee
3409 5396 3673 5441 naturam
3704 5389 3802 5442 bu-

2204 5490 2421 5531 manam
2473 5475 2541 5529 ab
2589 5474 2733 5531 omni
2794 5473 2911 5528 labe
2968 5474 3177 5545 peccati
3232 5475 3530 5531 immunem
3590 5477 3797 5542 facere,

2205 5567 2345 5622 unde
2394 5566 2447 5621 in
2499 5581 2660 5620 unam
2704 5580 2990 5635 personam
3037 5566 3118 5620 sui
3160 5567 3486 5636 susciperet,
3536 5577 3601 5622 ut.
3634 5570 3798 5625 homo

2207 5656 2417 5726 integer
2438 5665 2655 5711 essetet
2684 5654 2948 5709 divinitati
2993 5670 3101 5708 suae
3147 5655 3277 5708 nihil
3310 5655 3602 5712 minueret.
3651 5659 3799 5716 Pr.»-

2206 5746 2476 5803 dsstinata
2531 5746 2630 5801 fuit
2674 5756 2724 5800 ct
2752 5747 3109 5817 praeordinata
3145 5746 3195 5801 in
3223 5746 3323 5803 hoc
3348 5762 3482 5819 opus
3514 5750 3791 5813 mirabile,
