3898 6318
11 388 133 449 ius

1044 393 1312 450 SPURIA.
1356 426 1421 435 -—
1466 394 1551 448 DE
1586 390 1918 449 CONCEPT.
1962 388 2017 445 Β.
2060 388 2321 445 ΜΑΚΙᾸΙῩ.

3243 389 3344 446 3ῐο

12 519 67 563 :t
105 509 425 563 omnibus
470 505 726 576 operibus
758 505 851 560 Dei
882 514 1145 576 praestans
1173 516 1227 561 et
1275 505 1662 568 inenarrabile,
1696 509 1740 563 A
1768 520 1883 558 rmn
1941 506 1995 558 in
2045 505 2352 560 substantia
2399 512 2601 559 nostra:
2628 504 2832 561 carnis
2886 504 3195 562 dominandi
3224 507 3346 575 jure

11 599 105 652 lla
120 600 256 665 ria,
342 597 553 654 scilicet
602 596 689 651 illa
712 598 891 669 magni
925 597 1089 654 maris
1123 598 1459 653 nobilissima
1489 597 1664 663 stella,

11 700 139 744 hoc
170 699 285 744 est
329 688 498 743 totius
534 687 715 743 saeculi
762 677 1070 754 illustratio,
1101 698 1156 745 et
1183 690 1424 743 omnium
1453 690 1504 743 in
1532 698 1669 742 tetu-

11 782 392 850 pestatibus
444 782 786 837 diversorum
837 796 1062 837 casuum
1124 783 1466 837 titubantium
1521 782 1670 836 iude-

11 871 265 927 ticiens
328 870 577 926 levamen
627 879 685 925 et
736 872 1057 938 consolatio,
1090 888 1188 927 nec
1225 888 1331 927 non
1358 874 1427 927 ab
1455 882 1670 929 aeterna:

15 960 270 1015 mortis
340 961 563 1015 interitu
617 963 927 1029 paventium
969 978 1033 1017 ac
1062 964 1162 1018 sub
1211 978 1329 1032 ejus
1363 964 1669 1033 praesidium

14 1049 521 1122 confugiendum
561 1061 733 1106 tutum
760 1051 1017 1121 juvamen
1054 1064 1215 1124 atque
1244 1055 1561 1126 redemptio.

115 1141 215 1197 Te
268 1142 472 1214 igitur,
503 1142 743 1210 domina,
769 1162 932 1215 quant
963 1146 1015 1200 in
1054 1155 1264 1201 tantum
1289 1148 1499 1203 culmen
1532 1164 1671 1219 princ

16 1231 386 1286 destinavit
443 1244 495 1288 et
553 1235 746 1289 extulit
796 1236 976 1290 divina
1037 1237 1321 1307 potentia,
1378 1254 1539 1308 quam
1594 1249 1673 1294 tot

16 1324 464 1393 prmrogativis
504 1324 711 1380 dotavit
762 1336 958 1382 cuncta
996 1328 1287 1398 diSponens
1325 1328 1417 1383 Dei
1463 1330 1671 1398 sapien-

18 1414 139 1479 tia,
200 1428 400 1483 quant
430 1413 533 1469 sibi
579 1425 804 1470 matrem
844 1417 1002 1488 elegit
1028 1420 1095 1472 ad
1122 1420 1320 1475 mundo
1350 1420 1671 1475 subvenien—

20 1505 179 1557 dum
261 1504 400 1573 ipsa
453 1506 694 1565 omnium
723 1506 1105 1564 salvandorum
1143 1510 1669 1567 inell‘abilismiscri-

19 1592 285 1660 cordia,
324 1593 755 1662 crediderimus,
789 1612 988 1666 quaaso,
1018 1607 1069 1654 te
1098 1610 1270 1656 morte
1294 1602 1525 1671 peccati,
1552 1618 1673 1672 quae

25 1701 147 1753 per
186 1685 487 1740 invidiam
529 1686 729 1742 diaboli
758 1690 1046 1759 occupavit
1076 1691 1263 1745 orbem
1300 1701 1585 1756 terrarum,
1619 1694 1671 1747 in

22 1788 136 1830 tuo
165 1786 470 1848 conceptu
512 1778 752 1848 potuisse
792 1781 1006 1849 gravari
1036 1780 1060 1834 ?
1098 1797 1184 1836 me
1216 1798 1449 1853 namque
1474 1786 1665 1837 iterum

1769 602 2097 663 penetraret.

1842 683 1993 740 Nunc
2017 694 2199 740 autem
2223 702 2342 755 quze
2368 686 2559 757 gloria,
2585 690 2707 758 quis
2737 690 2932 755 honor,
2963 690 3346 762 qumjubilatio

1770 778 1970 844 cordis,
1995 794 2116 847 qua:
2139 777 2450 846 jucunditas
2475 781 2691 847 mentis,
2722 797 2840 851 qua:
2854 784 3117 839 securitas
3132 795 3349 841 aeterna:

1770 868 2118 925 beatitudinis
2142 870 2248 924 erit
2295 868 2547 925 humana:
2578 882 2802 935 natum,
2834 874 3046 942 quando
3071 875 3217 929 illum
3246 876 3347 930 sibi

1772 959 1969 1015 viderit
2031 961 2496 1030 concorporalem,
2545 978 2705 1031 quem
2759 964 2938 1019 omnis
2963 964 3154 1020 militia
3184 964 3349 1020 caelo-

1772 1063 1891 1101 rum
1946 1048 2139 1103 adorat
2179 1064 2341 1120 super
2385 1064 2444 1104 se
2491 1066 2677 1105 verum
2735 1052 2925 1117 Deum,
2961 1069 3082 1108 cum
3112 1053 3272 1109 Patre
3297 1063 3349 1108 et

1773 1138 1981 1208 Spiritu
2028 1148 2217 1195 sancto
2237 1143 2422 1196 omnia
2476 1153 2771 1213 regentem,
2802 1144 3054 1198 omnibus
3080 1145 3349 1213 imperan-

1772 1240 1912 1293 tem,
1981 1237 2036 1283 et
2092 1238 2291 1285 aeterne
2353 1230 2495 1284 Patri
2565 1247 2663 1286 suo
2725 1232 3246 1288 consubstantialem
3296 1248 3353 1289 et

1774 1318 2265 1387 coomnipotcntem
2319 1319 2342 1372 ?
2387 1319 2538 1375 lianc
2590 1319 2837 1391 gloriam,
2899 1322 3036 1375 hanc
3077 1330 3377 1375 tantorum‘

1774 1410 2040 1464 bonorum
2092 1411 2491 1478 possessionem
2546 1427 2824 1480 nunquam
2882 1412 3118 1466 humana
3160 1424 3351 1466 natura

1775 1502 2190 1571 adipisceretur,
2244 1503 2288 1556 si
2316 1501 2458 1556 Deus
2490 1503 2624 1572 ipse,
2676 1519 2773 1573 pro
2801 1505 3109 1574 expiatione
3146 1503 3359 1573 peccati

1774 1591 1920 1653 Adae,
1952 1593 2005 1645 in
2028 1606 2194 1647 carne
2232 1592 2466 1645 humana
2496 1608 2600 1646 non
2634 1604 2968 1649 nasceretur.
2996 1593 3159 1648 Multo
3190 1594 3357 1664 igitur

1777 1676 1989 1734 felicius
2045 1687 2101 1732 et
2150 1678 2365 1750 dignius
2394 1679 2447 1733 in
2475 1695 2644 1749 regno
2681 1681 2943 1738 ccelorum
2964 1683 3168 1738 erimus
3189 1698 3354 1753 quam

1776 1772 1819 1826 si
1846 1772 2015 1827 Adam
2046 1786 2152 1827 non
2180 1783 2462 1843 peccasset
2485 1773 2653 1828 futuri
2682 1788 2945 1831 essemus.
2977 1776 3045 1830 Et
3070 1776 3198 1847 quid
3227 1778 3359 1843 erit,

27 1880 225 1940 atque
278 1871 493 1925 item,“
543 1871 709 1940 ipsas,
760 1888 895 1943 quas
923 1874 1172 1943 superius
1226 1876 1664 1939 commemova
1701 1852 1743 1911 Β
1775 1864 1915 1917 torte
1939 1864 2137 1934 aliquis
2164 1904 2178 1918 .
2211 1904 2225 1918 .
2262 1903 2277 1920 .
2309 1903 2324 1918 .
2353 1865 2420 1919 de
2469 1866 2732 1921 memoria
2779 1865 3065 1930 malorum,
3101 1883 3198 1937 pro
3219 1881 3356 1936 quo-

27 1964 325 2017 rationes
382 1963 785 2030 considerante,
828 1965 1043 2019 animus
1090 1965 1192 2020 hoc
1240 1966 1463 2021 credere
1512 1967 1669 2033 vitat,

30 2052 312 2106 intentio
348 2053 631 2119 abhorret,
658 2054 834 2126 lingua
863 2054 1020 2110 fateri
1054 2072 1159 2110 non
1192 2057 1376 2111 audet.

116 2142 305 2209 Quod
358 2142 405 2197 si
461 2143 662 2198 dicitur
694 2152 763 2209 te,
792 2146 833 2199 si
864 2154 991 2200 ante
1042 2154 1255 2213 partum
1288 2146 1430 2200 beati
1469 2146 1559 2199 lilii
1594 2146 1668 2198 tui

30 2242 361 2303 praeventa
411 2234 655 2304 corporis
686 2245 859 2290 morte
898 2235 1119 2302 fuisses,
1157 2236 1435 2307 originalis
1465 2239 1669 2305 peccati

36 2326 238 2395 legem
303 2324 548 2379 aliorum
599 2342 749 2382 more
792 2327 1021 2383 evadere
1053 2344 1157 2383 non
1195 2329 1452 2399 potuisse,
1495 2330 1671 2400 inepte

39 2416 295 2478 dicitur,
347 2430 456 2470 nec
515 2418 648 2470 tanti
678 2426 764 2471 est
809 2428 870 2472 ut
901 2417 949 2472 ei
979 2419 1386 2487 respondeatur.
1430 2420 1672 2486 Qualiter

36 2506 204 2560 enim
269 2505 468 2560 Mater
523 2506 617 2561 Dei
673 2506 853 2561 futura
886 2508 1250 2577 pracordinata
1292 2508 1509 2573 fuisses,
1534 2510 1580 2563 si
1604 2510 1671 2564 ad

33 2601 151 2653 hoc
202 2607 283 2663 te,
347 2597 458 2667 qui
511 2599 920 2668 pmordinavit,
979 2600 1121 2656 Deus
1150 2617 1256 2656 non
1294 2602 1673 2671 perduxisset?

44 2690 190 2744 Nam
248 2690 307 2744 in
376 2689 499 2744 Deo
522 2706 628 2743 non
653 2698 756 2755 est,
787 2702 861 2745 est
890 2700 946 2746 et
976 2708 1101 2758 non,
1129 2691 1224 2746 sed
1260 2693 1484 2763 simplex
1511 2702 1585 2746 est
1619 2694 1670 2747 iu

48 2782 148 2836 illo
173 2789 288 2836 est.
320 2780 416 2834 An
451 2795 601 2836 mors
631 2781 900 2837 valentior
925 2795 1045 2836 esse
1068 2792 1250 2851 posset
1273 2783 1404 2848 Deo,
1435 2785 1500 2838 dc
1522 2784 1673 2852 cujus

53 2889 231 2928 manu
290 2887 467 2928 nemo
499 2872 643 2927 valet
686 2874 979 2944 quidquam
1024 2890 1213 2945 rapere
1242 2874 1441 2930 ?Nuuc
1471 2886 1670 2943 autem,

50 2964 189 3032 quia
257 2963 404 3017 tanti
468 2964 608 3033 apud
651 2963 818 3018 Deum
873 2979 987 3034 prae
1022 2965 1170 3019 onmi
1200 2975 1447 3019 creatura
1496 2981 1575 3028 es,
1616 2977 1676 3021 ut

58 3052 246 3107 Mater
272 3054 402 3123 ejus
430 3052 749 3123 dignissime
774 3053 891 3109 ﬁeri
917 3055 1232 3119 meruisses,
1262 3056 1402 3110 sicut
1426 3056 1540 3126 ipsc
1567 3071 1672 3110 non

62 3154 287 3199 tantum
340 3153 702 3211 supercastus
745 3153 801 3199 et
843 3148 1098 3210 mundus,
1154 3146 1246 3200 sed
1283 3146 1398 3214 ipsa
1450 3145 1674 3200 castitas

63 3239 302 3309 ipsaque
362 3234 635 3291 munditia
682 3244 797 3290 est:
843 3236 917 3289 ita
971 3251 1135 3291 carne
1161 3252 1347 3292 verum
1400 3236 1673 3291 hominem

62 3331 323 3399 paritura
379 3342 532 3391 eras,
590 3327 783 3381 munda
830 3343 941 3398 prze
984 3328 1237 3383 omnibus
1276 3328 1402 3397 jure
1438 3344 1557 3383 esse
1589 3327 1676 3383 de-

66 3423 297 3478 bueras.
332 3420 648 3475 Printordia
679 3419 862 3489 itaque
904 3420 1197 3474 creationis
1222 3428 1322 3474 tua:
1357 3421 1547 3476 merito
1580 3421 1674 3475 lilii

67 3522 283 3568 sancta:
310 3511 580 3567 Ecclesia:
603 3511 799 3565 debent
828 3510 1098 3576 venerari,
1124 3511 1168 3566 si
1194 3519 1399 3577 sancta,
1428 3513 1472 3568 si
1497 3520 1670 3581 casta,

72 3606 117 3661 si
165 3622 199 3662 a
250 3603 629 3676 corruptionis
657 3604 741 3660 vel
783 3604 989 3675 peccati
1020 3620 1154 3676 ruga
1184 3604 1276 3660 illa
1307 3604 1675 3661 creduntesse

71 3698 347 3753 discreta.

148 3789 255 3857 Qui
282 3789 454 3845 aliter
481 3788 745 3855 sentiunt,
797 3789 941 3860 quod
971 3789 1165 3847 melius
1198 3791 1519 3861 approbant,
1549 3806 1670 3847 cre-

77 3880 236 3933 dant.
275 3880 419 3951 Ego,
462 3879 703 3949 piissima
736 3880 976 3946 domina,
1007 3897 1105 3953 ego
1135 3891 1258 3938 tuus
1279 3882 1676 3953 qualiscunque

81 3968 367 4033 servulus,
411 3983 514 4039 ego
561 3970 698 4038 scio,
727 3971 891 4027 credo
923 3980 978 4026 et
1006 3972 1274 4028 confiteor
1299 3973 1424 4043 quia
1451 3973 1577 4028 inde
1605 3988 1671 4027 ex

80 4060 270 4115 radice
296 4058 456 4116 Jesse
480 4060 867 4130 pulcherrima,
894 4077 956 4116 ac
999 4077 1096 4132 per
1133 4064 1237 4119 hoc
1262 4063 1410 4118 onmi
1442 4064 1585 4133 quod
1623 4074 1677 4117 te

81 4156 442 4224 aliquatenus
470 4155 812 4210 docoloraret
853 4157 1062 4225 peccati
1099 4157 1324 4213 vulnere
1351 4157 1523 4212 aliena
1558 4173 1678 4228 pro-

81 4245 259 4310 diisti,
310 4252 369 4299 et
396 4244 743 4316 integerrima
766 4261 1090 4316 permanens
1119 4248 1305 4304 ﬂorem
1344 4251 1678 4319 speciosissi-

84 4354 235 4392 mum
281 4338 560 4408 protulisti
588 4358 603 4393 :
636 4340 844 4406 liorem,
878 4340 1118 4409 inquam,
1173 4341 1463 4411 protulisti,
1491 4352 1543 4397 et
1570 4357 1676 4397 non

84 4429 547 4500 qualemcunque,
602 4432 699 4487 sed
749 4448 912 4503 super
958 4448 1119 4504 quem
1179 4432 1512 4503 septifortnis
1553 4433 1675 4504 Spi-

1774 1970 1892 2008 rum
1947 1956 2291 2025 integerrima
2347 1957 2640 2013 abolitione
2691 1959 3121 2014 interminabiles
3148 1960 3354 2029 gratias

1773 2057 1993 2117 agerent
2043 2048 2141 2114 illi,
2192 2064 2351 2118 quem
2415 2060 2739 2119 praesentem
2782 2064 2997 2119 semper
3052 2051 3351 2111 habebunt,

1773 2152 1871 2191 suo
1926 2138 2175 2207 piissimo
2223 2141 2571 2212 Redemptori
2598 2143 2905 2212 quicunque
2932 2143 3001 2197 ibi
3032 2142 3232 2198 fuerint
3261 2144 3356 2197 lu,-

1772 2228 1991 2283 mines?
2017 2231 2242 2287 Constat
2266 2233 2408 2286 enim
2436 2233 2580 2302 quod
2602 2248 2789 2289 omnes
2811 2233 3049 2288 omnium
3075 2234 3354 2289 conscie:.-

1776 2321 1863 2376 tia:
1910 2323 2138 2393 singulis
2183 2325 2443 2394 patebunt
2466 2341 2571 2380 non
2604 2325 2776 2380 solum
2822 2326 3154 2390 hominibus,
3177 2326 3270 2382 sed
3301 2337 3356 2380 tl.

1773 2408 2088 2480 angelorum
2136 2420 2191 2466 et
2245 2412 2522 2468 hominum
2571 2422 2625 2468 et
2663 2415 2873 2485 angelis
2929 2426 2983 2470 et
3022 2417 3350 2471 hominibus.

1773 2500 1905 2557 Cum
1957 2503 2119 2575 igitur
2170 2504 2451 2561 cherubim
2474 2515 2528 2562 et
2556 2509 2854 2579 seraphin],
2892 2510 3074 2565 throni
3105 2520 3161 2566 et
3182 2512 3355 2566 domi-

1774 2593 2044 2657 nationes,
2104 2593 2333 2666 aliazque
2361 2597 2621 2653 cmlorum
2664 2599 2913 2661 virtutes,
2940 2600 2993 2654 in
3019 2602 3352 2658 conscientia

1776 2684 2112 2750 singulorum
2154 2688 2507 2757 cognoverint
2554 2698 2774 2758 peccata
2819 2690 3052 2755 illorum,
3078 2706 3242 2762 seque
3274 2702 3354 2747 ta-

1776 2774 1904 2828 lium
1932 2775 2164 2830 viderint
2189 2778 2412 2831 omnino
2434 2779 2696 2843 insontes,
2718 2782 2988 2849 quomodo
3008 2782 3121 2836 fieri
3153 2787 3353 2852 poterit

1775 2873 1835 2917 ut
1862 2878 1956 2919 eos
1983 2880 2091 2918 non
2117 2875 2429 2935 computent
2473 2868 2670 2923 exinde
2693 2869 2909 2925 viliores
2946 2885 3106 2939 quam
3144 2873 3187 2939 si
3219 2888 3355 2927 nun-

1776 2970 1938 3025 quam
1985 2956 2064 3010 eis
2106 2956 2270 3028 aliqui
2331 2958 2466 3014 tales
2517 2960 2775 3016 dominati
2830 2961 3061 3017 fuissent
3090 2967 3353 3021 errores?

1777 3044 2057 3112 Quomodo
2086 3063 2217 3120 ergo
2262 3049 2471 3105 felicius
2496 3062 2551 3107 et
2578 3053 2788 3123 dignius
2828 3065 2987 3111 erunt
3013 3057 3064 3113 in
3091 3060 3353 3114 sol-.ietate

1778 3139 2116 3209 angelorum,
2166 3157 2395 3211 quorum
2453 3143 2636 3199 vilitas
2672 3147 2983 3202 nominatur
3011 3165 3075 3204 ex
3112 3165 3357 3204 commu-

1776 3228 1937 3284 nione
1984 3230 2191 3298 peccati
2241 3230 2370 3287 Adze
2414 3234 2773 3291 aestimatione
2816 3236 3355 3309 ipsorum?peccare

1776 3337 2011 3391 namque
2057 3322 2349 3380 infelicitas
2377 3336 2434 3380 et
2465 3326 2778 3397 indignitas,
2821 3344 2927 3384 non
2978 3345 3204 3400 peccare
3227 3348 3356 3386 vero

1775 3412 2007 3471 felicitas
2054 3426 2109 3470 et
2155 3415 2390 3487 dignitas
2442 3418 2753 3472 comitatur.
2811 3418 2937 3475 Haec
2980 3421 3028 3474 si
3053 3421 3173 3490 quis
3196 3421 3347 3486 dicit,

1778 3507 1899 3563 duci
1940 3504 2157 3578 quidem
2209 3507 2420 3564 ratione
2465 3509 2696 3576 videtur,
2751 3512 2845 3566 sed
2901 3512 3168 3577 humana;
3224 3529 3349 3567 nam

1777 3600 2019 3657 cmlcstia
2057 3602 2420 3658 consideranti
2453 3602 2554 3657 alia
2589 3604 2658 3659 ab
2684 3604 2803 3659 istis
2839 3608 3076 3661 occurrit
3106 3607 3352 3662 conside-

1779 3693 1938 3747 ratio.
1964 3690 2081 3748 Non
2131 3693 2275 3747 enim
2307 3693 2383 3747 illi
2410 3694 2640 3764 angelici
2668 3697 2911 3766 spiritus,
2952 3713 3179 3767 quorum
3206 3699 3355 3752 simi-

1780 3782 2082 3850 litudinem,
2132 3786 2287 3855 juxta
2316 3786 2641 3856 promissum
2678 3787 2911 3855 Domini,
2953 3791 3194 3861 adepturi
3227 3801 3356 3845 sunt

1779 3884 1903 3946 post
1950 3876 2053 3931 hoc
2104 3876 2357 3932 sreculum
2410 3877 2612 3948 quique
2653 3878 2786 3948 justi
2832 3879 3102 3943 homines,
3167 3881 3219 3933 iu
3275 3881 3369 3947 eis,

1777 3967 2198 4023 considerabant
2245 3971 2336 4040 qui
2367 3969 2591 4038 fuerint,
2626 3972 2720 4026 sed
2769 3972 2863 4041 qui
2889 3972 3016 4035 sint,
3062 3972 3187 4027 licet
3214 3972 3267 4027 hi
3297 3974 3351 4027 in

1778 4058 2041 4111 memoria
2094 4072 2189 4112 sua
2236 4059 2471 4113 habeant
2499 4061 2590 4129 qui
2620 4060 2845 4126 fuerint,
2881 4063 2947 4114 ad
2972 4060 3182 4115 laudem
3209 4062 3357 4116 scili-

1778 4157 1867 4203 cet
1891 4158 1944 4201 et
1987 4149 2054 4203 ad
2090 4150 2316 4219 gloriam
2346 4150 2645 4207 Salvatoris
2689 4152 2793 4208 sui.
2824 4152 2980 4208 Certe
3006 4154 3049 4209 si
3082 4155 3276 4225 aliquis
3303 4156 3353 4209 iu

1778 4239 1883 4294 hac
1902 4239 2117 4294 mortali
2155 4256 2320 4295 carne
2348 4242 2552 4312 positus
2582 4243 2762 4313 aliquo
2791 4246 2939 4316 gravi
2970 4247 3178 4313 morbo,
3207 4248 3353 4303 verbi

1779 4332 1971 4403 gratia,
1998 4331 2146 4402 lepra
2178 4347 2490 4404 percussus,
2547 4344 2658 4391 toto
2683 4352 2908 4407 corpore
2933 4338 3203 4394 vermibus
3235 4355 3359 4395 sca-

1783 4431 1939 4487 teret,
1987 4430 2041 4478 et
2067 4423 2279 4479 cunctis
2312 4438 2435 4479 eum
2467 4424 2800 4482 intuentibus
2836 4428 3085 4484 horridus
3115 4429 3359 4485 immane

88 4519 228 4575 mus
279 4530 509 4576 sanctus
556 4522 845 4593 requievit,
901 4533 957 4579 ει
1000 4525 1169 4580 odore
1218 4525 1343 4580 vim,
1396 4525 1669 4595 perennis,
1703 4525 1752 4585 ι)
1783 4512 1996 4580 feteret,
2050 4515 2096 4569 si
2134 4513 2315 4584 aliquo
2371 4526 2591 4581 eventu,
2636 4527 2818 4588 utpote
2844 4519 3357 4589 medicorumjuva»

90 4606 255 4665 odore
280 4609 478 4665 salutis
502 4618 717 4666 aeternae
750 4627 964 4667 omnem
1007 4623 1311 4669 creaturam
1338 4614 1510 4684 gratia
1538 4614 1672 4669 divi-

92 4698 275 4754 nitatis
320 4715 435 4756 suae
482 4701 744 4772 respersit
790 4711 957 4772 atque
1006 4704 1256 4773 replevit.
1310 4704 1417 4760 Per
1469 4705 1613 4759 hunc
1641 4720 1671 4758 a

96 4800 318 4856 peccato
371 4792 535 4862 primi
579 4793 820 4862 parentis
859 4793 1177 4861 liberamur,
1216 4804 1272 4849 et
1297 4803 1526 4850 mortem
1554 4810 1675 4864 qua:

98 4895 189 4946 per
209 4881 354 4938 istud
382 4884 613 4939 intravit
638 4886 691 4940 in
721 4887 908 4943 orbem
966 4898 1230 4944 terrarum
1257 4889 1555 4955 evadimus,
1583 4890 1676 4943 mi-

100 4972 267 5027 serias
292 4975 490 5044 quibus
521 4977 927 5046 opprimebatur
969 4980 1148 5034 omnis
1171 4993 1299 5034 caro
1317 4978 1388 5033 ob
1419 4980 1673 5033 meritum

102 5061 264 5129 ipsius
289 5066 495 5132 delicti,
514 5067 626 5136 jam
656 5070 790 5125 alias
821 5071 872 5124 in
903 5087 981 5135 re,
1015 5070 1150 5125 alias
1172 5070 1225 5125 in
1255 5085 1365 5141 spe,
1391 5070 1675 5127 conculcat

108 5153 215 5219 ipsa
239 5172 368 5213 caro
400 5159 679 5228 redempta
705 5175 900 5215 cruore
929 5161 1097 5232 ipsius
1148 5162 1316 5228 ﬂoris,
1377 5162 1524 5218 unici
1569 5163 1675 5217 sci-

108 5246 227 5301 licet
258 5250 350 5305 lilii
381 5253 456 5307 tui
484 5262 537 5307 et
586 5251 789 5307 dilecti.
836 5252 940 5308 Per
970 5256 1116 5309 hunc
1143 5269 1355 5325 quoque
1379 5269 1483 5308 non
1514 5252 1674 5308 modo

111 5338 372 5405 paradiso,
432 5344 578 5397 unde
626 5343 797 5397 Adam
850 5342 951 5397 fuit
999 5345 1269 5414 repulsus,
1316 5346 1671 5410 restituimur,

113 5427 199 5480 sed
219 5437 272 5483 et
303 5433 771 5501 regnocmlorum,
795 5436 936 5504 quod
965 5451 1074 5492 non
1098 5436 1367 5502 habuerit,
1395 5436 1488 5491 sed
1519 5436 1673 5490 habi-

120 5524 261 5575 turus
307 5532 423 5578 erat
477 5525 524 5581 si
568 5541 673 5582 non
722 5538 1022 5597 peccasset,
1072 5527 1241 5583 multo
1267 5527 1479 5583 felicius
1505 5528 1595 5583 illo
1621 5537 1677 5584 et

118 5609 321 5679 dignius
374 5616 698 5674 invehimur.
754 5620 889 5675 Nam
942 5620 987 5697 si
1034 5619 1146 5675 Deo
1202 5620 1513 5676 inobediens
1567 5635 1672 5674 non

124 5700 316 5771 fuisset,
348 5725 613 5780 nunquam
648 5711 816 5766 Filius
849 5711 939 5767 Dei
986 5713 1147 5767 homo
1178 5711 1351 5777 fieret,
1385 5712 1436 5767 in
1460 5726 1565 5782 quo
1590 5712 1673 5765 vel

126 5804 211 5856 l'l'0
230 5812 330 5865 quo
359 5812 579 5858 mortem
614 5804 819 5875 patiens
843 5820 904 5859 ac
944 5820 1233 5876 rcsurgcus
1266 5819 1484 5875 regnum
1509 5801 1671 5859 ςωιο-

1779 4605 1942 4670 mine,
1982 4603 2063 4658 vel
2091 4615 2335 4673 respectu
2385 4606 2521 4659 mira
2552 4607 2800 4662 facientis
2825 4608 2917 4663 Dei
2950 4609 3369 4673 misericordiae,

1779 4701 2003 4771 integrae
2055 4700 2274 4755 sanitati
2334 4700 2619 4755 restitutus
2669 4701 2879 4765 fuisset,
2931 4711 2986 4756 et
3022 4718 3109 4756 res
3154 4703 3234 4755 eis
3263 4703 3360 4769 qui

1776 4804 1899 4844 cum
1950 4790 2100 4859 prius
2144 4797 2410 4844 noverant
2457 4787 2945 4854 innotuisset,mox
2994 4788 3046 4842 hi
3078 4788 3170 4858 qui
3203 4789 3352 4843 illmu

1777 4894 1907 4938 ante
1943 4886 2416 4953 abominabantur,
2466 4888 2511 4942 si
2543 4888 2781 4944 charitas
2816 4888 2871 4941 in
2909 4887 2989 4940 eis
3020 4885 3173 4939 firma
3213 4886 3354 4955 vige-

1742 5028 1743 5031 η
1778 4985 1880 5040 ret,
1931 4977 2101 5045 ipsum
2142 4979 2343 5043 videre,
2389 4979 2563 5049 ipsum
2612 4977 2830 5047 alloqui,
2887 4977 2939 5030 in
2971 4976 3087 5045 ipso
3122 4977 3352 5047 gratiam

1777 5069 1873 5123 Dei
1900 5079 2165 5139 cuperent
2192 5070 2410 5139 intueri,
2461 5070 2668 5137 mirari,
2692 5068 2963 5135 venerari,
2986 5077 3041 5124 et
3060 5068 3233 5139 ipsum
3262 5071 3377 5123 dun

1776 5160 1901 5230 plici
1942 5162 2149 5217 honore
2206 5162 2418 5217 censeri
2449 5162 2752 5216 habendum
2790 5160 2957 5231 :ipse
3003 5161 3380 5217 nihilominus.

1776 5249 2237 5304 suaeiniirmitatis
2263 5266 2369 5305 non
2419 5250 2724 5315 immemor,
2755 5247 2876 5304 aliis
2899 5250 3063 5303 etiam
3094 5251 3351 5321 iguoran-
3384 5326 3389 5329 ι

1779 5338 1921 5393 tibus
1948 5353 2071 5394 eam
2126 5340 2265 5395 ultro
2291 5350 2345 5395 et
2375 5356 2497 5395 cum
2532 5339 2763 5409 quadam
2793 5341 2875 5396 sui
2916 5342 3362 5411 augmentatioue

1778 5427 2027 5496 referret,
2064 5438 2120 5484 ut
2152 5430 2327 5501 primo
2354 5440 2408 5485 et
2458 5429 2729 5501 praecipue
2757 5431 2851 5486 Dei
2884 5432 3053 5503 gratia
3080 5432 3224 5495 inde,
3255 5448 3357 5489 seu

1777 5521 2112 5577 medicorum
2165 5522 2337 5592 perita
2384 5521 2633 5589 scientia,
2685 5538 2778 5578 seu
2822 5539 2917 5579 sua
2948 5524 3346 5595 longanimitas,

1776 5614 1860 5668 vel
1891 5613 2205 5668 devotarunt
2234 5631 2453 5685 precum
2495 5630 2620 5671 cum
2667 5615 2946 5670 beatorum
2976 5631 3200 5684 operum
3232 5617 3359 5671 diu-

1778 5709 1889 5762 tina
1943 5707 2277 5762 exhibitione
2317 5709 2597 5776 instantia,
2653 5707 2739 5763 vel
2788 5706 3117 5762 medentium
3150 5705 3355 5761 inﬂicta

1740 5802 2045 5872 asperitas
2102 5819 2133 5855 a
2186 5801 2955 5861 salutis:dcsideratoclICctu
2986 5798 3351 5856 nonddlexe-
