3898 6318
491 323 592 381 511

497 444 600 501 rat,
629 432 1036 504 praedicaretur.
1067 430 1121 486 Si
1147 445 1274 501 ergo
1303 430 1416 485 hinc
1441 429 1512 484 ita
1537 439 1800 501 geruntur
1820 430 1873 484 in
1892 429 2082 484 lmma--
2111 433 2152 489 Α

495 527 604 592 nis,
652 524 778 594 quid
827 531 984 596 putas
1035 521 1088 576 in
1123 521 1313 576 horum
1363 521 1764 592 quodammodo
1809 519 2078 574 similibus

493 617 706 688 geritur
761 616 814 670 in
865 613 1388 684 divinis?Equidem
1437 621 1686 684 peccata,
1751 611 1948 682 quibus
1983 611 2077 665 Dei

494 710 675 764 vultus
735 707 1046 774 offenditur,
1105 705 1302 761 mentis
1343 706 1595 760 humanae
1639 703 1860 758 vulnera
1917 711 2080 772 atque

497 803 816 872 putredines
865 815 986 856 esse
1035 815 1141 854 non
1191 799 1530 854 neseinntur.
1559 797 1691 865 Quae
1719 801 1856 854 uiide
1887 809 2077 866 proce-

495 896 648 958 dunt,
685 892 789 947 nisi
818 907 884 948 ex
925 908 1038 948 suae
1060 891 1388 946 conditionis
1425 891 1666 966 ingenita
1692 887 2079 958 corruptione?

497 983 628 1054 Quze
675 984 979 1054 corruptio,
1016 984 1144 1038 dum
1196 983 1474 1038 transierit
1505 983 1558 1037 in
1595 982 2074 1052 incorruptionem,

496 1076 631 1131 nihil
693 1071 944 1130 ulterius!
977 1075 1080 1128 erit
1127 1075 1270 1144 quod
1331 1073 1526 1140 doleat,
1561 1074 1694 1128 nihil
1735 1073 1876 1142 quod
1917 1071 2078 1126 alicui

497 1167 798 1232 sordescat,
851 1164 980 1218 nihil
1026 1166 1170 1234 quod
1224 1175 1417 1220 cuncta
1466 1165 1736 1220 Cernentis
1771 1165 1860 1220 Dei
1894 1164 2080 1220 oculos

495 1253 757 1310 olfendat.
821 1255 933 1309 Pax
978 1243 1140 1324 igitur
1186 1257 1293 1312 erit
1332 1257 1470 1310 inter
1497 1257 1660 1312 Deum
1705 1267 1760 1310 et
1805 1256 2076 1322 homines,

499 1361 661 1414 quam
721 1345 900 1400 nullus
957 1346 1080 1401 finis
1131 1347 1388 1414 includat,
1431 1347 1572 1400 nulla
1602 1345 1819 1402 occasio
1843 1345 2076 1408 scindat,

498 1437 646 1493 nulla
670 1437 878 1494 offensa
920 1439 1200 1494 obnubilet
1224 1456 1240 1506 ;
1277 1425 1548 1494 videbitur
1569 1439 1712 1494 enim
1737 1439 1854 1506 ipse
1878 1437 1966 1506 qui
1995 1445 2080 1490 est

499 1537 558 1584 et
609 1527 878 1584 betabitur
927 1529 977 1582 in
1033 1543 1319 1584 commune
1382 1529 1436 1582 in
1495 1529 1684 1584 eodem
1743 1528 1858 1597 ipso
1907 1535 1962 1582 et
2011 1527 2078 1582 ad

501 1616 707 1686 ipsum,
767 1618 857 1688 qui
911 1618 977 1672 ab
1011 1633 1073 1672 eo
1097 1617 1236 1690 quod
1262 1627 1369 1685 est,
1397 1617 1542 1673 aliud
1577 1618 1802 1694 omnino
1827 1631 1948 1672 esse
1972 1631 2082 1670 non

499 1717 698 1778 potest.

575 1799 718 1856 Deus
742 1817 912 1868 meus,
963 1802 1103 1858 Deus
1131 1819 1306 1870 meus,
1328 1805 1460 1859 doce
1483 1818 1580 1858 cor
1621 1818 1798 1856 meum
1823 1799 2084 1869 intellige-
2117 1781 2162 1840 Β

501 1898 564 1939 re
595 1885 724 1955 quid
767 1886 840 1940 ibi
897 1885 1140 1942 futurum
1175 1889 1248 1943 sit
1273 1889 1528 1944 omnibus
1556 1888 1646 1959 qui
1682 1897 1733 1942 te
1765 1887 1853 1942 hic
1879 1886 2082 1940 dilexe-

501 1987 646 2037 runt,
699 1978 792 2046 qui
843 1988 1074 2034 mortem
1131 1987 1275 2034 tuam
1307 1979 1471 2033 vitam
1500 1993 1654 2034 suam
1694 1981 1746 2031 in
1783 1977 2084 2032 directione

499 2071 710 2124 viarum
736 2086 956 2126 suarum
1004 2071 1270 2140 complexi
1302 2080 1448 2138 sunt,
1480 2071 1571 2142 qui
1603 2070 1704 2124 tibi
1733 2071 1786 2122 in
1810 2068 2084 2138 sequenda

498 2159 778 2216 voluntate
833 2170 922 2215 tua
970 2177 1065 2230 per
1113 2162 1497 2216 mandatorum
1534 2170 1748 2216 tuorum
1781 2159 2084 2216 custodiam

501 2247 868 2304 adharserunt.
907 2249 1062 2312 Vere,
1095 2250 1236 2306 bone
1267 2249 1512 2316 Domine,
1539 2248 1694 2318 juxta
1721 2263 1904 2304 vocem
1941 2247 2088 2303 beati

499 2339 746 2408 Apostoli
777 2340 870 2406 lui,
902 2355 1112 2396 summe
1147 2349 1200 2394 lu
1236 2341 1474 2396 onmium
1507 2342 1793 2404 bonorum,
1825 2351 2088 2410 praestan-

502 2431 748 2484 tissimus
777 2431 887 2486 eris
908 2432 1241 2486 aeternaliter
1273 2432 1325 2486 in
1356 2431 1609 2488 eninibus
1635 2431 1684 2504 (1
1703 2429 1830 2485 Cor.
1860 2430 2088 2502 xv,28).-

505 2523 570 2576 Et
607 2523 736 2590 quid
767 2522 892 2578 boui
921 2525 1120 2592 poterit
1147 2523 1336 2578 deesse
1362 2522 1545 2584 alicui,
1578 2537 1699 2575 cum
1735 2532 1784 2576 te
1813 2521 2086 2586 habuerit,

505 2615 597 2684 qui
642 2615 760 2670 fons
787 2630 846 2670 es
871 2624 927 2670 et
959 2614 1220 2685 perfectio
1269 2616 1452 2670 unniis
1473 2615 1596 2669 boni
1629 2613 1651 2667 ?
1678 2613 1960 2682 Quomodo
1985 2613 2087 2668 ita-

510 2723 617 2778 que
661 2707 732 2763 illi
790 2709 863 2764 tui
922 2709 1104 2764 dilecti
1160 2719 1320 2779 teque
1377 2709 1664 2780 diligentes
1712 2709 1779 2764 ad
1833 2708 2084 2762 intuitum

506 2800 690 2870 gloriae
739 2811 842 2856 tua:
891 2802 1115 2873 perenni
1167 2801 1506 2872 jucunditale
1561 2801 1882 2871 gaudentes,
1924 2814 2087 2870 ange-

505 2889 644 2948 licos-
664 2893 882 2964 spiritus
906 2893 1063 2950 dico:
1097 2894 1392 2964 quomodo,
1432 2893 1680 2963 inquam,
1713 2899 1966 2962 poterunt
1995 2905 2088 2946 eos

504 2986 775 3055 praecipuo
803 2986 1008 3040 honore
1031 2984 1224 3056 dignos
1253 3000 1359 3038 non
1384 2983 1652 3051 judicare,
1684 2996 1778 3036 eos
1802 2989 1864 3036 ut
1887 2987 2088 3034 semet-

506 3078 654 3147 ipsos
702 3093 807 3132 non
856 3090 1042 3130 amare
1093 3091 1230 3146 quos
1262 3075 1353 3130 tibi
1407 3073 1846 3142 concorporales,
1875 3087 2011 3141 quos
2035 3071 2086 3124 in

507 3136 683 3223 forma
734 3165 1090 3222 humanitatis
1109 3136 1370 3220 -viderint
1404 3164 1500 3218 tibi
1547 3136 2036 3220 consubstatiiialcs
2065 3165 2087 3218 ?
2116 3136 2162 3200 ε

508 3257 789 3328 Quomodo
817 3274 909 3312 eos
939 3273 1044 3312 non
1093 3257 1352 3311 immensa
1390 3256 1671 3312 dulcedine
1699 3255 2094 3325 amplectentur

509 3366 740 3420 quorum
791 3350 928 3402 mira
983 3349 1062 3404 vis
1111 3348 1300 3414 animi,
1349 3347 1475 3402 dum
1529 3347 1774 3402 viverent
1821 3348 1872 3400 in
1927 3361 2098 3400 carne

513 3441 753 3502 mortali,
809 3450 1019 3494 tantum
1051 3439 1105 3494 in
1151 3439 1434 3494 domandis
1463 3437 1828 3508 voluptatibus
1854 3439 1967 3492 suis
1995 3453 2094 3508 pro

513 3545 606 3588 tuo
640 3547 824 3587 amore
882 3533 935 3587 in
987 3548 1044 3586 se
1071 3529 1258 3596 valuit,
1290 3540 1346 3584 ut
1378 3539 1556 3600 pateat
1583 3517 1728 3583 omni
1752 3537 2020 3582 creaturae
2044 3537 2094 3582 te

511 3639 610 3694 pro
662 3624 741 3678 eis
787 3639 891 3678 non
919 3625 1086 3684 fuisse
1127 3623 1296 3694 gratis
1327 3623 1597 3677 hominem
1627 3619 1852 3688 factum,
1883 3629 2092 3684 natum,

509 3736 752 3790 passum,
807 3727 1074 3772 mortuum
1123 3718 1147 3770 ?
1203 3715 1480 3786 Siquidem
1533 3715 1630 3769 tibi
1689 3714 1829 3768 hanc
1881 3711 2094 3766 laudem

513 3821 841 3882 pepererunt
867 3818 923 3864 ut
951 3809 1042 3882 qui
1076 3825 1171 3864 eos
1206 3808 1258 3864 in
1293 3817 1436 3864 terra
1465 3809 1624 3862 homo
1653 3806 1832 3862 factus
1853 3805 2096 3874 perditos

514 3903 813 3975 requisisti,
867 3912 920 3957 te
969 3900 1241 3968 audirent,
1301 3911 1353 3956 te
1383 3900 1690 3972 diligerent,
1743 3897 2096 3954 luismonitis

513 3997 948 4066 acquiescerent,
1004 4005 1058 4050 et
1088 3996 1156 4049 ad
1188 4005 1238 4050 te
1291 3995 1394 4050 laeti
1426 3992 1796 4064 pervenirent,
1828 3992 2014 4062 sicque
2045 4000 2108 4058 te

511 4101 613 4142 nec
639 4087 688 4140 in
717 4097 806 4140 tuo
838 4085 1062 4140 consilio
1093 4085 1399 4155 deceptum,
1433 4099 1532 4139 nec
1556 4083 1729 4138 otiose
1755 4097 1854 4152 pro
1874 4082 1953 4138 eis
1975 4095 2094 4151 quae

509 4191 707 4248 passus
738 4192 797 4231 es
823 4192 1137 4246 perpessum
1181 4175 1345 4232 fuisse
1380 4177 1753 4230 ostenderent.
1786 4171 1902 4229 Non
1931 4173 2093 4246 igitur

510 4284 608 4324 cos
632 4270 851 4322 omnino
874 4269 1320 4324 irrationabiliter
1340 4268 1478 4332 dixi,
1501 4267 1744 4331 Domine,
1777 4277 1833 4320 ut
1858 4269 2090 4334 :estimo,

513 4360 730 4431 dignius
757 4372 918 4430 atque
953 4359 1163 4416 felicius
1198 4361 1250 4414 in
1287 4375 1458 4432 regno
1481 4368 1572 4414 tuo
1601 4375 1720 4415 esse
1741 4375 1902 4430 quam
1929 4359 2090 4414 futuri

511 4458 714 4513 essent,
748 4452 790 4504 si
817 4450 986 4504 Adam
1020 4467 1124 4504 non
1155 4460 1451 4520 peccasset.

587 4540 666 4594 Ad
698 4541 798 4596 hoc
830 4539 923 4595 illa.
969 4541 1205 4614 dignitas
1231 4552 1394 4610 atque
1422 4540 1656 4595 felicitas
1691 4557 1810 4595 sese
1843 4525 2096 4612 ingerunt

512 4633 930 4688 considerationi
979 4650 1138 4698 mete,
1171 4649 1198 4688 a
1232 4634 1426 4703 quibus
1461 4635 1695 4687 humana
1725 4644 1914 4689 natura
1951 4635 2094 4688 nihi-

507 4725 742 4781 lominus
788 4725 961 4780 aliena
994 4727 1282 4792 existeret,
1310 4726 1353 4780 si
1388 4726 1456 4780 ob
1487 4726 1738 4779 meritum
1767 4727 1972 4795 peccati
2011 4727 2094 4782 sui

509 4817 720 4887 primus
759 4817 921 4871 homo
953 4807 1262 4886 paradisum
1309 4831 1418 4870 non
1451 4815 1790 4884 perdidisset.
1823 4815 2093 4886 Virginem

509 4905 758 4976 Mariam,
816 4926 936 4980 qua:
965 4923 1128 4978 super
1154 4923 1342 4962 omnes
1380 4907 1636 4964 mulieres
1669 4907 1820 4962 beata
1857 4909 2014 4963 hodie
2042 4919 2098 4964 et

511 5001 796 5056 benedicta
853 5001 1054 5062 colitur
1113 5009 1170 5054 et
1209 5001 1550 5070 pra-dicatur,
1583 5016 1743 5070 quam
1777 5016 2019 5055 smnmus
2041 5011 2100 5056 et

513 5096 856 5162 mnnipOIens
885 5092 1027 5146 Deus
1062 5091 1160 5146 sibi
1208 5092 1260 5148 in
1295 5087 1518 5146 Matrem
1551 5085 1864 5162 assumpsit,
1891 5103 1945 5148 et
1971 5094 2090 5148 uni-

509 5185 684 5239 versis
711 5197 831 5253 qute
867 5191 990 5252 post
1017 5196 1072 5235 se
1104 5191 1232 5236 sunt
1283 5197 1466 5236 secum
1495 5171 1761 5236 dominari
1787 5183 2092 5248 constituit,

511 5293 634 5332 cum
687 5277 739 5328 in
770 5274 990 5328 dextera
1020 5272 1187 5343 ipsius
1227 5273 1369 5329 unici
1398 5273 1647 5345 beatique
1679 5274 1771 5329 lilii
1797 5267 1882 5331 Sui
1913 5274 2092 5330 multi.-

509 5367 642 5420 tudo
694 5365 892 5420 viderit
944 5365 1219 5420 hominum
1269 5367 1320 5420 in
1375 5382 1539 5436 regno
1591 5366 1681 5421 illo
1736 5349 2092 5424 beatitudinis

513 5459 870 5513 adunatorum
929 5459 1246 5522 consistere,
1303 5474 1483 5514 nonne
1518 5457 1753 5525 felicem,
1802 5455 2092 5526 ncnuejn-

512 5549 768 5614 cutnlum,
807 5564 982 5605 nonne
1030 5537 1170 5604 ultra
1216 5567 1376 5620 quam
1405 5551 1581 5619 quivis
1604 5551 1876 5606 aestimare
1905 5559 2088 5620 qtteat,

511 5649 711 5701 statum
758 5657 912 5697 suum
973 5641 1240 5712 judicabit
1292 5645 1345 5698 in
1395 5642 1511 5712 ejus
1551 5643 1986 5698 consideratione
2026 5659 2090 5700 ac

515 5735 796 5795 mazscnlia
833 5735 1202 5814 honoratum?
1235 5736 1538 5808 Virginem,
1588 5737 1829 5808 inquam,
1881 5737 1944 5793 de
1991 5754 2086 5796 sua

1517 318 1608 374 AD
1647 316 1878 376 orsus
1913 316 1974 374 s.
2007 287 2718 373 ANSELMI'APPENDIX.

3733 303 3820 359 Si!

2185 424 2479 496 propagine
2528 434 2726 486 ortam,
2756 420 2856 478 sibi
2905 436 3004 492 pro
3032 419 3342 476 conditione
3377 419 3576 474 unius
3615 431 3818 474 natura

2181 515 2538 578 consimilem,
2591 529 2701 586 prat-
2760 513 2930 570 oculis
2984 511 3276 573 habebunt,
3329 510 3576 581 angelis
3645 519 3708 564 et
3749 529 3802 563 ar

2181 604 2456 677 changelis
2505 605 2913 676 praasidentem,
2951 601 3130 659 omnia
3161 612 3352 671 utpote
3382 600 3684 670 reginam
3719 615 3816 652 ora.

2180 698 2331 752 nium
2379 713 2502 752 cum
2542 696 2652 751 filio
2699 695 3110 766 disponentem,
3161 706 3330 762 seque
3385 689 3564 745 dulci
3627 687 3816 742 aﬂeets

2181 783 2630 859 amplectentem,
2679 787 2781 842 sibi
2839 787 2904 840 de
2958 785 3152 840 collata
3201 781 3376 854 gloria
3431 780 3816 849 congauden-

2184 889 2330 944 tem;
2386 889 2439 933 et
2487 878 2607 933 ﬁeri
2667 877 2868 948 poterit
2911 886 2969 930 ut
3024 875 3090 929 ad
3143 876 3246 930 hoe
3301 888 3417 928 non
3465 871 3526 926 in
3581 871 3816 925 immes-

2180 987 2297 1025 snm
2348 969 2640 1034 exsultent,
2701 983 2808 1022 non
2838 983 2896 1022 se
2943 965 3200 1020 ineffabili
3225 964 3628 1033 jucunditate
3667 961 3816 1032 glori-

2181 1063 2449 1118 ﬁcatiouis
2469 1060 2839 1131 conjubilent?
2861 1059 2926 1114 Et
2947 1059 3166 1130 quidem
3188 1058 3254 1112 ad
3282 1058 3438 1111 hanc
3471 1055 3814 1126 dignitatem

2180 1169 2281 1208 nec
2327 1153 2642 1208 beatissima
2701 1151 3000 1222 virginum,
3045 1164 3146 1204 nec
3194 1145 3602 1202 numerositas
3659 1147 3816 1200 homi-

2179 1259 2308 1298 num
2339 1235 2634 1298 electorum
2661 1256 2899 1311 unquam
2923 1233 3280 1304 ascendisset,
3313 1237 3360 1292 si
3397 1235 3610 1294 Filius
3641 1233 3740 1288 Dei
3767 1235 3812 1286 si

2180 1333 2604 1388 destructionem
2637 1329 2850 1400 peccati
2875 1329 3004 1384 Ada:
3044 1327 3111 1384 de
3134 1327 3252 1383 sinu
3285 1325 3487 1380 Patris
3522 1325 3812 1379 homines

2179 1441 2245 1482 ex
2271 1425 2384 1497 ipsa
2411 1423 2632 1494 Virgine
2657 1413 3032 1493 assumpturus
3058 1435 3164 1474 non
3193 1417 3632 1474 descendisset.
3673 1415 3812 1486 Igitur

2179 1527 2398 1589 propter
2425 1525 2740 1588 peccatores
2787 1511 2954 1568 Maria
2987 1512 3130 1568 facta
3174 1522 3256 1566 est
3293 1509 3494 1566 Mater
3535 1509 3684 1574 Dei,
3717 1524 3810 1578 qua

2182 1609 2386 1665 idcirco
2411 1609 2556 1680 quod
2583 1624 2645 1662 ea
2680 1608 2908 1672 castior,
2941 1621 3004 1662 ea
3039 1605 3304 1670 sanctior,
3337 1619 3410 1658 ea
3442 1603 3744 1658 humilior
3771 1603 3808 1652 is

2185 1717 2384 1772 genere
2424 1701 2662 1754 humano
2693 1698 2834 1754 nulla
2887 1699 3062 1768 potuit
3091 1697 3342 1768 reperiri,
3377 1697 3618 1750 merito
3641 1695 3806 1747 «tabuit

2189 1791 2242 1848 in
2292 1801 2497 1846 tantam
2553 1790 2934 1845 exCellentiam
2986 1789 3054 1843 ab
3090 1802 3171 1848 eo,
3219 1802 3329 1856 quo
3391 1786 3550 1840 nihil
3595 1789 3800 1844 castius,
3851 1847 3856 1866 ξ

2189 1883 2322 1938 nihil
2363 1882 2624 1948 sanctius,
2687 1875 2972 1938 sublimius
3017 1889 3102 1936 est
3151 1879 3312 1946 nihil,
3355 1878 3622 1940 adcisci,
3681 1887 3736 1932 et
3765 1877 3800 1928 is
3851 1875 3856 1948 ξ

2187 1975 2314 2043 quid
2337 1971 2691 2028 excellentius
2721 1971 2923 2026 adcisci
2961 1967 3188 2032 valeret,
3225 1983 3394 2038 quam
3433 1977 3506 2020 ut
3537 1967 3602 2020 in
3631 1981 3802 2036 perpe-
3847 1951 3856 2020 ἶ

2189 2073 2278 2118 tua
2333 2063 2643 2135 virginitate
2674 2057 3004 2134 permanens
3045 2061 3214 2116 Deum
3254 2063 3320 2114 de
3350 2074 3456 2114 sua
3489 2075 3682 2114 carne
3709 2075 3802 2113 εει-

2189 2171 2310 2209 nem
2343 2157 2543 2210 factum
2587 2151 2905 2224 generaret?
2934 2151 3087 2206 Hanc
3131 2150 3526 2206 excellentiam
3587 2149 3800 2203 contulit
3849 2179 3856 2210 ς

2188 2245 2331 2300 Deus
2363 2243 2572 2316 Virgini
2592 2245 2792 2308 Mariae,
2818 2260 2884 2300 eo
2907 2245 3048 2316 quod
3077 2243 3220 2298 illam
3237 2241 3524 2312 pudicitia
3545 2243 3740 2296 cordis
3759 2253 3802 2294 et
3847 2229 3856 2322 ξ

2189 2337 2436 2407 corporis
2454 2335 2556 2390 sibi
2591 2352 2701 2407 prae
2725 2337 2875 2392 omni
2906 2345 3156 2391 creatura
3191 2333 3470 2388 intellexit
3494 2335 3796 2388 adhaerere.
3849 2327 3856 2382 ἒ

2189 2427 2234 2484 Ο
2271 2427 2400 2483 felix
2425 2428 2663 2482 hmrere‘.
2687 2443 2719 2480 ο
2747 2429 2956 2481 hmrcre
2976 2425 3131 2491 felix,
3165 2425 3375 2478 haarerc
3399 2423 3482 2477 illi
3527 2425 3630 2492 qui
3665 2424 3798 2478 soles

2191 2990 2384 3044 matris
2407 2989 2472 3043 ad
2499 2989 2694 3054 filium,
2723 2988 2804 3044 vel
2833 2987 2924 3042 filii
2971 2989 3038 3042 ad
3079 2986 3350 3040 matrem?
3383 2985 3448 3040 Et
3471 2985 3587 3039 hoc
3613 2994 3796 3037 utrum
3853 2967 3870 3062 Ι

2193 3098 2296 3152 que
2335 3082 2488 3136 vobis
2515 3091 2623 3146 est,
2651 3089 2710 3135 ut
2753 3081 3006 3135 omnibus
3049 3079 3238 3150 liquet.
3261 3077 3367 3147 Sed
3399 3079 3506 3132 hos
3543 3079 3788 3136 honores,

2196 3171 2292 3225 bas
2314 3169 2624 3241 dignitates,
2659 3169 2773 3224 haec
2815 3170 3031 3239 gaudia,
3061 3167 3258 3238 quibus
3280 3176 3462 3223 cretus
3523 3167 3792 3222 homines

2195 3264 2358 3318 rmtui
2411 3263 2676 3316 admistus
2720 3259 3038 3332 angelorum
3080 3259 3400 3330 perfruitur,
3433 3259 3512 3314 ob
3553 3260 3792 3329 pm:me-

2197 3355 2462 3409 cationem
2495 3354 2790 3424 primorum
2834 3353 3138 3418 hominum,
3167 3367 3294 3405 num
3334 3349 3444 3404 illis
3491 3351 3788 3408 ascribere,

2197 3462 2326 3500 num
2371 3445 2476 3500 illis
2530 3445 2726 3500 exinde
2757 3445 2884 3514 jure
2942 3445 3179 3500 debuere
3233 3443 3460 3514 gratiosi
3521 3443 3790 3500 existere?

2197 3539 2311 3592 Non
2361 3547 2509 3608 puto.
2543 3536 2652 3592 Nec
2679 3537 2824 3592 enim
2875 3551 2940 3590 ea
2986 3535 3288 3590 intentione
3333 3543 3686 3614 praeceptum
3715 3535 3790 3588 Dei

2197 3629 2538 3700 prtevarieati
2581 3637 2728 3691 sunt,
2769 3636 2826 3681 ut
2859 3637 2935 3682 tot
2957 3628 3098 3682 bona
3131 3625 3254 3681 inde
3284 3628 3686 3694 procederent,
3713 3627 3790 3680 sed

2199 3727 2258 3782 ut
2286 3719 2502 3773 modum
2529 3717 2856 3774 conditionis
2885 3731 3012 3780 suae,
3060 3726 3244 3785 spreto
3272 3715 3408 3780 Deo,
3441 3717 3680 3784 superbi
3711 3733 3786 3770 ex-

2199 3809 2472 3864 cederent.
2504 3807 2562 3864 ln
2610 3823 2674 3864 eo
2718 3809 2916 3880 quippe
2955 3822 3064 3878 quo
3093 3806 3368 3862 diabolum
3411 3808 3718 3864 audierunt
3745 3816 3790 3860 at

2198 3899 2269 3955 dii
2297 3899 2508 3964 tierent,
2545 3915 2650 3954 non
2699 3900 3047 3954 intenderunt
3088 3910 3146 3954 ut
3171 3898 3236 3952 ad
3263 3899 3558 3966 deitatem,
3609 3915 3718 3970 qua
3745 3915 3791 3954 se

2199 3993 2568 4048 sublimandos
2610 3993 2923 4064 sperabant,
2956 3991 3428 4048 exterminandam
3477 3991 3666 4048 Filus
3715 3995 3790 4046 Dei

2199 4085 2488 4155 aliquando
2514 4099 2581 4140 ex
2625 4101 2720 4142 sua
2769 4085 2939 4153 stirpe
2973 4085 3138 4140 homo
3179 4085 3356 4138 ﬁeret.
3403 4083 3582 4142 Forte
3633 4088 3790 4159 magis

2195 4175 2406 4246 putavit
2441 4173 2550 4230 Eva
2592 4192 2650 4232 se
2683 4175 2848 4232 Deum
2899 4175 3043 4231 illico
3074 4174 3208 4240 fore,
3238 4184 3294 4230 et
3319 4176 3494 4231 Adam
3531 4179 3643 4234 sibi
3669 4196 3786 4236 coa-

2197 4269 2517 4323 seutientem
2571 4267 2876 4322 divinitatis
2913 4283 3024 4322 suae
3073 4267 3315 4322 futurum
3367 4279 3718 4326 consortem.
3751 4271 3786 4326 0

2197 4361 2446 4430 superbia
2492 4360 2884 4416 intolerabilis!
2925 4374 2958 4414 ο
2989 4358 3222 4414 stultitia
3275 4359 3720 4418 inzestimabiiis!
3761 4379 3788 4418 o

2129 4490 2174 4546 Β
2200 4453 2410 4506 vanitas
2437 4452 2584 4507 omni
2615 4451 2838 4506 vanitati
2889 4450 3362 4520 incomparabilisl
3389 4448 3435 4506 Ο
3455 4451 3600 4520 Eva,
3637 4471 3784 4526 qua

2202 4545 2554 4614 propinquior
2575 4559 2716 4598 verte
2737 4560 2800 4598 ac
2823 4558 3050 4598 summae
3080 4542 3269 4596 deitati
3298 4543 3638 4614 exstitisses,
3669 4548 3716 4602 si
3743 4549 3784 4598 in

2201 4643 2375 4688 status
2405 4635 2476 4688 tui
2507 4634 2811 4690 humilitate
2839 4635 2946 4688 Deo
2974 4633 3188 4688 subdita
3223 4634 3588 4700 perstitisses.
3625 4639 3780 4690 Adam

2201 4729 2425 4798 quippe,
2454 4729 2594 4784 sicut
2630 4727 2918 4798 Apostolus
2947 4727 3042 4790 ait,
3101 4727 3151 4779 in
3193 4727 3660 4796 prinvaricatioue
3703 4741 3776 4784 tua

2198 4823 2449 4877 seductus
2468 4837 2574 4877 non
2605 4821 2701 4875 fuit
2733 4821 2796 4889 (Ι
2829 4819 2962 4874 Tim.
2995 4837 3059 4886 ιι,
3093 4818 3208 4890 Η),
3235 4819 3361 4889 quia
3393 4821 3542 4890 quod
3573 4838 3782 4892 serpens

2197 4912 2572 4983 pollicebatur,
2620 4912 2961 4967 mendacium
3001 4927 3121 4968 esse
3149 4911 3437 4966 intelletit.
3493 4911 3579 4967 Tu
3611 4929 3776 4970 autem

2198 5005 2503 5060 miserrime
2529 5006 2752 5060 seducta
2810 5004 3008 5074 (ibid.),
3039 5012 3094 5060 et
3147 5018 3178 5060 e
3230 5004 3460 5076 vestigio
3507 5007 3776 5076 multiplici

2198 5111 2572 5166 perversarum
2597 5095 2950 5166 cupiditatum
2975 5095 3184 5150 semine
3213 5095 3440 5160 imbuta,
3469 5096 3774 5156 illecebras:

2199 5187 2444 5240 facundia
2478 5185 2623 5240 illum
2648 5185 2714 5239 ad
2743 5185 2836 5240 tibi
2859 5186 3303 5242 consentiendum
3335 5186 3580 5252 illexisti,
3605 5191 3776 5260 prasi-

2196 5294 2368 5350 gnans
2395 5278 2446 5331 in
2476 5279 2580 5333 hoc
2615 5293 2777 5348 opere
2806 5287 2901 5334 tuo
2932 5295 3116 5336 veram
3149 5280 3265 5336 fore
3295 5280 3532 5336 futuram
3563 5295 3770 5340 sentcn-

2199 5372 2324 5425 tiam
2373 5371 2474 5424 viri
2531 5369 2646 5432 Dei,
2699 5371 2954 5426 mulieres
3001 5371 3209 5426 scilicet
3238 5381 3554 5441 apostatare
3605 5375 3770 5430 facere

2195 5467 2356 5521 etiam
2415 5465 2686 5536 sapientes
2719 5464 2912 5536 (.Eccli.
2939 5482 3054 5532 xu,
3102 5466 3180 5532 2).
3215 5465 3456 5522 Necdum
3503 5467 3648 5524 enim
3683 5469 3766 5524 tibi

2195 5559 2514 5628 prmpositus
2547 5557 2718 5612 fuerat
2741 5572 2806 5612 ex
2833 5559 3102 5626 sententia
3138 5559 3256 5622 Dei,
3288 5566 3342 5612 et
3369 5559 3492 5614 ideo
3525 5561 3580 5616 in
3607 5563 3762 5630 perdi-

2196 5650 2389 5702 tionem
2429 5649 2502 5704 tui
2528 5659 2581 5704 et
2604 5651 2682 5704 sui
2711 5659 2766 5704 et
2794 5651 3062 5704 υιιίι·οι·δω
3103 5652 3437 5720 posteritatis
3463 5662 3660 5708 nostra:
3685 5653 3758 5706 illa

2195 5739 2394 5796 femina
2445 5740 2821 5797 sollicitatione
2850 5742 3198 5812 prrevaluisti.
3245 5741 3498 5800 Obedivit
3551 5757 3762 5814 natamus

2187 2537 2318 2576 vere
2340 2529 2444 2586 est,
2477 2520 2566 2590 qui
2599 2520 2745 2575 solus
2777 2534 2990 2574 summe
3023 2527 3128 2582 est,
3157 2516 3250 2585 qui
3289 2531 3590 2586 nunquam
3635 2517 3798 2572 deﬁcit
3851 2481 3879 2572 ῖς

2191 2621 2282 2676 ulli
2313 2621 2414 2676 sibi
2445 2637 2551 2676 non
2583 2620 2707 2675 ficto
2735 2622 2898 2676 corde
2925 2619 3194 2674 Inerenti?
3221 2617 3378 2680 Huic,
3423 2617 3524 2686 pia
3565 2611 3798 2672 domina,

2190 2719 2470 2790 quoniam,
2504 2726 2562 2770 ut
2611 2715 2746 2780 dixi,
2795 2715 3098 2783 adbmsisti,
3149 2714 3304 2768 haesit
3340 2721 3400 2767 et
3447 2712 3578 2782 ipse
3613 2709 3800 2770 tibi,er.
3857 2727 3879 2790 ες

2190 2751 2470 2790 quonam,
2611 2751 2746 2780 un...
2795 2751 3098 2783 σιιιιυιοωυ,
3149 2751 3304 2768 ...ωι-
3340 2751 3400 2767 υ.
3447 2751 3578 2782 ,νου
3614 2751 3799 2770 -.νη--
3877 2755 3879 2768 η

2190 2810 2352 2864 modo
2382 2825 2487 2880 quo
2523 2825 2624 2864 nec
2658 2807 2873 2864 dulcius
2916 2807 3092 2878 potuit
3129 2807 3442 2862 adbzerere.
3481 2803 3638 2870 Quid
3673 2801 3798 2857 enisa

2193 2901 2341 2956 inter
2363 2900 2498 2955 duos
2526 2897 2758 2963 dulcius,
2789 2907 2884 2952 aut
2911 2897 3128 2966 dignius
3148 2895 3292 2950 valet
3321 2910 3446 2950 esse
3489 2909 3672 2962 quam
3701 2906 3796 2946 esse

3855 3063 3879 3198 ll

3877 5607 3879 5660 l
