3898 6318
40 334 133 390 51
152 337 187 390 '5
1079 327 1352 390 SPUNA.
1389 356 1458 366 --
1491 324 1580 381 DE
1606 322 1660 380 Cl

1766 321 1946 380 IEPT.
1986 324 2048 383 β.
2079 325 2338 382 nsum.
3271 332 3378 408 su

43 451 204 507 voci
228 458 357 516 tum,
391 449 693 520 postposita
717 449 1024 505 obedientia
1054 450 1202 504 vocis
1227 446 1342 501 Dei.
1369 444 1463 500 Va:
1491 438 1678 498 oliedi-
1707 440 1751 496 Α
1785 447 1890 494 tua!
1932 438 2267 506 severitatis,
2329 437 2544 496 Voluisti
2585 439 2700 495 fleri
2744 441 2907 496 homo
2940 456 3037 510 pro
3074 442 3257 510 nobis;
3299 445 3378 500 in-

50 558 164 606 re,
196 556 281 596 vae
317 555 422 597 non
459 540 704 606 obedire,
739 556 818 594 vae
847 541 962 594 voci
1002 539 1246 594 mulieris
1281 547 1467 594 contra
1494 554 1682 594 vocem
1793 532 1950 588 lende
1977 541 2036 586 ιη
2077 546 2206 587 esse
2244 531 2516 602 POSSimUS
2563 531 2706 603 (ιιιοά
2739 542 2798 587 ill
2833 547 3076 589 essemus
3107 534 3282 590 ἷθεῑιιε
3315 551 3376 592 εδ

49 632 182 687 Dei
213 630 460 694 obedire,
493 646 570 684 va:
599 646 696 699 pro
713 646 844 686 voce
869 631 1110 687 mulieris
1142 633 1261 686 voci
1295 631 1389 685 Dei
1417 647 1521 685 non
1555 631 1683 686 obc-
1791 640 1930 680 unus
1951 639 2018 679 ex
2040 623 2219 678 “Obis-
2254 622 2409 690 Ουοά
2440 623 2693 692 Ρθῑίιιιυε,
2723 624 2897 680 honor
2921 633 3044 680 ῑιιιιε
3069 634 3152 680 εει
3179 635 3235 680 lli
3262 627 3374 682 “ab

22 724 237 788 'dire;
287 722 490 797 malum
536 722 660 790 hoc,
700 723 899 777 malum
954 723 1075 779 hoc.
1133 723 1270 779 Hinc
1311 724 1454 778 enim
1495 737 1685 778 omnes
1788 716 1922 771 Nam
1948 719 1991 772 si
2026 733 2132 772 non
2173 716 2250 781 ﬁl.
2295 714 2572 770 Videbel‘is
2602 732 2629 770 8
2671 720 2950 788 proposito
2988 729 3079 774 lue
3115 721 3377 790 quodam-

62 815 475 868 tribulationes
525 826 577 867 et
623 813 857 870 miseria:
903 831 1038 884 quas
1070 831 1265 884 passus
1303 826 1388 871 est
1427 818 1659 871 mundus

1788 809 1950 864 modo
1987 807 2273 863 defecisse.
2307 805 2506 862 Verum
2554 809 2699 864 nulla
2743 813 3064 883 disceptatio
3109 813 3264 868 nobis
3292 821 3377 867 est

63 899 230 971 quas
295 902 518 972 palitur.
573 919 708 974 quas
764 905 1020 974 patietur,
1068 912 1269 961 exortae
1341 915 1486 959 sunt.
1547 905 1684 962 llinc
1790 910 1987 966 tecum,
2037 904 2162 971 quia
2201 902 2461 956 Dominus
2500 917 2584 967 es,
2621 915 2676 958 et
2727 921 2893 958 unum
2948 906 3170 960 verbum
3224 916 3373 961 tuum

65 995 352 1049 deorsum
394 997 596 1050 sortita:
625 1005 767 1056 srmt.
795 997 921 1052 hinc
955 1000 1117 1054 rolmr
1146 1007 1200 1052 et
1221 1000 1681 1068 perseverantiam
1784 993 2013 1048 validius
2045 995 2244 1048 IIOSU'iS
2269 993 2431 1048 Inille-
2461 994 2517 1050 Si
2546 997 2689 1050 enilll
2713 1011 2903 1051 omnes
2923 996 3146 1064 Ξυςιὶιῖίὲ
3178 1012 3376 1054 "031m:

63 1087 467 1156 perdiderunt,
520 1089 648 1143 hinc
712 1089 1014 1160 ignorantia
1078 1091 1255 1145 omnis
1321 1091 1479 1156 boni,
1548 1091 1674 1146 hinc
1785 1098 1970 1137 coram
2017 1092 2070 1139 te
2097 1094 2224 1140 sunt
2251 1085 2386 1140 sicut
2428 1102 2637 1155 pannus
2684 1089 3191 1160 menstruatansa.
3225 1109 3370 1158 utv,

22 1191 25 1194 '
64 1177 323 1231 scientia
355 1188 408 1232 et
449 1180 726 1235 exsecutio
773 1182 953 1236 omnis
989 1183 1135 1248 mali,
1170 1183 1296 1237 hinc
1323 1183 1416 1238 Dei
1448 1194 1684 1238 contem-
1785 1175 1848 1246 6)
1875 1216 1890 1240 ν
1926 1176 2054 1247 quid
2108 1186 2269 1230 erum
2326 1179 2610 1248 inj'lSliliIB
2659 1191 2860 1237 ηοδιΐω
2909 1197 2938 1236 3
2995 1183 3188 1252 δεῖρείε
3230 1193 3285 1237 ει
3343 1200 3372 1238 a

64 1277 234 1337 plus,
289 1270 416 1324 hinc
438 1271 742 1326 daemonum
768 1273 866 1327 sub
916 1273 1333 1330 simulacrorum
1368 1275 1548 1344 specie
1583 1293 1681 1330 uc-
1787 1269 1986 1323 nostris
2021 1269 2255 1324 inimicis
2292 1280 2420 1324 ante
2480 1271 2672 1326 facient
2720 1283 2866 1326 tuam
2916 1274 3232 1329 denudatm?
3261 1276 3372 1340 Vae,

60 1358 447 1416 fandissimus
490 1362 692 1428 cultus,
720 1364 844 1418 hinc
868 1380 1012 1419 mors
1046 1366 1172 1420 vim;
1203 1367 1512 1436 ρι-ςρεεηιῑς,
1555 1368 1681 1424 hinc
1782 1374 1881 1424 vae,
1914 1359 2036 1428 quis
2070 1360 2198 1414 hinc
2225 1361 2582 1428 prodeuntem
2613 1365 2931 1431 perturbare
2960 1366 3157 1419 mentis
3185 1365 3373 1419 confu-

22 1449 26 1471 ⁵
65 1450 162 1504 illi
202 1452 455 1506 miserior
486 1469 635 1510 mors
669 1455 893 1512 subiens
917 1457 1195 1527 dispendia
1221 1459 1344 1513 vitae
1378 1461 1678 1530 sequentis.
1783 1450 2640 1521 Sione'n’qUiSlerriﬁCihorroris
2670 1455 2939 1524 οκνιίοθτθ
2967 1457 3374 1526 βοίθτίῑίηηηθ·

63 1541 206 1596 Non
237 1559 365 1614 ergo
391 1545 551 1599 debet
574 1547 727 1602 vobis
754 1550 988 1603 humana
1042 1559 1234 1604 natura
1263 1552 1471 1622 gratias
1519 1567 1681 1622 agere
1783 1543 2040 1597 nitatem?
2073 1543 2137 1597 El.
2183 1543 2228 1598 εἰ
2259 1543 2468 1599 confusi
2527 1545 2770 1601 horroris
2815 1547 3157 1617 liOl‘l‘itliune
3186 1549 3375 1603 (:0!th-

22 1627 232 1701 ίιιιιοιι
274 1636 356 1689 sic
405 1637 456 1689 in
489 1635 627 1692 Filio
656 1637 749 1693 Dei
779 1648 862 1694 est
905 1639 1138 1695 cxaltata
1171 1651 1225 1696 et
1253 1643 1542 1708 honorata,
1586 1645 1680 1698 sed
1782 1635 1951 1691 sionis
2015 1635 2326 1691 immanitas
2381 1645 2466 1693 est
2517 1639 2675 1693 modo
2741 1640 2896 1695 nobis
2956 1642 3370 1710 inexplicabilis.

22 1721 26 1730 ’
61 1726 242 1780 vobis
292 1729 494 1798 utique,
531 1730 674 1799 quod
726 1732 1008 1788 innumera
1054 1734 1216 1801 mala,
1247 1737 1389 1804 quod
1423 1736 1475 1789 in
1505 1737 1676 1805 gemi-
1718 1789 1757 1805 ἢ
1785 1725 2028 1780 districta
2092 1727 2359 1780 malorum
2419 1729 2752 1784 examinatio
2810 1731 2862 1784 itl
2895 1731 3075 1785 ΐιιιιινο
3121 1734 3374 1789 examine

63 1832 212 1870 nam
240 1832 468 1873 mortem
497 1823 738 1890 corporis
760 1832 814 1878 et
840 1827 1032 1881 anima:
1060 1836 1141 1881 est
1170 1827 1377 1896 dejecta
1408 1837 1463 1880 et
1486 1829 1679 1896 praeci-
1721 1821 1759 1843 "
1784 1821 1870 1876 cui
1902 1821 2006 1874 erit
2041 1821 2370 1876 tolerabilis?
2399 1821 2508 1876 lleu
2537 1824 2549 1876 !
2585 1833 2902 1892 peccatores
2941 1825 3207 1890 homines,
3237 1842 3372 1895 quos

59 1905 290 1976 Dilata;
316 1925 414 1966 nec
440 1911 546 1965 ulla
577 1923 720 1968 esset
758 1929 880 1984 spes
917 1917 1032 1971 haec
1062 1927 1206 1974 tanta
1239 1921 1378 1974 mala
1411 1921 1679 1990 aliqttate-
1783 1911 1898 1965 hil‘c
1945 1911 2125 1966 οιηηίὶι
2156 1913 2295 1966 milia
2341 1928 2404 1965 οἵ
2438 1914 2607 1966 Adam
2668 1914 2834 1982 είῖνβθ
2881 1916 3195 1984 ΓοἻΫοῘιηηι
3243 1917 3382 1985 (ΙιιῖίῘ

60 2011 193 2051 nus
226 2001 510 2067 evadendi,
537 2003 580 2057 si
612 2002 710 2058 ﬂos
744 2006 834 2061 ille
857 2008 1294 2077 speciosissimus
1331 2027 1427 2080 per
1469 2012 1673 2082 glorio-

57 2091 359 2147 sissimam
391 2095 620 2166 virgam,
650 2099 716 2153 de
775 2103 957 2156 radice
984 2101 1136 2160 Jesse
1182 2106 1435 2163 nobiliter
1476 2118 1670 2174 ortam,

60 2200 185 2238 non
217 2189 536 2256 sumpsisset
559 2190 769 2245 initium
796 2195 1071 2252 nascendi.
1107 2193 1211 2252 Sed
1242 2199 1354 2266 ipse
1390 2199 1441 2253 in
1475 2203 1674 2258 mundo

63 2285 248 2330 natus
283 2278 474 2334 ordine
499 2296 608 2350 quo
644 2283 838 2347 voluit,
867 2285 1102 2357 Spiritus
1131 2290 1306 2344 sancti
1338 2307 1502 2361 super
1533 2308 1590 2348 se
1619 2294 1671 2348 in

61 2369 382 2436 gratiarum
423 2387 640 2428 suarum
673 2375 1006 2444 plenitudine
1056 2383 1405 2451 quiescentis,
1439 2385 1551 2441 suis
1577 2401 1673 2440 au-

59 2459 351 2514 ditoribus
376 2459 516 2517 dona
560 2464 856 2532 distribuit,
892 2480 946 2523 et
977 2471 1237 2527 mundum
1266 2474 1334 2528 ab
1365 2475 1669 2546 ignorantia

59 2553 187 2605 veri
218 2553 366 2622 boni,
399 2564 452 2609 et
490 2556 609 2612 aliis
637 2559 795 2614 malis
844 2561 969 2618 inde
1018 2565 1386 2631 manantibus,
1439 2583 1558 2636 qua:
1589 2569 1670 2622 in-

60 2643 254 2696 currit
281 2660 376 2714 per
399 2647 591 2711 Adam,
625 2659 873 2718 potenter
901 2653 1104 2720 eduxit,
1136 2665 1297 2725 atque
1324 2657 1668 2728 atljamissam

62 2734 229 2801 regni
260 2735 494 2791 cmlcstis
525 2743 992 2799 conversationem
1013 2744 1126 2812 jam
1167 2748 1307 2804 alios
1335 2749 1388 2803 in
1429 2765 1508 2819 re,
1532 2751 1669 2808 alios

62 2820 122 2876 in
157 2839 265 2892 spe
295 2825 722 2884 misericorditer
757 2833 992 2887 reduxit.

141 2915 305 2970 Patet
339 2917 500 2987 igitur
528 2922 656 2990 quid
693 2924 777 2976 cui
805 2925 992 2979 debeat
1027 2943 1198 2996 genus
1228 2929 1547 2998 humanum,
1578 2935 1664 2989 cui

65 3008 220 3076 quod
255 3007 304 3060 in
353 3009 536 3065 inﬁma
577 3013 918 3071 humiliatnm
961 3029 1124 3088 atque
1175 3033 1537 3090 prostratum,
1577 3030 1663 3082 cui

1780 2001 2044 2058 faciemus
2075 2003 2125 2058 in
2159 2005 2310 2059 istis?
2342 2004 2793 2073 Desperabimus?
2828 2005 3009 2060 Absit!
3037 2007 3173 2074 Quid
3203 2009 3372 2062 tunc?

1779 2109 1812 2150 ο
1838 2093 1956 2148 fons
1989 2094 2155 2148 David
2209 2106 2399 2166 patens
2428 2095 2627 2167 (Zach.
2662 2114 2780 2164 xnt,
2821 2099 2905 2170 l),
2957 2100 3009 2152 in
3042 2094 3384 2153 ablutionem

1781 2193 2130 2240 menstruales
2174 2183 2278 2240 ﬂuc
2317 2187 2382 2240 ad
2425 2204 2544 2252 nos,
2593 2199 2646 2242 et
2685 2188 2904 2243 consule
2952 2190 3078 2259 quid
3117 2190 3370 2259 expediat

1778 2275 1951 2330 nobis.
1987 2274 2031 2330 Ο
2078 2276 2279 2345 pietas!
2342 2293 2468 2332 vere
2518 2279 2653 2333 boue
2701 2279 2949 2347 Domine,
2983 2279 3156 2344 video,
3185 2281 3370 2336 videns

1777 2368 2004 2439 gaudeo,
2041 2371 2280 2437 gaudens
2305 2370 2601 2439 amplector
2624 2373 2909 2425 consilium
2945 2373 3086 2441 quod
3121 2389 3218 2442 per
3251 2372 3367 2428 sin-

1775 2459 2014 2530 gularem
2069 2461 2496 2516 miscricordiam
2555 2471 2700 2516 tuam
2760 2464 3040 2532 providisti
3099 2464 3379 2522 salubrius

1779 2549 1894 2606 lore
1918 2551 2097 2605 nobis.
2125 2551 2190 2605 Et
2221 2553 2362 2621 quod
2393 2553 2474 2606 vel
2501 2554 2696 2622 quale?
2720 2554 2983 2608 Nimirum
3015 2565 3212 2621 mente,
3247 2555 3366 2610 vul-

1775 2650 1855 2708 tu,
1884 2658 2016 2697 voce
2050 2645 2115 2696 ad
2146 2660 2264 2699 eam
2292 2645 2489 2709 redire,
2520 2645 2676 2714 cujus
2706 2663 2864 2716 supra
2891 2648 3256 2716 meminimus,
3287 2643 3380 2702 di-'

1775 2733 2121 2789 lectissimam
2147 2735 2368 2791 Matrem
2403 2747 2571 2803 tuam,
2620 2739 2915 2806 piissimam
2962 2741 3168 2796 scilicet
3191 2743 3367 2796 domi-

1771 2844 1895 2882 nam
1942 2838 2203 2892 nostram,
2256 2846 2284 2884 a
2323 2830 2488 2898 .cujus
2550 2833 3018 2902 contemplationis
3062 2834 3366 2903 dulcedine,

1727 2927 1732 2933 ”
1771 2938 1800 2974 a
1831 2921 1984 2990 cujus
2017 2923 2284 2977 castitatis
2314 2923 2794 2992 contemplatione,
2827 2940 2856 2977 a
2909 2924 3062 2992 cujus
3089 2925 3364 2995 dignitatis

1771 3013 2224 3077 consideratione,
2258 3032 2286 3068 a
2320 3012 2472 3083 cuius
2503 3014 2852 3068 sublimitatis
2882 3015 3270 3084 speculatione.
3302 3015 3370 3092 in:

64 3099 220 3166 quod
256 3098 308 3152 in
336 3115 547 3156 summa
595 3113 680 3158 est
727 3107 1025 3162 exaltatum
1057 3120 1109 3164 et
1138 3111 1518 3180 gloriﬁcatum.
1554 3115 1660 3172 Vos

1772 3106 1871 3159 bas
1919 3106 2221 3174 angustias,
2250 3106 2496 3175 quaedam
2553 3106 2736 3160 animo
2774 3121 2878 3160 non
2907 3105 3168 3160 abolenda
3193 3123 3362 3160 com-

66 3190 269 3261 igitur,
324 3207 356 3246 o
417 3192 588 3248 Adam
637 3205 690 3250 et
743 3198 873 3265 Eva,
906 3215 1025 3266 vos,
1075 3219 1168 3258 vos
1207 3215 1456 3272 accusat;
1514 3209 1666 3264 vobis

65 3292 261 3336 vestra
293 3285 577 3353 progenies
610 3285 745 3342 mala
777 3307 895 3359 qua:
942 3293 1174 3348 sustinet
1202 3293 1464 3364 imputat,
1492 3315 1548 3353 se
1572 3316 1669 3369 per

64 3389 164 3427 vos
196 3390 234 3444 p
256 3377 453 3430 iratliso
475 3381 771 3444 exclusam,
803 3397 860 3436 se
881 3383 1114 3438 miseriis
1145 3387 1420 3444 continuis
1447 3406 1545 3459 per
1574 3408 1667 3448 vos

65 3465 342 3520 intrusam
385 3468 693 3526 miseranda
747 3472 1134 3532 lamentatione
1168 3478 1436 3549 deplorat.
1462 3492 1515 3536 et
1558 3500 1663 3537 non

68 3559 350 3613 itntuerito
403 3563 641 3630 quidem.
666 3563 841 3620 Causa
870 3567 1094 3623 evidens
1124 3580 1228 3634 est,
1265 3588 1363 3626 nec
1400 3573 1660 3645 refragari

66 3659 276 3716 pmest.
333 3651 470 3716 Quid
525 3653 708 3724 igitur,
769 3657 908 3713 Deus
963 3661 1233 3729 omnium,
1281 3665 1410 3732 quid
1460 3667 1664 3723 facetet

69 3758 209 3811 opus
265 3759 518 3798 manuum
559 3757 805 3817 tuarum,
859 3767 921 3806 ex
975 3758 1420 3823 praevaricatione
1467 3761 1659 3817 borum

69 3841 362 3902 parentum
420 3851 640 3891 suorum
713 3843 1041 3909 perennibus
1099 3849 1274 3916 poenis
1335 3859 1388 3904 et
1443 3861 1662 3910 aeterna:

68 3925 235 3979 morti
263 3927 572 3992 obnoxium,
605 3930 647 3984 si
683 3948 786 3986 non
821 3935 1069 3991 venires?
1097 3937 1152 3992 Si
1179 3956 1282 3994 non
1313 3942 1658 4012 subvenires,

69 4031 178 4083 quo
211 4016 439 4085 fugeret.
465 4036 574 4088 quo
607 4021 969 4092 delitesceret,
1001 4044 1109 4098 quo
1130 4033 1427 4088 evaderet?
1462 4033 1660 4107 Utique

66 4105 358 4161 consilium
387 4110 607 4172 nullum,
638 4115 933 4169 remedium
977 4119 1198 4180 nullum,
1239 4139 1504 4194 nusquam
1534 4105 1660 4199 pro-

72 4200 241 4254 tectio
271 4200 409 4267 ulla;
436 4207 528 4259 sed
553 4207 773 4272 venisti,
804 4218 859 4263 et
907 4212 1142 4278 qualiter
1179 4215 1293 4271 haec
1323 4220 1504 4274 omnia
1543 4224 1651 4279 adi-

69 4290 419 4358 piscerentur,
467 4296 761 4353 efficaciter
805 4303 1112 4359 ostendisti.
1181 4306 1237 4362 Si
1298 4324 1427 4382 ergo
1457 4314 1506 4368 bi
1563 4319 1654 4386 qui

72 4393 190 4447 post
243 4383 529 4440 adventum
582 4396 752 4455 tutun,
785 4390 1030 4458 Domine,
1081 4409 1364 4463 venerunt.
1402 4419 1507 4459 non
1549 4383 1657 4461 sal-

1774 3197 2143 3264 memorando,
2188 3196 2530 3262 devenimus,
2565 3196 2849 3267 ipsamque
2879 3211 3012 3265 pura
3076 3197 3361 3250 devotione

1771 3290 2142 3360 interpellare,
2188 3299 2248 3345 ut
2293 3291 2447 3345 nobis
2478 3289 2751 3356 consulat,
2795 3301 2849 3344 et
2881 3290 3034 3345 nobis
3058 3273 3368 3360 supercilii?

1771 3387 1943 3449 neuti,
2005 3401 2109 3455 qua
2149 3386 2464 3454 przeeminet
2512 3372 2672 3453 apud.
2707 3395 2775 3456 te,
2834 3384 3005 3454 gratia
3057 3384 3360 3440 subveniat.

1769 3480 1961 3536 Procul
1999 3480 2162 3535 dubio
2209 3496 2442 3550 namque
2494 3479 2698 3534 scinms
2729 3494 2847 3532 eam
2885 3480 3018 3531 tanti
3042 3493 3163 3533 csse
3194 3464 3370 3548 penes-

1771 3585 1842 3640 te,
1875 3584 1932 3628 ut
1984 3573 2117 3628 nihil
2155 3574 2347 3628 borum
2389 3589 2510 3643 qua:
2557 3572 2699 3626 volet
2751 3571 2985 3636 cllicere,
3017 3571 3358 3642 aliquatenus

1765 3676 1949 3736 posset
1981 3664 2171 3721 eli'ectu
2212 3680 2420 3719 carere.
2466 3664 2625 3719 Salus
2679 3664 2842 3736 igitur
2881 3672 3062 3718 nostra
3092 3663 3142 3716 in
3169 3663 3358 3716 volun-

1769 3770 1876 3814 tate
1906 3773 2004 3812 sua
2053 3759 2324 3821 consistit,
2359 3757 2485 3811 dum
2521 3767 2699 3811 tamen
2756 3759 2899 3826 quod
2958 3756 3068 3811 vult
3111 3765 3358 3825 potenter

1763 3853 1981 3909 eﬂiciat.
2015 3852 2166 3919 Quod
2197 3853 2379 3920 itaque
2403 3850 2686 3905 consilium
2717 3848 2987 3904 salubrius
3018 3848 3191 3914 nobis,
3219 3862 3356 3918 quos

1765 3944 1991 3998 involvit
2022 3944 2144 3998 linis
2176 3941 2379 4004 smeuli,
2416 3943 2570 3995 daret
2615 3939 2764 4004 Itilius
2814 3937 2932 4007 ejus
2964 3937 3086 3992 linis
3131 3947 3356 3993 cuncto-

1765 4052 1883 4092 rum
1936 4052 2097 4105 quam
2132 4049 2356 4088 currere
2396 4033 2462 4086 ad
2512 4033 2706 4102 ipsam,
2757 4046 2878 4100 qua:
2927 4032 2994 4085 de
3039 4045 3206 4084 carne
3254 4046 3349 4086 sua

1760 4129 2034 4200 generavit
2089 4125 2336 4181 eumdem
2374 4127 2570 4194 ipsum,
2634 4124 2750 4179 sine
2794 4137 2902 4192 quo
2955 4138 3060 4177 non
3131 4123 3185 4177 fit
3245 4124 3352 4180 ulla

1764 4223 2015 4277 remissio
2037 4229 2404 4291 peccatorum,
2432 4226 2523 4288 qut
2551 4233 2676 4274 vere
2701 4219 2891 4278 bonus.
2918 4233 3044 4272 vere
3069 4216 3206 4287 pius,
3226 4232 3352 4274 vere

1759 4316 1947 4369 volens
1980 4310 2409 4367 misericordiam
2456 4321 2558 4365 est.
2598 4310 2663 4364 Et
2690 4319 2778 4378 tu,
2815 4309 3066 4377 domina,
3094 4312 3160 4365 ad
3198 4310 3352 4381 cujus

1759 4409 2058 4462 subsidium
2094 4423 2190 4462 nos
2243 4406 2405 4460 mittil
2434 4405 2823 4460 dilectissimus
2866 4405 3011 4460 ﬁlius
3044 4415 3186 4471 tuus,
3219 4405 3350 4477 quid

71 4484 296 4577 vantur;
341 4492 446 4531 non
496 4479 695 4534 habent
751 4493 946 4551 praater
986 4501 1044 4542 se
1095 4488 1258 4557 ipsos,
1293 4506 1479 4550 contra
1517 4516 1652 4569 quos
1691 4527 1732 4583 ι)
1760 4501 1894 4554 dicis
1921 4499 2104 4554 nobis?
2135 4499 2248 4568 ipse
2273 4499 2415 4553 enim
2448 4497 2823 4552 misericordia
2865 4508 3047 4552 nostra
3074 4508 3179 4561 est,
3209 4509 3264 4554 et
3293 4509 3346 4554 tu

71 4567 441 4636 mqnojudicio
471 4570 594 4624 inde
622 4588 1046 4642 conquerantur.
1081 4579 1217 4646 Quid
1246 4584 1407 4654 igitur
1427 4567 1664 4654 facient?

72 4667 128 4709 ut
157 4660 546 4731 mihiquidem,
583 4663 827 4730 Domine,
853 4668 1067 4724 videtur
1090 4712 1105 4736 ,
1159 4674 1407 4733 ultimum
1440 4692 1494 4738 et
1546 4690 1664 4744 uni-

74 4763 190 4804 cmu
238 4754 522 4809 consilium
578 4767 662 4811 cst
709 4761 960 4817 omnibus
1011 4765 1101 4834 qui
1141 4768 1571 4841 voluntsalvari,
1605 4791 1662 4836 ut

74 4841 248 4906 primo
278 4845 369 4898 tibi
403 4846 624 4903 intimas
657 4864 722 4904 ex
754 4854 917 4907 corde
961 4869 1057 4923 pro
1080 4861 1330 4917 omnibus
1374 4866 1658 4928 beneficiis

78 4930 178 4985 tuis
200 4944 378 5005 grates
411 4939 718 5007 exsolvant,
765 4951 816 4996 te
847 4944 1091 5016 diligant,
1120 4966 1183 5006 ac
1211 4954 1426 5010 domum
1452 4975 1657 5029 praece-

79 5024 178 5089 ptis
238 5028 344 5082 tuis
380 5031 666 5100 obediant;
717 5035 912 5116 sicque
967 5055 1026 5094 se
1074 5042 1141 5095 ad
1197 5054 1250 5098 te
1298 5024 1656 5116 perventuros

80 5125 257 5212 secura
282 5119 475 5176 fiducia
507 5135 748 5192 sperent.
786 5128 892 5183 Sed
924 5132 990 5184 ad
1040 5133 1165 5199 hoc,
1196 5138 1281 5206 pie
1313 5137 1496 5206 Pater,
1531 5123 1654 5212 quis

79 5203 324 5294 idoneus?
351 5213 546 5284 Utique
583 5234 763 5287 nemo,
810 5223 910 5279 nisi
965 5235 1055 5280 tuo
1086 5203 1250 5282 fultus
1299 5203 1650 5294 adminiculo.

79 5291 152 5351 Tu
175 5303 314 5357 enim
340 5321 610 5362 summum
637 5312 878 5367 omnium
903 5315 1165 5371 bonorum
1189 5325 1374 5391 es,qui
1393 5334 1447 5379 et
1478 5305 1656 5396 ipsum

78 5401 334 5449 Summum
361 5396 559 5453 bonum
588 5416 676 5469 es;
708 5420 804 5460 nec
821 5409 1114 5476 quidquam
1145 5412 1267 5466 boni
1300 5424 1472 5484 potest
1509 5434 1650 5484 esse,

84 5483 156 5536 vel
210 5487 317 5543 licri
352 5492 435 5546 vel
483 5495 668 5549 haberi
697 5541 710 5562 ,
743 5499 843 5556 nisi
891 5511 984 5555 aut
1013 5517 1043 5556 a
1073 5511 1145 5567 te,
1182 5515 1274 5558 aut
1302 5483 1403 5575 per
1433 5516 1507 5572 te,
1560 5483 1653 5566 aut

83 5575 142 5672 tle
184 5586 249 5634 te.
302 5583 439 5638 Nilin
503 5587 684 5658 itaque
742 5593 864 5646 boni
927 5594 1044 5650 sine
1079 5604 1129 5652 te
1170 5598 1316 5653 valet
1363 5601 1645 5672 quisquam

83 5666 264 5726 fcere.
301 5677 592 5736 Redemisti
640 5702 757 5749 nos,
785 5688 1032 5755 Domine,
1077 5690 1216 5745 Deus
1260 5693 1545 5759 veritatis;
1580 5713 1647 5751 ne

85 5773 283 5830 propter
303 5771 508 5828 scelera
532 5787 714 5834 nostra
745 5789 1000 5837 exerceas
1027 5793 1212 5838 contra
1260 5801 1356 5840 nos
1379 5787 1640 5857 judicium

1764 4592 2004 4662 ejusdem
2041 4588 2427 4646 misericorsia:
2446 4598 2618 4643 mater
2641 4605 2720 4644 es.
2751 4588 2912 4655 Quid,
2944 4590 3183 4658 inquam,
3214 4591 3348 4646 dicis

1765 4682 1967 4737 nobis?
1997 4681 2220 4746 Forsan,
2249 4680 2487 4745 domina,
2517 4689 2577 4734 ut
2606 4681 2704 4734 sub
2730 4679 2937 4732 alarum
2967 4695 3185 4733 suarum
3222 4696 3348 4748 pro-

1765 4773 1994 4826 tectione
2025 4769 2418 4840 confugiamus.
2447 4769 2621 4834 Bene;
2662 4777 2716 4822 at
2753 4770 2881 4823 licet
2916 4767 3358 4825 miscricordiam.

1763 4863 1921 4927 illius,
1957 4863 2097 4916 sicut
2137 4863 2313 4927 decet,
2371 4871 2652 4932 gratanter
2697 4859 3111 4929 amplectamur,
3164 4866 3357 4931 tamen

1752 4951 2018 5020 justitiam
2074 4952 2190 5022 ejus
2238 4967 2344 5006 non
2401 4966 2592 5021 parum
2642 4949 3022 5003 formidamus.
3059 4946 3136 5002 Ne
3183 4947 3362 5018 igitur

1758 5045 2128 5114 qu:erentibus
2221 5042 2650 5098 misericordiam
2725 5039 2985 5094 obtendat
3074 5039 3351 5107 justitiam.

1757 5151 1933 5199 suam,
1962 5149 2265 5205 precamur,
2296 5134 2482 5188 adesto
2513 5132 2712 5210 nobis,
2747 5141 2799 5184 et
2855 5146 2954 5200 age
2983 5133 3202 5186 causam
3249 5149 3345 5186 no-

1758 5238 1928 5280 stram
1967 5242 2063 5296 pro
2091 5227 2264 5281 nobis.
2319 5227 2445 5295 lpse'
2476 5211 2712 5294 namque
2746 5225 2924 5295 magni
2956 5213 3165 5280 consilii
3197 5242 3345 5280 sum-

1757 5336 1875 5373 mus
1903 5319 2136 5390 Angelus
2177 5318 2450 5374 consuluit
2495 5318 2662 5386 nobis
2714 5320 2896 5372 venire
2937 5319 3002 5373 ad
3071 5329 3142 5373 te.
3184 5320 3343 5373 Certe

1757 5422 2071 5480 peccatores
2100 5427 2200 5466 nos
2227 5425 2346 5466 esse
2374 5410 2770 5480 cognoscimus,
2811 5419 2863 5462 et
2896 5411 3140 5464 damnari
3170 5427 3341 5464 mero-

1756 5519 1896 5566 mur,
1944 5512 1993 5556 et
2047 5503 2194 5572 iuste
2253 5501 2489 5570 quidem,
2539 5515 2646 5554 non
2707 5515 2985 5570 negamus.
3027 5499 3131 5553 Sed
3189 5515 3342 5568 reque

1749 5596 1955 5667 justmn
2001 5612 2120 5651 esse
2167 5595 2483 5666 profitemur
2509 5606 2567 5648 ut
2598 5595 2929 5650 voluntatem
2973 5595 3140 5662 ipsius
3176 5593 3341 5648 faciat

1756 5690 1844 5758 qui
1878 5688 2137 5742 voluntati
2179 5704 2287 5742 sua:
2343 5689 2393 5742 in
2448 5689 2660 5742 cunctis
2708 5706 2826 5760 quae
2857 5689 2967 5758 agit
3006 5687 3353 5758 concordare

1755 5805 1858 5843 non
1888 5788 2164 5842 detrectat.
2193 5787 2258 5843 Et
2287 5788 2406 5858 quis
2439 5801 2674 5858 unquam
2708 5783 2966 5840 voluntati
2999 5780 3140 5836 illius
3163 5779 3346 5855 nugis
