3898 6318
613 405 722 461 31⁸5

1643 405 1737 463 AD
1759 401 1990 462 OPHtA
2027 401 2087 457 S.
2109 397 2412 456 ANSELMI
2445 399 2809 458 Al’l’ENDlX.
3725 409 3762 458 ξξί

615 535 846 576 concors
867 520 1074 576 exstitit
1101 535 1262 590 quam
1297 529 1374 590 tu,
1401 522 1554 592 cujus
1601 521 1952 578 subsistentia
1991 519 2059 575 ab
2087 518 2192 574 im-
2219 517 2268 577 Α
2297 525 2351 570 et
2370 531 2432 572 ea
2465 532 2544 583 re,
2570 532 2900 586 quaesumus,
2925 532 2996 573 nc
3013 516 3127 590 iugi
3169 517 3592 584 misericordia,
3629 537 3762 594 quis,

617 611 856 681 pletioue
879 612 1169 667 voluntatis
1201 611 1318 682 ejus
1367 627 1644 682 nunquam
1674 615 1851 668 otiosa
1889 611 2010 666 fuit.
2045 608 2194 665 Velis

617 703 804 770 itaque
837 700 1194 769 solummodo,
1217 701 1453 768 domina,
1483 711 1544 757 ut
1565 702 1653 760 ille
1669 702 2004 772 justissimus
2029 700 2190 770 judex

612 791 768 848 nobis
814 790 1163 859 misereatur;
1207 792 1448 862 profecto
1496 794 1702 864 justum
1751 795 1875 860 erit,
1907 794 2052 850 nulla
2110 809 2196 848 ra-

611 882 759 938 tio-‘e
812 882 1130 950 obsistente,
1176 895 1236 940 ut
1283 885 1418 941 velle
1477 895 1629 942 tuum
1693 887 2024 957 perﬁciatur.
2077 885 2196 942 Noli

607 986 758 1040 ergo,
789 973 897 1027 noli
925 983 1148 1044 prOpter
1190 976 1642 1042 misericordiam,
1672 978 1828 1048 cujus
1873 987 2048 1034 mater
2075 993 2198 1034 esse

608 1061 879 1130 probaris,
909 1064 1068 1118 nobis
1095 1064 1305 1129 deesse,
1331 1067 1458 1136 quia
1487 1067 1625 1122 velle
1658 1076 1806 1123 tuum
1847 1085 1954 1124 non
1983 1079 2195 1139 postpo-

610 1161 702 1206 net
729 1153 780 1206 in
807 1152 983 1208 salute
1012 1163 1221 1222 nostra,
1261 1157 1352 1226 qui
1391 1165 1450 1212 ut
1483 1157 1758 1214 salvemur
1785 1159 1962 1216 factus
1987 1169 2072 1216 est
2100 1177 2198 1231 per

613 1251 667 1296 te
689 1242 860 1298 frater
888 1255 1090 1300 noSIer.
1122 1245 1166 1302 Ο
1209 1247 1346 1302 mira
1373 1249 1619 1318 operatio
1650 1249 1990 1308 Conditoris!
2025 1269 2058 1308 ο
2098 1253 2198 1307 im-

613 1349 802 1388 mensa
842 1337 1144 1394 consolatio
1184 1342 1519 1409 peccatoris!
1576 1359 1610 1400 o
1657 1344 1892 1407 domina,
1951 1346 1998 1402 si
2054 1346 2200 1402 filius

615 1433 741 1480 tuus
769 1433 856 1481 est
885 1425 1064 1484 factus
1083 1443 1180 1498 per
1229 1439 1282 1486 te
1307 1429 1475 1488 frater
1497 1443 1700 1500 noster,
1726 1451 1906 1493 nonne
1943 1447 1998 1492 et
2024 1445 2080 1492 tu
2105 1453 2202 1507 per

613 1513 764 1568 illum
802 1514 942 1572 facta
972 1531 1034 1573 es
1075 1529 1250 1576 mater
1277 1524 1500 1578 nostra?
1527 1521 1640 1579 Hoc
1667 1523 1813 1580 enim
1833 1525 1948 1592 jam
1972 1537 2200 1582 mortem

615 1618 718 1674 pro
752 1607 910 1662 nobis
953 1610 1230 1667 subiturus
1265 1613 1318 1667 in
1372 1629 1534 1672 cruce
1587 1616 1728 1672 dixit
1771 1615 1989 1684 Joanni,
2017 1619 2204 1690 utique

615 1696 834 1762 Joanni,
871 1715 970 1756 nec
1006 1701 1151 1757 aliud
1200 1719 1363 1774 quam
1395 1722 1493 1763 nos
1529 1707 1582 1762 in
1641 1717 1836 1764 natura
1867 1725 1978 1766 suae
2017 1714 2205 1768 condi-

615 1789 778 1845 tionis
801 1789 1014 1847 habenti
1041 1810 1054 1844 :
1083 1792 1236 1856 Ecce,
1259 1795 1530 1866 inquiens,
1562 1811 1729 1854 mater
1757 1811 1849 1856 tua
1873 1801 2055 1873 (Joan.
2089 1821 2200 1872 nx,

613 1877 727 1946 27).
764 1878 808 1936 0
835 1892 1087 1952 peccator
1116 1885 1298 1953 homo,
1329 1887 1520 1958 gaude,
1553 1891 1725 1960 gaude
1750 1901 1805 1947 et
1829 1894 2036 1950 exsulta
2053 1912 2069 1962 ;
2097 1913 2203 1952 non

2308 1894 2410 1940 ιιιω
2434 1899 2591 1956 quos,
2637 1895 2698 1941 ut
2741 1885 2873 1954 dixi,
2901 1895 2956 1942 et
2981 1885 3145 1942 Pater
3172 1885 3291 1942 Filii
3325 1897 3388 1942 et
3413 1887 3557 1942 idem
3588 1887 3676 1954 ipse
3691 1883 3758 1936 Fit.

617 1981 702 2028 est
749 1974 893 2030 enim
943 1977 1086 2033 unde
1136 1979 1409 2048 desperes,
1465 1998 1572 2038 non
1603 1992 1688 2040 est
1725 1986 1868 2056 quod
1907 1985 2202 2056 formides;

611 2063 871 2134 quidquid
917 2066 1251 2138 iudicabitur
1286 2072 1354 2128 de
1385 2081 1458 2141 te,
1511 2083 1682 2130 totum
1721 2079 1922 2148 pendet
1966 2095 2033 2136 ex
2082 2095 2206 2137 sen-

613 2158 784 2212 tentia
819 2157 1006 2216 fratris
1043 2171 1100 2218 et
1131 2166 1320 2221 matris
1344 2175 1466 2222 tuae.
1506 2167 1584 2224 Ne
1609 2184 1740 2241 ergo
1770 2181 1990 2228 avertas
2017 2189 2202 2231 aurem

613 2248 798 2304 cordis
836 2252 912 2304 ttti
948 2268 979 2306 a
1020 2255 1249 2310 consilio
1278 2257 1516 2314 illorum.
1560 2258 1728 2316 Jut'uex
1762 2271 1910 2328 tuus,
1959 2266 2206 2322 videlicet

615 2335 789 2394 frater
823 2350 968 2408 tuus,
1017 2343 1202 2400 docuit
1248 2356 1302 2402 te
1348 2347 1538 2418 fugere
1577 2353 1645 2406 ad
1685 2353 1982 2410 subsidium
2015 2360 2206 2414 matris

615 2440 760 2494 sum,
791 2441 843 2484 et
867 2429 980 2502 ipsa
1001 2433 1191 2490 eadem
1225 2446 1400 2512 mater
1430 2447 1518 2496 tua
1563 2443 1770 2498 monuit
1813 2452 1866 2498 te
1885 2447 2205 2516 protectioni

617 2517 828 2573 alarum
861 2521 954 2580 filii
983 2525 1068 2580 sui
1100 2525 1422 2588 fiducialiter
1451 2533 1736 2602 inhmrere,
1774 2553 1940 2608 seque
1989 2539 2104 2608 tibi,
2136 2556 2206 2598 ne

616 2608 736 2681 ejus
757 2610 966 2682 justitia
989 2620 1320 2686 gravareris,
1352 2637 1458 2677 non
1489 2627 1705 2696 negavit
1731 2625 2044 2686 affuturam.

691 2699 880 2769 Maria,
907 2705 1030 2773 quid
1061 2708 1496 2782 dicemus?qua|i
1518 2731 1724 2787 organo
1755 2721 1925 2790 vocis,
1954 2721 2036 2776 vel
2058 2721 2204 2792 quali

611 2788 786 2858 iubilo
833 2795 1011 2852 cordis
1051 2800 1419 2868 exprituentus
1463 2815 1724 2874 quantum
1763 2808 1858 2864 tibi
1911 2788 2206 2868 debemus?

619 2880 842 2955 Utique,
877 2887 1117 2958 domina,
1157 2895 1418 2965 quidquid
1459 2898 1916 2970 intellexerimus,
1943 2904 2202 2973 quidquid

616 2989 798 3035 mente
819 2985 1246 3053 conceperimus,
1279 2988 1536 3060 quidquid
1567 3007 1664 3048 ore
1677 2993 2082 3061 protulerimus,
2106 2998 2206 3050 nti-

615 3071 820 3125 nimutu
849 3083 935 3130 est
971 3087 1026 3128 et
1070 3079 1224 3147 quasi
1255 3079 1386 3134 nihil
1431 3082 1498 3136 ad
1540 3098 1605 3138 ea
1645 3099 1765 3152 quas
1810 3085 1906 3141 tibi
1946 3103 2012 3142 ex
2049 3103 2204 3156 :equo

615 3165 896 3220 debemus.
948 3167 1027 3222 Tu
1084 3186 1319 3242 namque
1365 3183 1491 3230 ante
1539 3191 1758 3232 omnem
1799 3188 2107 3236 creaturam
2149 3182 2200 3236 in
2296 3169 2507 3239 .illSlilia
2545 3187 2707 3242 quam
2751 3186 2876 3226 vera
2915 3181 2970 3226 et
3001 3171 3316 3242 appetibilis
3359 3157 3750 3226 misericordialhl

2297 623 2486 663 omnes
2517 609 2778 665 hactenus
2805 624 2901 664 usa
2926 625 3007 674 es,
3039 610 3144 664 alia
3177 611 3251 666 sis
3305 625 3484 682 quam
3521 619 3568 664 te
3593 614 3764 666 cauisse.

2297 699 2519 755 scimus.
2555 699 2623 756 Et
2653 701 2860 771 utique,
2894 701 3128 766 domina,
3175 719 3285 758 non
3349 714 3410 758 te
3449 703 3600 758 decet
3635 706 3756 760 stili:

2299 792 2576 850 voluntate
2609 791 2941 862 discrepare,
2999 794 3092 863 qui
3157 795 3223 848 ad
3274 793 3646 848 miserandum
3684 812 3760 865 gae;-

2300 885 2536 939 humano
2563 899 2623 942 se
2647 892 2859 939 naturae
2907 895 3109 940 nostrae
3146 894 3482 942 consortem
3516 887 3658 941 vultui
3691 888 3762 942 Par;

2297 977 2378 1033 sui
2433 991 2540 1032 non
2603 986 2780 1032 cessat
2823 979 3141 1048 perenniter
3205 981 3620 1035 demonstrare.
3657 980 3764 1047 Et

2298 1075 2506 1122 naturae
2551 1075 2752 1124 nostrae
2786 1067 3180 1124 demonstratio
3215 1070 3360 1140 quid
3405 1070 3555 1124 aliud
3595 1079 3664 1126 est
3697 1088 3779 1156 qua

2297 1155 2365 1210 ad
2406 1157 2807 1226 provocandum
2861 1173 3024 1227 super
3075 1174 3178 1214 nos
3234 1160 3666 1216 misericordiam
3704 1175 3779 1227 sail

2298 1247 2544 1314 quaedam
2575 1245 2858 1302 ineﬂ‘abilis
2901 1248 3120 1317 pietatis
3177 1249 3472 1305 incitatio.
3507 1249 3561 1303 In
3593 1250 3683 1318 ipso
3707 1253 3762 1303 ei

2299 1338 2402 1392 sibi
2431 1338 2826 1408 complacuisse
2863 1335 3028 1396 Pater
3081 1341 3197 1411 ipse
3225 1349 3510 1407 testatur;
3539 1358 3628 1396 nec
3649 1343 3764 1407 fierip-

2303 1437 2408 1484 test
2451 1439 2508 1484 ut
2537 1431 2735 1500 quibus
2780 1431 2894 1501 ipse
2925 1431 3040 1486 vult
3070 1433 3348 1498 misereri,
3395 1449 3506 1487 non
3555 1433 3757 1486 misereor

2303 1519 2560 1576 Summus
2582 1519 2746 1591 igitur
2771 1519 2932 1578 Pater
2967 1523 3334 1594 participibus
3385 1523 3513 1578 Filii
3545 1521 3617 1578 sui
3642 1523 3762 1576 vulta

2301 1608 2493 1674 sereri,
2519 1618 2574 1664 et
2607 1609 2723 1681 ipse
2769 1607 2937 1667 Filius
2965 1626 3058 1667 cos
3090 1611 3289 1684 ingerit
3327 1628 3440 1684 pro
3495 1629 3554 1667 se
3589 1625 3761 1681 conspa-

2305 1701 2690 1756 misericordiae
2715 1699 2897 1758 Patris
2939 1702 3054 1770 sui;
3092 1713 3147 1757 et
3174 1711 3229 1757 tu
3263 1704 3438 1758 unica
3471 1703 3629 1786 Mater
3644 1703 3760 1771 δίωξις.

2304 1795 2452 1850 unici
2492 1794 2616 1851 Filii
2647 1795 2739 1852 Dei
2783 1795 3072 1867 repelleres
3113 1796 3181 1852 ab
3215 1796 3492 1851 uberibus
3523 1795 3762 1850 miseriae;-

2305 1986 2499 2034 vocant
2521 1987 2576 2033 et
2597 1990 2854 2036 revocant
2893 1979 2948 2034 in
2975 1979 3152 2034 sinum
3181 1980 3382 2049 gratiae
3416 1977 3556 2034 tum?
3575 1977 3640 2032 Tn
3659 1993 3760 2042 ens:

2307 2069 2507 2127 rareris
2532 2080 2723 2127 contra
2753 2087 2853 2126 nos
2887 2081 3109 2142 propter
3146 2071 3478 2141 iniquitates
3509 2079 3696 2132 nostras,

2304 2161 2476 2217 Filius
2522 2171 2668 2229 tuus,
2721 2177 2882 2234 quem
2943 2163 3180 2218 maxime
3231 2161 3588 2224 offendimus,
3629 2158 3760 2213 mortis

2308 2252 2534 2308 tradidit
2558 2268 2655 2322 pro
2697 2253 2942 2308 delendis
2966 2253 3352 2324 iniquitatibus
3381 2249 3610 2308 nostris?
3633 2247 3758 2303 seua

2304 2345 2554 2401 videlicet
2580 2345 2670 2401 illo
2691 2360 2839 2401 esses
2855 2361 3018 2416 super
3049 2361 3168 2412 nos,
3202 2362 3329 2401 cum
3361 2345 3600 2415 ejusdem
3625 2341 3758 2396 ςοηάἑιεν

2305 2437 2390 2492 nis
2415 2437 2509 2502 sis,
2541 2437 2693 2504 cujus
2729 2445 2784 2492 et
2809 2453 2946 2503 nos;
2978 2448 3227 2492 naturam
3261 2447 3441 2504 tuam,
3475 2435 3672 2498 domina,
3692 2439 3777 2504 etei

2305 2529 2458 2584 deus.
2492 2527 2599 2583 Sed
2625 2527 2853 2582 fortasse
2883 2536 3090 2581 tantum
3115 2526 3558 2595 amasjttstitiam
3582 2523 3653 2577 Dei
3672 2529 3756 2574 cura

2303 2629 2590 2691 peccantes
2635 2619 2690 2674 in
2720 2635 2844 2674 eum
2914 2627 2972 2673 ut
3007 2619 3166 2674 malis
3195 2619 3347 2674 illum
3397 2632 3634 2675 exercere
3676 2613 3752 2664 vist-

2304 2723 2446 2768 ctam
2474 2727 2635 2783 quam
2659 2712 2917 2768 exhibere
2949 2712 3414 2767 misericordiam.
3446 2710 3589 2780 Quod
3611 2709 3644 2764 si
3665 2708 3706 2759 iu
3719 2718 3756 2756 es,

2305 2818 2422 2868 cur,
2451 2804 2687 2870 domina,
2732 2803 2945 2860 cuidam
2983 2804 3111 2860 olim
3143 2819 3245 2876 ope
3284 2815 3376 2860 tua
3403 2814 3682 2876 magnopere
3698 2799 3752 2848 inii-

2305 2895 2468 2966 ειειιιί,
2501 2905 2557 2949 et
2578 2909 2696 2965 quae
2716 2911 2868 2950 esses
2900 2895 3192 2960 nescienti,
3225 2908 3464 2952 matrem
3498 2905 3546 2948 te
3583 2893 3754 2961 potius

2305 2985 2614 3042 sericordiae
2659 2985 2804 3041 dulci
2847 3001 2982 3042 voce
3042 2987 3378 3056 respondisti
3434 3002 3585 3056 quam
3627 2979 3750 3052 justiti-

2303 3095 2424 3134 cum
2448 3079 2590 3135 ﬁlius
2614 3089 2736 3135 tuus
2761 3095 2866 3136 non
2897 3079 3076 3134 minus
3098 3081 3168 3134 sit
3203 3095 3333 3135 vera
3356 3090 3414 3134 et
3441 3067 3753 3134 incontinenti-

3773 2029 3780 2072 l

3777 1712 3779 1851 |

3776 1892 3780 2058 1

619 3265 799 3310 mente
829 3259 920 3313 Dei
947 3263 1304 3330 prmordinata
1328 3265 1498 3331 fuisti,
1522 3277 1582 3322 ut
1605 3270 1846 3326 omnium
1877 3270 2199 3330 feminarum

2305 3260 2553 3316 fortassis
2602 3261 3058 3326 consideratione,
3105 3261 3369 3331 quoniam
3437 3259 3482 3315 si
3543 3269 3586 3313 te
3636 3261 3777 3341 matria!

615 3345 920 3404 castissima
975 3349 1144 3407 Deum
1195 3354 1370 3426 ipsum
1425 3373 1611 3414 verum
1660 3360 1934 3418 hominem
1992 3380 2060 3418 ex
2115 3375 2201 3420 tua

617 3453 785 3492 carne
843 3456 1180 3511 procreares,
1235 3455 1293 3502 ιιι
1340 3450 1592 3506 omnibus
1638 3461 1762 3524 post
1805 3469 1962 3509 suum
2004 3455 2201 3511 Filium

621 3538 774 3583 tuum
803 3534 985 3604 regina
1033 3537 1295 3592 caelorum
1341 3539 1535 3597 effecta
1581 3543 1812 3616 gloriosa
1842 3561 2117 3618 regnares,
2147 3560 2205 3604 ut

620 3621 835 3690 perdito
869 3629 1067 3682 umndo
1098 3635 1526 3702 recuperationis
1550 3637 1756 3693 aditum
1783 3648 1838 3694 et
1864 3639 1988 3694 vitae
2010 3655 2205 3711 peren-

621 3715 707 3770 nis
737 3717 1162 3777 emolumentum
1195 3740 1554 3796 praeparares.
1589 3727 1666 3784 Tu
1709 3745 1880 3802 genus
1909 3733 2202 3788 humanum

619 3808 942 3866 atteruitatis
976 3811 1147 3884 gloria
1181 3817 1444 3873 nudatum
1466 3862 1480 3888 ,
1511 3834 1607 3891 per
1637 3822 1808 3878 beata:
1853 3823 2206 3883 fecunditatis

625 3909 730 3954 tute
757 3900 1061 3972 virgineum
1100 3917 1341 3976 partum,
1375 3909 1427 3965 in
1460 3911 1750 3982 pristinum
1790 3922 1994 3968 statum
2041 3917 2200 3972 redu-

621 3993 769 4048 xisti.
798 3995 876 4050 Tu
917 3995 1064 4068 leges
1092 3999 1310 4064 inferni,
1343 4003 1556 4059 devicto
1591 4021 1689 4076 per
1731 4015 1961 4063 mortem
1993 4007 2086 4062 filii
2130 4009 2204 4064 ιιιὶ

621 4088 866 4158 principe
895 4091 1104 4156 ntortis,
1137 4095 1399 4150 evertisti.
1427 4096 1506 4152 Tu
1536 4097 1768 4168 denique
1795 4099 2006 4154 cunctis
2036 4099 2203 4154 Deum

625 4193 692 4234 ac
713 4176 1021 4247 Dominum,
1053 4199 1214 4254 quem
1257 4186 1600 4258 ignorabant,
1635 4188 1902 4244 visibilem
1945 4199 2000 4245 et
2027 4191 2210 4261 propi-

625 4271 878 4325 tiatorem
900 4274 1210 4330 exhibuisti.
1240 4275 1344 4332 Per
1374 4289 1447 4346 te,
1479 4279 1714 4343 domina,
1747 4280 1912 4334 vitam
1941 4281 2204 4352 perditam

631 4363 685 4417 in
715 4363 992 4433 unigenito
1042 4375 1134 4422 tuo
1160 4371 1635 4440 recuperavimus;
1667 4387 1762 4442 per
1795 4380 1848 4428 te
1874 4381 1978 4438 est,
2010 4373 2053 4427 si
2082 4373 2209 4443 quid

625 4454 752 4508 boni
783 4470 992 4524 smnus,
1037 4459 1153 4514 sive
1187 4475 1496 4528 possumus,
1555 4463 1670 4518 sive
1700 4463 1990 4531 habemus;
2023 4481 2120 4536 per
2161 4475 2211 4522 te

625 4543 696 4598 ad
737 4553 996 4602 aeternam
1031 4548 1262 4618 gloriam
1310 4551 1618 4623 quicunque
1669 4568 1856 4609 sumus
1901 4559 2206 4626 perventuri

623 4635 1021 4703 perveniemus.
1073 4637 1152 4694 Tu
1187 4649 1309 4711 post
1341 4642 1508 4697 Deum
1555 4660 1767 4700 summa
1815 4659 1880 4701 ac
1923 4647 2208 4718 singularis

621 4725 923 4784 consolatio
975 4737 1180 4785 nostra.
1234 4730 1312 4786 Tu
1360 4730 1486 4786 felix
1539 4733 1702 4804 atque
1753 4735 1909 4789 beata
1961 4736 2210 4806 gloriatio

624 4829 837 4887 nostra,
871 4830 927 4876 tu
963 4823 1031 4878 ad
1086 4839 1253 4894 regna
1292 4824 1552 4881 cmlorum
1583 4825 1796 4882 ductrix
1831 4843 1894 4883 ac
1927 4828 2208 4885 subvectio

624 4921 832 4965 nostra.
877 4909 978 4976 Tu,
1043 4928 1374 4984 quaesumus,
1422 4923 1539 4970 esto
1589 4915 1642 4970 in
1701 4918 1818 4987 ipso
1859 4915 2208 4976 beatitudinis

624 5017 792 5074 regno
821 5003 1031 5061 caelesti
1060 5007 1367 5076 susceptrix
1405 5017 1461 5064 et
1489 5018 1750 5079 perpetua
1791 5011 2084 5066 exsultatio
2107 5027 2206 5067 no-

622 5103 759 5148 stra.
803 5094 946 5168 Ergo
997 5098 1296 5154 secundum
1349 5099 1568 5155 beatum
1599 5109 1651 5156 et
1682 5101 1996 5158 misericors
2023 5104 2208 5160 consi-

624 5189 760 5243 lium
810 5189 1061 5258 specialis
1119 5192 1543 5260 miscricoruiat,
1605 5192 1937 5250 dulcissima:
2004 5195 2210 5252 scilicet

625 5281 794 5353 prolis
827 5289 948 5344 tum,
989 5285 1055 5336 ad
1081 5293 1134 5340 te
1159 5285 1532 5358 confugimus;
1563 5295 1620 5342 tu
1646 5303 1879 5358 procura
1923 5306 1994 5346 ne
2022 5292 2074 5347 in
2110 5305 2208 5346 va-

623 5390 756 5431 num
805 5375 910 5432 hoc
958 5375 1267 5434 fecerimus.
1307 5379 1388 5434 Re
1441 5380 1640 5436 etenim
1696 5398 1824 5438 vera
1865 5385 1910 5439 si
1945 5383 2208 5442 dcfeceris

626 5466 802 5532 nobis,
863 5467 996 5524 nihil
1057 5467 1162 5524 crit
1201 5478 1372 5526 tutum
1427 5471 1608 5527 nobis.
1659 5471 1740 5530 Ne
1782 5474 1948 5545 igitur
1997 5483 2202 5532 tantum

624 5563 873 5618 attendas
921 5563 1214 5634 iujustitias
1246 5575 1483 5634 nostras,
1537 5577 1597 5622 ut
1643 5568 1842 5638 quibus
1885 5567 1990 5624 huc
2036 5584 2205 5640 usque

623 5671 738 5728 prae
764 5657 1016 5712 omnibus
1065 5657 1286 5727 praedita
1337 5659 1508 5725 fuisti,
1555 5670 1852 5730 postponas
1885 5661 2204 5716 miscricor-

621 5753 743 5806 daas
791 5760 928 5808 tuas.
983 5752 1042 5808 Ei
1078 5753 1166 5822 qui
1221 5769 1432 5810 summe
1480 5755 1720 5808 omnium
1773 5765 1875 5816 est,
1927 5769 2026 5808 nec
2053 5751 2206 5807 abeo

620 5845 768 5916 quod
794 5855 874 5902 est
903 5846 1100 5902 mutari
1131 5847 1396 5902 ullatenus
1437 5853 1637 5918 pote-5|,
1681 5847 2007 5902 tetet'nalitcr
2037 5844 2206 5900 haeres

2299 3353 2524 3425 justitize
2566 3355 2797 3419 diceres,
2837 3369 3089 3424 magnam
3147 3369 3255 3409 non
3310 3355 3484 3410 solum
3531 3353 3573 3406 ei
3613 3343 3775 3434 qttenili‘l

2305 3447 2548 3517 δηιζυδιὶει
2571 3446 2800 3516 positum
2819 3447 2965 3502 omni
2989 3448 3368 3503 misericordia
3396 3441 3666 3518 (postposiza
3775 3458 3777 3472 ι

2306 3539 2393 3594 tiae
2431 3539 2753 3611 severitate)
2802 3556 2937 3611 opus
2977 3541 3178 3597 habere
3222 3543 3463 3608 sciebas,
3511 3531 3777 3594 verentem-1‘

2307 3631 2463 3687 nobis
2488 3632 2819 3702 pauperibus
2858 3631 2964 3686 tuis
2994 3648 3145 3702 spem
3175 3636 3348 3688 venite
3373 3632 3591 3691 tolleres.
3614 3621 3748 3684 enini."

2306 3725 2436 3781 laris
2467 3724 2653 3796 refugii
2684 3727 2882 3781 ostium
2920 3727 3194 3782 crudelem
3231 3727 3454 3782 humani
3504 3718 3748 3814 generis

2306 3825 2610 3872 secutorem
2645 3813 2977 3887 fugientibus
3024 3817 3428 3886 quodammodo
3457 3809 3653 3869 inimicis
3666 3809 3748 3899 arca
3777 3876 3779 3899 1

2307 3908 2482 3962 deres.
2514 3905 2648 3974 Quis
2685 3906 2829 3960 enim
2852 3921 2974 3961 cum
2999 3906 3212 3978 justitia
3251 3893 3748 3976 Deijudicllllllsultltﬁ-t.
3775 3929 3777 3992 ᾧ

2307 4017 2414 4056 non
2459 4009 2517 4054 ut
2546 3999 2929 4055 vestimentum
2960 4001 3284 4066 conteritur,
3313 4017 3424 4055 non
3459 3991 3656 4054 deterius
3674 3991 3746 4072 Ψηέ

2307 4111 2338 4150 a
2370 4096 2510 4149 tinea
2541 4094 2864 4150 devoratur?
2902 4094 3268 4166 QuaprOpter,
3318 4097 3404 4166 pia
3436 4089 3642 4148 domina.
3669 4071 3748 4168 JH"?

2309 4195 2364 4243 et
2391 4185 2814 4242 clementissima
2860 4186 3075 4242 Domini
3107 4185 3298 4251 Mater,
3334 4185 3542 4244 attende
3571 4171 3746 4244 fragiltlah

2311 4291 2510 4334 nostrae
2554 4293 2773 4350 gravem
2811 4278 3219 4344 necessitatem,
3251 4290 3305 4334 et
3345 4276 3558 4335 ostende
3581 4269 3748 4336 5111³⁸⁷⁵³³

2310 4367 2502 4424 effectu
2533 4377 2584 4423 te
2609 4383 2748 4433 esse,
2781 4368 2923 4439 quod
2963 4367 3208 4438 jucunde
3231 4367 3424 4425 affectu
3473 4376 3519 4420 to
3535 4375 3630 4416 esse
3650 4361 3744 4442 ειῖβθῗ
3778 4421 3779 4430 γ

2313 4461 2468 4526 visti;
2502 4459 2647 4531 quod
2684 4459 2729 4515 si
2775 4459 2989 4524 feceris,
3023 4459 3090 4514 ad
3137 4474 3240 4514 nos
3263 4456 3542 4538 salvandos
3560 4447 3748 4544 lilio.
3778 4479 3779 4485 η

2317 4549 2460 4604 Pulli
2503 4565 2602 4604 suo
2628 4549 2814 4619 procul
2847 4547 3011 4604 dubio
3043 4563 3273 4603 concors
3295 4549 3424 4603 eris.
3465 4539 3744 4628 Βθηῖὲ¹¹ί³⁵¹¹Ϊμῗ

2317 4643 2516 4710 quippe
2559 4639 2699 4696 filius
2745 4649 2870 4694 tuus
2910 4637 3188 4695 desiderat
3217 4639 3440 4695 salutem
3470 4623 3738 4714 nostrammll?

2317 4739 2522 4784 tantmn
2558 4737 2615 4784 ut
2668 4744 2776 4799 quo
2816 4729 2961 4784 illam
2995 4727 3484 4784 incommutabilem
3522 4729 3567 4776 et

2317 4819 2540 4887 faceret,
2569 4795 2928 4876 mterttitatem
2953 4836 3105 4875 suam
3125 4827 3497 4874 momentanea
3521 4795 3744 4900 ῐιιυιίώῗίξίιξ

2316 4919 2501 4964 nostra
2525 4884 2792 4965 indueret.
2823 4911 3002 4965 Verax
3033 4925 3250 4980 quoque
3283 4917 3338 4964 θῑ
3370 4884 3738 4992 inslissl'l‘f“

2316 5019 2447 5060 suus
2484 5004 2557 5058 ita
2587 5003 2690 5059 sibi
2736 5017 2832 5073 per
2879 5003 3060 5058 omnia
3111 5001 3412 5072 cumplacet
3442 5006 3494 5052 ut
3525 4985 3628 5047 nihil
3647 4983 3744 5073 φφ

2315 5093 2451 5149 nolit
2478 5109 2600 5164 quae
2643 5063 2792 5147 illum
2822 5091 2958 5147 velle
2991 5063 3265 5197 intellig“:
3298 5089 3438 5197 vflis
3465 5063 3740 5197 iugasti";

2314 5183 2476 5239 modo
2495 5161 2649 5254 quod
2675 5181 2790 5238 vult
2815 5182 2930 5253 ipse
2951 5222 2966 5246 .
3009 5180 3144 5236 nihil
3174 5161 3402 5236 restabit
3421 5171 3544 5270 quod
3568 5161 3739 5270 P0531:

2312 5273 2508 5332 sistere
2522 5243 2704 5330 Isaluti
2753 5243 2972 5329 nostrae.
3001 5272 3108 5328 Sed
3159 5282 3212 5328 te
3260 5287 3369 5326 non
3419 5243 3736 5379 velle

2312 5370 2447 5435 vult,
2477 5369 2634 5425 nefas
2657 5376 2742 5424 est
2785 5368 2872 5422 vel
2899 5366 3134 5433 opinari.
3163 5365 3352 5422 Gaude
3389 5363 3536 5458 igitur
3550 5358 3590 5404 ει

2315 5431 2551 5520 humana
2619 5470 2863 5526 natura;
2931 5431 3114 5514 omnia
3181 5431 3536 5554 quippe-“tibi

2313 5558 2563 5614 Christus
2593 5555 2735 5610 filius
2761 5559 2961 5610 saneta:
2991 5549 3170 5606 Maria:
3206 5547 3433 5622 paravit,
3465 5539 3628 5634 dunt-sc
3648 5529 3686 5571 0‘

2313 5659 2535 5724 propter
2562 5657 2613 5702 te
2637 5648 2688 5702 itt
2719 5643 3035 5701 substantia!
3059 5651 3162 5698 tute
3183 5640 3411 5740 veritate
3431 5631 3729 5740 cmﬁﬁﬂﬂﬂﬂ.

2387 5711 2633 5806 όοωίηῧο
2665 5737 2904 5800 donlilla,
2935 5735 3078 5806 quod
3108 5749 3206 5804 ego
3235 5711 3730 5838 qualiscunqueET:i

2317 5833 2422 5903 cio,
2454 5842 2506 5888 et
2529 5847 2653 5888 vere
2676 5845 2902 5901 magnus
2930 5832 3178 5899 peccator
3191 5821 3292 5879 hoc
3325 5819 3473 5878 corde
3495 5809 3686 5875 ἱιιιιιπυυι
