4014 6304
197 390 295 445 ΞΠ

1169 378 1441 447 satum.
1484 417 1555 426 —
1585 389 1673 446 DE
1711 388 2048 447 eoscum“.
2092 388 2153 445 Β.
2186 386 2450 447 usam.

3356 391 3464 449 518

196 506 466 573 meditari,
506 504 674 560 l'etido
707 520 804 559 ore
827 502 1000 569 eli-ari,
1044 505 1261 575 pollutis
1299 508 1482 578 digitis
1508 524 1671 563 ausus
1700 506 1773 561 l‘ui
1807 514 1850 570 Α
1881 523 1947 562 ua
1968 547 1983 573 ,
2031 508 2162 576 quid
2192 507 2411 561 futurus
2445 505 2524 560 vel
2571 503 2814 560 facturus
2853 502 2956 559 sint
2988 504 3203 574 penitus
3231 504 3464 576 ignoro;

196 598 526 661 describere,
559 610 744 666 parce,
772 609 977 664 quaeso,
1008 611 1172 665 parce
1222 606 1277 653 et
1303 600 1581 655 miserere.
1612 597 1766 654 Nosti

193 692 357 753 enim,
385 690 475 759 pia
525 688 764 752 domina,
797 688 899 743 hoc
945 703 1030 743 me
1072 688 1143 742 ita
1182 692 1612 762 praesumpsisse,
1647 690 1773 760 quia

196 780 351 835 talem
384 794 472 834 me
495 776 762 833 confiteor
780 792 899 833 esse
929 786 986 833 ut
1011 795 1111 835 nec
1137 781 1276 836 ctelo
1305 796 1403 837 nec
1429 792 1572 837 terra
1595 782 1775 853 mejn-

192 871 365 925 dicem
392 868 614 939 dignum
639 883 799 933 esse;
831 878 885 924 et
915 870 1035 926 ideo
1072 871 1233 926 nimis
1265 873 1460 929 anxius
1486 873 1701 937 vellem,
1729 872 1774 927 si

190 976 295 1032 quo
319 961 480 1013 modo
504 959 756 1023 valerem,
779 960 1191 1031 euitiquatenus
1215 964 1397 1034 aliquo
1412 963 1776 1019 miserationis

190 1068 299 1106 suze
328 1052 529 1106 intuitu
559 1067 723 1121 super
752 1067 838 1107 me
868 1055 1007 1109 Deus
1042 1055 1367 1121 intenderet,
1392 1058 1482 1125 qui
1514 1072 1609 1113 sua
1636 1054 1777 1110 inef-

190 1143 336 1199 fabili
366 1143 541 1212 gratia
595 1142 677 1198 vel
724 1144 996 1199 modicum
1052 1147 1230 1201 sancti
1272 1146 1474 1200 amoris
1526 1144 1775 1200 aﬂ‘ectum

190 1251 315 1305 erga
348 1234 697 1305 benignitatis
725 1243 829 1289 tua:
858 1235 1197 1292 dulcedinem
1228 1238 1279 1293 in
1318 1251 1406 1292 me
1433 1235 1775 1291 accenderet.

188 1326 417 1382 Conlido
447 1326 644 1395 quippe
668 1327 923 1393 quoniam
956 1329 1001 1383 si
1030 1328 1132 1383 hoc
1176 1328 1404 1395 faceres,
1436 1328 1504 1382 ab
1552 1327 1635 1382 his
1659 1341 1778 1394 qua:

189 1419 365 1473 merui
390 1421 567 1489 pmuis
592 1422 789 1479 inferni
816 1437 909 1477 sua
962 1422 1241 1477 miseratio
1272 1432 1469 1492 tuaque
1492 1420 1780 1475 subventio

190 1522 273 1562 me
332 1508 476 1564 forte
540 1510 850 1565 redimeret.
907 1510 1266 1580 Quapropter.
1298 1511 1536 1574 domina,
1586 1524 1655 1564 ne
1695 1509 1777 1564 in-

187 1600 432 1670 digneris
471 1603 623 1673 quasi
647 1602 836 1658 audaci
870 1612 927 1659 et
946 1613 1392 1674 praesumptuoso,
1430 1604 1554 1674 quia
1579 1604 1623 1659 si
1652 1602 1781 1672 quid

192 1693 394 1746 horum
440 1692 495 1747 in
540 1682 661 1750 istis
705 1709 827 1750 esse
852 1695 1088 1761 videtur,
1115 1710 1234 1751 mea
1269 1696 1450 1766 gravis
1482 1696 1780 1752 necessitas

188 1783 488 1853 compulit,
541 1792 598 1840 et
648 1793 736 1839 tua
789 1785 1011 1855 grandis
1040 1795 1095 1841 et
1124 1787 1270 1841 omni
1319 1786 1516 1842 sarculo
1557 1787 1778 1856 probata

1875 607 1931 653 et
1962 597 2083 653 ideo
2106 597 2369 667 quidquid
2416 598 2482 652 de
2514 611 2601 651 me
2638 595 2712 652 sit
2749 604 3101 660 eventurum,
3137 608 3464 666 praesentem

1877 692 2290 764 postulationem
2344 706 2411 746 ne
2437 690 2693 747 oblivioni
2748 690 2967 757 tradas;
3004 692 3230 747 obsecro
3282 692 3466 762 piissi-

1877 797 2020 837 mam
2045 781 2386 837 dilectionem
2413 795 2517 851 qua
2547 780 2726 851 diligis
2752 780 2966 836 unicum
2999 780 3166 839 tilium
3199 789 3373 847 tuum,
3404 790 3463 835 ut

1888 892 1975 932 me
2003 887 2347 948 peccatorem
2386 890 2417 929 a
2468 874 2659 930 mortis
2686 882 2910 929 auctore
2936 873 3230 928 transferas
3259 874 3314 927 in
3338 889 3461 929 sor-

1881 980 1989 1025 tem
2014 970 2137 1024 vitae
2151 974 2469 1029 :eternaamt
2489 974 2568 1030 tu,
2591 963 2868 1034 singulare
2890 964 3197 1033 praesidium
3218 963 3461 1019 omnium

1882 1062 1945 1115 azl
1981 1070 2033 1115 te
2070 1057 2528 1128 couingieutium,
2561 1070 2685 1110 vere
2715 1065 2767 1110 et
2797 1054 2955 1109 unice
2979 1054 3049 1108 ﬁli
3077 1055 3234 1122 lmjus
3264 1055 3462 1110 castis-

1880 1153 2030 1206 simae
2054 1150 2291 1221 Virginis
2316 1148 2548 1203 domina:
2574 1162 2725 1209 mete,
2755 1161 2881 1216 rogo
2908 1155 2958 1200 te
2982 1160 3079 1216 per
3098 1145 3458 1209 dilectionem,

1880 1258 1984 1312 qua
2016 1241 2193 1310 diligis
2235 1240 2408 1309 ipsam
2462 1238 2833 1293 dulcissimam
2866 1236 3091 1290 Matrem
3125 1248 3300 1300 tuam,
3331 1253 3454 1290 sen-

1882 1333 2010 1385 tiam
2032 1331 2354 1401 quandoque
2373 1343 2468 1397 per
2491 1326 2761 1393 effectum,
2779 1326 2922 1396 quod
2948 1325 3081 1381 mihi
3108 1340 3204 1394 per
3217 1327 3461 1378 eamdem

1884 1422 2181 1492 piissimam
2210 1419 2527 1492 genitricem
2578 1427 2724 1473 tuam
2772 1427 2900 1487 opto
2952 1416 3223 1486 impendi;
3280 1414 3464 1484 tepido

1882 1511 2044 1576 licet,
2075 1521 2254 1567 tamen
2282 1510 2646 1580 qualicunque
2670 1508 2887 1564 affectu.
2919 1507 3071 1575 Quod
3099 1509 3143 1564 si
3175 1507 3463 1562 multitudo

1880 1604 2148 1660 scelerum
2177 1618 2418 1659 meorum
2445 1602 2710 1673 justitiam
2735 1611 2877 1656 tuam
2891 1602 2957 1656 ad
2984 1616 3072 1656 me
3094 1600 3463 1655 damnandum

1882 1697 2058 1768 magis
2084 1696 2258 1752 erexit
2282 1711 2444 1766 quam
2470 1696 2648 1765 pietas
2681 1694 2874 1748 Matris
2906 1704 3008 1749 tua:
3032 1692 3464 1748 misericordiam

1884 1797 2031 1842 tuam
2083 1787 2151 1841 ad
2188 1789 2518 1856 parcendum
2571 1784 2943 1847 inclinaverit,
2998 1792 3090 1847 tu,
3134 1780 3225 1849 qui
3265 1780 3465 1850 ubique

188 1875 407 1930 bonitas
460 1878 651 1931 suasit.
688 1875 886 1933 Ultima
920 1892 1049 1948 ergo
1080 1890 1242 1947 atque
1298 1894 1507 1934 summa
1530 1886 1777 1934 votorum
1812 1898 1857 1957 Β
1886 1891 2151 1948 prmsens,
2200 1886 2255 1931 et
2298 1876 2350 1930 iu
2384 1876 2531 1931 omni
2563 1874 2681 1930 loco
2716 1889 2869 1942 aeque
2898 1882 3089 1942 potens
3119 1886 3210 1934 es,
3246 1870 3464 1939 aliquod

188 1982 440 2021 meormn
474 1969 701 2024 intentio
725 1979 842 2034 est,
867 1978 925 2024 ut
952 1970 1034 2024 vel
1063 1972 1115 2025 in
1142 1981 1387 2025 extremo
1414 1970 1666 2024 examine
1690 1970 1781 2040 ju-

197 2059 433 2115 stissimi
468 2060 560 2116 lilii
592 2061 664 2115 tui
698 2061 742 2116 si
776 2075 896 2127 me,
919 2071 1127 2117 remota
1158 2061 1560 2128 misericordia,
1592 2074 1782 2116 severa

186 2153 462 2207 sententia
516 2152 720 2208 crudeli
776 2155 964 2209 tortori
1029 2154 1394 2210 damnandum
1420 2154 1780 2224 _tradiderit,

188 2244 519 2311 subvenias,
564 2256 620 2302 et
664 2262 751 2301 me
791 2247 859 2301 ad
887 2246 1091 2302 inferos
1133 2248 1367 2317 rapienti
1397 2262 1682 2311 occurras,
1717 2262 1782 2301 ac

188 2334 409 2389 manica
466 2336 991 2392 misericordissitme
1050 2336 1381 2393 defensionis
1444 2348 1546 2393 tuae
1602 2348 1783 2408 prote-

188 2438 341 2481 ctum
363 2469 379 2493 ,
412 2443 482 2483 ne
503 2428 556 2482 in
604 2438 867 2484 :eternum
902 2431 1151 2494 datnner,
1174 2431 1397 2502 eripias.
1427 2432 1492 2487 Et
1526 2432 1742 2501 quidem
1762 2472 1778 2498 ,

192 2516 452 2587 domina,
495 2520 771 2590 quondam
800 2519 1069 2590 parvulis,
1113 2528 1169 2576 et
1206 2520 1345 2576 forte
1387 2521 1551 2586 mihi,
1600 2524 1779 2581 sinon

187 2606 375 2673 fallor,
417 2609 521 2664 hoc
549 2625 578 2663 a
612 2610 916 2675 matronis,
950 2625 1070 2665 cum
1103 2610 1169 2665 ad
1203 2611 1428 2666 verbera
1462 2624 1781 2682 raperentur

186 2718 214 2756 a
246 2703 612 2775 praedagogo,
646 2704 949 2772 impensum
982 2702 1335 2769 reminiscor,
1364 2714 1419 2758 et
1447 2706 1515 2761 ob
1554 2707 1656 2762 hoc
1677 2707 1780 2763 illis

188 2793 441 2849 nonnulli
463 2794 617 2848 valde
639 2794 864 2863 gratiosi
898 2793 1147 2859 fuerunt,
1179 2808 1245 2848 ac
1274 2794 1492 2865 pietatis
1531 2797 1738 2852 viscera
1762 2839 1776 2864 ,

187 2886 391 2955 quibus
432 2885 485 2940 in
530 2900 718 2940 eorum
756 2887 843 2955 pia
887 2885 1192 2941 liberationi
1226 2901 1338 2940 usae
1382 2901 1536 2953 sunt,
1570 2888 1778 2957 magni-

187 2976 287 3032 ﬁce
320 2976 778 3046 praedicaverunt.
813 2976 870 3032 Si
900 2977 990 3032 ille
1024 2978 1188 3049 igitur
1213 2993 1309 3047 pro
1343 2979 1553 3032 tantilla
1578 2981 1778 3050 gratia,

186 3070 428 3140 quibus,
457 3084 673 3139 quaeso,
722 3069 1006 3140 przeconiis
1048 3085 1079 3123 a
1110 3069 1234 3125 coeli
1276 3069 1514 3135 civibus,
1561 3072 1653 3140 qui
1714 3072 1780 3126 de

185 3171 542 3233 peccatorum
602 3163 905 3219 salvatione
959 3162 1321 3233 gratulantur,
1371 3163 1775 3232 prae-Jicaberis,

1886 1966 2016 2021 mihi
2044 1975 2147 2020 tua:
2168 1967 2524 2035 protectiouis
2550 2008 2565 2029 ,
2584 1981 2692 2035 quo
2722 1966 2790 2019 ab
2811 1962 3047 2019 inimicis
3076 1962 3210 2017 meis
3232 1960 3465 2016 abscon-

1883 2058 2005 2123 dar,
2026 2057 2364 2113 obstaculum
2394 2056 2598 2122 inveni,
2634 2072 2700 2111 ne
2718 2055 2899 2127 pranla
2926 2055 3231 2109 daemonum
3263 2052 3459 2114 factus,

1882 2147 2141 2204 detrudar
2170 2152 2221 2201 in
2264 2146 2723 2218 profunditatibus
2762 2145 3029 2201 malorum
3060 2142 3292 2213 inferni},
3323 2157 3387 2196 ac
3417 2141 3463 2196 si

1885 2240 2019 2296 nihil
2069 2255 2285 2295 merear
2313 2238 2594 2305 exaudiri,
2627 2237 2818 2293 saltem
2863 2238 2917 2291 in
2948 2235 3159 2291 inferno
3198 2235 3464 2290 constitu-

1884 2344 1995 2387 tum
2032 2331 2292 2387 memoria
2335 2339 2388 2385 et
2417 2329 2727 2398 cognitione
2756 2328 2926 2382 sancti
2955 2326 3191 2381 nominis
3236 2326 3310 2380 lui
3356 2325 3467 2396 pri-

1882 2424 1996 2478 vari
2030 2438 2136 2478 non
2165 2422 2343 2485 sinas,
2380 2435 2445 2473 ne
2476 2417 2692 2474 Satanae
2723 2417 2916 2473 similis
2941 2425 2996 2471 et
3021 2417 3265 2471 eohaeres
3296 2413 3464 2483 justi-

1885 2518 2015 2571 tiam
2100 2523 2244 2569 tuam
2305 2510 2741 2582 reprehendam,
2794 2510 2982 2580 sicque
3046 2508 3317 2576 aequitatis
3362 2517 3468 2562 tum

1882 2622 2111 2663 examen
2168 2603 2410 2675 perversi
2470 2601 2765 2656 murmuris
2823 2598 3187 2654 obstinatione
3246 2597 3465 2667 gravius

1885 2700 2080 2755 teram.
2106 2694 2254 2750 Bone
2276 2693 2503 2750 Domine
2525 2733 2541 2757 ,
2571 2693 2739 2755 bone,
2769 2690 2814 2745 si
2844 2690 2896 2744 in
2927 2689 3011 2743 his
3033 2686 3286 2741 oumihus
3308 2701 3468 2741 aures

1884 2787 2268 2845 misericordiae
2300 2796 2404 2841 tuae
2430 2784 2559 2840 mihi
2583 2783 2856 2845 oceludis,
2883 2780 3125 2850 profecto
3169 2795 3276 2833 non
3305 2777 3467 2834 video

1882 2879 2009 2950 quid
2043 2876 2272 2946 amplius
2321 2890 2539 2946 rogem,
2593 2874 2735 2943 quod
2788 2873 3092 2944 largitatem
3151 2871 3467 2926 misericor-

1883 2972 2093 3025 diarum
2124 2979 2336 3023 tuarum
2383 2965 2514 3021 mihi
2548 2964 2853 3035 impendat,
2904 2974 2959 3019 et
2994 2964 3109 3018 hare
3158 2960 3465 3033 ignorantia

1886 3063 2141 3117 nimirum
2186 3076 2252 3116 ex
2282 3058 2629 3114 multitudine
2664 3058 3009 3128 iniquitatmn
3039 3070 3283 3111 mearum
3331 3053 3465 3108 mihi

1885 3154 2154 3227 provenit.
2193 3151 2325 3206 Nam
2354 3151 2397 3205 si
2434 3151 2618 3205 densis
2661 3150 2873 3204 illarum
2907 3147 3146 3204 tenebris
3173 3144 3467 3201 obvolutus

186 3271 311 3309 cum
346 3256 451 3310 mei
483 3272 675 3327 magna
705 3257 1038 3324 peccatoris,
1063 3265 1121 3310 ut
1155 3257 1289 3322 dixi,
1320 3258 1540 3312 miserta
1570 3256 1779 3311 fueris?

1886 3263 1992 3302 non
2023 3259 2234 3311 essem,
2291 3251 2376 3305 tu,
2427 3242 2517 3309 qui
2556 3242 2645 3295 lux
2674 3257 2734 3295 es
2770 3239 3119 3302 iudeﬁciens,
3172 3252 3279 3291 non
3331 3235 3463 3289 mihi

191 3346 395 3417 Utique
440 3348 634 3402 beatus
671 3357 724 3403 et
767 3348 942 3404 bonus
989 3350 1132 3403 ﬁlius
1165 3358 1289 3403 tuus
1334 3350 1594 3403 Dominus
1625 3348 1783 3405 Jesus

185 3436 322 3491 dicit
346 3437 421 3489 ita
454 3437 701 3506 gaudium
724 3453 844 3492 esse
867 3439 919 3492 in
943 3438 1114 3505 ctelis,
1133 3438 1339 3510 angelis
1357 3438 1473 3503 Dei,
1501 3455 1657 3508 super
1680 3455 1783 3493 uno

185 3537 463 3595 peccatore
496 3528 855 3596 paenitentiam
897 3541 1081 3600 agente
1105 3547 1264 3601 quam
1301 3546 1459 3601 super
1495 3532 1782 3600 nonaginta

187 3635 373 3673 novem
400 3619 599 3689 juslis,
640 3620 730 3691 qui
758 3638 861 3674 non
894 3622 1126 3693 indigent
1154 3622 1458 3692 paenitentia
1491 3619 1645 3691 (Luc.
1680 3636 1781 3687 xv,

187 3710 365 3781 7,10).
397 3709 537 3765 Cum
564 3728 694 3781 ergo
721 3727 820 3782 pro
846 3714 1145 3782 ptenitente
1181 3714 1276 3768 [iat
1302 3713 1558 3784 gaudium
1590 3713 1641 3767 in
1671 3728 1776 3767 σαε-

187 3801 281 3870 lis,
332 3804 595 3873 quoniam
643 3804 696 3857 in
745 3820 811 3859 eo
856 3805 999 3874 quod
1048 3804 1196 3859 illum
1237 3805 1505 3859 malorum
1558 3818 1781 3858 suorum

186 3893 452 3964 paenitet,
492 3895 666 3950 tendit
704 3898 773 3951 ad
814 3896 1077 3958 salutem,
1120 3896 1280 3966 quale
1327 3898 1582 3969 gaudium
1634 3897 1781 3963 erit,

190 3986 454 4053 domina,
509 3988 728 4057 quando
775 3988 972 4057 aliquis
1016 3988 1277 4044 liberatus
1326 3989 1397 4046 ab
1443 3990 1591 4045 omni
1641 3987 1783 4043 malo

189 4076 442 4145 pervenit
475 4077 543 4130 ad
593 4079 761 4147 ipsam
805 4077 1070 4132 salutem?
1100 4078 1155 4133 Si
1198 4079 1363 4149 igitur
1397 4095 1483 4134 me
1513 4095 1542 4133 a
1574 4079 1783 4133 meritis

190 4170 371 4238 poenis
399 4170 715 4235 liberatum,
742 4178 962 4226 mternm
987 4170 1178 4225 salutis
1206 4172 1530 4241 participem
1560 4170 1781 4236 feceris,

189 4260 423 4315 nimium
474 4270 641 4316 totam
690 4263 901 4319 curiam
942 4264 1094 4335 regni
1130 4262 1392 4319 cmlorum
1429 4260 1782 4317 exhilarabis.

190 4350 557 4421 Quapropter,
599 4353 841 4423 piissima
874 4354 1091 4409 domina
1137 4364 1334 4419 mater,
1378 4367 1446 4407 ne
1488 4351 1783 4423 parvipen-

189 4443 288 4497 das
338 4458 619 4498 enormem
665 4444 1059 4500 immanitatem
1103 4444 1391 4501 criminum
1422 4457 1696 4506 meorum,
1725 4447 1786 4494 ut

188 4542 493 4603 postponas
522 4536 946 4606 magnitudinem
977 4537 1296 4607 gaudiorum
1328 4550 1429 4605 pro
1462 4534 1785 4589 remissione

1890 3339 2184 3403 deiiceres,
2213 3337 2304 3393 sed
2342 3335 2661 3409 ignorantiae
2706 3348 2841 3387 mea:
2873 3332 3126 3386 tenebras
3172 3330 3327 3384 radio
3360 3336 3468 3382 tua:

1886 3430 2147 3486 claritatis
2181 3428 2457 3497 ahigeres,
2496 3426 2681 3495 sicque
2710 3423 2762 3477 in
2798 3422 3000 3476 lumine
3028 3428 3120 3474 tuo
3142 3420 3471 3475 constitutus

1885 3523 2123 3578 viderem
2172 3530 2224 3575 te
2272 3534 2377 3573 non
2423 3532 2546 3572 esse
2597 3517 2767 3569 Deum
2815 3511 3084 3567 volentem
3129 3509 3467 3578 iniquitatem

1887 3609 2058 3682 (Psal.
2093 3627 2123 3663 v
2144 3651 2158 3675 ,
2191 3609 2278 3678 5),
2302 3616 2357 3663 et
2387 3616 2567 3661 tamen
2617 3618 2779 3658 nosse
2809 3610 2865 3656 et
2891 3615 3049 3670 posse
3100 3598 3300 3653 habere
3341 3610 3467 3650 cum

1887 3700 1971 3770 pia
2025 3700 2305 3752 voluntate
2363 3692 2835 3751 intestimabilibus
2884 3690 3057 3745 modis
3111 3683 3467 3742 subveniendi

1886 3791 2052 3861 lapsis
2078 3798 2133 3844 et
2173 3788 2446 3859 oppressis
2494 3784 2714 3840 miseria
2756 3790 2811 3838 et
2855 3780 3175 3850 iniquitate;
3221 3788 3275 3831 et
3317 3777 3419 3830 hoc
3447 3814 3464 3840 ,

1886 3884 2143 3947 Domine,
2191 3881 2269 3936 sic
2323 3894 2444 3934 esse
2494 3876 2804 3932 ﬁrmissime
2856 3872 3047 3936 credo,
3095 3886 3159 3923 ae
3216 3884 3309 3939 per
3364 3868 3469 3921 hoc

1886 3976 2075 4030 intimo
2104 3972 2267 4028 corde
2297 3980 2454 4027 teneo
2502 3978 2557 4025 et
2590 3984 2686 4023 ore
2733 3964 2991 4039 proﬁteor
3030 3961 3156 4031 quia
3207 3957 3465 4029 quidquid

1885 4068 1952 4122 de
1982 4082 2069 4121 me
2104 4063 2333 4128 feceris,
2360 4060 2728 4132 qualicunque
2754 4056 3005 4111 videlicet
3036 4051 3300 4107 malorum
3338 4064 3469 4119 pon-

1887 4160 2014 4214 dere
2058 4154 2355 4227 presseris,
2402 4152 2550 4208 nullo
2593 4148 2872 4219 injustitiae
2920 4146 3090 4200 livore
3131 4142 3381 4197 turbatus
3414 4141 3465 4192 in

1889 4250 1971 4304 his
1998 4246 2348 4319 pertraheris.
2385 4243 2477 4299 Sic
2515 4256 2734 4314 quoque
2769 4237 2961 4294 deletis
2989 4252 3053 4290 ac
3080 4232 3318 4288 dimissis
3346 4244 3471 4300 pec-

1888 4343 2023 4398 catis
2069 4340 2297 4404 nostris,
2332 4338 2455 4393 talis
2496 4346 2615 4391 esto
2668 4349 2796 4405 erga
2847 4347 2945 4386 nos
2994 4337 3214 4398 propter
3254 4324 3468 4378 dulcem

1889 4449 2131 4490 antorem
2155 4430 2524 4488 dilectissime:
2560 4426 2747 4482 Matris
2776 4435 2908 4489 tum,
2932 4432 3127 4477 ttt......
3146 4418 3215 4450 ²⁸¹
3236 4415 3470 4487 Virginis

1890 4529 2183 4583 humanam
2233 4524 2301 4580 de
2343 4539 2454 4579 sua:
2489 4520 2670 4577 carnis
2717 4514 3018 4575 substantia
3065 4528 3252 4566 verum
3300 4507 3471 4563 homi-

189 4622 411 4678 illorum
442 4626 933 4697 congratulautium
957 4627 1293 4699 angelorum.
1319 4625 1545 4681 Domina
1567 4664 1583 4690 ,
1608 4622 1780 4679 domi-
1809 4616 1859 4673 Ι)
1889 4636 2013 4674 nem
2045 4617 2316 4689 genuisse.
2346 4616 2538 4671 Amen.

1491 4822 1723 4881 VARI/ﬁ
1766 4817 2170 4877 LECTIONES.

299 4970 373 5002 "'
402 4970 498 5025 llic
513 4970 692 5040 aliqua
721 4970 935 5025 desunt.
