3898 6318
675 505 1354 530 m

1707 342 1800 398 AD
1827 343 2057 404 OPEBA
2096 346 2496 406 S.-ANSELMI
2537 353 2900 413 APPENDIX.
2947 385 2954 392 -
3744 375 3782 426 iii

1357 511 3336 548 Μ

1027 593 1430 757 SERMO
1508 668 1657 756 DE
1747 667 2589 768 CONCEPTIONE
2665 679 3089 772 BEATJE
3163 685 3570 777 MAMIE

2157 875 2490 898 ῃ

742 1002 1036 1072 Conceptio
1059 1008 1380 1063 veneranda:
1409 1011 1502 1066 Dei
1530 1014 1805 1084 genitricis
1827 1029 2096 1090 perpetua:
2126 1022 2248 1079 Vir-
2281 1009 2327 1068 Α
2356 1020 2878 1092 obtemperaturum,
2918 1026 2964 1082 si
2993 1025 3100 1082 hoc
3129 1029 3384 1085 evaderet
3413 1033 3716 1103 naufragium.
3733 1035 3781 1088 Pa.-

670 1094 812 1163 ginis
863 1097 1074 1164 Μαι-ἰῶ,
1131 1099 1464 1157 dilectissimi
1523 1104 1768 1172 fratres,
1800 1115 2249 1180 quemadmodum

673 1199 770 1252 per
810 1185 990 1238 multa-
1023 1187 1298 1256 signorum
1345 1195 1713 1260 experimenta
1767 1199 1820 1254 in
1865 1201 2060 1271 Anglia
2109 1215 2164 1261 et
2197 1207 2248 1266 in

673 1275 936 1340 Francia,
977 1281 1297 1352 caeterisquc
1347 1285 1652 1344 climatibus
1700 1294 1884 1348 mundi
1930 1297 2249 1356 celebranda

673 1367 746 1420 sit
775 1368 1082 1436 declarata,
1114 1387 1200 1426 me
1235 1385 1550 1444 narrantem
1583 1380 1764 1446 audiat
1803 1383 2018 1442 dilectio
2047 1400 2248 1448 vestra.

745 1461 1008 1532 Tempore
1033 1483 1264 1540 namque
1291 1471 1401 1540 illo,
1429 1489 1556 1542 qu0-
1586 1475 1778 1532 divina:
1808 1479 2009 1548 placuit
2065 1486 2248 1554 pietati

671 1553 966 1624 Anglorum
1013 1569 1224 1626 gentem
1269 1564 1334 1618 de
1372 1565 1526 1622 malis
1557 1571 1669 1626 suis
1711 1576 1988 1643 corrigere
2035 1593 2251 1650 suaeque

671 1649 950 1704 servitutis
989 1651 1176 1708 oiliciis
1219 1659 1422 1714 arctius
1451 1664 1754 1736 astringere
1779 1707 1794 1730 ,
1829 1649 2250 1738 gloriosissimus

673 1733 1163 1796 Nortlnnanuorum
1180 1745 1282 1800 dux
1297 1747 1616 1812 Guillelmus
1636 1733 1878 1814 eamdem
1898 1761 2128 1820 patriam
2151 1763 2246 1818 de-

669 1827 920 1882 bellaudo
968 1833 1199 1904 subegit.
1259 1837 1359 1905 Qui
1419 1842 1666 1898 videlicet
1717 1847 2062 1916 Guillelmus,
2123 1864 2250 1910 tunc

671 1921 931 1986 temporis
973 1939 1062 1978 rex
1107 1926 1402 1996 Anglorum
1453 1931 1664 2000 factus,
1705 1939 1794 1992 Dei
1826 1943 2026 1998 virtute
2057 1955 2112 1998 et
2160 1946 2248 2000 in-
2295 1929 2298 1932 I

670 2011 876 2068 dustria
911 2030 1008 2070 sua
1055 2019 1216 2075 totius
1259 2025 1644 2081 ecclesiasticae
1687 2029 1967 2098 dignitatis
2015 2033 2248 2092 honores

669 2101 720 2153 iu
749 2102 940 2158 melius
967 2106 1302 2166 reformavit.
1332 2111 1495 2180 Cujus
1518 2117 1618 2184 pia:
1647 2117 1964 2176 intentionis
1991 2127 2246 2193 operibus

665 2191 914 2250 invidens
954 2197 1219 2254 bonorum
1260 2205 1500 2260 omnium
1534 2207 1786 2266 inimicus
1813 2211 2090 2280 diabolus,
2136 2225 2244 2274 tum

665 2282 1012 2340 familiarium
1059 2290 1367 2362 fraudibus,
1417 2305 1526 2351 tum
1585 2313 1966 2358 extraneorum
2017 2307 2244 2364 incursi-

663 2378 678 2428 Ι
701 2391 766 2431 us
798 2379 1070 2437 mnltoties
1091 2395 1316 2442 conatus
1335 2401 1418 2446 est
1447 2391 1564 2462 ejus
1591 2394 1856 2452 obsistere
1881 2401 2238 2458 successibus.

665 2465 772 2522 Sed
805 2469 1030 2526 Domino
1057 2485 1372 2548 protegente
1404 2491 1458 2535 et
1495 2483 1772 2540 timentem
1803 2501 1863 2542 se
1892 2503 2073 2559 regem
2123 2491 2236 2560 glo-

663 2557 925 2624 rificante,
945 2564 1014 2616 ad
1029 2566 1248 2622 nihilum
1273 2571 1527 2627 deductus
1549 2585 1624 2628 est
1650 2576 1913 2646 malignus
1933 2557 2104 2651 (i’sal.
2123 2557 2240 2647 ξιτ,

659 2645 740 2714 4).
771 2647 1064 2710 Audientes
1110 2667 1288 2714 autem
1337 2660 1466 2717 Daci
1493 2663 1739 2735 Angliam
1765 2645 1886 2724 esse
1926 2645 2238 2741 subjectum

661 2739 1076 2809 Nortlunannis,
1099 2753 1340 2818 graviter
1365 2765 1492 2812 sunt
1521 2758 1823 2830 indignati,
1847 2774 1922 2828 et,
1953 2739 2055 2820 suo
2085 2767 2238 2834 quasi

659 2831 1002 2893 baereditario
1049 2840 1174 2909 jure
1224 2845 1452 2914 privati,
1507 2865 1659 2906 arma
1723 2865 1949 2923 parant,
2007 2857 2240 2914 classem

654 2937 870 2994 aptant,
901 2940 957 2984 ut
986 2947 1080 2989 eos
1125 2937 1387 2993 adeuntes
1419 2957 1446 2994 a
1487 2943 1612 2997 data
1643 2946 1746 2998 sibi
1778 2947 2037 3004 divinitus
2066 2954 2238 3019 patria

653 3018 950 3086 expellant.
977 3021 1088 3078 lloc
1105 3037 1406 3094 cotnperto,
1441 3033 1896 3098 prudentissimus
1923 3018 2240 3098 Guillelmus

653 3112 944 3174 quemdam
991 3114 1300 3183 religiosum
1350 3118 1601 3176 abbatem
1631 3123 1957 3202 (iielsinum)
2006 3135 2238 3190 cmuobii

655 3197 1096 3272 {lietnessicusis)
1126 3211 1449 3266 accersitum
1475 3214 1530 3268 in
1563 3215 1782 3270 Daciam
1813 3219 2000 3292 dirigit
2019 3261 2046 3288 ,.
2069 3232 2127 3278 ut
2157 3226 2238 3280 in-

649 3291 832 3359 quirat
861 3294 1020 3365 hujus
1050 3299 1125 3352 rei
1155 3302 1455 3359 veritatem.
1484 3307 1554 3360 At
1581 3307 1690 3375 ille,
1720 3321 1776 3364 ut
1801 3313 1884 3366 vir
1922 3319 2129 3387 sagacis
2156 3321 2240 3373 in-

653 3385 830 3453 genii,
879 3397 1097 3444 strenue
1139 3395 1284 3462 regis
1332 3401 1604 3469 negotium
1645 3385 2007 3476 exsequitur.—
2034 3411 2150 3477 Quo
2180 3413 2241 3466 ti-

653 3476 850 3534 deliter
877 3493 1118 3548 peracto,
1149 3487 1216 3538 ad
1244 3486 1493 3558 Angliam
1529 3496 1726 3550 reverti
1759 3499 1981 3567 cupiens
2017 3541 2033 3567 ,
2089 3518 2242 3558 mare

653 3567 990 3637 ingreditur;
1016 3585 1071 3628 et
1096 3590 1216 3631 cum
1239 3578 1352 3646 jam
1385 3584 1672 3663 maximam
1693 3593 1908 3658 partem
1927 3595 2093 3649 maris
2115 3612 2242 3664 pro-

647 3673 810 3725 spero
835 3677 996 3716 cursu
1029 3665 1328 3735 transisset,
1353 3657 1531 3726 subito
1559 3657 1739 3731 densis
1768 3684 2114 3754 surgentibus
2135 3703 2240 3739 un-

649 3751 815 3820 dique
838 3756 1032 3823 ventis,
1055 3758 1272 3816 horrida
1307 3773 1598 3838 tempestas
1627 3771 1824 3826 ctelum
1855 3751 2148 3830 commovit
2180 3787 2238 3831 et

649 3845 842 3900 undas.
875 3847 1139 3922 Fatigatis
1167 3856 1333 3926 igitur
1385 3863 1564 3917 nautis
1599 3877 1698 3919 nec
1743 3865 1884 3920 ultra
1915 3867 2028 3936 jam
2067 3869 2235 3922 obniti

645 3942 972 4007 va'entibus,
1001 3946 1188 4004 fractis
1223 3953 1388 4008 remis
1419 3953 1742 4026 funibusque
1775 3959 1970 4026 ruptis,
2000 3960 2238 4014 cadenti-

645 4031 746 4087 bus
771 4035 920 4104 velis,
949 4051 1070 4106 spes
1094 4040 1286 4096 salutis
1311 4045 1840 4104 amittiturnihilsibi
1869 4050 1969 4104 nisi
1987 4051 2234 4106 submer—

641 4126 815 4182 sionis
840 4131 1064 4186 exitium
1095 4135 1478 4194 miserabiliter
1497 4143 1960 4210 exspectantibus.
1992 4144 2237 4216 Cumque

643 4219 714 4270 de
742 4219 914 4274 salute
939 4237 1224 4292 corporum
1249 4229 1540 4298 desperati,
1572 4234 1876 4288 animarum
1897 4235 2235 4292 solummodo

645 4311 859 4378 magnis
885 4313 1214 4374 clamoribus
1262 4321 1496 4376 salutem
1523 4323 1769 4382 Creatori
1821 4341 1920 4381 suo
1960 4343 2236 4386 commen-

643 4399 859 4470 darent,
893 4413 946 4458 et
981 4405 1344 4464 beatissimam
1391 4413 1668 4484 Virginem
1708 4415 1932 4471 Mariam
1960 4419 2052 4473 Dei
2079 4422 2232 4491 genio-

639 4491 854 4560 tricem,
898 4498 1218 4557 miscrorum
1246 4503 1532 4573 refugium,
1563 4517 1618 4562 et
1643 4507 2053 4580 desperatormn
2084 4530 2230 4583 spem

637 4585 834 4644 devote
875 4592 1261 4660 reclamarent,
1292 4611 1419 4651 erce
1446 4599 1625 4651 subito
1663 4602 2005 4671 conspiciunt
2035 4619 2231 4674 quem-

639 4679 764 4734 dam
817 4682 1106 4738 admodum
1141 4687 1449 4741 reverenda:
1479 4687 1812 4746 habitudinis
1845 4692 2017 4746 virum
2047 4736 2062 4762 ,
2095 4711 2231 4764 pon-

637 4773 826 4828 tificali
859 4776 1028 4830 infula
1070 4777 1410 4843 decoratum,
1457 4782 1612 4848 quasi
1643 4783 1786 4838 inter
1827 4787 2030 4842 medias
2061 4790 2232 4844 undas

638 4865 758 4920 navi
793 4869 1120 4935 proximum.
1156 4869 1256 4935 Qui
1292 4887 1490 4926 vocans
1530 4872 1598 4926 ad
1653 4889 1713 4928 se
1742 4873 1992 4930 abbatem
2025 4877 2228 4948 (Helsi-

635 4957 812 5027 nutu),
843 4959 928 5014 bis
951 4941 1132 5016 verbis
1179 4964 1344 5030 carpit
1378 4979 1500 5020 eum
1525 4966 1794 5036 appellare
1823 4985 1836 5021 :
1877 4973 1968 5027 Vis
2001 4941 2226 5045 (inquit)

2278 2365 2319 2420 Β
2345 2381 2506 2436 uobio
2543 2383 2951 2458 (Reinessiensi)
2989 2389 3278 2456 celebrari,
3310 2402 3366 2448 et
3399 2393 3510 2464 ipse
3535 2389 3775 2464 quandiuriti

2355 1112 2530 1177 mitte,
2559 1113 2732 1182 inquit
2765 1115 2872 1178 ille,
2909 1116 3021 1172 Deo
3052 1127 3106 1172 et
3131 1119 3262 1173 mihi
3287 1123 3429 1190 quod
3456 1122 3589 1180 diem
3615 1137 3778 1193 conuar-

2355 1197 2440 1250 nis
2467 1207 2520 1250 et
2549 1199 2843 1255 creationis
2873 1201 3059 1256 Matris
3089 1203 3300 1258 Domini
3346 1207 3514 1262 nostri
3559 1207 3661 1263 Jesu
3693 1209 3774 1262 Clin.~

2353 1287 2669 1346 solemniter
2694 1291 3014 1357 celebrabis,
3057 1301 3112 1348 et
3160 1293 3538 1350 celebrandum
3586 1299 3791 1367 pradicas;

2351 1379 2556 1445 Atille,
2590 1391 2649 1435 ut
2677 1383 3143 1452 prudentissimus
3178 1404 3190 1440 :
3229 1387 3296 1441 Et
3333 1389 3478 1458 quis,
3509 1385 3791 1458 inquit,die‘-.l

2353 1469 2456 1524 hoc
2481 1471 2617 1525 festo
2643 1472 2998 1532 celebrandas
3027 1477 3171 1532 erit?
3215 1477 3404 1543 Sexto,
3438 1480 3532 1546 ait,
3561 1480 3660 1536 ldus
3679 1480 3777 1535 Dees-

2349 1557 2482 1626 bris,
2507 1560 2608 1616 hoc
2630 1561 2830 1619 festum
2879 1566 3350 1622 solemnizandum
3402 1571 3618 1625 tenebis.
3655 1569 3698 1623 Et
3724 1585 3766 1636 qia

2351 1649 2526 1720 inquit
2557 1654 2722 1710 abbas
2751 1697 2766 1720 ,
2800 1655 2975 1714 cilicio
3003 1669 3217 1715 utemur
3269 1661 3322 1718 in
3378 1664 3697 1720 ecclesiastico
3717 1665 3775 1716 alis-

2351 1743 2477 1812 quio
2501 1745 2522 1798 ἱ)
2551 1743 2741 1814 (hunc,
2770 1750 2966 1818 inquit,
2993 1748 3226 1806 oilicium
3259 1753 3406 1824 quod
3463 1755 3640 1810 dicitur
3679 1757 3711 1808 in
3737 1753 3776 1818 cja

2349 1833 2640 1894 Nativitate
2665 1840 2874 1896 dicetur
2904 1843 2954 1896 in
2988 1842 3377 1915 Conceptione,
3407 1857 3617 1918 excepto
3633 1847 3774 1916 quod

2350 1943 2474 1983 men
2521 1933 2818 1990 nativitatis
2847 1937 3146 1992 mutabitur
3191 1939 3248 1992 in
3293 1955 3494 1996 nomen
3541 1942 3775 2008 conceptus

2347 2017 2445 2074 llis
2483 2021 2641 2080 dictis
2673 2023 2762 2080 ille
2797 2027 3082 2095 disparuit,
3117 2037 3174 2084 et
3208 2031 3356 2104 dicto
3387 2033 3543 2088 citius
3579 2034 3775 2088 sedatius

2347 2119 2577 2178 pestate,
2605 2113 2772 2170 abbas
2799 2115 3086 2173 incolumis
3113 2122 3327 2176 concito
3357 2122 3484 2177 flatu
3507 2122 3706 2194 applicuit
3721 2123 3775 2173 lita

2349 2199 2499 2253 ribus
2524 2201 2862 2273 Anglicanis,
2893 2215 2948 2260 et
2987 2223 3106 2276 quae
3134 2208 3344 2264 viderat
3380 2220 3436 2266 et
3471 2212 3672 2266 audierat
3692 2207 3775 2278 quiia

2345 2289 2520 2359 potuit
2546 2293 2864 2350 notiﬁcavit.
2899 2294 3101 2351 Statuit
3132 2309 3309 2352 autem
3351 2301 3494 2356 idem
3525 2301 3774 2357 festuminu-

2345 2474 2554 2531 devotis
2583 2479 2860 2548 obsequiis
2885 2480 3206 2537 celebravit.

2413 2567 2482 2623 Et
2520 2584 2618 2624 nos
2647 2585 2798 2642 ergo,
2836 2571 3035 2628 fratres
3062 2573 3430 2642 dilectissimi,
3460 2578 3502 2632 si
3539 2585 3697 2648 portum
3715 2569 3772 2624 sa'a

2344 2661 2412 2716 tis
2441 2661 2688 2717 volumus
2725 2665 3156 2734 apprehendere.
3177 2669 3270 2724 Dei
3301 2671 3573 2742 genitricis
3593 2661 3772 2730 Contuli!-

2341 2765 2464 2806 nem
2489 2752 2666 2822 dignis
2713 2754 2986 2824 obsequiis
3009 2766 3063 2811 et
3089 2757 3279 2814 otiiciis
3305 2761 3688 2819 celebrabimus,
3708 2763 3770 2806 ιιιεῖ

2341 2843 2458 2913 ejus
2488 2845 2596 2900 tilio
2630 2845 2786 2915 digna
2817 2848 3064 2904 mercede
3093 2867 3526 2908 remunerentur.

2413 2957 2646 3012 lim-sum
2689 2959 2806 3012 tunc
2831 2960 3150 3018 solemnitas
3199 2963 3324 3018 alibi
3358 2965 3466 3019 alio
3507 2963 3638 3018 modo
3658 2956 3771 3013 decim

2342 3056 2448 3102 tur.
2485 3049 2750 3120 Tempore
2774 3068 3006 3124 namque
3030 3053 3208 3110 Caroli
3241 3056 3391 3126 regis
3447 3056 3706 3112 Francmum
3727 3047 3772 3096 ia-

2357 3142 2640 3211 strissimi,
2662 3144 2892 3202 clericus
2909 3147 3127 3216 quidam
3152 3147 3342 3204 ordine
3368 3149 3606 3204 diaconus
3628 3143 3772 3208 ﬂungiﬁl

2341 3232 2486 3304 regis
2516 3249 2830 3304 germanus,
2867 3237 3094 3294 Matrem
3145 3237 3271 3295 Jesu
3326 3249 3442 3296 toto
3462 3239 3610 3296 corde
3637 3233 3772 3300 diligas.

2341 3323 2457 3392 ejus
2497 3325 2658 3381 horas
2714 3328 2980 3384 sollicitus
3011 3329 3355 3386 decantabat.
3416 3331 3662 3387 Parenttnn
3695 3331 3772 3428 ama

2343 3429 2562 3450 cuna-nun
2591 3418 2816 3450 nnnc“:n
2883 3421 3086 3450 ηιιιιιηυι
3134 3422 3314 3450 -ΑΙΑ-υ.
3348 3439 3469 3450 λη...
3517 3419 3690 3450 ,ηιηιιωη
3722 3427 3771 3450 suo

2330 3429 2563 3470 ·⁵¹¹⁰¹’¹¹¹¹¹
2591 3418 2836 3484 consulo.
2881 3421 3086 3476 nubere
3134 3422 3318 3478 volens
3345 3439 3470 3480 cum
3515 3419 3690 3492 quadam
3721 3409 3771 3461 air

2343 3507 2638 3562 lescentula
2666 3509 2820 3565 valde
2850 3512 3218 3581 pulcherrima
3250 3557 3266 3584 ,
3301 3525 3522 3586 accepta
3547 3529 3570 3568 ει
3603 3506 3772 3609 presbytea

2344 3601 2570 3670 nuptiali
2617 3604 3013 3670 benedictione,
3043 3607 3278 3676 quadam
3309 3607 3420 3674 die,
3452 3608 3595 3662 missa
3625 3601 3770 3656 clima

2269 3723 2312 3783 Ο
2345 3691 2576 3760 lebrata,
2606 3696 2922 3752 recordatus
2973 3699 3116 3767 quod
3147 3699 3394 3770 ejusdem
3433 3695 3695 3754 beatissima-
3725 3683 3770 3732 l'if'

2343 3787 2484 3856 ginis
2505 3787 2667 3843 horas
2691 3788 2780 3844 illa
2817 3789 2922 3856 die,
2943 3789 3098 3859 juxta
3128 3807 3333 3846 morem
3368 3793 3590 3854 solitum,
3629 3797 3700 3839 n00
3719 3789 3770 3830 επ

2343 3887 2554 3932 *Μαίη
2582 3917 2597 3944 ο
2639 3894 2894 3949 Sponsam
2935 3883 3152 3936 domum
3185 3885 3430 3950 mittens,
3465 3893 3626 3937 onmes

2337 3969 2500 4026 clesia
2545 3975 2695 4027 exire
2734 3973 2918 4045 coegit
2951 4013 2966 4038 ,
3013 3981 3068 4029 et
3122 3975 3236 4043 ipse
3287 3974 3443 4042 juxta
3475 3963 3770 4060 auat-eligit)?

2337 4063 2488 4117 solus
2513 4066 2792 4119 remansit.
2838 4043 3082 4134 Cumque
3111 4068 3274 4122 horas
3306 4065 3583 4122 Dominicte
3605 4043 3772 4112 ilatrisér

2338 4161 2608 4220 cantaret,
2633 4162 2690 4208 et
2716 4154 2855 4210 banc
2878 4155 3230 4223 antiphonam
3263 4153 3496 4210 Pulchra
3529 4168 3584 4246 ea

2334 4245 2450 4313 ﬁlia
2477 4219 2797 4312 Jerusalem,
2833 4219 3058 4312 diceret,
3073 4246 3252 4302 subito
3279 4245 3525 4317 apparuit
3545 4240 3587 4296 ei
3609 4219 3772 4328 νῦτεοπξ

2338 4336 2416 4390 ria
2453 4352 2574 4392 cum
2605 4337 2815 4392 duobus
2849 4337 3074 4407 angelis,
3125 4337 3378 4394 dextram
3428 4335 3533 4404 ejus
3569 4325 3772 4420 malli”,

2335 4427 2522 4482 laevam
2553 4429 2878 4494 tenentibus,
2906 4430 3091 4486 dicens
3119 4429 3168 4484 ei
3196 4429 3296 4486 :‘Si
3333 4444 3438 4501 ego
3469 4441 3572 4482 sum
3595 4413 3773 4504 Ρ¹¹¹⁰¹¹¹Ῐῗὶ

2334 4521 2552 4588 decora,
2577 4519 2707 4591 quid
2735 4528 2818 4575 est
2842 4521 2984 4590 quod
3015 4519 3244 4576 dimittis
3268 4497 3458 4586 me,‘et
3484 4497 3772 4608 sponswiilii

2335 4589 2872 4683 θεοίρίεἳίΝιιιηιίυίἀί
2897 4629 2996 4684 ego
3041 4627 3161 4668 sum
3210 4614 3415 4684 optime
3459 4589 3772 4718 formosaiiﬂ

2332 4705 2460 4774 quid
2493 4719 2592 4774 ego
2628 4719 2746 4758 sum
2779 4704 3056 4772 pulchrior
3093 4703 3178 4758 illa
3205 4704 3230 4756 'i
3281 4703 3380 4760 Ubi
3419 4697 3582 4755 vidisti
3615 4701 3695 4818 lat:

2336 4797 2520 4818 4.-..--
2552 4795 2575 4818 ι)
2609 4795 2704 4818 nu:
2742 4794 2827 4818 ξιιμ
2857 4793 3190 4818 -..-....r........
3226 4794 3298 4818 ηε.
3333 4809 3347 4818 .
3391 4789 3592 4818 η-...ιηη
3617 4795 3652 4818 m
3755 4797 3761 4808 ι

2332 4797 2523 4850 chram
2552 4795 2575 4848 ?
2609 4795 2705 4848 Cui
2740 4794 2829 4849 ille
2856 4793 3192 4864 stupefactus
3225 4794 3304 4849 ait
3331 4809 3347 4848 :
3391 4779 3771 4900 Domina-11'3":

2332 4885 2573 4950 cissima,
2603 4884 2872 4939 claritudo
2916 4891 3004 4938 tua
3049 4899 3268 4940 omnem
3329 4881 3510 4984 mundi
3553 4867 3760 4992 1³⁸3⁸1³5ΐῖ

2331 4993 2454 5031 nem
2495 4945 2728 5030 excellit.
2758 4975 2895 5042 Quid
2921 4977 3022 5040 vis,
3051 4975 3298 5040 domina,
3331 4985 3390 5031 ut
3417 4945 3768 5028 faciamHil'ﬂ“

635 5047 942 5116 periculum
969 5050 1136 5104 maris
1163 5053 1432 5109 evadere?
1475 5055 1564 5112 Vis
1592 5060 1640 5114 in
1672 5063 1904 5130 patriam
1971 5073 2117 5120 tuam
2151 5080 2239 5119 sa-
2275 5079 2318 5133 ι)
2345 5067 2401 5122 Si
2435 5083 2686 5138 sponsam
2726 5066 3020 5131 carnalem,
3055 5067 3142 5122 cui
3166 5067 3444 5122 adlnerere
3463 5063 3557 5124 vis,
3584 5049 3770 5138 “"9”?

635 5156 740 5196 nus
770 5139 994 5194 redire?
1040 5139 1285 5212 Cumque
1315 5162 1436 5200 cum
1485 5147 1610 5203 ﬂetu
1645 5151 1695 5206 id
1728 5163 1838 5208 toto
1877 5157 2040 5211 corde
2089 5157 2234 5211 desi-

635 5233 838 5286 derate
873 5241 928 5286 et
957 5231 1060 5288 hoc
1107 5233 1279 5289 solum
1327 5249 1643 5308 exspectare
1677 5247 2027 5318 responderet
2054 5288 2069 5314 ,
2105 5258 2232 5303 tunc

637 5321 728 5378 ille
755 5337 770 5376 :
797 5323 952 5378 Scias
977 5326 1196 5401 (inquit)
1221 5345 1308 5386 me
1350 5333 1414 5388 ad
1445 5342 1497 5389 te
1540 5349 1572 5390 a
1631 5338 1846 5394 domina
1891 5349 2100 5406 nostra,
2136 5341 2228 5394 Dei

640 5415 907 5487 genitrice
931 5417 1123 5487 Maria,
1155 5423 1412 5478 directum
1453 5441 1572 5482 esse
1601 5468 1614 5492 ,
1656 5431 1724 5484 ad
1777 5446 1941 5500 quam
1997 5431 2228 5486 dulciter

637 5511 948 5568 reclamasti
977 5531 992 5580 ;
1041 5525 1095 5570 ct
1128 5517 1170 5571 si
1204 5518 1361 5573 dictis
1393 5520 1528 5574 meis
1555 5522 1934 5593 obtemperare
1968 5524 2222 5587 volueris,

639 5619 808 5660 sanus
833 5621 952 5660 cum
985 5609 1274 5664 comitibus
1306 5613 1411 5667 tuis
1459 5613 1656 5668 evades
1703 5615 1988 5670 imminens
2018 5617 2233 5685 pericu-

635 5697 746 5758 lum
778 5702 962 5757 maris.
992 5703 1082 5759 Ille
1113 5721 1238 5758 vero
1287 5705 1430 5759 illico
1457 5707 1686 5776 spondet
1712 5721 1770 5760 se
1796 5707 1841 5760 ei
1878 5707 1928 5760 in
1981 5709 2236 5762 omnibus

2343 5161 2634 5224 dimiseris,
2661 5175 2748 5214 me
2772 5175 3024 5229 sponsam
3081 5160 3134 5214 in
3185 5159 3392 5215 caelesti
3437 5165 3584 5224 regno

2375 5263 2390 5271 -
2447 5253 2485 5271 ,ε
2539 5253 2916 5271 η,η--...ε-ηρ-
2959 5267 3085 5271 ___-_.
3142 5250 3330 5271 r--.__,-
3381 5243 3618 5271 .___-...I:m
3649 5245 3670 5271 ι’
3761 5249 3768 5258 ⁸

2337 5263 2395 5307 et
2443 5253 2487 5308 si
2537 5253 2919 5321 Conceptionis
2959 5267 3092 5306 mete
3140 5250 3335 5306 festum
3375 5243 3768 5360 annuatiﬂhgnﬁ:

2341 5341 2652 5397 Decembris
2679 5341 2992 5395 solemniter
3021 5341 3402 5406 celebraveris,
3450 5347 3500 5391 et
3525 5323 3769 5444 celerum;

2335 5433 2716 5502 praedicaveris
2749 5473 2763 5495 ,
2809 5449 3018 5488 mecum
3073 5433 3123 5485 iu
3169 5448 3332 5500 regno
3359 5429 3446 5484 tilii
3491 5419 3578 5532 me}

2335 5501 2466 5580 eris.
2491 5523 2588 5578 His
2618 5523 2778 5578 dictis
2821 5523 2976 5578 beata
3006 5521 3169 5592 Virgo
3209 5520 3498 5592 disparuit;
3529 5501 3766 5622 clericiz;

2341 5617 2560 5670 domum
2583 5613 2732 5669 adire
2771 5614 2968 5680 renuit,
3025 5621 3080 5668 et
3125 5611 3328 5682 absque
3379 5609 3620 5680 parentum
3650 5593 3726 5682 509:

2343 5705 2598 5771 θοηδίῗίοι
2640 5705 2704 5759 ad
2741 5703 3010 5760 abbatiam
3037 5704 3322 5773 quamdam
3351 5711 3488 5758 extra
3507 5665 3766 5763 patuauitll‘ﬁ
