3898 6318
35 297 145 350 ,ΞΙ

1059 291 1327 358 δριῑῐιιΑ.
1369 321 1435 332 -—-
1479 290 1563 344 DE
1605 285 1938 344 CONCEPT.
1980 291 2035 343 Β.
2067 288 2332 344 ΜΛΜΛΕ.

3264 295 3369 355 89?.

35 408 340 475 icrrexit,
368 415 426 463 et
449 407 646 462 ibidem
683 406 984 463 monachali
1017 407 1201 460 habitu
1256 405 1569 466 decoratus,
1627 408 1681 456 et
1709 384 1757 441 Α
1787 404 2065 469 nativitas,
2101 405 2182 459 sic
2222 405 2317 458 fuit
2365 407 2670 460 necessaria
2712 405 2828 474 eius
2864 407 3181 476 conceptio;
3211 407 3366 476 jussu

35 511 177 556 rost
211 510 445 571 tempus
485 502 739 569 exiguum
776 500 984 554 meritis
1029 493 1202 551 beata:
1234 495 1414 550 Marize
1469 509 1684 564 semper

35 595 354 665 r'irginis,
387 608 510 663 qua:
541 594 758 662 quidem
793 592 1078 662 diligentes
1116 605 1174 645 se
1205 590 1426 643 decorat
1471 602 1684 658 semper

35 698 88 739 ει
133 687 445 740 beatilicat
473 725 487 749 ,
524 685 784 754 Aquileia:
821 686 1103 754 episcopus
1152 681 1460 752 patriarcha
1511 679 1684 734 factus

35 777 276 832 'estum
311 777 695 846 conceptionis
719 775 782 829 B.
835 775 1076 846 Virginis
1111 775 1200 829 die
1236 772 1481 843 praefato,
1513 786 1684 840 quan—

35 867 153 919 diu
189 868 360 929 vixit,
395 868 681 920 annuatim
724 882 846 920 cum
881 866 1115 936 propriis
1142 864 1353 918 octavis
1398 862 1684 930 diligenter

35 957 386 1011 celebravit
422 999 436 1022 ,
475 967 527 1012 et
555 958 756 1027 ubique
781 956 1166 1010 celebrandum
1195 953 1534 1024 prazdieavit.

140 1046 320 1098 Aliud
355 1047 521 1099 etiam
553 1045 876 1099 miraculum
908 1042 1068 1112 hujus
1091 1042 1402 1098 festivitatis
1432 1040 1558 1095 alibi
1602 1040 1682 1093 di-

35 1137 193 1189 vina
239 1137 548 1206 inspirante
573 1137 768 1207 gratia,
808 1152 837 1188 a
877 1136 1032 1189 nobis
1054 1135 1383 1189 declaratur.
1413 1132 1468 1185 In
1493 1131 1681 1202 pelago

35 1223 284 1279 Gallico
311 1227 608 1280 canonicos
622 1226 862 1295 quidam,
889 1224 1080 1280 ordine
1101 1224 1378 1290 sacerdos,
1403 1223 1595 1277 solitus
1615 1221 1677 1275 Β.

35 1316 144 1368 Ma
159 1316 258 1371 rice
283 1315 526 1387 Virginis
543 1319 702 1371 horas
718 1319 1009 1372 canonicas
1027 1315 1341 1382 decantare,
1358 1331 1386 1368 a
1409 1315 1532 1370 villa
1547 1331 1680 1385 qua-

35 1408 221 1473 tiam,
249 1408 344 1461 ubi
373 1424 500 1462 cum
527 1423 698 1463 uxore
727 1408 952 1464 alterius
992 1408 1298 1464 fornicatus
1338 1408 1519 1463 fuerat
1545 1450 1560 1474 ,
1595 1424 1678 1463 re.

35 1497 248 1561 tlieus,
283 1496 353 1550 ad
383 1498 637 1567 Oppidum
661 1498 713 1552 in
743 1515 850 1568 quo
873 1501 1188 1555 morabatur
1214 1502 1432 1555 tendere
1459 1516 1676 1567 curans,

35 1596 108 1639 et
150 1587 390 1655 pelagus
429 1588 695 1658 Sequanae
729 1599 1066 1646 transmeare
1103 1591 1334 1660 cupiens
1356 1632 1372 1657 ,
1401 1590 1548 1646 solus
1583 1607 1678 1644 na-

43 1694 195 1731 vem
252 1682 532 1747 ingressus
572 1681 868 1736 Dominica:
907 1683 1094 1739 Matris
1150 1684 1312 1738 horas
1373 1685 1675 1756 navigando

40 1787 280 1826 canere
337 1774 527 1842 coepit.
559 1772 800 1843 Cumque
840 1775 1232 1838 invitatorium,
1285 1777 1413 1844 Ave,
1471 1778 1670 1843 Maria,

39 1873 248 1930 gratia
281 1863 458 1932 plena,
493 1865 744 1920 Dominus
765 1876 957 1934 tecum,
991 1870 1212 1934 diceret,
1245 1882 1301 1925 et
1331 1871 1444 1939 jam
1484 1874 1535 1927 in
1567 1888 1677 1929 me-

41 1957 158 2010 dio
189 1956 434 2012 ﬂuminis
460 1971 626 2026 esset,
659 1976 786 2015 ecce
828 1963 984 2016 turba
1023 1979 1216 2033 magna
1268 1966 1570 2021 daemonum
1621 1969 1674 2023 in

49 2046 357 2117 profundo
385 2051 580 2121 pelagi,
616 2067 718 2106 una
751 2068 871 2108 cum
908 2053 1024 2123 ejus
1054 2056 1297 2110 navicula
1330 2071 1451 2112 eum
1481 2060 1675 2129 prazci-

44 2140 294 2208 pilavit,
345 2152 401 2197 et
449 2142 566 2211 ejus
611 2145 849 2199 animam
907 2148 1082 2216 rapuit
1127 2149 1195 2202 ad
1243 2155 1535 2206 tormenta.
1578 2151 1674 2207 Die

49 2245 262 2288 autem
313 2237 479 2290 tertia
531 2237 709 2293 locum
760 2254 869 2309 quo
909 2240 1182 2295 daemones
1225 2255 1346 2295 eum
1391 2245 1673 2300 tormentis

57 2326 395 2382 aﬂicicbant
416 2369 432 2393 ,
464 2331 612 2383 venit
642 2329 811 2384 Mater
832 2330 957 2386 Jesn
987 2347 1111 2387 cum
1139 2351 1330 2407 magna
1357 2345 1669 2406 angelorum

56 2418 368 2483 societate,
399 2420 587 2474 dicens
616 2420 694 2474 eis
722 2439 734 2474 :
765 2420 835 2476 Ut
861 2423 988 2490 quid
1021 2425 1256 2479 animam
1287 2426 1471 2482 famuli
1498 2430 1670 2484 nostri

56 2509 144 2562 ita
197 2510 403 2579 injuste
447 2512 684 2582 alﬂigitis
711 2514 733 2566 ?
760 2513 897 2579 Nos,
947 2514 1217 2584 inquiunt,
1256 2534 1373 2573 eam
1413 2521 1671 2576 debemus

59 2603 304 2666 habere,
335 2613 390 2657 et
410 2606 626 2671 merito,
650 2607 909 2675 quoniam
935 2607 988 2661 in
1019 2610 1218 2668 nostris
1237 2612 1490 2680 operibus
1514 2623 1669 2683 capta

54 2704 173 2749 est.
210 2694 424 2762 Quibus
453 2696 627 2752 Mater
667 2696 839 2752 Jesu:
885 2698 942 2753 Si
979 2700 1120 2756 illius
1160 2703 1319 2758 debet
1359 2720 1479 2760 esse
1519 2708 1671 2776 cujus

58 2801 242 2858 Opera
295 2789 549 2854 faciebat,
603 2806 732 2864 ergo
788 2806 974 2850 nostra
1022 2793 1183 2850 debet
1229 2811 1371 2860 esse.
1414 2800 1669 2870 quoniam

63 2882 378 2938 matutinas
411 2893 656 2949 nostras,
685 2888 812 2940 dum
845 2901 938 2942 vos
964 2902 1086 2942 eum
1117 2889 1446 2958 peremistis,
1474 2891 1672 2945 decan-

67 2975 262 3042 tabat;
306 2976 446 3031 unde
484 2979 656 3048 magis
694 2981 768 3034 rei
801 2981 953 3046 estis,
991 2981 1083 3051 qui
1133 2981 1316 3051 iniqua
1359 2993 1545 3038 contra
1584 3000 1670 3040 me

68 3069 295 3138 egistis.
347 3070 442 3124 llis
491 3071 650 3124 dictis
692 3072 964 3128 daemones
1011 3074 1116 3128 huc
1168 3073 1401 3144 illucque
1441 3077 1666 3146 dispersi
1695 3073 1737 3130 C

69 3162 357 3232 fugerunt,
379 3172 434 3216 et
455 3160 615 3217 beata
648 3162 817 3218 Maria
850 3166 1083 3219 animam
1109 3167 1323 3220 reduxit
1351 3168 1418 3222 ad
1447 3183 1663 3238 corpus,

68 3264 126 3307 et
149 3254 432 3310 hominem
467 3256 536 3310 ab
563 3264 790 3326 utroque
829 3256 1018 3312 funere
1058 3258 1376 3313 suscitatam
1418 3275 1514 3328 per
1543 3260 1666 3314 bra-

72 3347 267 3402 chium
294 3348 588 3418 arripiens,
611 3366 808 3420 aquam
835 3367 868 3407 a
888 3352 1095 3407 dextris
1119 3361 1176 3406 et
1196 3368 1226 3407 a
1251 3353 1488 3408 sinistris
1509 3354 1663 3423 quasi

74 3457 300 3496 murutn
333 3449 478 3498 stare
501 3442 717 3511 jubens,
749 3444 816 3498 de
847 3443 1113 3513 profundo
1146 3443 1318 3514 pelagi
1352 3446 1418 3498 ad
1446 3455 1660 3514 portum

74 3533 407 3589 incolumem
434 3535 669 3590 reduxit.
701 3535 772 3588 At
800 3535 890 3589 ille
920 3536 1159 3606 gaudens
1194 3537 1421 3605 pedibus
1450 3536 1508 3590 Β.
1547 3535 1666 3590 Vir-

75 3627 219 3697 ginis
267 3637 565 3696 prostratus
606 3629 683 3680 ait
721 3643 734 3681 :
777 3627 1108 3682 Charissima
1152 3630 1367 3684 domina
1411 3645 1530 3684 mea
1557 3670 1571 3694 ,
1609 3639 1664 3685 et

76 3718 251 3791 V'irgo
274 3720 510 3788 speciosa
537 3719 756 3775 Christo
784 3721 1117 3790 gratissima,
1149 3723 1276 3791 quid
1305 3723 1396 3776 tibi
1429 3723 1662 3777 tribuam

83 3829 180 3882 pro
203 3813 370 3869 tantis
401 3813 679 3869 beneficiis
711 3830 832 3884 quae
863 3815 992 3869 mihi
1035 3816 1257 3871 fecisti?
1295 3816 1536 3870 liherasti
1577 3831 1662 3871 me

82 3907 147 3960 de
191 3921 291 3959 ore
336 3906 530 3972 leonis,
567 3916 622 3961 et
657 3907 723 3961 de
766 3909 1052 3963 tormentis
1089 3907 1283 3965 inferni
1327 3910 1662 3981 gravissimis

84 4004 322 4056 animam
361 4016 558 4057 meam.
587 4002 687 4058 Cui
725 4003 895 4058 Mater
921 4002 1047 4058 Jesu
1091 4005 1167 4059 ait
1197 4026 1209 4061 :
1243 4005 1444 4059 Precor
1483 4013 1561 4069 te,
1595 4020 1661 4058 ne

85 4095 148 4149 de
173 4103 368 4149 caetero
406 4095 458 4148 in
510 4095 760 4150 adulterii
799 4107 1079 4165 peccatum
1113 4097 1275 4150 cadas
1297 4138 1312 4162 ,
1346 4111 1413 4150 ne
1442 4096 1533 4150 liat
1567 4096 1659 4151 tibi

87 4186 406 4241 novissimus
430 4177 595 4240 error
635 4188 784 4257 pejor
810 4188 1012 4256 priore.
1047 4186 1247 4242 Precor
1293 4197 1342 4240 te
1375 4189 1569 4242 iterum
1603 4199 1660 4243 ut

86 4280 147 4334 de
171 4291 365 4336 caetero
395 4277 592 4336 festum
621 4281 994 4350 conceptionis
1029 4296 1164 4335 meae
1198 4281 1391 4335 devote
1420 4281 1659 4336 celebres

91 4374 363 4426 annuatim
386 4387 438 4426 γι
467 4371 590 4427 ldus
617 4371 950 4436 Decembris,
974 4381 1028 4426 et
1050 4372 1246 4442 ubique
1272 4372 1653 4427 celebrandum

91 4464 352 4530 pra-dices.
381 4463 501 4519 Mox
526 4473 584 4518 ut
607 4464 658 4518 id
682 4463 817 4518 dixit
840 4463 897 4516 Β.
922 4465 1077 4534 Virgo
1101 4463 1289 4529 Maria,
1315 4479 1380 4518 eo
1402 4475 1657 4520 cernente

91 4553 250 4610 ctelos
296 4555 556 4620 ascendit,
601 4563 658 4611 et
705 4556 818 4626 ipse
856 4557 1190 4611 eremiticam
1231 4558 1395 4609 vitam
1434 4559 1652 4622 ducens,

91 4651 222 4715 quod
259 4649 352 4703 sibi
396 4649 690 4712 acciderat,
723 4649 933 4706 cunctis
973 4649 1160 4704 audire
1197 4649 1502 4704 volentibus
1532 4665 1658 4703 uar-

98 4741 246 4810 ravit,
289 4751 341 4797 et
377 4747 579 4811 postea
609 4743 847 4810 quandiu
897 4742 1066 4808 vixit,
1106 4742 1232 4796 illud
1279 4741 1474 4796 festum
1523 4758 1654 4796 eon-

98 4833 342 4900 ecptionis
389 4833 706 4887 solemniter
748 4844 805 4888 et
843 4832 1035 4887 devote
1081 4834 1420 4900 celebravit,
1475 4842 1529 4888 ct
1568 4848 1656 4888 ce-

85 4903 389 4978 llcbratnlum
434 4926 764 4997 prtetlicavit.
801 4927 866 4981 Et
907 4942 1040 4992 nos,
1085 4927 1281 4982 fratres
1324 4927 1655 4991 charissimi,

102 5031 266 5074 nostra
330 5021 772 5092 archiepiscopali
845 5023 1167 5079 auctoritate
1243 5023 1658 5078 corroboranms

103 5119 247 5178 atque
274 5113 610 5183 prmcipimus
651 5121 710 5168 ut
747 5113 926 5168 nullus
963 5124 1205 5170 nostrum
1255 5114 1326 5168 ita
1375 5115 1445 5168 sit
1499 5113 1656 5169 rebus

105 5204 462 5271 temporalibus
538 5213 632 5258 aut
701 5205 936 5274 propriis
1018 5206 1226 5261 delictis
1295 5207 1653 5275 desperatus,

107 5294 220 5359 quin
261 5293 314 5348 Β.
347 5295 529 5351 Maria:
569 5295 805 5366 Virginis
835 5297 1242 5367 conceptionem
1274 5297 1511 5354 celebret
1555 5309 1656 5352 an-

110 5388 310 5444 nuatim.
339 5390 492 5445 Sicut
512 5389 654 5444 enim
682 5390 736 5444 in
761 5398 948 5446 sancta
973 5391 1215 5446 Ecclesia
1237 5389 1354 5458 ejus
1381 5390 1658 5446 extollitur

113 5483 354 5553 nativitas,
380 5485 453 5540 ita
479 5486 638 5542 debet
667 5483 784 5555 ejus
806 5484 992 5541 extolli
1023 5487 1336 5555 conceptio;
1379 5485 1478 5538 nisi
1511 5483 1655 5538 enim

111 5574 475 5644 conciperetur,
515 5594 794 5649 nunquam
836 5585 1170 5633 nasceretur.
1221 5576 1371 5632 Sicut
1405 5577 1548 5633 enim
1587 5576 1655 5631 ad

114 5661 391 5724 salvandum
419 5685 588 5742 genus
610 5672 905 5728 humanum
932 5672 1058 5728 olim
1084 5671 1182 5727 fuit
1211 5671 1515 5732 necessaria
1537 5668 1655 5738 ejus

1705 1723 1750 1783 Β

1787 495 1881 550 Dei
1913 497 2218 566 concipitur
2254 505 2304 551 et
2345 499 2602 552 nascitur.
2645 498 2772 553 inde
2801 500 2844 554 si
2871 499 3048 554 divina
3085 501 3221 554 ratio
3241 516 3366 570 per-

1785 585 2082 653 spiciatur,
2115 587 2412 654 spiritualis
2459 588 2827 658 conceptionis
2872 589 2988 656 ejus
3035 589 3150 645 dies
3196 590 3368 660 major

1784 676 1901 731 fore
1938 677 2269 747 approbatur
2295 695 2456 748 quam
2488 681 2604 750 ejus
2633 682 2948 735 nativitatis.

1796 791 1798 794 -
1857 766 1966 823 Res
1997 769 2140 822 enim
2172 769 2345 840 major
2369 773 2785 834 exstitit,Adam
2809 789 2839 827 a
2877 775 2984 828 Deo
3007 774 3178 828 creari
3201 789 3364 843 quam

1784 857 1925 914 filios
1957 860 2087 914 Adae
2113 859 2181 912 de
2217 871 2390 916 matre
2436 862 2618 927 nasci;
2660 879 2763 917 non
2791 873 2873 917 est
2908 865 3101 918 mirutn
3129 864 3171 916 si
3205 863 3365 918 hotno

1785 962 1815 1000 a
1840 947 1948 1002 Deo
1981 951 2045 1003 de
2078 957 2252 1004 matre
2283 951 2545 1005 nascitur.
2581 951 2914 1006 Erubescaut
2949 954 3111 1022 igitur
3145 953 3365 1007 omnino

1785 1040 2076 1108 insensati‘,
2116 1043 2205 1113 qui
2241 1052 2386 1096 tanta
2420 1055 2792 1109 sacramenta,
2823 1055 3077 1114 tantaque
3108 1046 3361 1116 mysteria

1787 1133 2022 1188 tenebris
2046 1136 2362 1204 ignorantim
2383 1139 2639 1191 excmcati
2666 1137 2783 1190 ideo
2811 1147 3066 1206 respuunt
3091 1137 3364 1190 celebrare

1782 1227 1924 1293 quod
1985 1227 2084 1281 viri
2149 1245 2213 1283 ac
2271 1229 2513 1283 mulieris
2576 1229 2847 1299 c0pulatio
2909 1229 2961 1281 in
3015 1229 3364 1297 conceptione

1787 1315 2023 1385 Virginis
2067 1318 2306 1384 exstitit;
2355 1318 2398 1373 si
2451 1319 2596 1373 enim
2636 1317 2750 1386 ejus
2805 1318 3231 1387 conceptionem,
3283 1317 3364 1370 id-

1781 1409 1928 1462 circo
1951 1411 2092 1478 quod
2123 1411 2358 1466 carnalis
2386 1413 2626 1478 exstitit,
2655 1411 2832 1467 stultis
2862 1427 2966 1466 non
2997 1411 3171 1480 placet
3205 1408 3363 1462 hodie

1779 1501 2088 1568 celebrare,
2144 1512 2321 1558 tamen
2375 1507 2515 1559 diem
2561 1517 2615 1559 et
2672 1519 2883 1560 uoc:em
2925 1504 3068 1558 illam
3120 1505 3360 1574 dignam,

1780 1596 2029 1665 quamvis
2061 1595 2246 1650 nmltis
2294 1597 2364 1650 sit
2409 1597 2682 1667 incognita
2708 1639 2721 1661 ,
2754 1607 2806 1651 et
2847 1607 3055 1666 tempus
3091 1609 3145 1651 et
3173 1599 3360 1650 horam

1779 1687 2075 1756 spiritualis
2096 1690 2470 1757 conceptionis
2491 1689 2607 1758 ejus
2633 1691 2790 1744 hodie
2812 1689 3086 1745 celebrare
3110 1691 3358 1752 delectet,

1779 1797 1884 1850 qua
1943 1783 2056 1850 ipse
2099 1782 2402 1836 animarum
2453 1782 2681 1838 Creator
2720 1783 2953 1838 animam
3011 1799 3122 1838 sua:
3171 1782 3362 1835 matris

1778 1875 2026 1943 dignam,
2061 1886 2117 1930 et
2145 1877 2542 1931 sanctissimam
2574 1877 2787 1946 corpori
2823 1876 3070 1946 virginali
3106 1875 3220 1942 ejus
3253 1875 3358 1928 mi-

1779 1966 2137 2021 nistrantibus
2189 1967 2395 2036 angelis
2439 1967 2751 2036 copulavit;
2794 1983 2954 2037 quam
3007 1967 3168 2021 etiam
3217 1967 3358 2018 diem

1775 2057 2006 2126 primam
2053 2067 2256 2112 nostra:
2301 2059 2663 2126 reparationis
2723 2067 2778 2112 et
2832 2057 3023 2112 salutis
3069 2055 3362 2125 dispositor

1776 2159 1974 2204 nostra:
2000 2147 2315 2226 salvationis
2339 2151 2479 2204 inter
2501 2158 2727 2205 caeteros
2751 2151 2865 2205 dies
2889 2150 3040 2214 fecit,
3065 2147 3358 2218 praeelegit,

1774 2250 1828 2295 et
1853 2240 2244 2308 sanctilicavit;
2269 2256 2392 2296 nam
2419 2242 2539 2296 dua:
2568 2251 2694 2296 sunt
2719 2242 3104 2310 conceptioncs
3127 2239 3361 2294 hominis

1774 2331 1900 2401 (hoc
1928 2333 2181 2386 omnibus
2224 2333 2412 2402 peritis
2453 2341 2637 2387 notum
2665 2317 2793 2402 est),
2827 2346 2930 2384 una
2975 2346 3077 2398 qua
3127 2327 3360 2384 carnalis

1773 2425 1963 2493 copula
2006 2425 2107 2479 viri
2142 2442 2204 2480 ac
2251 2423 2491 2479 mulieris
2528 2425 2734 2495 agitur,
2777 2425 2884 2477 alia
2929 2439 3032 2492 qua
3062 2421 3360 2493 spiritualis

1773 2517 1954 2571 anima
1987 2533 2123 2570 nova
2151 2525 2206 2572 et
2246 2532 2378 2586 pura
2416 2516 2527 2571 Deo
2555 2526 2816 2585 operante
2845 2516 3058 2585 corpori
3103 2513 3359 2568 divinitus

1772 2607 2102 2676 adjungitur.
2134 2608 2190 2660 Si
2209 2623 2313 2661 non
2333 2608 2507 2678 placet
2530 2607 2601 2660 illi
2629 2608 2904 2662 celebrare
2926 2605 3215 2659 Dominica:
3241 2603 3356 2657 Mne

1775 2700 1871 2754 tris
1892 2699 2165 2754 carnalem
2190 2700 2621 2769 conceptionem,
2642 2700 2832 2754 saltem
2853 2698 3062 2768 placeat
3080 2698 3311 2751 celebrat
3327 2711 3358 2751 θ

1771 2790 1889 2860 ejus
1919 2792 2114 2844 anima:
2136 2790 2470 2858 spiritualem
2495 2792 2827 2846 creationem
2857 2790 3209 2859 corporisque
3233 2803 3353 2842 Cum

1772 2884 1950 2938 anima
1977 2886 2396 2956 copulationetu.
2431 2886 2474 2943 0
2501 2896 2700 2956 quanta
2732 2894 2816 2939 est
2837 2885 2952 2938 dies
2982 2883 3088 2947 illa,
3116 2898 3217 2951 qua
3256 2897 3354 2934 no-

1771 2989 1896 3032 strata
1923 2981 2271 3049 reparatricis
2303 2980 2482 3034 anima
2511 2980 2672 3045 digna
2701 2987 2943 3040 creatur,
2967 2987 3019 3031 et
3049 2974 3357 3029 sanctifica-

1773 3083 1880 3142 tur,
1899 3074 2312 3129 etsanctissimo
2332 3073 2546 3141 corpori
2573 3071 2784 3125 unitur!
2805 3086 2909 3124 non
2933 3069 3172 3124 estenim
3197 3083 3354 3122 verus

1770 3176 1983 3220 amator
2014 3165 2247 3232 Virginis
2283 3163 2374 3232 qtti
2428 3162 2632 3230 respuit
2665 3160 2844 3216 colere
2890 3160 3030 3214 diem
3076 3159 3192 3227 ejus
3229 3175 3354 3212 cou-

1767 3256 2054 3326 ceptionis.
2088 3255 2423 3309 Erubescant
2457 3255 2652 3308 iterum
2694 3253 2863 3308 insani
2902 3254 2993 3323 qui
3036 3254 3178 3307 hunc
3213 3252 3354 3306 diem

1767 3351 1944 3405 eolere
1962 3367 2068 3404 non
2086 3338 2271 3404 volunt
2292 3350 2492 3404 idcirco
2510 3347 2634 3418 quia
2656 3347 2884 3402 aliorum
2899 3356 3206 3402 sanctorum
3225 3361 3348 3400 cou-

1766 3443 2042 3513 ceptiones
2083 3444 2308 3497 minime
2339 3441 2519 3497 colere
2561 3449 2746 3496 sancta
2773 3441 3054 3496 consuevit
3089 3440 3349 3494 Etclesia.

1766 3536 1998 3590 Maxima
2046 3535 2244 3606 quippe
2288 3535 2562 3590 rusticitas
2607 3542 2693 3589 est
2721 3547 2842 3588 eam
2891 3532 3012 3600 aliis
3054 3532 3258 3588 sanctis
3297 3533 3352 3586 in

1766 3631 1866 3684 hoc
1889 3642 2234 3698 comparare,
2275 3627 2326 3681 in
2357 3642 2464 3697 qua
2510 3626 2653 3680 Deus
2693 3640 2912 3680 carnem
2944 3626 3234 3680 humanam
3259 3641 3346 3679 as-

1763 3720 2013 3792 sumpsit,
2030 3734 2190 3789 quant
2217 3719 2381 3772 etiam
2405 3733 2566 3787 super
2587 3733 2776 3772 onmes
2799 3717 3016 3787 angelos
3039 3724 3094 3772 et
3118 3716 3353 3771 archan-

1762 3813 1908 3884 gelos
1960 3813 2012 3866 in
2065 3809 2220 3866 cwl'rs
2267 3809 2606 3874 sublimavit;
2652 3810 2898 3877 quamvis
2941 3809 3083 3862 enim
3137 3811 3350 3865 ueteris

1761 3905 1966 3961 sanctis
1997 3904 2113 3958 dies
2139 3900 2511 3970 conceptionis
2547 3916 2734 3954 eorum
2767 3915 2872 3953 nou
2919 3901 2988 3953 sit
3031 3912 3345 3956 concesSum

1761 4006 1820 4050 ut
1845 3995 2170 4060 celebretur,
2204 3993 2273 4046 illi
2307 4001 2487 4046 tamen
2513 4007 2542 4044 a
2575 3991 2778 4060 Spiritu
2810 4000 2998 4044 Sancto
3028 4007 3347 4046 anticessum

1761 4097 1865 4153 est,
1893 4102 2014 4156 quae
2050 4087 2223 4153 major
2252 4093 2306 4139 et
2331 4082 2677 4139 excellentior
2721 4083 2933 4136 cunctis
2972 4091 3075 4136 est.
3117 4081 3347 4137 l‘uleht'e

1761 4189 1816 4237 et
1860 4182 2019 4252 digne
2069 4179 2489 4234 dominat'onem
2537 4193 2700 4247 super
2730 4184 2954 4232 ca-teros
2996 4187 3212 4239 sanctos
3256 4178 3348 4234 illa

1759 4273 1914 4328 debet
1944 4275 2164 4335 habere,
2196 4286 2289 4340 per
2311 4283 2470 4339 quam
2495 4283 2681 4323 omnes
2703 4269 2874 4323 sancti
2904 4269 3343 4338 sanctificatum;

1761 4367 1957 4421 dicitur
1999 4367 2142 4420 enint
2191 4365 2440 4420 Christus
2487 4374 2800 4419 sanctorum
2856 4363 3108 4429 Sanctus,
3139 4375 3192 4420 et
3232 4382 3343 4435 ipsa

1760 4467 2067 4515 sanctorum
2098 4457 2326 4523 Sancta;
2351 4465 2407 4512 et
2427 4456 2569 4512 sicut
2588 4458 2706 4512 sine
2729 4472 2877 4514 more
2899 4473 3141 4514 summus
3162 4475 3346 4514 rerum

1761 4552 2059 4622 Dispositor
2080 4566 2242 4621 super
2277 4564 2464 4605 omnes
2509 4562 2728 4604 sanctos
2761 4560 2816 4608 et
2844 4562 3062 4608 sanctas
3091 4552 3233 4607 illaut
3261 4554 3346 4608 di-

1760 4645 2017 4714 gnitatem
2069 4641 2143 4696 illi
2193 4640 2441 4706 contulit,
2491 4647 2552 4694 ut
2592 4637 2825 4696 Verbum
2871 4655 3088 4697 Carnem
3141 4642 3341 4696 factum

1764 4735 1924 4804 Virgo
1961 4727 2359 4802 conciperet-et
2398 4740 2632 4802 pareret,
2662 4742 2717 4786 et
2769 4741 2889 4800 post
2931 4740 3144 4801 partum
3179 4731 3345 4800 Virgo

1758 4836 2133 4896 permaneret,
2149 4826 2229 4879 sic
2252 4827 2366 4894 ipse
2388 4839 2499 4896 prae
2523 4826 2774 4879 omnibus
2797 4827 2996 4894 absque
3027 4841 3175 4880 more
3203 4829 3344 4883 hanc

1747 4923 2070 4994 "dignitatem
2105 4919 2178 4974 illi
2216 4919 2462 4988 prazbuit,
2490 4929 2547 4972 ut
2567 4918 2935 4987 conceptionis
2962 4927 3016 4971 et
3042 4919 3343 4973 nativitatis

1758 5012 1874 5082 ejus
1915 5012 2174 5068 solemnia
2226 5019 2570 5065 Sacrosancta
2608 5011 2660 5064 in
2710 5019 2895 5064 sancta
2935 5011 3168 5066 Ecclesia
3195 5014 3342 5068 cele-

1757 5108 1995 5162 bremus.
2039 5105 2175 5172 Quid
2207 5105 2450 5174 longius?
2481 5103 2774 5158 Dominicae
2813 5103 2999 5158 Matris
3023 5106 3336 5174 conceptio-

1758 5213 1881 5253 nem
1929 5197 2128 5261 colere,
2180 5196 2379 5250 Christi
2425 5195 2828 5266 generationem
2880 5206 2962 5250 est
3007 5211 3338 5251 commemo-

1759 5307 1916 5356 rare;
1966 5304 2090 5344 nam
2141 5286 2259 5356 ejus
2311 5287 2594 5356 conceptio
2622 5287 2822 5342 Christi
2860 5287 3222 5358 generationis
3253 5297 3338 5344 est

1756 5384 1920 5438 linea.
1976 5382 2313 5452 Quapropter
2361 5379 2712 5450 Evangelium
2769 5379 2925 5434 Liber
2985 5383 3337 5451 generationis

1740 5478 1973 5552 _(Matth.
2005 5488 2038 5539 l,
2071 5477 2122 5546 l)
2156 5475 2266 5544 ipsa
2314 5475 2423 5538 die,
2469 5473 2609 5528 sicut
2661 5472 2712 5526 in
2758 5471 3048 5527 Nativitate
3099 5471 3332 5536 Domini,

1758 5579 1882 5624 ante
1920 5567 2262 5623 matutinales
2305 5565 2489 5620 laudes
2532 5568 2672 5621 bono
2697 5579 2846 5620 more
2883 5564 3252 5630 decantamus,
3280 5574 3334 5622 et

1757 5667 1825 5723 ad
1856 5668 2075 5723 missam
2101 5667 2348 5739 legimus.
2379 5664 2570 5720 Merito
2592 5676 2722 5731 ergo
2747 5659 2942 5715 colitur
2969 5666 3024 5713 et
3050 5657 3139 5712 lilii
3169 5671 3336 5727 gente.
