3898 6318
570 303 680 360 525

1638 295 1728 352 AD
1769 296 1995 353 OPEBA
2031 293 2088 351 S.
2119 292 2421 349 ANSELMI
2459 294 2825 350 APPENDIX.
3808 286 3848 341 Li

571 384 739 478 ratio,
771 421 827 467 et
871 407 1064 467 matris
1111 408 1423 479 conceptio,
1472 407 1727 477 quoniam
1774 408 2060 477 conceptio
2101 417 2160 463 et
2184 413 2229 470 Α
2257 409 2358 463 bus
2388 407 2535 461 curis
2561 416 2616 461 et
2655 420 2686 461 a
2726 405 2939 461 cunctis
2975 404 3129 459 malis
3166 418 3486 459 mereamur
3518 400 3727 468 eripi,
3758 409 3848 455 eti

572 505 828 560 nativitas
866 504 1056 558 matris
1082 501 1358 574 generatio
1396 508 1478 555 est
1512 499 1624 554 ﬁlii.
1658 497 2010 554 Celebremus
2051 499 2151 570 igi-

572 606 662 650 tur
688 594 1067 666 (dilectissimi)
1094 593 1251 647 hodie
1280 592 1458 663 dignis
1492 590 1686 646 olliciis
1715 597 2000 658 utramque
2037 589 2151 657 ejus

569 687 976 756 conceptionem
1008 684 1401 747 venerabilem,
1430 682 1764 753 spiritualetn
1807 682 2054 736 videlicet
2100 692 2155 737 et

572 776 882 843 humanam,
912 786 969 831 ut
1000 778 1168 847 ipsius
1194 777 1402 831 meritis
1426 785 1481 832 et
1509 775 1781 845 precibus,
1818 792 1848 830 a
1875 775 2148 830 saeculari-

2258 508 2459 552 :eterna
2513 497 2707 568 gaudia
2751 497 2993 569 perduci,
3047 505 3339 567 praestante
3392 494 3670 550 Domino
3725 507 3848 549 nosa

2257 587 2383 644 Iesu
2411 587 2631 643 Christo
2660 588 2768 645 ﬁlio
2791 587 2926 657 ejus,
2963 589 3055 658 qui
3079 604 3200 643 cum
3225 587 3390 642 Patre
3417 596 3476 641 et
3511 586 3769 655 Spiritu
3794 601 3847 637 sa

2258 689 2347 735 cto
2373 681 2508 735 vivit
2537 690 2591 735 et
2616 688 2805 753 regnat
2836 681 2977 736 Deus
3014 694 3115 752 per
3144 679 3356 734 inﬁnita
3407 677 3651 733 secula
3681 679 3848 731 seed

2260 789 2402 829 rum.
2424 773 2618 828 Amen.

1324 906 3848 931 W

1900 1054 2616 1147 MIRACULUM

1601 1247 1688 1302 DE
1727 1241 2212 1301 CONCEPTIONE
2234 1242 2527 1300 SANCTIE
2564 1244 2810 1301 MARIIE

1738 1413 1847 1470 rex
1872 1416 1971 1453 ms.
2005 1396 2152 1455 Gem.
2184 1398 2458 1454 Melicemi
2486 1417 2533 1453 ε.
2564 1398 2634 1453 40
2657 1399 2775 1471 ⁸⁸³.)

1988 1564 2371 1580 _—‘

640 1717 718 1772 Eo
759 1724 999 1788 tempore
1019 1731 1124 1787 quo
1163 1716 1469 1773 Willelmus
1492 1759 1507 1784 ,
1553 1716 1987 1773 Normannorum
2040 1716 2147 1770 dux
2181 1698 2226 1760 Β
2255 1724 2460 1782 nesque
2490 1710 2581 1781 qui
2607 1710 2660 1765 in
2696 1708 2819 1765 navi
2846 1718 3001 1764 erant
3032 1708 3321 1766 formidine
3351 1710 3634 1782 replevit.
3674 1710 3848 1767 Time

568 1807 1004 1878 potentissimus,
1057 1816 1330 1877 prostrato
1374 1808 1669 1879 Anglorum
1721 1822 1844 1879 rege
1894 1806 2149 1873 Heraldo,

568 1898 713 1967 ipsos
740 1897 936 1968 Anglos
960 1897 1098 1953 bello
1122 1905 1346 1953 strenue
1369 1899 1675 1967 superando
1697 1898 1796 1952 sibi
1820 1897 2151 1968 subjecerat,

566 1986 784 2055 quidam
813 1988 1002 2053 abbas,
1037 1987 1251 2042 Elsinus
1286 1987 1529 2054 nomine,
1573 1987 1627 2043 in
1659 1987 1887 2043 ecclesia
1939 1997 2155 2058 aposto-

564 2077 739 2133 lorum
765 2078 913 2134 Petri
937 2090 989 2133 et
1018 2079 1168 2134 Pauli
1201 2078 1495 2151 Sanctique
1523 2080 1828 2152 Augustini,
1857 2080 2152 2151 Anglorum

563 2169 819 2240 apostoli,
855 2170 1150 2237 residebat,
1180 2171 1233 2225 in
1256 2187 1362 2240 qua
1393 2172 1622 2227 ecclesia
1663 2173 1832 2243 ipsius
1870 2174 2154 2244 Augustini

565 2269 999 2331 cazterorumqoe
1028 2262 1561 2333 archiepiscoporum
1586 2279 1812 2335 corpora
1837 2265 1939 2321 sibi
1970 2281 2157 2322 succe-

566 2354 810 2408 dentium
852 2354 1219 2424 requiescunt.
1251 2353 1351 2410 llic
1395 2355 1577 2425 itaque
1624 2356 1839 2413 Elsinus
1885 2359 2050 2415 certis
2087 2374 2153 2414 ex

567 2447 749 2503 causis
776 2445 830 2499 in
855 2445 1261 2501 Ramesiensem
1286 2446 1584 2503 Ecclesiam
1607 2459 1906 2519 promotus,
1927 2449 2155 2506 Domino

566 2542 698 2600 Jesu
721 2541 943 2598 Christo
969 2542 1315 2598 devotissime
1343 2543 1728 2615 famulabatur,
1761 2545 1982 2618 ejusque
2007 2550 2154 2619 geni-

566 2634 786 2698 tricem,
810 2633 1088 2688 servitium
1116 2633 1230 2702 ejus
1256 2634 1504 2691 l’aciendo
1526 2637 1893 2705 devotissime,
1928 2655 2156 2695 venera-

567 2722 749 2777 batur.
782 2722 1022 2794 Contigit
1046 2734 1224 2780 autem
1254 2734 1313 2780 ut
1347 2725 1620 2783 Danorum
1665 2742 1782 2795 rex,
1826 2730 2011 2785 audita
2052 2728 2155 2786 He-

567 2812 704 2869 raldi
750 2823 924 2869 morte
970 2813 1375 2889 Anglorumque
1432 2816 1808 2887 subiectione,
1859 2821 2049 2876 venire
2102 2822 2156 2875 in

565 2907 813 2975 Angliam
837 2918 1157 2979 properaret
1196 2919 1249 2965 et
1290 2924 1391 2966 suo
1428 2926 1548 2966 eam
1580 2911 1820 2967 dominio
1848 2912 2154 2983 subjugare,

563 3006 834 3068 prostrato
876 2998 1167 3055 Guilielmo
1208 3015 1351 3055 novo
1396 3014 1545 3071 rege,
1574 3008 1635 3055 ut
1677 3002 1792 3072 ipse
1835 3004 2156 3068 testabatur,

564 3088 736 3159 ipsius
767 3097 925 3143 terra:
953 3091 1205 3156 invasor,
1238 3099 1294 3145 et
1334 3105 1453 3145 eam
1478 3092 1531 3146 in
1562 3102 1884 3163 perpetuum
1910 3094 2156 3165 posside-
2184 3073 2227 3131 ο

564 3188 669 3231 ret.
713 3176 831 3244 Quo
876 3179 1081 3241 audito,
1134 3178 1460 3235 Guillelmus
1516 3180 1585 3235 ad
1642 3181 2038 3238 defendendum
2098 3199 2157 3239 se

567 3268 915 3339 praeparavit,
940 3276 997 3322 et
1025 3282 1091 3321 ex
1119 3269 1633 3337 circutnjacentibus
1675 3271 1985 3341 regionibus
2011 3273 2157 3328 mili-

570 3367 653 3411 tes
683 3357 1110 3426 quamplurimos
1151 3360 1518 3430 congregavit,
1550 3370 1625 3423 et,
1661 3370 1722 3416 ttt
1755 3371 1873 3416 erat
1907 3362 2154 3429 callidus,

569 3446 735 3501 urbes
772 3462 837 3501 ac
867 3447 1088 3502 castella
1118 3450 1493 3505 strenuissime
1538 3452 1788 3519 munivit,
1819 3464 1875 3507 et
1904 3455 2158 3511 omnibus

570 3540 896 3595 necessariis
937 3540 1347 3611 opulentissime
1397 3542 1642 3613 replevit.
1690 3543 1929 3601 Consilio
1976 3546 2158 3615 itaque

571 3633 728 3696 inito,
750 3632 1068 3688 (iuillelmus
1096 3650 1186 3689 rex
1219 3651 1341 3691 cum
1372 3635 1725 3704 optimatibus
1744 3637 1859 3692 suis
1886 3638 2155 3692 strenuis-

570 3727 767 3780 sitnum
789 3726 1038 3781 abbatem
1069 3727 1329 3793 Elsinum,
1358 3728 1426 3782 de
1448 3744 1553 3799 quo
1581 3744 1747 3800 supra
1774 3729 2076 3795 retulimus,
2102 3730 2154 3785 in

568 3817 792 3872 Daciam
827 3818 997 3883 misit,
1021 3822 1078 3873 ut
1104 3819 1329 3875 consilia
1356 3820 1597 3893 ipsorum
1629 3829 1685 3876 et
1724 3830 1844 3876 acta
1873 3820 2158 3891 diligenter

569 3910 888 3980 inquireret,
936 3920 992 3966 et
1039 3927 1226 3967 eorum
1269 3914 1320 3967 in
1366 3914 1616 3985 Angliam
1657 3914 1970 3979 adventum,
2001 3924 2158 3985 prout

566 4008 771 4069 posset,
826 4009 1118 4056 averteret.
1168 4001 1406 4058 Asceusa
1459 4004 1624 4075 igitur
1666 4019 1866 4075 puppe,
1901 4020 2157 4075 prospcto

566 4099 730 4144 vento
770 4090 958 4155 ﬂante,
998 4089 1053 4144 in
1099 4090 1320 4147 Daciam
1365 4094 1533 4161 venit,
1583 4093 1859 4164 ipsiusque
1903 4104 2057 4150 terr-.e
2098 4110 2157 4150 se

566 4181 679 4253 regi
706 4183 1072 4252 pmsentavit,
1105 4192 1161 4238 et
1197 4184 1402 4241 salutes
1433 4202 1499 4242 ac
1540 4203 1764 4243 munera
1793 4197 1956 4258 atque
1986 4190 2158 4244 servi-

569 4272 646 4325 tia
669 4286 732 4325 ex
758 4272 1027 4329 Guillelmi
1056 4276 1197 4345 regis
1220 4286 1373 4347 parte
1393 4278 1607 4334 obtulit.
1638 4280 1843 4335 Deinde
1871 4282 2073 4347 omnia,
2099 4290 2157 4335 ttt

568 4362 672 4416 sibi
695 4363 907 4432 jnssum
937 4363 1131 4429 fuerat,
1164 4366 1462 4436 iuquisivit,
1488 4368 1618 4438 quid
1646 4369 1892 4424 dicerent
1930 4378 1983 4423 et
2024 4386 2157 4438 quo-

570 4456 732 4510 modo
762 4466 1072 4528 satagercnt
1091 4460 1438 4528 percunctari
1466 4474 1573 4514 non
1601 4460 1827 4515 destitit.
1860 4459 2154 4529 Postquam

568 4556 750 4603 autem
796 4550 975 4604 omnia
1024 4562 1248 4622 propter
1290 4567 1413 4622 quae
1457 4551 1585 4607 illuc
1629 4561 1747 4607 erat
1782 4540 2159 4609 strenuissime

565 4638 880 4710 complevit,
905 4655 1267 4711 proceresque
1301 4650 1459 4696 terra:
1489 4643 1806 4698 muneribus
1846 4651 1899 4698 et
1925 4644 2157 4714 promis-

563 4729 642 4785 sis
677 4731 946 4797 oneravit,
980 4732 1031 4785 iu
1072 4731 1322 4801 Angliam
1358 4731 1569 4800 regredi
1598 4731 1785 4798 voluit,
1816 4732 1909 4788 sed
1938 4746 2034 4787 rex
2063 4733 2163 4787 Da-

563 4820 663 4876 cia:
684 4836 869 4877 secum
894 4821 1041 4876 illum
1071 4821 1281 4891 regredi
1306 4822 1680 4891 permisit.Qui
1706 4838 1829 4879 mox
1853 4838 1975 4877 cum
2001 4822 2162 4877 sociis

562 4928 755 4968 navem
784 4913 1123 4969 conscendit.
1152 4912 1371 4968 Naturae
1416 4914 1581 4982 igitur
1627 4914 1889 4985 aplustria
1926 4914 2161 4986 college-

563 5014 711 5070 runt,
759 5014 817 5061 et
858 5006 911 5060 in
944 5004 1112 5059 altum
1158 5005 1383 5061 carbasa
1416 5006 1798 5073 extenderunt,
1835 5023 1898 5064 ac
1921 5023 2019 5080 per
2052 5007 2157 5063 ire-

562 5097 766 5151 mentia
794 5111 1015 5167 aequora
1055 5094 1253 5150 itinera
1278 5095 1610 5152 direxerunt.

566 5236 569 5239 .
633 5187 770 5243 Dum
802 5191 986 5259 itaque
1024 5204 1122 5259 per
1167 5190 1274 5244 alta
1314 5192 1478 5246 maris
1513 5203 1822 5263 pergerent,
1853 5195 2158 5250 contrarius

562 5290 758 5345 ventus
785 5282 868 5337 eis
899 5284 1159 5352 surrexit,
1205 5300 1359 5341 mare
1401 5284 1642 5341 funditus
1686 5286 2002 5353 commovit,
2044 5301 2161 5342 om-

2255 1802 2419 1873 igitur
2468 1801 2658 1858 mortis
2698 1801 2917 1855 contriti
2950 1801 3282 1870 nimiumque
3324 1803 3665 1873 perterriti,
3710 1819 3848 1872 pm

2253 1910 2376 1950 cum
2412 1894 2670 1965 lacrytr'is
2700 1880 2807 1948 Deo
2829 1892 3078 1961 fundunt,
3105 1905 3161 1948 et
3192 1908 3252 1949 se
3288 1897 3553 1966 graviter
3584 1896 3848 1964 deliquiae:

2255 1985 2641 2041 miserabiliter
2690 1994 2933 2055 gemunt.
2986 1984 3045 2040 lu
3097 1994 3251 2039 tanto
3286 1986 3643 2044 discrimine
3702 1990 3848 2057 positi

2255 2076 2460 2146 majora
2514 2076 2750 2146 pericula
2797 2088 3180 2146 occurrerunt,
3224 2095 3473 2151 namque
3541 2092 3741 2153 syrtes
3780 2098 3847 2151 pr:

2257 2171 2429 2226 oculis
2451 2171 2741 2241 aspiciunt,
2769 2186 2904 2242 quas
2924 2170 3165 2227 naucleri
3195 2186 3446 2228 scamma
3477 2176 3715 2230 dicunt.
3744 2176 3847 2229 Tw

2256 2264 2429 2333 magis
2455 2263 2599 2317 anxii
2630 2272 2686 2317 et
2721 2264 2868 2318 dubii
2897 2264 3042 2319 velut
3064 2265 3116 2319 in
3141 2274 3318 2320 morte
3348 2268 3529 2335 positi
3559 2268 3843 2321 clamabat!

2255 2356 2324 2410 ad
2356 2356 2523 2411 Deum
2557 2353 2766 2410 fortius.
2794 2354 2837 2411 Ο
2866 2354 3011 2413 Deus
3056 2356 3515 2425 clementissime,
3576 2357 3754 2415 Pater
3782 2374 3847 2411 ac-

2256 2446 2588 2512 sericordiaa,
2619 2446 2844 2517 dignare
2874 2462 2973 2502 nos
3004 2448 3274 2517 respicere
3304 2463 3532 2503 mersos
3565 2463 3681 2519 pro
3707 2458 3841 2502 nostra

2256 2536 2503 2591 crimine.
2528 2534 2778 2606 Respice,
2803 2536 3245 2604 clementissime,
3262 2538 3329 2594 de
3356 2540 3497 2595 sede
3525 2549 3651 2595 tua:
3679 2539 3841 2610 gloria.

2258 2630 2416 2684 visita
2463 2645 2564 2685 nos
2597 2629 2711 2698 jam
2755 2629 2959 2699 positos
3007 2630 3062 2684 in
3107 2644 3356 2686 extremo
3411 2632 3556 2686 vita:
3620 2632 3827 2703 periera-

2255 2720 2404 2774 Assit
2448 2734 2593 2775 nunc
2630 2729 2720 2773 tua
2766 2720 2970 2790 gratia!
3007 2721 3140 2775 assit
3194 2729 3283 2775 tua
3326 2719 3705 2792 benignitas!

2257 2812 2495 2866 maxima
2538 2810 2783 2867 bonitas!
2834 2810 3009 2866 assint
3046 2811 3185 2866 bona
3226 2811 3475 2883 gratuita
3519 2812 3714 2866 dona!
3749 2811 3835 2864 Se:-

2257 2919 2419 2959 curre
2449 2902 2604 2959 nobis
2627 2903 2859 2967 miseris,
2882 2903 3058 2972 pietas
3087 2901 3396 2969 inell‘abilis,
3424 2917 3501 2957 ne
3524 2917 3644 2957 uos
3668 2904 3836 2958 sorba;

2262 2996 2507 3052 infernus
2537 3012 2679 3051 nunc
2707 3011 2806 3067 pro
2839 2994 3039 3050 nostris
3069 2993 3405 3049 criminibus.
3432 2992 3535 3049 Pie
3582 2996 3752 3058 Deus,
3782 3006 3834 3045 ea»

2259 3088 2571 3159 gnoscimus
2594 3088 2736 3157 quod
2765 3087 3002 3158 graviter
3031 3085 3377 3155 deliquimus,
3402 3085 3611 3155 pejora
3647 3099 3836 3143 eorum»

2260 3178 2488 3243 ruimus,
2514 3177 2639 3247 quia
2668 3177 2892 3231 multum
2916 3175 3279 3245 peccavimus.
3308 3172 3563 3244 Benigna
3588 3183 3695 3228 tua
3714 3174 3833 3245 grata

2260 3269 2551 3325 fatentibus
2573 3268 2870 3339 indulgeat,
2892 3268 3129 3323 fatemur
3156 3274 3343 3322 nostra
3361 3266 3643 3333 crimina,
3681 3278 3734 3322 tu
3762 3266 3833 3319 όὰτ

2261 3370 2348 3413 tua
2379 3361 2573 3429 gratia.
2622 3359 2720 3426 Qui
2768 3359 3063 3430 promisisti
3113 3357 3328 3414 miseris
3376 3372 3491 3427 qua
3538 3358 3698 3413 hora
3738 3358 3821 3425 inge

2260 3458 2500 3511 tuuerint
2534 3465 2591 3512 et
2625 3456 2787 3510 corda
2819 3455 3175 3526 pmnitucriut
3213 3454 3392 3509 salvos
3430 3455 3712 3525 protinus
3743 3454 3829 3507 ﬁeri.

2258 3562 2422 3617 parce
2456 3563 2602 3604 nunc
2644 3548 3049 3614 conﬁtentibus,
3076 3548 3336 3603 miserere
3363 3548 3753 3617 gementibus,
3775 3548 3831 3599 nr

2263 3652 2448 3693 serere
2494 3653 2634 3693 nunc
2661 3637 2916 3693 ﬂentibus
2955 3647 3010 3693 et
3042 3652 3167 3692 vere
3205 3637 3641 3706 pcenitentibus.
3690 3638 3829 3693 Harii.

2257 3727 2430 3784 Mater
2454 3728 2692 3794 Domini,
2731 3743 2827 3785 ora
2863 3743 2961 3799 pro
3010 3728 3166 3783 nobis
3217 3729 3459 3793 miseris,
3503 3738 3608 3783 tuo
3670 3730 3829 3789 ﬁlimé

2260 3820 2500 3888 domina,
2531 3821 2852 3878 commenda
2905 3829 3090 3875 nostra
3130 3820 3369 3876 ﬂamina.
3421 3818 3698 3890 Namque
3744 3832 3825 3875 mar

2259 3920 2383 3967 sunt
2418 3913 2608 3966 tradita
2640 3913 2836 3967 misera
2876 3920 3064 3968 nostra
3109 3902 3359 3982 corpora,
3394 3918 3524 3966 tuus
3558 3912 3727 3967 ﬁlius
3750 3910 3829 3980 an:—

2260 4020 2376 4060 mas
2401 4005 2454 4059 in
2470 4005 2731 4079 .requiem
2758 4005 3038 4074 suscipiat.

2328 4093 2462 4149 Cum
2513 4094 2676 4166 igitur
2724 4096 2992 4165 desperati
3043 4096 3122 4152 sic
3176 4095 3516 4161 clamarent,
3566 4096 3826 4166 quemda-

2258 4184 2658 4254 pontilicalibus
2681 4185 2921 4240 vestibus
2948 4194 3197 4239 ornatum
3212 4185 3367 4253 juxta
3396 4183 3584 4238 navim
3614 4186 3825 4239 assistat

2259 4277 2467 4341 vident,
2498 4277 2588 4345 qui
2620 4274 2861 4330 Elsinum
2903 4275 3155 4331 abbatem
3188 4274 3408 4345 proprio
3440 4276 3685 4331 nomine
3724 4288 3825 4329 coxa

2261 4366 2486 4435 pellens,
2519 4368 2622 4421 hoc
2648 4368 2698 4422 ei
2738 4366 2945 4433 retulit,
2984 4367 3270 4436 inquiens:
3298 4366 3342 4422 Ο
3367 4375 3447 4431 tu,
3480 4365 3632 4420 abba
3670 4367 3822 4421 me.

2263 4457 2382 4530 veni
2424 4471 2655 4528 surgens
2693 4466 2747 4511 et
2794 4472 3003 4511 mecum
3040 4456 3281 4526 loquere.
3324 4455 3459 4509 Dum
3512 4464 3733 4519 autem,
3768 4452 3825 4503 ad-

2262 4547 2585 4603 mirantibus
2650 4548 2903 4603 omnibus
2949 4564 3197 4617 quaenam
3252 4555 3400 4602 esset
3449 4561 3699 4615 persona
3734 4546 3823 4601 illa.

2263 4638 2432 4694 abbas
2461 4639 2674 4694 Elsinus
2712 4639 3063 4704 surrexisset,
3097 4637 3323 4708 praefata
3364 4652 3629 4707 persona,
3666 4648 3727 4690 ut
3753 4648 3825 4687 ere

2265 4729 2463 4797 dimus,
2494 4730 2733 4801 angelica
2765 4732 2879 4786 haec
2903 4732 2952 4786 ei
2994 4731 3145 4785 inﬁt:
3188 4730 3245 4786 Si
3283 4729 3362 4784 vis
3400 4744 3573 4783 sanus
3600 4729 3822 4799 eﬂugcre

2265 4822 2311 4876 si
2341 4824 2423 4877 vis
2447 4833 2678 4879 mortem
2707 4822 2957 4890 evadere,
3006 4824 3051 4880 si
3086 4824 3167 4878 vis
3206 4822 3437 4892 patriam
3458 4837 3699 4879 cernere
3727 4833 3824 4875 tuor

2265 4932 2370 4988 que
2392 4918 2534 4973 lares
2562 4918 2757 4985 visere,
2785 4919 3042 4990 promitte
3093 4917 3405 4974 ﬁdelissime
3455 4916 3619 4972 Matri
3662 4912 3821 4973 Ciuis-ti

2261 5009 2521 5079 piissimae
2570 5020 2622 5065 te
2668 5009 2938 5065 facturum
2997 5024 3097 5079 per
3150 5010 3422 5065 celebrem
3484 5006 3824 5081 conceptionis

2263 5104 2434 5171 ipsius
2464 5102 2658 5159 festum
2700 5104 2861 5167 diem,
2895 5106 2947 5160 in
2978 5120 3083 5173 qua
3116 5103 3226 5171 ipsa
3258 5099 3425 5173 Virgo
3454 5100 3821 5173 incomparabi-

2264 5192 2330 5247 lis
2354 5192 2445 5248 Dei
2481 5193 2657 5267 futura
2688 5192 2960 5260 Genitrix,
2989 5193 3039 5247 in
3068 5192 3190 5247 alvo
3218 5190 3412 5245 matris
3439 5200 3709 5262 concepta
3741 5190 3821 5242 t'un.

2263 5285 2535 5341 etdoceto
2559 5301 2910 5356 quoscunque
2938 5284 3202 5355 potueris,
3234 5292 3293 5337 ut
3308 5282 3688 5353 percelebrem
3722 5286 3819 5336 diem

1874 5420 2114 5477 VARIE
2140 5420 2551 5478 LECTIONES.

632 5532 705 5565 m
729 5533 994 5614 [neodem
1022 5559 1119 5597 ms.
1148 5542 1327 5598 eodem
1357 5543 1659 5597 charactere
1688 5540 1886 5610 scripta
1912 5539 2158 5611 leguntur
2194 5544 2348 5613 plura
2389 5543 2496 5598 alia
2533 5543 2790 5598 miracula
2841 5542 2905 5598 Β.
2939 5542 3130 5599 Maria:
3167 5543 3406 5613 precibus
3454 5545 3620 5604 edita.
3669 5558 3775 5614 qui:

564 5618 669 5685 non
708 5608 925 5677 majoris
961 5624 1080 5666 sum
1114 5614 1260 5683 ﬁdei,
1289 5615 1425 5668 inter
1451 5615 1562 5668 Iure
1598 5628 1760 5685 unam
1786 5608 1865 5685 est
1904 5608 1977 5685 ac
2016 5608 2281 5674 abbatissa
2321 5615 2739 5685 sanctimonialis
2771 5630 2889 5683 qua:
2935 5631 3054 5668 cum
3084 5608 3396 5685 virginitatis
3436 5627 3483 5669 el
3523 5608 3772 5670 ustilatis

560 5674 803 5757 triplaer
859 5674 1181 5752 propositum
1233 5674 1281 5741 et
1327 5700 1606 5755 pregnans
1656 5682 1751 5736 B.-
1778 5680 1967 5736 Marica
2026 5700 2150 5739 sua:
2187 5702 2363 5757 preces
2392 5684 2653 5754 funderet,
2690 5686 2753 5740 ob
2783 5674 2852 5741 'ea
2891 5674 3344 5741 obstetricavntibus
3391 5691 3543 5742 rebus
3583 5686 3768 5755 angelis

551 5740 781 5804 liberata
802 5740 895 5808 es}.
