3898 6318
591 232 695 287 527

1622 230 1714 284 ΑΙ)
1740 225 1970 286 OPERA
2008 224 2069 283 S.
2090 224 2392 282 ANSELMI
2419 225 2786 284 APPENDIX.
3701 237 3730 288 l:

591 346 946 402 habitandum
1004 345 1309 411 concessit,
1364 354 1623 414 quantum
1685 362 1825 401 unus
1889 345 2182 416 equitando
2211 350 2257 406 Α
2286 343 2608 399 decessisset
2655 345 2724 399 ab
2771 346 2870 414 eis,
2914 343 2981 399 ad
3023 356 3145 399 eum
3176 343 3392 400 iterum
3427 343 3734 414 inquirendum

587 450 772 510 posset
818 455 1035 494 currere
1082 455 1175 508 per
1220 439 1393 504 diem;
1430 439 1791 508 praecepitque
1838 438 2174 493 venerationi

591 531 887 592 habendos,
915 541 967 584 et
989 529 1223 582 maxime
1246 528 1530 600 Fiugarem
1555 531 1767 585 censuit
1794 529 2173 584 excelendum.

589 621 797 675 Domini
825 621 987 691 igitur
1014 619 1244 690 gratiam
1284 619 1337 672 in
1366 617 1620 673 omnibus
1647 619 1918 673 consecuti
1944 618 2165 688 diligun-

589 722 674 767 tur
696 713 763 766 ab
789 713 1060 777 omnibus,
1091 711 1159 764 ab
1189 709 1442 765 omnibus
1473 711 1828 773 honorantur,
1863 719 1913 763 et
1939 726 2060 762 cum
2095 709 2175 763 itt-

585 805 792 875 digcnis
817 804 885 858 de
911 813 1107 858 caetero
1137 803 1258 857 novi
1289 803 1531 873 hospites
1561 801 1900 856 familiariter
1928 801 2175 856 habitare

584 903 887 965 coeperunt.

1203 986 1429 1042 CAPUT
1467 986 1552 1041 111.

849 1078 1071 1134 Occasio
1101 1097 1327 1135 secessus
1362 1079 1607 1150 1"ingaris
1642 1097 1672 1133 α
1701 1080 1913 1134 διτευιο.

658 1172 764 1227 Scd
782 1188 902 1226 cum
917 1170 1028 1241 jam
1060 1173 1392 1242 providentia
1421 1171 1614 1226 summi
1644 1166 1744 1225 Dei
1765 1174 1992 1226 tironem
2016 1187 2172 1227 suum

584 1263 873 1336 Fingarem
917 1265 1028 1318 suis
1054 1265 1255 1319 arctius
1289 1264 1444 1318 vellet
1467 1262 1735 1334 applicare
1758 1263 2050 1333 obsequiis,
2081 1265 2174 1319 tali

585 1373 709 1412 eum
739 1349 858 1410 arte
891 1357 1163 1412 discrevit.
1193 1359 1289 1412 Die
1319 1357 1550 1428 quadam
1588 1372 1708 1411 cum
1757 1357 1870 1411 suis
1910 1358 2175 1413 consorti-

585 1452 685 1505 bus
715 1452 781 1504 ad
820 1453 1120 1504 venandum
1161 1467 1434 1522 egressus,
1476 1461 1746 1520 repertum
1788 1465 1952 1505 canes
1991 1465 2172 1520 cmpe-

588 1556 716 1600 runt
744 1561 909 1616 agere
938 1561 1172 1607 cervum,
1203 1545 1293 1614 qui
1323 1561 1443 1599 cum
1494 1544 1720 1599 canibus
1760 1543 2068 1613 importune
2094 1543 2176 1596 in-

585 1637 909 1693 festantibus
939 1653 1000 1692 ea
1048 1653 1149 1706 qua
1181 1637 1307 1691 illud
1345 1637 1544 1690 animal
1574 1636 1711 1691 solet
1741 1637 1857 1692 fieri
1892 1637 2176 1694 velocitate

582 1731 885 1803 aufugeret,
916 1732 1060 1787 solus
1089 1731 1290 1802 Fingar
1319 1745 1440 1786 cum
1481 1731 1723 1796 canibus,
1758 1731 1956 1786 relictis
1983 1733 2166 1796 sociis,
2207 1709 2248 1763 Β
2275 1719 2474 1771 ἀοιοιη·
2508 1717 2810 1788 Ingreditur
2849 1723 3012 1792 igitur
3049 1724 3254 1782 θΙθεῑυε
3301 1727 3534 1782 Domini
3567 1709 3762 1803 “083’

581 1834 900 1893 prosccutus
929 1831 1011 1876 est
1042 1820 1356 1892 fugientem.
1409 1820 1546 1886 Quid
1575 1821 1760 1891 plura?
1791 1837 2006 1877 cervum
2042 1823 2171 1877 reti-

585 1917 721 1983 nuit,
747 1915 972 1981 occidit;
1016 1924 1070 1970 et
1107 1916 1350 1971 detracta
1389 1915 1524 1985 pelle
1570 1915 1843 1970 frustatim
1892 1915 1961 1947 ³⁸⁸
1990 1916 2173 1971 conci-

579 2008 715 2062 dens
740 2022 837 2076 per
879 2016 1030 2061 artus
1075 2022 1214 2076 equo
1264 2007 1540 2076 imposuit,
1571 2008 1725 2076 quasi
1759 2022 2073 2062 reversurus
2104 2009 2171 2063 ad

580 2100 783 2167 socios,
811 2099 900 2168 qui
939 2114 1064 2152 eum
1106 2098 1303 2154 nebula
1330 2099 1632 2154 obducente
1672 2099 2033 2169 perdiderant.
2066 2100 2172 2154 Sed

581 2205 704 2243 cum
734 2204 1037 2258 respersam
1079 2189 1343 2258 sanguine
1391 2197 1594 2242 vestem
1626 2205 1691 2244 ac
1725 2200 2036 2244 cruentatas
2061 2204 2174 2243 ma-

583 2295 688 2334 nus
716 2281 880 2336 vellet
907 2281 1148 2347 abluere,
1187 2281 1294 2334 huc
1330 2279 1560 2350 illucque
1593 2282 2030 2352 circumspiciens
2068 2297 2173 2335 non

582 2369 895 2440 inveniebat
933 2387 1150 2442 aquam,
1174 2380 1231 2425 et
1257 2371 1426 2426 labari
1467 2372 1686 2442 cuspide
1718 2374 1770 2427 in
1805 2383 1946 2428 terra
1975 2371 2172 2438 deﬁxa,

507 2484 510 2488 ί
585 2465 864 2536 improvisi
915 2464 1081 2518 fontis
1122 2465 1430 2536 gratissima
1481 2462 1708 2537 manans
1753 2481 1889 2521 vena
1930 2465 2171 2520 defluxit.

584 2558 790 2614 Laticis
817 2560 938 2615 novi
969 2560 1163 2613 mirattt
1205 2558 1430 2624 ﬂuenta,
1463 2567 1518 2612 et
1565 2558 1706 2613 illius
1749 2559 1930 2613 virtuti
1972 2559 2173 2614 factum

591 2649 902 2720 deputavit,
947 2651 1036 2719 qui
1085 2649 1368 2720 antiquum
1412 2648 1669 2720 populum
1715 2649 1864 2704 silice
1918 2664 2174 2720 percusso

463 2725 470 2732 ’
563 2743 808 2814 .p0tavit.
847 2745 1222 2814 Comparetur,
1266 2745 1310 2798 si
1363 2743 1560 2813 placet,
1605 2742 1806 2798 factum
1855 2745 2076 2814 antiquo
2105 2745 2174 2775 "°

581 2837 638 2892 S.
668 2837 969 2907 Clementis
997 2836 1290 2902 miraculo,
1338 2837 1442 2891 nisi
1486 2836 1632 2907 quod
1663 2837 1750 2891 ille
1777 2836 1845 2867 ’³⁸
1873 2837 2006 2905 pede
2051 2835 2174 2904 agni

580 2930 748 2984 fontis
775 2932 1030 3000 cognovit
1061 2930 1399 2994 thesaurum,
1432 2929 1533 2983 iste
1555 2928 1804 2983 acumine
1833 2927 1923 2982 teli
1951 2927 2176 2982 bullien-

583 3033 689 3077 tem
736 3039 928 3077 venam
985 3021 1210 3075 invenit.
1265 3021 1505 3090 Denique
1547 3037 1668 3076 cum
1715 3021 1976 3076 lavandos
2010 3034 2069 3075 se
2107 3020 2173 3073 ad

581 3111 786 3168 fontem
819 3113 1153 3180 disponeret,
1193 3111 1461 3166 inclinans
1490 3128 1548 3167 se
1591 3113 1644 3166 in
1677 3127 1894 3182 aquam,
1935 3127 2030 3181 per
2063 3127 2176 3166 um-

581 3203 733 3258 bram
765 3203 986 3260 formosi
1029 3202 1208 3257 vultus
1250 3204 1332 3259 sui
1371 3203 1832 3274 pulchritudinem
1864 3204 2174 3268 attendens,

581 3308 704 3352 erat
727 3300 872 3353 enim
905 3303 1183 3373 speciosus
1210 3299 1366 3354 valde
1394 3306 1449 3352 et
1478 3297 1709 3351 decorus
1740 3303 1982 3364 aspectu,
2011 3293 2176 3362 coepit

582 3385 803 3444 laudare
827 3389 993 3446 Deum
1017 3402 1070 3446 et
1090 3391 1430 3453 benedicere,
1457 3387 1547 3456 qui
1575 3393 1778 3438 tantam
1803 3383 1852 3437 ci
1875 3382 2178 3437 contulerat

581 3483 837 3551 gratiam.
866 3484 932 3537 Et
961 3500 1026 3539 ex
1057 3485 1142 3538 illa
1171 3484 1302 3539 hora
1347 3497 1404 3538 se
1430 3481 1478 3536 ei
1506 3481 1834 3535 serviturum
1863 3485 1973 3532 tota
2010 3477 2176 3532 devo-

551 3635 554 3638 ,
584 3573 731 3627 tione
766 3576 1056 3643 spondens,
1087 3575 1266 3633 soluto
1293 3575 1359 3628 de
1395 3573 1572 3642 capite
1600 3571 1724 3640 equi
1747 3569 1922 3635 freno,
1950 3569 2175 3623 liberum

581 3679 691 3734 quo
732 3665 892 3720 vellet
929 3666 1010 3721 ire
1051 3667 1329 3736 permisit;
1377 3667 1493 3736 ipse
1542 3679 1672 3720 vero
1716 3664 1856 3718 inter
1893 3676 2026 3718 saxa
2076 3661 2179 3715 sub

581 3756 815 3827 quodam
846 3773 1007 3829 specu
1055 3760 1296 3825 latitans,
1329 3773 1628 3828 qttercuum
1667 3758 1863 3828 glande
1898 3756 2177 3826 aliquanto

583 3860 824 3920 tempore
848 3852 1004 3906 vixit.
1035 3852 1180 3908 Socii
1221 3861 1400 3908 autem
1424 3851 1542 3922 ejus
1569 3865 1668 3920 per
1695 3849 1811 3906 loca
1849 3847 2026 3904 diffusi
2067 3856 2176 3902 tota

581 3941 885 3996 intentione
915 3945 1239 4012 qumrebant
1268 3957 1414 4009 eum,
1443 3950 1501 3997 et
1527 3956 1652 3996 cum
1685 3955 1788 3995 non
1820 3939 2176 4003 invenissent,

581 4035 726 4086 anxii
752 4034 906 4087 valde
949 4043 1002 4088 et
1047 4035 1290 4090 dolentes
1334 4034 1536 4090 reversi
1560 4042 1687 4088 sunt
1711 4032 1780 4087 ad
1811 4029 2175 4086 habitaculum

584 4140 762 4177 suum.
798 4125 1056 4180 Dominus
1081 4137 1258 4183 autem
1291 4126 1582 4183 Britannia:
1612 4139 1734 4182 cum
1763 4123 2002 4179 audisset
2026 4121 2174 4176 illum

585 4216 796 4278 deesse,
823 4218 1065 4270 evocatis
1090 4219 1155 4272 ad
1191 4233 1252 4272 se
1284 4219 1446 4272 sociis
1489 4219 1628 4286 ejus,
1654 4215 1962 4284 requirebat
1997 4214 2064 4268 ab
2096 4213 2177 4267 eis

587 4303 656 4334 ²⁹²
677 4319 784 4372 quo
805 4305 1136 4368 devenisset,
1161 4306 1245 4360 vel
1277 4307 1401 4374 quid
1442 4307 1507 4359 de
1543 4321 1611 4360 eo
1648 4305 1845 4359 factum
1876 4304 2084 4370 fuisset,
2121 4309 2178 4356 et

2279 433 2540 496 offerunt,
2571 435 2687 491 loca
2721 452 2778 490 se
2807 445 3204 492 monstraturos
3245 435 3347 490 ubi
3384 436 3581 490 socium
3606 443 3730 506 pere;

2279 537 2414 591 sent,
2449 530 2492 583 si
2530 531 2692 594 viros,
2727 532 2818 600 qui
2862 549 2983 586 eum
3026 533 3280 604 sagacius
3336 532 3545 586 scirent
3583 533 3724 601 inqui.»-

2278 621 2591 676 destinaret.
2639 623 2775 676 Itum
2817 635 2921 684 est,
2963 635 3018 678 et
3060 625 3228 678 multo
3275 624 3477 678 labore
3527 625 3728 677 inventas:

2279 712 2621 781 prwsentiam
2651 714 2804 768 ducis
2831 713 2962 769 cutn‘
2982 716 3185 770 honore
3216 715 3527 769 adducitur
3553 715 3636 778 m;
3657 729 3720 768 at:

2277 803 2410 871 dux,
2442 807 2508 860 de
2532 805 2648 874 ejus
2677 807 2987 862 inventione
3013 808 3190 874 laetus,
3231 807 3373 862 facti
3402 808 3620 876 benigne
3644 825 3714 862 eis;

2279 893 2605 964 inquireret,
2639 897 2914 965 respondit
2941 911 3000 950 se
3026 898 3243 952 omnino
3279 896 3499 951 divinis
3528 897 3712 964 "lalldiu.

2277 985 2574 1056 obsequiis,
2606 1003 2705 1042 nec
2745 990 2851 1042 ulla
2880 1005 3116 1058 unquam
3145 989 3372 1043 ratione
3410 988 3484 1043 ad
3511 989 3660 1042 smeuli
3688 991 3732 1040 «ἐξ

2277 1093 2405 1149 ceps
2428 1094 2587 1148 posse
2627 1080 2804 1134 redire
2837 1079 3044 1146 officia;
3073 1081 3118 1136 si
3153 1092 3341 1137 tamen
3388 1081 3445 1136 ei
3488 1080 3640 1134 locum
3669 1082 3724 1143 lli

2277 1180 2589 1226 constructo
2614 1173 2854 1228 oratorio
2893 1174 3003 1228 Deo
3031 1175 3264 1243 quietius
3297 1181 3499 1243 posset
3528 1175 3697 1234 servire.
3715 1193 3734 1226 .-

2277 1274 2374 1313 sua
2404 1260 2559 1315 vellet
2588 1261 2922 1332 benignitate
2945 1266 3266 1329 concedere,
3295 1265 3547 1319 libenter
3569 1265 3742 1332 suscites.

2279 1349 2396 1404 Dux
2427 1366 2554 1405 vero
2577 1353 2842 1422 benignus
2863 1355 2980 1424 ejus
3007 1355 3266 1410 voluntati
3294 1356 3500 1412 favere
3525 1363 3736 1412 censente;

2280 1440 2454 1495 locum
2484 1443 2799 1512 assignavit,
2831 1457 2885 1501 et
2921 1456 3088 1502 totam
3121 1449 3356 1518 insuper
3387 1459 3607 1514 terram,
3627 1455 3754 1518 quia"

2279 1543 2332 1587 et
2397 1535 2557 1590 sociis
2599 1537 2714 1606 ejus
2768 1540 2916 1608 prius
2965 1540 3032 1594 ad
3088 1540 3465 1596 habitandum
3525 1557 3754 1608 concessu;

2281 1624 2508 1680 liberam
2555 1629 2622 1683 ab
2669 1631 2816 1684 omni
2869 1633 3069 1688 tributo
3119 1644 3458 1704 perpetuam
3514 1624 3760 1704 delegavit

2275 1820 2399 1860 cum
2440 1807 2592 1862 ducis
2633 1809 2920 1864 clementia
2949 1813 3358 1884 consignatum,
3392 1816 3604 1885 praediis
3633 1830 3677 1866 ac
3701 1829 3738 1880 v.-

2274 1899 2607 1956 sessionibus
2653 1902 2894 1958 dotatum
2933 1906 3271 1977 amplissime
3305 1918 3487 1979 atque
3525 1909 3734 1967 ditatum;

2277 2002 2458 2047 mente
2495 2002 2604 2049 tota
2632 2011 2696 2050 ac
2733 1996 3020 2054 devotione
3050 1999 3104 2054 in
3133 2000 3386 2057 caelestis
3431 2002 3553 2056 solii
3587 2002 3736 2055 habita-

2277 2099 2399 2138 nem
2442 2085 2683 2140 intentus
2722 2089 3090 2145 habitaculum
3139 2093 3622 2156 sanctificationis,
3649 2094 3738 2155 ins-'5

2277 2171 2420 2229 Deus
2474 2182 2734 2245 perpetuo
2790 2179 3125 2248 laudaretur,
3184 2183 3454 2239 instituit.
3519 2183 3737 2250 Accingar

2277 2262 2533 2336 deinceps
2563 2281 2754 2323 servus
2783 2269 2877 2324 Dei
2911 2271 3104 2328 fortius
3146 2273 3211 2326 ad
3258 2290 3434 2343 opera
3484 2274 3739 2333 fortiorem

2276 2370 2399 2409 nem
2447 2358 2648 2421 domat,
2695 2359 2911 2415 roborat
2971 2365 3243 2434 Spiritum,
3283 2375 3342 2421 et
3387 2364 3736 2436 prosequendu-

2277 2447 2476 2518 ipsum,
2504 2451 2740 2521 seipsum
2763 2453 3077 2523 perficiebat
3107 2457 3159 2511 in
3194 2460 3456 2514 Domino.

2893 2565 3121 2623 CAPUT
3157 2570 3246 2625 IV.

2317 2648 2604 2721 Regressus
2636 2651 2887 2724 Fingaris
2915 2659 2971 2711 in
2995 2658 3250 2728 patriam,
3289 2670 3339 2714 et
3383 2660 3531 2730 regni
3557 2656 3726 2711 rem-vis

2350 2745 2481 2800 Post
2518 2755 2732 2816 tempus
2775 2748 2992 2818 aliquod
3038 2752 3106 2806 ad
3135 2752 3316 2808 locum
3353 2751 3636 2808 nativitatis
3653 2750 3734 2798 ida.

2278 2837 2425 2892 nitus
2469 2838 2686 2894 hortatu
2746 2842 2990 2912 angelico
3047 2845 3228 2900 redire
3281 2844 3530 2913 jubetur.
3575 2842 3736 2908 Quom

2279 2928 2494 2985 Domini
2547 2932 2601 2986 in
2646 2935 2904 2991 omnibus
2956 2937 3211 3006 prasidio
3255 2937 3434 2993 fultus
3473 2927 3734 2992 rediisse};

2279 3021 2528 3079 berniam
2571 3026 2778 3083 Christi
2833 3028 3043 3098 legibus
3091 3029 3393 3098 subditam,
3448 3031 3502 3085 in
3531 3022 3736 3082 confessis!

2279 3114 2575 3170 Christiani
2607 3118 2867 3178 _nominis
2912 3119 3254 3190 gloriantem,
3311 3131 3371 3177 et
3436 3128 3590 3174 totam
3631 3113 3734 3165 Ιπειη

2279 3213 2474 3258 sancto
2523 3206 2797 3274 perfusam
2848 3208 3076 3263 invenit.
3109 3209 3365 3265 Gaudent
3404 3210 3546 3265 servi
3585 3219 3630 3260 se
3660 3197 3737 3252 έῡεέ

2279 3309 2408 3348 num
2438 3297 2736 3364 accepisse,
2774 3298 3067 3355 Christiani
3099 3300 3309 3367 fideles,
3342 3313 3627 3359 consortem
3649 3300 3734 3362 l’3W

2279 3401 2438 3452 num;
2484 3397 2682 3458 rogant
2731 3405 2877 3455 eum,
2917 3390 3132 3448 Clitone
3169 3405 3327 3461 patre
3368 3397 3623 3455 defuncto,

2279 3489 2409 3545 pere
2451 3491 2702 3546 regnum,
2750 3480 3032 3548 cupientes
3077 3482 3422 3541 defensorem
3468 3484 3606 3538 talem
3638 3476 3761 3531 lui“

2280 3563 2438 3632 cujus
2497 3566 2834 3634 providentia
2889 3571 3282 3640 gubernaretur
3337 3588 3560 3645 regnum
3604 3571 3765 3635 01W]

2279 3655 2456 3710 adhuc
2480 3656 2862 3714 Cbristianitas
2890 3669 3152 3716 tueretur.
3178 3661 3322 3730 Tibi,
3349 3665 3600 3734 inquiunt,
3616 3661 3733 3716 emi"

2279 3748 2422 3815 quod
2462 3745 2587 3801 ﬁdei
2624 3749 2947 3805 Christianae
2977 3761 3027 3807 te
3057 3754 3306 3822 cupimus
3345 3757 3542 3810 habere
3569 3751 3734 3804 fautores.

2279 3851 2346 3891 ex
2385 3852 2584 3906 genere
2615 3840 2793 3909 regius
2815 3841 2887 3872 ³⁸⁵
2913 3842 3092 3900 bonor
3119 3843 3370 3911 debetur,
3396 3846 3464 3900 ad
3495 3853 3541 3897 te
3569 3833 3732 3894 haud!“

2280 3932 2563 4001 pertinet,
2624 3934 2718 3990 tibi
2782 3935 3133 3993 haereditario
3185 3938 3312 4008 jure
3363 3939 3510 3994 cedit

2288 4020 2428 4076 Tum
2462 4023 2579 4092 ipse
2611 4040 2624 4075 :
2657 4022 2895 4092 Parcite,
2937 4026 3134 4096 inquit,
3159 4029 3491 4093 cbarissimi;
3515 4015 3733 4104 setuelddl'

2281 4126 2438 4172 catus
2475 4133 2594 4173 sum
2634 4117 2886 4186 Christo,
2919 4120 2995 4176 illi
3026 4122 3124 4177 soli
3157 4139 3244 4177 me
3273 4124 3589 4177 serviturum
3617 4112 3732 4166 dm“

2281 4209 2346 4262 ad
2377 4208 2553 4263 ollicia
2591 4209 2770 4263 sweuli
2804 4211 3060 4283 deinceps
3109 4214 3306 4269 reverti
3337 4231 3444 4270 non
3465 4202 3732 4282 possum”

2281 4301 2426 4356 "iam
2455 4318 2603 4356 nemo
2631 4311 2839 4364 mittens
2865 4325 3079 4364 manum
3121 4308 3192 4362 ad
3218 4319 3479 4371 aratrum,
3503 4314 3546 4358 et
3573 4289 3731 4378 respici“?

584 4394 835 4465 alligatos
873 4395 926 4448 iit
960 4396 1205 4450 custodia
1249 4397 1486 4457 tradens,
1517 4394 1948 4448 comminabatur
1987 4391 2178 4460 jurans
2210 4414 2256 4474 η
2284 4405 2446 4461 retro,
2486 4407 2640 4468 aptus
2675 4410 2750 4454 est
2777 4417 2938 4471 regno
2964 4400 3059 4454 Dei
3085 4401 3102 4467 (
3121 4398 3253 4454 Luc.
3286 4416 3366 4465 ιι,
3398 4401 3467 4454 62
3482 4397 3517 4467 ).
3551 4388 3733 4474 Nam?

583 4501 644 4544 se
668 4489 974 4548 occisurum
1013 4504 1225 4558 omnes,
1271 4480 1385 4544 nisi
1419 4487 1468 4542 ei
1509 4487 1791 4542 Veritatem
1831 4486 2169 4540 indicarent:

582 4581 860 4634 arbitrans
895 4579 964 4634 ab
1010 4578 1090 4640 eis
1128 4579 1180 4632 iit
1209 4578 1557 4640 contentione
1600 4576 1684 4630 vel
1731 4575 1902 4646 litigio
1942 4576 2173 4630 interru-

582 4682 753 4743 ptum.
817 4671 922 4727 Sed
967 4687 1066 4727 cur
1124 4670 1396 4725 hominem
1453 4667 1819 4731 occidissent,
1872 4680 1972 4736 pro
2022 4664 2174 4734 cujus

583 4780 769 4820 amore
819 4765 1002 4820 natale
1028 4763 1200 4818 solum
1255 4762 1612 4832 reliquerant,
1661 4759 1978 4829 laboresque
2013 4759 2175 4814 susti-

584 4868 814 4911 nuerant
847 4857 1108 4924 infinitos,
1127 4867 1285 4911 terrm
1313 4855 1622 4925 margisqtte
1640 4851 1950 4908 disnrimina
1980 4851 2170 4906 tolera-

586 4956 777 5000 verant
837 4947 1041 5000 multa?
1075 4947 1314 5016 Denique
1363 4945 1604 5010 tristitia,
1653 4959 1761 5015 qua
1806 4943 2173 4999 adiciebantur

585 5051 684 5106 pro
701 5053 786 5100 eo.
813 5054 918 5093 non
947 5041 1262 5103 homicidas,
1288 5040 1383 5094 sed
1407 5054 1562 5094 veros
1587 5039 1924 5094 monstrabat
1945 5037 2168 5102 amicos,

573 5143 638 5186 et
682 5131 816 5186 tales
858 5133 1054 5201 quibus
1099 5134 1245 5189 credi
1287 5150 1393 5188 ttott
1432 5135 1496 5189 de
1539 5133 1682 5199 odio,
1715 5131 1810 5187 sed
1839 5134 1906 5186 de
1933 5131 2170 5186 amicitia

585 5222 882 5282 debuisset.
909 5225 1165 5295 Exposito
1201 5237 1380 5284 tamen
1416 5226 1653 5296 qualiter
1680 5226 1988 5282 inventione
2025 5223 2172 5279 cervi

2283 4485 2446 4541 litans
2485 4487 2624 4554 Deo,
2657 4468 2890 4560 implicat
2921 4507 2977 4545 se
3013 4492 3230 4560 negotiis
3268 4489 3607 4546 stecularibut,
3631 4468 3731 4536 l"P15"

2281 4587 2394 4630 cent
2431 4578 2478 4632 ei
2516 4581 2600 4633 cui
2625 4596 2682 4634 se
2706 4581 2903 4636 devovit
2935 4581 3037 4652 (II
3078 4581 3215 4636 Tim.
3245 4599 3322 4645 tt,
3370 4583 3470 4653 4).
3518 4567 3726 4654 Ειιύωἷο

2281 4680 2471 4737 gantes
2513 4673 2601 4742 pia
2642 4673 3053 4744 importunitate
3082 4675 3390 4731 instarent:
3422 4677 3476 4730 In
3499 4657 3731 4749 vanilmy’fL

2281 4760 2504 4829 fratres,
2544 4765 2709 4821 tantis
2752 4767 3010 4836 precibus
3046 4767 3343 4834 laboratis;
3383 4784 3481 4837 ego
3504 4746 3732 4837 enim

2281 4868 2404 4910 cum
2463 4856 2665 4912 diutius
2706 4858 2959 4913 detineri'
2989 4873 3096 4914 non
3145 4875 3389 4928 possum.
3447 4856 3539 4913 Sed
3579 4849 3612 4903 si
3650 4835 3730 4889 vult!

2283 4963 2445 5018 agere
2497 4951 2791 5005 secundum
2847 4965 3028 5006 meum
3077 4953 3395 5017 consilium,
3453 4947 3606 5018 eligilc
3640 4933 3731 5026 “luga

2282 5041 2608 5096 industrium
2641 5058 2707 5098 ac
2749 5043 2985 5109 fidelem,
3025 5060 3190 5099 unum
3215 5057 3288 5100 ex
3330 5044 3575 5101 nobilibus
3611 5029 3728 5101 patrm

2282 5132 2437 5200 cujus
2465 5134 2806 5202 providentia
2837 5137 3150 5193 moderetur
3178 5153 3422 5208 regnum,
3454 5144 3504 5190 et
3527 5116 3730 5208 Christian?

2282 5224 2407 5281 fidei
2438 5233 2652 5280 tueatur
2678 5225 2896 5297 religio;
2920 5236 2974 5282 et
2996 5226 3076 5284 illi
3098 5202 3409 5298 germanam
3433 5233 3581 5282 meam
3597 5202 3725 5266 Pialam.

1872 5360 2108 5416 VARIIE
2126 5360 2129 5361 ⁷
2150 5360 2565 5418 LECTIONES.

696 5449 766 5482 ’⁸⁸
797 5449 1126 5508 Frustratim
1167 5470 1247 5508 ms
1287 5452 1557 5509 frustatim

1668 5455 1736 5489 ²⁹⁰
1790 5453 1926 5509 Cum
1969 5454 2193 5523 antiquo
2236 5444 2312 5507 ms
2370 5452 2517 5506 omit.
2540 5465 2663 5523 cum

2773 5451 2842 5524 ut
2887 5449 3022 5507 Nam
3055 5453 3266 5524 quiille
3307 5471 3385 5508 ms
3430 5448 3520 5506 nisi
3563 5418 3722 5524 ςξὶθέὲἶῗ

683 5500 1126 5595 Mamaea;
1146 5500 1246 5581 ,δι’
1278 5500 1588 5595 manus.
1633 5528 1702 5581 ³ι,
1744 5500 2190 5582 εεξνῖειῖῑςιῖδῑςν
2222 5500 2517 5580 suauius;
2543 5500 2814 5577 mna.
2840 5500 3519 5580 ειῑέιῖῖιάςιῖτε·ξισδλῖρεῑίιῖ
3573 5500 3723 5560 vim»

580 5611 661 5649 ms
694 5591 893 5664 Regius
