3898 6318
1100 274 1139 294 VS

791 350 1059 411 SPURIA.
1084 292 1419 399 :PASSIO
1449 338 1547 394 SS.
1580 329 1928 400 GUIGNERI,
1959 330 2298 397 FINGARIS,
2343 324 2492 385 ETC.

2320 439 2549 499 CAPUT
2593 438 2675 496 VI.

2125 536 2390 607 Appulsus
2430 536 2483 587 in
2516 531 2859 607 Cornubiam.

1778 628 1926 686 Socii
1975 644 2103 683 vero
2128 628 2269 683 datis
2300 627 2432 681 velis
2466 639 2749 696 aequoreos
2797 620 2990 677 fluctus
3018 631 3289 685 secantes.

1709 738 1971 794 prospero
1999 738 2159 777 cursu
2208 718 2518 791 applicuere
2564 715 2914 781 Cornubiam,
2957 715 3024 768 ad
3075 723 3290 783 portum

1710 815 1802 881 qui
1836 824 2060 870 vocatur
2112 810 2269 875 lleul,
2322 810 2409 864 ubi
2437 806 2551 878 jam
2603 818 2944 878 praevenerat
2995 820 3087 861 eos
3136 819 3295 861 sacra

1712 906 1865 977 virgo
1902 905 2014 976 llya
2054 903 2295 973 potentia
2330 902 2421 956 Dei
2473 906 2797 957 transvecta,
2825 906 2877 951 et
2908 898 3299 954 descendentes

1713 998 1781 1068 de
1816 996 1938 1052 navi
1968 996 2236 1067 quoddam
2282 992 2651 1049 habitaculum
2695 1008 2803 1047 non
2851 991 3009 1062 longe
3052 1006 3082 1045 a
3119 991 3317 1062 littore

60 368 125 424 '29

57 497 78 535 ιι
107 489 320 532 uxorem
359 470 500 528 simu
545 484 667 526 cum
715 481 878 539 regno
917 463 1134 520 tradite.
1176 459 1379 516 Fuerat
1415 466 1597 513 autem
1626 438 1681 496 Α

58 566 319 623 larissima
360 563 513 631 virgo
565 558 756 622 Piala,
809 552 1129 609 nobilissimi
1178 551 1321 623 regis
1374 549 1603 607 Clitonis

58 663 154 725 :lia,
197 646 351 712 soi-or
395 652 455 709 S.
506 649 789 723 Guigneri,
824 647 936 717 jam
985 645 1202 700 lavacro
1233 638 1303 677 ²⁹⁸
1348 645 1603 714 puriﬁca-

57 751 186 806 ionis
215 754 529 819 regenerata
572 743 625 796 in
663 740 900 796 Christo.
935 737 1122 793 Sancti
1161 737 1327 807 igitur
1358 738 1603 791 instructi

58 844 252 898 Ollslllo
295 839 557 910 virginem
607 851 819 891 sacram
861 833 1211 902 alloquuntur
1265 831 1331 885 de
1386 845 1604 900 sponso.

58 936 240 1003 )uibus
270 933 383 998 illa,
418 940 527 986 tota
561 930 612 984 in
647 942 833 983 amore
860 926 1062 981 Christi
1095 924 1339 992 fundata,
1387 938 1610 995 respon-

58 1032 112 1085 lit
144 1048 154 1083 :
190 1028 427 1098 Sponsus
453 1040 606 1079 meus
635 1022 885 1077 Christus
932 1026 1035 1083 est,
1086 1018 1177 1089 qui
1210 1034 1296 1074 me
1325 1033 1423 1089 per
1454 1033 1611 1073 suam

3180 314 3287 380 :30

57 1123 260 1195 gratiam
294 1116 442 1189 regni
494 1116 577 1172 sui
624 1114 789 1186 elegit
844 1120 1182 1168 consortem.
1264 1109 1401 1165 Huic
1450 1111 1610 1165 [idem

58 1210 255 1267 ποιηὶεἱ
302 1221 465 1279 quam
519 1206 726 1262 violare
782 1220 889 1261 non
923 1203 1120 1268 debeo;
1173 1211 1229 1256 et
1273 1202 1395 1257 ideo
1451 1201 1614 1257 alium

64 1317 313 1371 ponsum,
362 1307 563 1371 praeter
610 1298 828 1367 ipsum,
884 1309 990 1350 non
1043 1307 1261 1364 possum
1314 1292 1611 1363 suscipere.

58 1396 203 1467 legni
234 1393 392 1464 hujus
431 1392 661 1462 gloriam
691 1400 1009 1456 contemno,
1033 1405 1153 1461 quae
1182 1404 1287 1443 non
1314 1388 1475 1442 debet
1508 1388 1616 1444 dici

57 1473 229 1555 ;loria,
259 1488 388 1558 quia
434 1502 538 1541 non
570 1494 748 1555 potest
791 1497 981 1538 carere
1025 1482 1290 1547 miseria;
1331 1490 1385 1534 et
1433 1482 1499 1535 ad
1532 1496 1617 1536 re-

57 1596 221 1647 mum,
252 1578 396 1649 quod
437 1576 703 1646 promittit
731 1574 994 1631 Dominus
1039 1571 1198 1629 Jesns
1226 1572 1497 1637 Christus,
1530 1589 1620 1627 su-

64 1672 199 1741 piro,
233 1671 323 1725 ubi
356 1686 467 1724 non
497 1678 581 1724 est
623 1667 799 1733 dolor,
829 1665 916 1721 vel
941 1664 1157 1720 tristitia
1177 1706 1191 1729 ,
1222 1665 1317 1720 sed
1360 1672 1617 1733 perpetua

58 1762 369 1825 ueunditas,
423 1769 479 1814 et
534 1758 722 1813 laetitia
775 1755 1127 1826 sempiterna.
1170 1754 1411 1809 Cet-nens
1440 1764 1619 1807 autem

1715 1089 2060 1152 invenerunt,
2112 1088 2167 1143 in
2197 1103 2305 1158 quo
2331 1088 2484 1157 virgo
2514 1086 2760 1157 qtuedam
2810 1093 2995 1139 sancta
3047 1085 3305 1140 manebat

1716 1185 1923 1241 inclusa
1948 1226 1962 1247 ,
2007 1194 2061 1241 et
2090 1184 2280 1239 nolens
2332 1191 2555 1239 sanctus
2601 1181 2907 1252 Guignerns
2942 1195 3061 1249 eam
3092 1179 3314 1249 inquie;

1718 1285 1875 1346 tare,
1916 1276 2148 1332 salutata
2202 1275 2538 1347 virgine,'ad
2592 1274 2756 1330 alium
2805 1274 2983 1331 locum
3041 1272 3310 1328 transiere

1718 1368 1996 1439 pransuri,
2032 1367 2119 1420 ubi
2161 1382 2285 1422 cum
2318 1380 2512 1435 aquam
2553 1365 2744 1420 deesse
2780 1372 3033 1419 cerneret
3064 1372 3308 1429 sanctus,

1720 1461 1875 1528 plena
1915 1459 1982 1513 de
2014 1457 2143 1514 Jesu
2173 1457 2390 1514 Christo
2418 1456 2610 1511 fiducia
2651 1469 3011 1526 praesumens,
3062 1453 3319 1531 oratione

1721 1550 1997 1620 prtemissa
2040 1549 2288 1603 baculum
2322 1549 2373 1601 in
2416 1556 2565 1603 terra
2605 1547 2745 1610 fixit,
2793 1554 2845 1601 et
2873 1545 3162 1601 c0nfestim
3192 1546 3313 1601 lim-

1724 1643 2003 1711 pidissima
2054 1658 2191 1711 aqua
2248 1649 2560 1696 sanctorum
2608 1639 2879 1710 prosilivit
2926 1639 2981 1693 in
3027 1638 3310 1693 haustum.

1724 1718 1855 1790 Post
1910 1735 2088 1789 cibum
2146 1750 2272 1788 vero
2326 1732 2737 1802 proficiscentes
2796 1731 2956 1794 inde,
3014 1729 3083 1785 ad
3130 1729 3319 1809 villam

63 1806 369 1825 “ww.--”
428 1806 479 1814 --
535 1806 722 1813 -.ηπ

63 1858 256 1908 auctus
303 1850 532 1922 virginis
566 1848 928 1905 intentionem
982 1845 1039 1898 in
1080 1845 1278 1900 Christi
1332 1845 1619 1901 solidatam

1745 1825 2016 1893 luamdam
2038 1864 2052 1889 ,
2098 1839 2217 1894 quae
2248 1831 2475 1877 vocatur
2503 1821 2830 1877 Conetconia
2856 1861 2872 1886 ,
2923 1806 3314 1891 pervenerunt,

57 1958 250 2009 unore,
295 1943 369 1997 ita
417 1940 649 1995 utnulla
692 1949 878 2009 posset
918 1940 1131 1992 ratione
1181 1939 1245 1989 ad
1294 1952 1621 1992 consensum

58 2034 274 2105 :onjugii
333 2034 507 2098 flecti,
587 2034 709 2086 ait:
760 2032 934 2087 Sinite
978 2048 1118 2092 eam,
1178 2029 1396 2094 fratres,
1458 2030 1625 2085 nolite

58 2137 226 2181 :ontra
265 2126 357 2179 Dei
391 2124 790 2195 beneplacitum
823 2125 956 2189 ltiti;
988 2126 1100 2194 ipse
1128 2124 1205 2177 sic
1245 2123 1433 2184 voluit,
1464 2132 1517 2176 et
1546 2124 1625 2178 sic

58 2225 280 2269 uturum
332 2215 591 2286 providit.
652 2214 897 2285 Regnum
948 2214 1089 2268 istud
1134 2213 1225 2268 Dei
1276 2212 1625 2282 providentiae

57 2308 489 2371 tommittamus;
546 2296 659 2375 ipse
717 2306 1011 2361 secundum
1083 2322 1237 2359 suam
1293 2305 1627 2359 voluntatem

57 2398 349 2455 trovidebit
379 2408 611 2453 tutorem
643 2414 706 2452 ac
738 2398 1105 2453 defensorem.
1142 2399 1206 2452 Et
1229 2398 1481 2453 omnibus
1512 2396 1629 2451 vale

57 2490 228 2545 licens
261 2490 497 2561 parabat
523 2488 939 2561 profectionem.

672 2621 901 2679 CAPUT
942 2622 1007 2678 γ.

57 2736 244 2794 Rursus
290 2718 505 2807 Fingar
555 2734 725 2789 solum
771 2737 1003 2817 patrium
1051 2734 1240 2788 deserit
1282 2750 1400 2787 cum
1444 2736 1637 2804 insigni

707 2816 977 2861 comitatu.

110 2920 296 2977 Secuti
330 2927 467 2977 sunt
508 2932 633 2974 eum
675 2918 1000 2990 septingenti
1042 2917 1382 2986 septuaginta
1411 2916 1539 2983 viri,
1584 2927 1639 2973 et

57 3023 247 3082 teptem
279 3012 557 3083 episcopi,
588 3025 724 3079 quos
755 3018 975 3065 sanctus
1017 3009 1287 3063 Patricius
1318 3023 1416 3078 per
1440 3024 1639 3079 aquam

62 3103 481 3176 ncorruptionis
501 3102 720 3160 Christo
744 3111 1026 3173 genuerat,
1051 3101 1191 3170 pleni
1220 3102 1353 3166 Deo,
1376 3112 1431 3156 et
1456 3102 1635 3159 divina

61 3210 157 3266 ege
182 3167 482 3260 instructi,
515 3167 798 3264 cupientes
832 3192 1003 3248 beata:
1035 3167 1491 3262 peregrinationis
1521 3192 1639 3263 ejus
1664 3167 1707 3225 δ

59 3303 159 3344 :sse
188 3297 489 3345 consortes
517 3287 570 3341 in
601 3287 852 3353 Domino,
875 3287 1016 3341 inter
1038 3300 1175 3355 quos
1207 3284 1307 3340 fuit
1329 3284 1641 3355 supradicta

59 3384 191 3456 tirgo
248 3383 422 3449 Piala,
489 3392 647 3437 soror
693 3381 837 3437 beati
891 3378 1174 3449 Guigneri.
1232 3378 1436 3435 Sancto
1480 3378 1646 3451 igitur

60 3479 325 3534 :onsortio
377 3489 578 3533 omnes
627 3474 849 3531 adunati
892 3473 949 3529 in
1004 3473 1234 3529 Domino
1263 3514 1278 3538 ,
1326 3472 1488 3528 simul
1522 3487 1645 3527 cum

59 3581 277 3624 iatrono
311 3569 381 3623 ad
415 3568 576 3623 littus
616 3581 787 3635 usque
814 3565 1142 3635 procedunt,
1190 3573 1513 3635 repertoque
1548 3580 1647 3634 pro

59 3668 175 3713 voto
210 3659 466 3729 navigio,
503 3669 699 3711 navem
733 3670 926 3710 omnes
954 3671 1059 3709 una
1090 3656 1481 3709 conscendunt.
1510 3656 1650 3709 Pau-

60 3748 218 3804 Lulum
245 3748 363 3817 jam
414 3748 582 3803 altius
632 3748 937 3820 navigando
985 3763 1015 3801 a
1070 3757 1213 3801 terra
1264 3748 1648 3814 discesserant,

59 3854 170 3896 :um
215 3856 353 3896 ecce
394 3840 551 3910 virgo
578 3839 851 3910 quaedam,
882 3838 1106 3892 nomine
1136 3836 1270 3909 Hya,
1316 3838 1479 3893 nobili
1528 3853 1644 3894 san-

59 3939 217 4008 guine
249 3945 572 4006 procreata,
601 3936 848 4005 pervenit
870 3934 935 3990 ad
965 3933 1138 4001 littus,
1168 3933 1310 3989 felici
1337 3944 1651 3989 sanctorum

59 4030 283 4099 :upiens
314 4028 551 4082 adunari
582 4025 841 4097 collegio,
885 4039 1223 4094 cernensque
1262 4023 1453 4094 procul
1489 4040 1519 4079 a
1566 4024 1656 4079 lit-

59 4126 169 4173 lore
217 4117 340 4185 jam
377 4123 664 4178 remotos,
719 4116 889 4169 nimio
941 4115 1263 4168 anxiebatur
1310 4112 1536 4177 dolore,
1601 4120 1657 4167 et

60 4209 177 4264 ﬁxis
228 4209 283 4262 in
319 4216 471 4260 terra
504 4207 764 4271 genibus,
792 4220 985 4257 manus
1016 4214 1069 4257 et
1098 4203 1281 4258 oculos
1310 4203 1375 4257 ad
1408 4204 1658 4258 sublimia

59 4302 295 4373 erigens,
316 4305 510 4354 mente
534 4292 821 4351 consilium
846 4311 877 4351 e
903 4296 1040 4350 emlo
1071 4294 1405 4365 efﬂagitabat
1437 4294 1655 4348 devota.

59 4392 114 4446 Et
144 4393 433 4447 modicum
467 4387 697 4443 inferius
729 4388 980 4441 relaxans
1009 4386 1286 4448 obtutum,
1329 4384 1660 4455 contempla-

59 4494 140 4539 tur
171 4499 346 4554 super
377 4495 558 4551 aquas
601 4479 785 4536 folium
823 4493 1073 4550 parvum,
1108 4488 1162 4534 et
1199 4488 1453 4548 protensa
1484 4478 1657 4549 virga,

1727 1917 1818 1970 ubi
1870 1916 2114 1986 quredam
2178 1915 2372 1970 mulier
2430 1914 2600 1968 fidelis
2638 1922 2691 1969 et
2746 1915 2944 1968 timens
2999 1913 3317 1980 Dominum,

1728 2008 1946 2062 nomine
1971 2007 2222 2073 Coruria,
2250 2022 2356 2061 non
2386 2006 2656 2062 modicam
2688 2007 2769 2060 eis
2794 2006 3041 2083 exhibuit
3070 2008 3320 2079 benigni-7

1730 2109 1919 2156 tatem.
1976 2098 2112 2153 Nam
2166 2114 2289 2154 cum
2330 2113 2522 2154 omnes
2581 2096 2888 2152 habitacula
2947 2099 3063 2167 ejus
3122 2112 3321 2168 capere

1729 2206 1837 2246 non
1877 2197 2099 2261 possent
2127 2206 2248 2257 nec,
2282 2190 2485 2245 habere
2508 2197 2746 2245 stramen
2775 2189 2826 2244 in
2852 2205 2959 2259 quo
2989 2204 3178 2245 omnes
3197 2203 3325 2260 pos-

1731 2291 1853 2339 sent
1916 2298 2146 2353 pausare
2178 2323 2195 2349 ,
2245 2283 2473 2338 detectis
2535 2282 2814 2347 domibus,
2883 2281 3157 2345 culmum,
3209 2296 3321 2351 quo

1728 2373 2150 2446 operiebantur,
2174 2373 2227 2428 in
2255 2384 2571 2429 sanctorum
2601 2373 2910 2428 accubitum
2939 2370 3326 2438 commodavit,

1735 2482 1959 2523 vaccam
2007 2483 2170 2522 unam
2202 2466 2284 2521 eis
2312 2467 2509 2521 mulier
2539 2464 3013 2534 eharitate‘plena
3047 2465 3099 2519 in
3138 2465 3327 2520 cibum

1735 2560 1917 2629 dedit;
1947 2575 2053 2629 qua
2080 2560 2288 2626 occisa,
2334 2569 2389 2613 et
2418 2557 2537 2628 ejus
2560 2558 2841 2624 carnibus,
2871 2567 3033 2627 prout
3060 2558 3327 2627 oportuit,

1738 2651 2021 2721 diligenter
2084 2651 2328 2720 paratis,
2390 2650 2595 2719 pariter
2633 2648 3003 2704 comederunt.
3056 2648 3324 2719 Denique,

1740 2759 1895 2799 caana
1942 2743 1997 2798 in
2026 2743 2327 2814 gratiarum
2355 2742 2571 2796 actione
2600 2739 2890 2810 completa,
2912 2737 3067 2809 jubet
3110 2724 3333 2797 sanctus

1740 2835 1945 2907 Fingar
1973 2836 2174 2889 nudata
2200 2830 2459 2889 carnibus
2506 2848 2629 2887 ossa
2678 2833 2859 2887 omnia
2913 2833 3229 2902 congregari
3275 2833 3331 2887 in

1740 2936 1933 2989 Unum,
1973 2933 2028 2978 et
2070 2923 2304 2993 desuper
2352 2921 2596 2987 ejusdem
2649 2936 2828 2976 vaccae
2878 2920 3071 2991 pellem
3114 2922 3335 2991 deponi.

1747 3016 1883 3071 Τιιιιι
1917 3017 2260 3072 confessores
2296 3016 2501 3071 Christi
2537 3030 2750 3080 omnes,
2776 3014 2868 3085 qui
2910 3030 3031 3070 cum
3066 3030 3130 3070 eo
3155 3025 3339 3081 erant,

1748 3110 1815 3164 ad
1849 3109 2156 3165 orationem
2205 3107 2417 3171 invitat,
2464 3108 2651 3167 dicens
2682 3125 2695 3161 :
2731 3104 2987 3172 Oremus,
3027 3105 3244 3173 fratres,
3280 3113 3341 3179 ut

1750 3200 1894 3258 Deus
1937 3217 2036 3273 pro
2077 3201 2234 3273 cujus
2265 3215 2451 3256 amore
2499 3199 2693 3255 mulier
2738 3197 3131 3255 officiosissime
3177 3196 3340 3252 nobis

1751 3291 1911 3347 istam
1965 3292 2193 3348 servivit
2230 3308 2473 3356 vaccam,
2522 3292 2572 3346 ei
2631 3291 2902 3346 restituat.
2962 3290 3029 3345 Et
3083 3290 3337 3345 oratione

1751 3382 2019 3453 completa
2051 3384 2152 3439 sub
2184 3383 2429 3439 onmium
2468 3382 2641 3438 oculis
2671 3391 2823 3438 stans
2861 3380 3142 3451 pulchrior
3172 3395 3339 3449 quam

1751 3484 1880 3528 ante
1919 3473 2137 3539 fuerat,
2175 3490 2339 3531 vacca
2379 3474 2656 3545 apparuit.
2692 3474 2896 3529 Deinde
2927 3473 2994 3527 de
3039 3472 3178 3526 lacte
3222 3472 3340 3541 ejus

1753 3565 1853 3621 sibi
1891 3565 2075 3621 offerri
2124 3566 2432 3632 mandavit;
2492 3581 2598 3636 quo
2638 3565 2856 3631 hausto,
2903 3564 3221 3634 simpliciter
3246 3564 3342 3617 dea.

1754 3664 2007 3724 precatus
2037 3666 2119 3711 est
2144 3657 2316 3711 Deum
2348 3664 2406 3710 ut
2455 3671 2593 3711 vena
2625 3656 2781 3709 lactis
2826 3655 3047 3709 uberior
3089 3670 3251 3724 quam
3286 3654 3345 3709 in

1755 3748 1876 3802 aliis
1918 3749 2097 3804 vaccis
2127 3748 2493 3818 triplicaretur
2524 3750 2578 3804 in
2606 3748 2727 3814 illa;
2758 3747 2901 3819 quod
2930 3762 3034 3802 non
3076 3746 3249 3801 solum
3282 3746 3341 3801 in

1754 3854 1844 3907 ea,
1885 3841 1979 3896 sed
2021 3841 2073 3895 in
2119 3842 2374 3897 omnibus
2424 3841 2517 3909 “7,
2565 3857 2687 3912 qua;
2734 3858 2799 3897 ex
2842 3857 2905 3898 ea
2938 3846 3347 3911 processerunt,

1756 3930 1959 3985 factum
1992 3944 2111 3985 esse
2152 3941 2429 3985 narratur.
2465 3930 2624 3985 Mane
2665 3940 2846 3985 autem
2876 3928 3044 3993 facto,
3084 3943 3206 3980 cum
3230 3924 3349 3995 jam

1758 4023 1865 4078 iter
1889 4038 2051 4094 agere
2084 4024 2303 4085 vellent,
2342 4024 2701 4094 respicientes
2744 4024 2996 4078 viderunt
3024 4020 3206 4075 omnia
3248 4019 3351 4075 ha-

1760 4112 1995 4167 bitacula
2046 4121 2246 4169 retecta
2306 4121 2362 4168 et
2414 4123 2665 4184 reparata
2721 4112 2792 4167 ita
2847 4128 2912 4167 ac
2966 4111 3013 4166 si
3072 4125 3351 4179 nunquam

1766 4205 2115 4276 discooperta
2168 4205 2417 4261 fuissent.
2463 4204 2616 4261 Tunc
2658 4204 2873 4272 fideles,
2915 4202 3007 4275 qui
3052 4202 3254 4272 praevio
3288 4199 3349 4255 S.

1764 4295 2039 4365 Guignero
2075 4294 2275 4353 Christi
2312 4298 2541 4369 vestigia
2591 4298 2980 4368 sequebantur,
3010 4310 3108 4365 per
3138 4294 3351 4365 singula

1764 4390 1881 4445 loca
1932 4399 2222 4446 cernentes
2267 4391 2613 4461 multiplicari
2679 4389 2947 4445 mirabilia
2997 4389 3122 4453 Dei,
3177 4386 3348 4459 magis

1767 4483 2048 4554 magisque
2106 4483 2593 4547 confortabantur,
2662 4492 2717 4538 et
2779 4482 2831 4537 in
2900 4481 3002 4536 fide
3062 4488 3117 4534 et
3161 4493 3350 4533 amore

60 4593 215 4644 quam
242 4591 421 4631 manu
456 4573 729 4643 gestabat,
765 4582 991 4643 tangens
1027 4571 1157 4626 illud
1184 4571 1398 4633 Volebat
1428 4574 1657 4640 probare
1693 4601 1740 4661 ι)
1766 4573 1967 4631 Christi
2023 4575 2512 4632 confirmabantur.
2560 4575 2625 4630 Et
2675 4576 2812 4630 bene
2865 4572 3115 4630 Christus
3169 4571 3355 4624 debuit

60 4684 117 4721 an
181 4676 568 4740 mergeretur;
631 4673 687 4719 et
744 4678 877 4734 ecce
930 4664 1030 4718 sub
1089 4662 1264 4721 oculis
1311 4662 1431 4734 ejus
1498 4663 1663 4732 coapit

62 4775 307 4815 crescere
338 4768 399 4814 et
425 4754 672 4820 dilatari,
718 4753 887 4809 itaut
936 4754 1187 4813 dubitare
1234 4769 1340 4811 non
1392 4765 1576 4824 posset
1629 4770 1658 4811 a

61 4848 165 4908 Deo
193 4852 298 4908 sibi
344 4850 482 4906 illud
539 4846 856 4916 obsequium
900 4846 1147 4901 missum.
1203 4846 1269 4905 Et
1324 4846 1426 4902 lide
1480 4846 1659 4913 fortis,

61 4940 243 5000 folium
271 4943 550 4998 audacter
575 4937 965 5003 conscendens,
998 4938 1316 4994 mirabiliter
1341 4938 1431 4992 Dei
1461 4940 1662 4993 virtute

61 5037 267 5104 perlata
295 5036 368 5068 ³³⁸
396 5034 639 5088 alterum
668 5032 843 5085 socios
871 5032 1129 5100 praevenit
1164 5032 1230 5089 ad
1274 5030 1444 5085 littus.
1494 5029 1651 5086 lltesi-

63 5134 285 5185 tandum
319 5147 431 5186 non
463 5135 554 5184 est
581 5125 647 5179 de
677 5126 933 5194 operibus
965 5126 1058 5181 Dei
1097 5145 1109 5179 :
1169 5142 1291 5179 nam
1334 5124 1423 5195 qui
1479 5132 1659 5178 trans-

62 5220 206 5276 ituro
237 5221 446 5293 populo
490 5231 648 5272 mare
685 5216 929 5271 Rubrum
963 5226 1211 5288 potenter
1234 5218 1438 5282 divisit,
1462 5226 1517 5273 et
1541 5218 1669 5271 Elite

63 5309 360 5389 Jordanem
406 5311 657 5385 aperuit,
691 5321 745 5365 et
780 5308 998 5365 Petrum
1040 5326 1201 5380 supra
1248 5326 1420 5380 aquas
1446 5327 1671 5365 currere

66 5402 213 5471 fecit,
254 5406 375 5477 ipse
409 5400 697 5474 quomodo
736 5398 939 5464 voluit,
982 5399 1246 5470 virginem
1286 5415 1441 5454 suam
1490 5410 1670 5456 trans-

69 5499 233 5554 vexit.

1774 4670 1972 4725 talibus
2020 4670 2486 4725 consolationibus
2530 4684 2659 4724 suos
2707 4668 3035 4724 confirmare
3090 4674 3255 4718 testes
3298 4672 3357 4717 et.

1770 4759 2073 4829 consolari,
2124 4779 2263 4834 quos
2301 4777 2401 4833 per
2430 4762 2663 4833 palmam
2715 4758 2969 4831 martyrii
3015 4757 3067 4811 in
3098 4754 3354 4826 proximo

1770 4850 2108 4921 disposuerat
2148 4866 2434 4907 coronare.
2462 4850 2615 4904 Mane
2650 4859 2829 4903 autem
2872 4846 3034 4912 facto,
3066 4850 3356 4916 pergentes

1769 4943 2157 5013 gradiebantur
2188 4955 2283 5014 per
2310 4943 2426 4997 loca
2459 4941 2703 5011 qinedam
2734 4938 3026 4995 silvestria.

2371 5029 2598 5087 CAPUT
2638 5029 2748 5085 VII.

2076 5123 2394 5196 Martyrium
2418 5122 2666 5193 Fingaris
2697 5132 2743 5177 et
2768 5124 3053 5177 sociorum.

1846 5212 2117 5269 Sonuerat
2159 5216 2311 5285 jam,
2376 5218 2728 5286 pervulgante
2788 5215 2971 5283 fama,
3030 5215 3082 5270 in
3134 5213 3360 5269 auribus

1777 5307 2101 5362 Theoderici
2152 5308 2297 5379 regis
2346 5306 2659 5374 Cornubite,
2715 5309 2767 5363 in
2818 5319 2960 5363 terra
3005 5306 3215 5363 scilicet
3263 5319 3365 5360 sua

1776 5401 2144 5456 Christianam
2207 5401 2606 5458 multitudinem
2663 5396 2981 5467 advenisse;
3051 5408 3109 5457 et
3169 5399 3367 5452 timens

1778 5496 1995 5550 odibilis
2046 5496 2154 5551 Deo
2206 5506 2470 5567 tyrannus
2522 5510 2589 5551 ne
2617 5495 2870 5567 populum
2901 5509 3059 5549 suum
3091 5493 3157 5545 ad
3204 5490 3363 5545 fidem

1391 5643 1473 5706 VA
1486 5648 1621 5707 BHE
1675 5643 2076 5709 LECTIONES.

179 5800 253 5835 ’θ’
277 5800 535 5856 Lavacro
564 5811 663 5849 πιε-
683 5794 796 5864 jam
828 5795 1047 5851 lavacro
1118 5795 1190 5830 ¹⁹⁶
1210 5794 1427 5850 Prolata
1452 5812 1549 5850 ms.
1584 5792 1789 5865 perlata
1865 5790 1935 5824 "7
1961 5788 2067 5845 Sed
2092 5790 2342 5847 omnibus
2369 5804 2447 5843 ms
2471 5788 2565 5846 sed
2593 5789 2649 5843 in
2701 5785 2955 5843 omnibus

528 5908 806 5967 Ριτιιυι..
851 5906 1063 5969 CLIX.

2990 5890 3061 5953 tt

1768 5983 1805 5995 Α
