3898 6318
671 312 772 372 331

1703 320 1793 375 AD
1819 320 2047 377 OPERA
2078 322 2131 379 S.
2179 321 2476 380 ANSELSII
2516 323 2876 384 APPENDIX.
3774 340 3796 395 ἓ

669 431 875 488 Christi
902 427 1099 506 vellent
1123 436 1443 487 convertere
1468 470 1484 497 ,
1523 430 1867 503 conglobatis
1902 432 2166 489 militibus
2189 434 2256 489 ad
2288 435 2331 492 A
2361 443 2630 506 martyres
2686 438 2831 507 passi
2891 438 3106 494 fuerant
3141 483 3153 505 ,
3208 441 3500 511 interiecto
3554 460 3697 514 parvo
3734 464 3793 518 sps

668 522 847 580 locum
880 523 968 579 ubi
1015 532 1229 578 sanctos
1259 537 1382 578 csse
1413 523 1701 594 cognovit,
1731 525 2094 581 truculentior
2140 524 2253 581 fera

666 614 923 671 cucurrit.
956 611 1072 668 Non
1102 622 1382 682 exspectat
1402 627 1648 679 causam,
1678 612 1943 671 rationem
1975 628 2081 669 non
2110 628 2255 684 quas-

661 707 755 772 rit,
787 721 890 762 non
921 706 1033 759 vult
1064 705 1253 761 audire
1286 719 1623 770 sermonem,
1670 706 1765 762 sed
1798 706 2021 762 veniens
2050 705 2255 776 impro-

657 798 807 853 visus
862 811 892 851 a
941 806 1132 866 tergo,
1191 794 1374 850 subito
1425 810 1555 851 oves
1605 794 1808 852 Christi
1856 795 1941 853 leo
1990 804 2251 853 cruentus

655 890 998 963 aggrediens,
1044 887 1285 959 perimit,
1317 887 1554 943 trucidat
1596 897 1759 958 atque
1786 889 2100 959 prosternit.
2133 886 2250 944 Ca:-

655 982 859 1035 duntur
896 979 1098 1041 sancti,
1132 986 1476 1043 truncantur,
1523 977 1883 1046 dilaniantur,
1921 986 1975 1035 et
2010 978 2097 1034 alii
2131 994 2248 1034 am-

652 1068 1202 1141 putatis'capitibus,
1250 1067 1340 1121 alii
1395 1066 1631 1122 confossi
1689 1066 1882 1139 gladiis
1928 1068 2243 1135 inhumane,

650 1157 744 1218 alii
813 1159 1101 1226 trucidati,
1155 1172 1346 1216 omnes
1399 1174 1507 1214 una
1565 1158 1653 1215 die
1709 1158 1910 1215 Christi
1974 1169 2245 1232 martyres

572 1251 866 1323 ,_en'ecti,'
916 1261 1087 1307 sac‘ra:
1136 1248 1330 1305 mortis
1385 1249 1746 1323 compendio;,
1802 1249 2060 1320 perennis
2119 1250 2242 1307 vitze

608 1306 898 1483 Thravium
954 1350 1338 1414 perceperunt.
1386 1340 1671 1397 Paululum
1740 1341 1800 1398 S.
1851 1341 2057 1414 Fingar
2112 1352 2239 1399 tunc

646 1435 792 1483 forte
842 1442 1125 1483 senaratus
1165 1446 1195 1483 a
1244 1432 1357 1483 suis
1409 1432 1463 1483 in
1512 1433 1655 1483 valle
1693 1432 1929 1483 auadam
1980 1433 2239 1483 resedens

646 1435 792 1490 forte
842 1442 1125 1503 separatus
1165 1446 1195 1486 a
1244 1432 1357 1488 suis
1409 1432 1463 1487 in
1512 1433 1655 1487 valle
1693 1432 1929 1504 quadam
1980 1433 2241 1491 resedens

643 1522 999 1594 operiebatur
1052 1531 1365 1594 sequentes.
1419 1523 1521 1581 Ubi
1584 1539 1710 1581 cum
1760 1524 1877 1581 solo
1936 1526 2188 1582 baculum
2219 1566 2235 1592 ,

641 1614 806 1687 quem
850 1630 1013 1672 manu
1059 1616 1329 1689 gestabat,
1370 1615 1601 1685 ﬁxisset,
1635 1632 1765 1673 mox
1812 1627 1871 1673 ut
1901 1619 1969 1674 ad
1996 1634 2056 1674 se
2084 1634 2234 1675 cam-

644 1709 947 1768 bucam‘”
1002 1710 1268 1778 retraxit,
1301 1708 1427 1767 fons
1469 1725 1501 1767 e
1538 1720 1685 1767 terra
1714 1709 1981 1768 fecundus
2025 1713 2231 1783 erupit;

621 1496 631 1527 ο

2358 524 2638 603 cujusdam
2663 530 2839 584 saltus
2863 530 3259 601 aliquantulum
3285 534 3599 605 disparatur
3619 537 3693 591 ³⁸³.
3716 539 3793 595 Luc;

2353 621 2446 689 Qui
2478 623 2545 677 de
2570 632 2799 694 corpore
2840 625 3015 680 sancti
3062 634 3257 681 venam
3301 629 3586 699 sanguinis
3623 631 3795 687 deﬂuente

2353 708 2423 743 ‘“
2474 714 2736 783 suscepit,
2766 724 2987 784 apertus
3016 717 3275 774 continuo
3314 718 3525 775 fontem
3554 723 3703 777 edidit
3723 724 3795 780 lett.-

2350 803 2500 870 dum,
2528 804 2620 874 qui
2648 819 2818 876 usque
2845 806 3008 864 hodie
3035 817 3371 865 monstratur
3391 814 3732 872 cernentibus.
3747 816 3795 872 Ea

2350 906 2530 951 autem
2578 911 2644 952 ex
2693 898 2959 957 militibus
3004 916 3128 956 cum
3169 902 3343 958 sancti
3378 906 3641 977 martyris
3676 908 3795 964 bacula

2347 994 2415 1051 ab
2437 1008 2503 1052 eo
2530 994 2669 1062 loco;
2701 996 2753 1051 in
2788 1012 2897 1071 quo
2925 1012 3051 1054 eum
3083 999 3362 1069 proximus
3386 1004 3630 1073 passioni
3652 1005 3795 1061 deum

2346 1094 2541 1151 rapere
2584 1082 2771 1149 vellet,
2825 1084 3000 1141 cernit
3044 1086 3259 1144 bifurco
3312 1103 3475 1146 ramo
3524 1091 3795 1163 duplicem}:

2344 1175 2625 1242 erupuisse
2674 1174 2726 1229 in
2759 1173 3029 1244 frondem,
3079 1187 3136 1234 et
3174 1187 3326 1236 tanto
3378 1182 3711 1239 tremefactus
3735 1190 3795 1240 min

2342 1263 2486 1329 culo,
2519 1280 2625 1319 non
2654 1276 2739 1321 est
2773 1281 2940 1324 ausus
2967 1281 3091 1324 eum
3122 1270 3465 1340 contingere.
3491 1272 3795 1344 Cemiturusqr

2344 1356 2502 1413 hodie
2555 1357 2609 1412 in
2660 1358 3030 1415 testimonium
3076 1361 3249 1417 sancti
3323 1362 3548 1419 excelsa
3584 1365 3655 1435 (ut
3698 1367 3795 1419 dicite

2340 1448 2504 1503 arbor
2533 1462 2600 1504 ex
2635 1448 2851 1517 baculo,
2892 1450 3096 1508 virtute
3133 1452 3227 1508 Dei
3250 1461 3522 1521 exaucta;
3554 1455 3639 1510 sed
3668 1457 3795 1527 Clljtmt

2340 1546 2558 1617 generis
2596 1547 2898 1620 ignoratur.

2932 1636 3162 1707 CAPUT
3202 1640 3332 1695 vut.

2660 1726 2944 1807 Sepultum
2970 1714 3274 1785 sanctorum
3300 1741 3621 1804 martyrum.

638 1798 734 1869 qui
773 1798 1029 1870 utrinque
1061 1798 1265 1869 duplici
1300 1814 1435 1855 saxo
1474 1799 2020 1866 decenterinclusus,
2057 1814 2231 1871 usque
2264 1790 2312 1851 Β
2413 1790 2742 1878 sanctorum.
2779 1802 2959 1877 adhuc
2989 1837 3220 1894 corpora
3252 1840 3351 1895 per
3373 1790 3624 1896 campum
3650 1826 3795 1881 inluta:

636 1890 694 1946 ln
726 1889 1049 1946 hodiernum
1080 1889 1223 1945 diem
1254 1891 1472 1962 copiosa
1500 1905 1634 1947 vena
1659 1890 1873 1948 fluitare
1896 1904 2003 1948 non
2032 1902 2230 1949 cessat.

633 1980 705 2038 Et
735 1981 919 2038 subito
964 1980 1195 2038 audiens
1224 1996 1473 2037 murmur
1514 1983 1569 2039 in
1614 1985 1881 2039 comitatu
1913 1998 2232 2053 exsurgere,

639 2074 874 2130 miratus
902 2070 1031 2143 quid
1062 2081 1230 2139 esset,
1263 2073 1528 2131 festinans
1553 2074 1621 2129 ad
1655 2084 1874 2131 sanctos
1901 2077 2229 2147 regreditur;

630 2180 978 2240 cernensque
1029 2166 1235 2239 passim
1283 2166 1556 2221 immolari
1606 2166 1813 2223 hostias
1864 2166 2110 2233 Christi,
2177 2175 2232 2223 et

633 2258 889 2315 hostilem
914 2259 1154 2332 gladium
1177 2256 1403 2313 confuse
1424 2271 1524 2326 per
1549 2256 1619 2288 ἠ
1643 2266 1955 2313 sanctorum
1984 2260 2225 2313 membra

635 2348 972 2415 discurrere,
1022 2350 1220 2421 paucis
1267 2349 1362 2420 qui
1412 2363 1535 2404 cum
1572 2364 1638 2405 eo
1690 2360 1848 2406 erant
1900 2352 2021 2407 ait:
2066 2351 2226 2418 Ecce,

633 2440 834 2497 fratres
860 2481 876 2508 ,
909 2442 999 2497 hic
1037 2450 1123 2497 est
1160 2440 1316 2498 locus
1361 2440 1703 2511 pausatiOnis
1732 2450 1955 2509 nostrae,
1985 2442 2072 2497 hic
2098 2456 2225 2511 pro-

638 2535 777 2590 vidit
823 2534 969 2591 Deus
1018 2533 1182 2591 tinem
1235 2534 1369 2590 dare
1425 2535 1628 2591 nostris
1680 2532 1974 2590 laboribus.
2036 2534 2225 2592 Venite

636 2638 796 2695 ergo,
850 2624 1072 2691 fratres,
1122 2632 1179 2682 et
1224 2625 1457 2681 libenter
1508 2624 1854 2680 immolemur
1882 2638 2076 2692 proeo
2131 2625 2223 2696 qui

631 2715 867 2770 animam
892 2728 1049 2781 suam
1068 2713 1214 2783 dedit
1244 2715 1647 2783 redemptionem
1670 2731 1766 2786 pro
1792 2715 1972 2770 multis
1998 2715 2215 2788 (Matth.

632 2816 731 2873 ax,
757 2807 871 2881 28).
903 2808 1021 2863 Non
1058 2810 1347 2864 thneamus
1373 2823 1462 2864 eos
1496 2808 1585 2879 qui
1616 2823 1807 2879 corpus
1831 2808 2098 2875 occidunt,
2129 2810 2221 2865 sed

632 2900 782 2955 illum
805 2901 1098 2972 ρώπωςηυὶ
1120 2909 1429 2971 potestatem
1456 2899 1607 2953 habet
1630 2908 1678 2953 et
1703 2914 1891 2969 corpus
1911 2909 1958 2955 et
1986 2899 2218 2954 animant

626 2990 836 3044 mittere
880 2991 937 3044 in
973 2990 1261 3061 gehennam
1303 2988 1460 3060 (Luc.
1521 3002 1628 3053 xu,
1667 2987 1731 3055 ὃς
1764 2988 1957 3044 Matth.
2004 3004 2069 3055 ι,
2100 2989 2216 3060 28).

628 3080 696 3136 Et
720 3093 1019 3136 occurrens
1043 3089 1274 3152 tyranno
1303 3097 1317 3133 :
1350 3079 1509 3136 Facis
1531 3078 1624 3147 ’°°,
1658 3079 1855 3151 inquit,
1886 3080 1960 3135 fili
1991 3079 2214 3147 diaboli,

625 3186 794 3243 opera
829 3171 1003 3243 patris
1040 3172 1139 3226 tui.
1174 3171 1242 3227 Et
1274 3180 1539 3243 tyrannus
1576 3172 1644 3226 ad
1687 3187 1811 3227 eum
1838 3190 1853 3229 :
1881 3171 1983 3239 Tu,
2016 3175 2211 3245 inquit,
2241 3162 2288 3223 (Ξ

628 3280 823 3320 manus
852 3278 1004 3320 meas
1030 3278 1136 3319 non
1164 3264 1379 3330 evades,
1405 3279 1510 3321 non
1532 3264 1756 3338 effugies
1779 3265 2036 3338 gladium.
2063 3267 2215 3327 Tunc

622 3363 853 3412 sanctus
872 3355 928 3411 in
958 3354 1236 3412 hilaritate
1259 3354 1495 3414 otl‘ereus
1522 3358 1859 3432 acceptabile
1877 3358 2209 3415 sacrificium

618 3448 765 3513 Deo,
807 3446 1023 3515 baculo,
1067 3462 1227 3518 quem
1285 3464 1445 3505 manu
1477 3451 1742 3522 gestabat,
1769 3466 1836 3507 ex
1886 3450 2054 3506 latere
2106 3450 2214 3507 fixo

622 3544 894 3602 cervicem
927 3545 1217 3616 praetendit
1245 3546 1546 3618 intrepidus
1568 3547 1716 3603 utm
1743 3548 1909 3603 ictum
1944 3547 2212 3619 reciperet

628 3632 891 3696 ferientis.
926 3638 1357 3695 humanissimus
1386 3654 1513 3696 vero
1544 3648 1838 3711 tyrannus,
1887 3651 2106 3712 arrepto
2138 3641 2209 3673 ³⁸⁸

622 3732 906 3801 mucrone,
939 3731 1157 3789 fortiter
1202 3733 1402 3787 nudam
1440 3733 1708 3789 cervicem
1740 3733 2072 3805 percutiens,
2095 3750 2214 3790 am-

619 3822 811 3898 putato
842 3826 1040 3898 capite,
1073 3823 1277 3881 Christi
1307 3834 1602 3899 martyrem
1642 3824 1789 3882 fecit.
1816 3824 1885 3881 Et
1923 3827 2210 3884 confestim

614 3919 757 3974 sacri
789 3919 1037 3991 corporis
1068 3928 1319 3985 truncus,
1347 3928 1512 3989 caput
1536 3918 1808 3975 machaera
1834 3917 2054 3976 lectoris
2078 3936 2206 3990 pro-

612 4004 733 4085 pria
767 4015 832 4070 de
862 4012 1082 4071 cervice
1123 4022 1433 4069 truncatum
1466 4013 1534 4068 de
1582 4022 1729 4083 terra
1773 4012 2012 4085 collegit,
2059 4023 2113 4070 et
2152 4015 2206 4070 in

612 4112 883 4169 montem,
926 4102 1022 4173 qui
1060 4118 1168 4159 non
1201 4102 1357 4175 longe
1388 4102 1554 4159 distat
1593 4119 1623 4158 a
1654 4102 1792 4169 loco,
1829 4103 2064 4175 propriis
2094 4121 2207 4161 nta-

612 4194 776 4248 nibus
814 4193 1020 4265 poplite
1067 4193 1226 4249 firmo
1278 4195 1536 4251 incedens
1584 4193 1842 4266 portavit.
1894 4194 2027 4250 Erat
2080 4197 2202 4253 villa

613 4284 890 4357 quaedam,
921 4283 977 4339 in
1002 4281 1241 4354 ejusdem
1266 4283 1434 4342 latere
1461 4286 1663 4342 montis
1690 4287 1817 4353 sita,
1863 4286 1914 4341 in
1945 4302 2052 4358 qua
2079 4303 2205 4343 cum

613 4374 873 4432 mulieres
906 4375 1181 4448 litigantes
1228 4378 1473 4446 audiret,
1516 4378 1667 4435 litem
1706 4379 1827 4434 loco
1872 4380 2206 4448 imprecatur

614 4468 901 4535 aeternam,
925 4477 985 4525 ut
1018 4468 1150 4526 inibi
1177 4468 1486 4527 habitantes
1521 4472 1665 4526 inter
1708 4487 1768 4529 se
1810 4471 2026 4543 litigare
2068 4487 2203 4526 nun-
2236 4509 2281 4564 Ι)

614 4576 779 4627 quam
806 4558 1150 4618 desisterent.
1180 4560 1357 4631 Unde,
1387 4573 1447 4618 ut
1492 4564 1686 4631 fertur,
1718 4573 1887 4630 terra,
1932 4565 2056 4620 licet
2087 4564 2201 4619 fru-

610 4652 823 4719 ctifera,
852 4665 1035 4712 manet
1066 4664 1246 4713 tamen
1282 4657 1678 4723 inhabitabilis,
1716 4658 1772 4713 in
1808 4673 1915 4714 uno
1956 4658 2201 4715 fecundi-

613 4747 743 4802 tatis
784 4748 1017 4818 gratiam
1048 4748 1279 4817 retinet,
1317 4749 1369 4803 in
1401 4749 1575 4803 altero
1606 4749 1781 4803 sancti
1832 4748 2197 4805 maledictionl

609 4838 872 4911 subiecta.
900 4840 1138 4899 Sanctus
1162 4842 1327 4915 igitur
1356 4853 1564 4913 martyr
1584 4840 1795 4908 nolens,
1818 4855 1916 4913 pro
1947 4844 2200 4912 tumultu,

608 4922 664 4986 in
710 4932 828 4988 loco
863 4946 1195 5005 repausare,
1245 4942 1527 5003 resumpto
1565 4932 1762 4988 iterum
1798 4934 1995 5004 capite,
2034 4935 2197 4991 alium

606 5025 891 5082 vectitavit
932 5022 1000 5083 ad
1058 5025 1265 5092 locum,
1312 5027 1406 5083 ubi
1454 5025 1635 5097 ipsum
1685 5024 1986 5097 deponens,
2036 5038 2200 5099 caput

607 5124 955 5173 cruentatum
984 5108 1277 5188 diligenter
1303 5115 1468 5183 lavit;
1497 5115 1551 5172 in
1578 5131 1687 5188 quo
1714 5114 1833 5172 loco
1855 5117 2201 5189 gratissimus

605 5204 729 5263 fons
772 5205 888 5281 iugi
922 5205 1054 5263 'rivo
1092 5218 1268 5275 usque
1313 5207 1473 5263 hodie
1526 5221 1784 5265 emanare
1832 5202 1941 5265 non
1980 5220 2198 5276 cessat;

605 5300 957 5370 iavatumque
1002 5296 1293 5366 diligenter
1344 5312 1659 5364 resumens,
1687 5296 1949 5369 'portavit
2002 5300 2198 5355 iterum

602 5388 735 5446 illud
762 5389 817 5445 in
848 5386 1016 5444 alium
1048 5386 1251 5444 locum.
1276 5385 1380 5455 Qui
1404 5386 1561 5445 locus
1591 5388 1660 5445 ab
1684 5402 1770 5456 eo,
1804 5388 1858 5445 in
1886 5403 1997 5461 quo
2023 5391 2197 5446 sancti

2332 1909 2613 1983 iacebant,
2661 1919 2718 1968 et
2764 1926 2895 1968 ecce
2925 1922 3086 1969 nocte
3113 1916 3349 1984 quadam
3390 1917 3555 1999 testis
3597 1914 3793 1971 Christia-

2336 2008 2460 2065 dem
2498 2008 2815 2076 schemate,
2877 2022 2986 2079 quo
3035 2023 3200 2079 super
3244 2018 3494 2066 montem
3537 2010 3587 2063 in
3620 2008 3723 2063 ulnis
3745 2020 3792 2075 pr-

2332 2100 2509 2171 prium
2549 2110 2712 2171 caput
2758 2100 3051 2167 detulerat,
3086 2100 3298 2156 cuidam
3347 2101 3497 2169 viro,
3551 2096 3789 2156 hominem

2335 2192 2493 2250 tertio
2537 2194 2590 2248 in
2638 2193 2757 2249 visu
2808 2206 3102 2264 apparens,
3145 2200 3207 2249 ut
3246 2208 3307 2249 se
3358 2195 3615 2266 sepeliret
3648 2191 3789 2246 moniti

2330 2283 2762 2356 Expergefactus
2808 2282 2976 2340 homo
3020 2284 3179 2339 uxori
3231 2283 3506 2343 visionem
3545 2300 3632 2357 per
3665 2283 3787 2339 ordire

2329 2375 2627 2441 narrabat,
2684 2375 2957 2444 quomodo
3008 2374 3263 2431 videlicet
3312 2375 3381 2432 de
3439 2376 3689 2449 sepultura
3729 2380 3788 2425 est

2326 2480 2621 2538 persuasus
2650 2482 2680 2521 a
2708 2475 2921 2523 sancto.
2952 2465 3146 2522 Muller
3171 2475 3352 2522 autem
3385 2468 3701 2524 dissuadebat

2328 2573 2395 2615 ne
2445 2558 2587 2615 forte
2643 2559 2791 2631 regis
2823 2559 2961 2614 iram
3010 2559 3336 2625 incurreret,
3391 2569 3454 2616 et
3489 2558 3557 2615 ob
3594 2560 3785 2614 boontem

2324 2649 2655 2706 sententiam
2698 2658 3024 2706 mereretur.
3058 2650 3116 2705 ln
3159 2651 3469 2708 crastinum
3505 2665 3628 2707 vero
3656 2659 3781 2703 cunu-

2324 2741 2484 2797 nibus
2539 2741 2596 2796 in
2647 2755 2901 2811 campum
2950 2748 3248 2798 venaturus
3304 2742 3621 2813 egrediens,
3670 2747 3780 2793 cent!

2272 2892 2275 2897 μ
2322 2833 2562 2903 reperit,
2609 2833 2701 2904 qui
2748 2848 2945 2889 canum
2988 2834 3309 2904 pernicitate
3346 2835 3636 2892 insectatus
3665 2829 3777 2900 fugit:

2322 2923 2391 2981 ad
2421 2923 2479 2980 S.
2513 2924 2771 2997 martyris
2822 2923 3036 2997 glebam
3086 2925 3403 2996 procumbit
3426 2967 3444 2994 ,
3505 2936 3707 2995 tanquam
3731 2916 3776 2983 ei!

2321 3013 2665 3088 ﬂagitaturus
2710 3017 3021 3073 sanctitatis
3066 3016 3409 3088 praesidium.
3451 3019 3774 3075 Desinamus!

2321 3107 2547 3175 latrare,
2579 3123 2644 3165 ac
2661 3109 2916 3180 persequi
2940 3119 3258 3176 cervum,et
3283 3112 3437 3168 omni
3468 3107 3793 3169 feritatelaul’a:

2319 3198 2527 3270 pariter
2569 3214 2695 3255 cum
2745 3214 2909 3257 cervo
2961 3200 3122 3271 quasi
3170 3208 3426 3257 sanctum
3456 3189 3773 3257 venerantet?

2319 3290 2602 3348 cumbunt.
2635 3284 3045 3363 Contemplator
3068 3292 3234 3349 homo
3271 3295 3485 3365 grande
3508 3284 3772 3364 ,Spectaculu

2316 3394 2373 3441 et
2420 3401 2738 3458 repercussa
2790 3395 2971 3443 mente
3007 3386 3063 3443 in
3114 3402 3174 3444 se
3224 3400 3508 3455 reversus,
3550 3377 3771 3458 quatiet1

2318 3486 2484 3535 noctu
2533 3478 2883 3548 recogitans,
2935 3478 3122 3535 divino
3167 3479 3293 3537 illuc
3340 3489 3478 3536 nutu
3526 3493 3580 3534 se
3624 3474 3770 3542 reputt“

2316 3572 2630 3627 adductum.
2672 3571 2742 3627 Et
2768 3571 3046 3643 accipiens
3084 3587 3288 3645 corpus
3332 3568 3644 3630 sanctissimi
3672 3567 3769 3623 mani“

2316 3661 2413 3728 ris,
2439 3663 2791 3718 veneratione
2814 3678 2919 3734 qua
2953 3663 3152 3735 potuit,
3196 3664 3507 3720 tumulavit.
3545 3656 3768 3717 Deinde“?

2311 3762 2524 3832 ctorum
2585 3760 2889 3825 martyrum
2940 3769 3171 3824 corpora
3217 3754 3465 3811 studiose
3511 3767 3600 3825 per
3631 3751 3766 3810 eam?“

2314 3844 2621 3914 requirens,
2643 3843 2804 3900 sicuti
2824 3841 3108 3915 iacebant,
3144 3844 3198 3901 in
3230 3859 3427 3916 campo
3454 3838 3682 3915 sepelivit.

2924 3954 3154 4014 CAPUT
3192 3955 3286 4011 IX.

2383 4046 2618 4103 Basilica
2654 4048 2711 4103 in
2743 4051 3045 4103 earumdem
3073 4050 3324 4104 honorem
3343 4089 3359 4115 ,
3391 4060 3441 4104 et
3472 4047 3597 4103 mira
3622 4037 3739 4096 ibi“

2885 4119 3133 4173 diuinitus
3156 4119 3319 4174 edita.

2380 4209 2510 4267 Post
2551 4218 2767 4282 tempus
2803 4209 3234 4280 aliquantulum,
3282 4225 3410 4267 cum
3443 4211 3555 4282 iam
3589 4190 3765 4290 vincant

2308 4301 2439 4356 mini
2472 4301 2737 4368 Sabaoth,
2760 4300 2813 4355 id
2849 4310 2934 4356 est
2983 4299 3259 4364 Ecclesia,
3290 4299 3599 4364 Coruubite.
3620 4286 3765 4379 ιετιιξξιοξ

2307 4406 2576 4464 9““l’i‘l'e
2599 4391 2877 4463 οαψῑεεθῑ,
2915 4390 3169 4447 inchoata
3199 4398 3286 4448 est
3326 4390 3604 4447 devotione
3636 4374 3761 4435 fidelicl

2308 4497 2467 4553 super
2501 4480 2809 4550 sepulcrum
2855 4480 3032 4536 sancti
3079 4480 3338 4552 martyris
3386 4478 3615 4536 basilica.
3640 4466 3685 4523 Ει
3706 4465 3761 4512 Et“

2309 4572 2630 4636 artificibus,
2663 4571 2757 4642 qui
2798 4572 2851 4628 in
2888 4585 3053 4643 Opere
3085 4573 3315 4629 oratorii
3339 4570 3648 4629 laborabant.
3673 4558 3763 4611 "9"

2307 4666 2448 4721 saria
2505 4663 2781 4729 deessent,
2842 4679 2943 4719 nec
2986 4662 3184 4733 aliquis
3230 4663 3580 4725 ministraret,
3624 4646 3761 4733 διιπίῗδτ

2307 4772 2529 4813 sucinum
2562 4755 2630 4788 ³⁸⁸
2680 4756 2976 4812 recordans
3030 4756 3122 4827 qui
3178 4755 3297 4827 eius
3325 4753 3600 4811 devotione
3635 4726 3761 4822 iam“?

2309 4848 2507 4902 bantur
2546 4846 2856 4916 obsequiis,
2902 4826 3332 4918 provincialibus
3372 4826 3759 4918 circumqu

2304 4938 2422 4992 visu
2452 4944 2612 4991 nocte
2637 4911 2919 5005 apparens
2934 4935 3194 4991 monebat
3235 4933 3501 5006 singulos,
3531 4938 3584 4982 ut

2302 5029 2484 5083 cibum
2525 5035 2583 5081 et
2617 4988 2985 5082 necessariam
3045 5039 3205 5095 opem
3233 4988 3443 5080 ferient
3471 5012 3649 5075 auxilii.
3683 4988 3759 5095 if“

2308 5113 2524 5171 tandem
2571 5114 2638 5170 ad
2688 5115 2963 5170 hominem
3012 5086 3332 5185 quemdam,
3385 5111 3475 5184 qui
3522 5086 3758 5199 tantum:

2303 5206 2466 5263 bebat
2493 5205 2837 5272 indomitum,
2865 5220 3093 5262 monens
3114 5215 3176 5262 ut
3197 5206 3265 5262 ad
3288 5201 3553 5277 operarios
3568 5192 3719 5277 duci?”

2305 5311 2430 5355 eum
2477 5297 2556 5355 eis
2600 5294 2896 5368 largiretur
2942 5295 2995 5351 in
3048 5295 3254 5352 cibum.
3296 5273 3449 5352 hians
3494 5296 3644 5347 autem
3667 5273 3754 5368 illi?

2305 5386 2571 5450 sollicitus
2626 5360 2790 5445 hoino
2842 5386 2909 5445 de
2946 5385 3157 5444 visione
3203 5387 3400 5455 sancti,
3443 5380 3592 5455 ctepit
3617 5360 3755 5437 εοείω*

1892 5500 2127 5559 VARM']
2166 5497 2571 5560 LECTIONES.

676 5596 748 5634 ⁸³⁸
793 5594 877 5652 Ad
926 5608 987 5652 se
1059 5578 1375 5651 sambucam
1428 5611 1509 5652 me
1570 5602 1631 5652 ut
1700 5595 1767 5652 ad
1838 5609 1901 5651 se
1967 5596 2283 5652 cambucam
2431 5595 2500 5628 ²⁹⁹
2556 5593 2804 5651 Gladium
2876 5607 2975 5652 per
3038 5612 3119 5651 me
3203 5595 3433 5652 gladium
3496 5584 3615 5649 conf!

606 5668 676 5701 ⁸⁸⁵
714 5667 1056 5725 Gebennam.
1112 5664 1269 5722 Facis
1323 5681 1403 5722 ms
1464 5665 1813 5739 gehennam.l
1843 5665 1912 5720 Et
1961 5679 2258 5723 occurrens
2286 5664 2577 5737 ‘Tyranno,
2606 5665 2741 5722 facis
2831 5664 2898 5697 ³⁸³
2926 5663 3256 5732 Przetetttlit,
3284 5676 3340 5721 ut
3365 5680 3439 5719 nt:
3486 5663 3699 5733 partem”
3712 5663 3745 5683 '

609 5740 846 5775 ιιιοηίιιηι
898 5747 953 5775 nt
1029 5734 1098 5767 τοι
1120 5735 1325 5775 εΙὶΪνιηηίη
1348 5753 1445 5775 θυι
1477 5747 1696 5775 uri-antu
1770 5736 1844 5769 ³⁸³
1861 5735 2042 5775 ςειιιιιε
2069 5736 2379 5775 dianae-gnu-
2399 5754 2491 5775 me
2522 5735 2689 5775 caltam
2713 5736 3103 5775 alintmnlnlum
3130 5740 3434 5775 dicunt-alue
3518 5727 3576 5760 ³⁸⁵

2876 5607 2975 5665 per
3038 5612 3119 5651 me
3203 5595 3433 5665 gladium
3496 5564 3752 5665 ροηῖυεῇΞ

2431 5595 2500 5628 ²⁹⁹
2556 5593 2804 5651 Gladium
2876 5607 2975 5663 per
3038 5612 3119 5651 me
3203 5595 3433 5665 gladium
3496 5593 3748 5649 multis?!"

2431 5665 2738 5700 mann-foroin
2831 5664 3217 5700 suamsuam“
3284 5676 3439 5700 nlan
3487 5642 3751 5700 nmmndlw'

609 5740 869 5810 trepidus,
898 5747 960 5810 ut
1029 5734 1098 5767 ³⁸³
1120 5735 1331 5810 Erepto~
1348 5753 1451 5810 ms.
1470 5734 1696 5807 arrepto
1770 5736 1844 5769 ³⁸³
1861 5735 2043 5810 Saltus
2069 5734 2379 5807 disparatur
2399 5754 2495 5790 ms.
2522 5735 2690 5810 saltus
2711 5736 3103 5810 aliquantulum
3130 5740 3453 5805 disparatur,

608 5808 714 5868 tetu
739 5826 816 5867 tm
866 5808 1193 5868 defluentem

1269 5808 1337 5840 ³⁸⁸
1369 5806 1812 5866 Βαυειυείεοωω
1840 5825 1937 5863 ms.
1972 5806 2209 5866 Sanctus
2228 5823 2450 5865 suorum
2536 5806 2604 5838 ³⁰⁸
2638 5808 2869 5863 Ductutn
2889 5807 2971 5862 eis
2996 5824 3074 5862 ms
3102 5810 3321 5864 ductum
