3898 6318
72 348 173 423 353

1041 318 1410 419 sputus:
1435 348 1526 415 ne
1557 354 2011 415 susurrus
2045 351 2373 413 MONACHI.

3221 340 3351 414 336

72 478 297 553 qualiter
342 470 529 549 posset
576 461 780 533 animal
839 472 1196 533 cervicosumf
1236 490 1301 532 ac
1352 473 1646 546 superbum
1669 476 1724 539 Α
1751 485 1857 544 que
1905 467 2194 528 confeStim
2239 472 2421 528 divina
2462 470 2594 527 ultio
2641 470 2928 542 percussit.
2976 468 3150 527 Ambo
3191 473 3341 528 enim

68 571 219 627 valde
262 568 516 640 subigere
542 610 556 635 ,
606 568 845 640 lorisque
893 575 1201 633 arctatum,
1250 566 1360 644 quo
1422 566 1644 623 sanctus

70 672 270 735 martyr
292 661 666 726 mandaverat,
696 661 916 716 ducere.
948 660 1017 716 Et
1047 660 1344 716 conscenso
1377 673 1543 730 equo,
1585 664 1650 747 ut

69 755 330 827 quaereret
352 763 587 821 taurum,
612 750 897 826 egrediens
919 746 1099 808 cernit
1122 750 1273 820 prius
1297 746 1642 817 indomitum,

70 848 226 904 modo
278 845 369 902 Dei
402 844 607 901 virtute
652 842 1157 901 mansueti'ssimum
1212 840 1418 897 animal
1464 836 1651 897 astare

69 944 167 1011 pro
214 938 458 1006 foribus,
514 935 607 1008 qui
658 945 851 1008 sponte
890 943 1021 991 ante
1068 934 1348 991 dominum
1388 932 1646 1005 gradiens

75 1023 383 1085 mansuetus
427 1022 577 1085 recto
630 1028 829 1087 itinere
875 1021 1137 1099 pergebat
1189 1025 1258 1082 ad
1312 1020 1511 1092 locum,
1551 1024 1647 1080 ubi

69 1118 303 1173 artiﬁces
333 1112 386 1173 in
429 1116 594 1189 opere
629 1115 855 1174 oratOrii
902 1106 1242 1172 laborabant.
1277 1106 1546 1170 Mactatur
1573 1112 1644 1147 ³⁸⁷

67 1210 261 1278 bestia,
300 1221 358 1268 et
384 1221 671 1269 cernentes
696 1210 955 1283 martyris
992 1209 1096 1267 sibi
1135 1208 1330 1265 adesse
1357 1194 1645 1277 auxilium,

62 1302 210 1371 operi
253 1301 321 1358 de
356 1311 558 1360 caetero
596 1303 846 1360 devotius
886 1303 1228 1361 institerunt.
1272 1301 1433 1358 Aliud
1477 1301 1648 1372 quod-

62 1391 182 1445 dam
213 1394 567 1451 memorabile
608 1404 665 1452 et
715 1395 938 1466 dignum
977 1395 1241 1450 relatione
1294 1394 1349 1448 in
1403 1391 1648 1455 eiusdem

61 1497 276 1554 quoque
352 1484 529 1543 fertur
576 1485 817 1544 basilicae
889 1487 1297 1543 constructione
1354 1484 1649 1557 contigisse

61 1572 407 1631 miraculum.
438 1574 591 1634 Unus
634 1577 857 1649 quidam
895 1589 963 1633 ex
1008 1575 1076 1631 iis
1110 1573 1414 1631 artificibus
1459 1573 1552 1644 qui
1594 1571 1650 1629 in

61 1673 223 1735 opere
268 1665 635 1735 laborabant,
667 1682 792 1724 cum
841 1668 895 1722 in
942 1666 1120 1723 securi
1164 1666 1466 1730 induceret,
1521 1677 1653 1720 eon-

61 1752 232 1810 i‘racta
291 1755 348 1810 in
388 1754 496 1812 duo
558 1755 741 1812 frusta
798 1755 969 1811 divisa
1004 1764 1108 1811 est.
1142 1753 1416 1810 Turbatus
1464 1753 1647 1822 homo,
1687 1819 1691 1822 ν

1749 563 1953 633 arrepti
1996 578 2047 619 a:
2075 562 2342 632 daemone,
2375 564 2512 621 alter
2550 578 2741 621 eorum
2781 563 3017 634 linguam
3060 562 3338 620 frustatim

1749 647 2027 714 Concisam
2062 656 2318 714 dentibus
2347 657 2681 725 masticavil,
2731 657 2958 714 alterius
2998 656 3203 713 \‘istera
3243 662 3342 728 per

1747 748 2024 817 postrema
2057 745 2254 802 diffusa
2286 755 2415 803 sunt
2438 748 2644 816 omnia,
2675 748 2754 803 sic
2783 752 3009 818 uterque
3050 749 3196 803 exitu
3242 762 3342 802 θεέ

1750 838 1978 909 spiravit
2004 840 2297 896 horrendo.
2315 840 2456 896 Eec‘e
2482 854 2549 895 ex
2572 839 2676 895 hoc
2706 842 2887 910 potest
2909 839 3041 895 satis
3075 838 3346 911 perpendi

1750 932 1952 1002 quanta
2017 940 2240 989 sanctos
2300 932 2418 988 vult
2472 932 2618 988 De‘us
2674 933 2981 988 reverentia
3034 934 3341 999 honorari,

1748 1034 1981 1092 quorum
2003 1024 2375 1093 contemptum
2408 1022 2516 1077 tam
2542 1021 2790 1077 districto
2829 1022 3067 1091 dispenit
3089 1023 3345 1079 examine

1748 1113 1976 1186 expiari.
2030 1113 2205 1185 Super
2253 1114 2646 1184 sarcophagum
2686 1113 3016 1169 venerabilis
3056 1111 3341 1183 cujusdam

1749 1204 2012 1276 episcopi,
2043 1203 2137 1275 Qui
2178 1204 2243 1261 de
2270 1204 2754 1261 contubernalibus
2783 1204 2961 1260 fuerat
2990 1205 3134 1275 regis
3169 1203 3342 1260 Clito-

1750 1290 1859 1362 nis,
1896 1302 2185 1366 corruptor
2231 1294 2454 1366 quidam
2509 1295 2717 1366 gremia
2761 1295 3044 1366 cujusdam
3095 1294 3346 1350 mulieris

1751 1387 2028 1444 incestare
2051 1386 2419 1458 praesumpsit,
2442 1387 2537 1456 qui
2566 1401 2720 1442 more
2741 1401 2939 1441 canum
2963 1385 3018 1440 in
3040 1385 3158 1456 ipso
3180 1398 3349 1455 opere

1751 1479 2105 1550 turpitudinis
2128 1477 2567 1549 inseparabiliter
2593 1477 2865 1551 copulati,
2908 1477 3054 1534 nulla
3091 1486 3347 1549 poterant

1754 1566 1966 1626 ratione
1993 1571 2061 1627 ab
2084 1570 2318 1628 invicem
2348 1566 2615 1641 separari.
2638 1569 2998 1627 Adducuntur
3028 1571 3248 1627 tandem
3271 1569 3345 1626 ad

1754 1650 2074 1717 memeriam
2116 1663 2374 1733 martyris
2412 1662 2634 1732 glorioSi
2682 1658 2966 1735 Guigneri,
3011 1663 3105 1720 tibi
3147 1663 3349 1720 merito

1752 1752 1908 1808 testis
1948 1751 2176 1822 Christi,
2218 1763 2274 1809 et
2304 1753 2696 1810 intercessione
2735 1754 2978 1810 fidelium
3008 1754 3337 1811 liberantur.

62 1847 239 1902 iurare
271 1848 441 1918 erepit
496 1857 554 1904 et
604 1848 866 1905 obtestari
930 1862 989 1903 se
1044 1847 1096 1902 in
1132 1860 1297 1916 opere
1339 1845 1406 1902 de
1453 1856 1651 1902 caetero
1679 1826 1727 1888 Β
1754 1842 1999 1901 Habebat
2034 1853 2301 1917 praeterea
2339 1845 2574 1902 aedituus
2606 1846 2677 1879 ’θ’
2722 1846 2983 1919 martyris
3022 1848 3165 1904 sacri
3210 1862 3345 1904 vac-

61 1935 194 1991 nihil
248 1936 543 1993 facturum.
583 1937 741 2006 Quod
770 1954 895 1994 cum
937 1938 1182 1994 audisset
1229 1936 1415 2008 aperis
1462 1950 1653 2010 procu-

61 2034 211 2083 rator
236 2026 351 2098 (vir
393 2028 612 2098 quidem
647 2028 845 2097 bonus,
876 2030 968 2100 qui
998 2044 1100 2101 pro
1132 2030 1244 2086 Deo
1286 2028 1531 2087 basilica:
1558 2046 1652 2087 cu-

61 2132 173 2172 ram
222 2129 564 2189 susceperat,
604 2128 661 2176 et
710 2122 903 2177 devote
949 2136 1011 2178 se
1049 2122 1460 2192 mancipaverat
1493 2122 1653 2178 obse-

61 2208 194 2280 [uiis
229 2211 461 2281 sancti),
486 2212 653 2283 erepit
689 2213 960 2269 consolari
1007 2213 1305 2280 hominem,
1343 2222 1400 2269 et
1436 2212 1652 2270 blandis

61 2299 267 2354 .ristem
305 2301 626 2358 demulcere
651 2300 932 2371 alloquiis,
963 2310 1016 2358 et
1053 2302 1330 2373 accipiens
1375 2301 1553 2358 frusta
1594 2302 1651 2357 in

62 2390 277 2447 tomine
328 2389 461 2445 Jesu
507 2391 737 2458 Christi,
766 2402 824 2449 et
865 2392 1152 2450 fraetionis
1187 2394 1378 2450 ruinas
1416 2394 1648 2466 conjun-

61 2496 200 2553 rens,
232 2482 530 2538 confestim
573 2484 788 2540 meritis
816 2485 1075 2556 martyris
1111 2485 1331 2555 gloriosi
1377 2485 1652 2556 compagi-

61 2582 238 2629 natum
272 2583 332 2629 et
361 2575 763 2631 eonsolidatum
791 2585 875 2633 est
907 2576 1295 2633 ferramentum
1324 2578 1425 2647 ita,
1448 2587 1510 2634 ut
1534 2577 1653 2633 nul-

62 2674 154 2717 um
205 2664 276 2720 de
323 2664 402 2710 ι⁰⁸
457 2674 657 2723 caetero
712 2666 968 2724 fmelurae
1001 2668 1290 2741 vestigium
1343 2676 1649 2741 appareret.

61 2752 333 2810 Qaudatur
390 2756 537 2813 Deus
589 2757 646 2813 in
692 2772 1015 2825 commune,
1063 2766 1119 2815 et
1168 2759 1543 2828 benedicitur,
1598 2768 1656 2817 et

62 2859 234 2909 torno,
282 2848 381 2917 qui
432 2862 493 2904 se
526 2847 595 2904 de
630 2860 831 2906 caetero
869 2849 1005 2905 nihil
1050 2847 1321 2906 facturum
1349 2848 1651 2921 iuraverat,

62 2945 199 2994 anto
225 2939 587 2998 confortatus
625 2940 892 2999 miraculo
940 2940 1135 2999 fortior
1176 2940 1293 3015 jam
1331 2944 1570 3015 perstitit
1596 2945 1651 3002 in

61 3042 229 3098 ipere.

690 3122 921 3181 CAPUT
960 3122 1031 3178 X.
1658 3132 1659 3135 ‘

300 3214 478 3269 lllata
503 3215 704 3270 mutus
734 3215 991 3287 supplicia
1018 3216 1076 3271 in
1103 3215 1405 3289 sacrilegos.

110 3304 222 3360 Sed
259 3306 538 3377 quoniam
580 3307 757 3362 sancti
784 3322 1010 3363 exorsus
1041 3322 1160 3364 sum
1190 3322 1451 3365 enarrare
1478 3308 1651 3364 virtu-

61 3410 143 3464 es,
192 3398 330 3454 illud
377 3399 737 3455 inserendum
782 3400 987 3457 credidi
1027 3399 1268 3468 lectioni,
1300 3402 1443 3472 quod
1469 3411 1524 3458 et
1567 3403 1652 3458 in-

61 3491 286 3547 :redulis
331 3501 547 3548 metum
576 3493 773 3549 incutit
812 3503 868 3550 et
911 3495 1193 3551 universos
1232 3495 1300 3551 de
1339 3490 1652 3552 sanctorum

62 3585 364 3640 'everentia
393 3595 606 3641 monet.
628 3585 767 3641 Cum
793 3600 956 3658 super
979 3601 1171 3643 saxum
1194 3584 1654 3659 quoddam,§quod

62 3674 230 3732 'uerat
280 3677 538 3733 anchora
583 3678 740 3734 navis
784 3679 935 3750 ejus,
970 3680 1027 3735 in
1071 3687 1441 3750 contemptum
1475 3679 1654 3737 sancti

61 3767 341 3839 nartyris,
374 3766 491 3823 duo
516 3767 717 3824 milites
748 3767 1061 3826 insuitando
1088 3769 1396 3838 urinarent,
1442 3777 1657 3826 utrum-~

1753 1950 1901 2004 cam;
1951 1953 2116 2009 quam
2163 1954 2289 1995 cum
2331 1938 2585 1996 scelerati
2627 1938 2878 1996 homines
2918 1938 3350 2010 quidam-furati

1753 2028 2008 2096 fuissent,
2041 2032 2325 2098 ducentes,
2376 2046 2543 2103 super
2585 2046 2791 2088 cornua
2839 2029 2955 2101 ejus
3004 2031 3188 2089 subito
3237 2031 3347 2087 duo

1752 2119 2043 2178 luminaria
2064 2122 2310 2179 ardentia
2333 2131 2760 2194 conspexerunt,
2785 2132 2842 2179 et
2868 2131 3016 2179 tanto
3040 2122 3350 2178 tremefacti

1753 2211 2090 2281 spectaculo,
2117 2211 2410 2268 redeuntes
2432 2212 2488 2267 in
2511 2212 2831 2281 crastinum,
2856 2227 3081 2270 vaccam
3103 2214 3351 2271 sacristae

1750 2303 2030 2374 propriam
2076 2303 2463 2370 reddiderunt,
2513 2312 2572 2360 et
2615 2302 2780 2360 aliam
2826 2319 2925 2376 pro
2974 2304 3352 2363 satisfactione

1752 2393 2032 2450 commissi
2093 2394 2258 2450 simul
2309 2402 2367 2451 et
2415 2410 2514 2465 pro
2568 2394 2925 2466 indulgentia,
2980 2395 3349 2468 supplicantes

1754 2484 2041 2544 dederunt.
2074 2476 2270 2555 Terra,
2317 2501 2441 2543 cum
2478 2476 2583 2543 fide
2616 2496 2672 2543 et
2712 2488 3036 2555 deVotione,
3072 2489 3247 2545 sancti
3281 2490 3352 2546 de

1756 2577 1964 2633 tumulo
1992 2585 2231 2649 sumpta,
2254 2593 2352 2649 per
2376 2578 2633 2634 meritum
2656 2578 2915 2652 martyris
2937 2579 3091 2650 pellit
3120 2578 3351 2653 languo‘

1754 2680 1864 2736 res,
1893 2677 1948 2726 et
1982 2670 2197 2741 perficit
2224 2671 2508 2727 sanitates.

1826 2760 1955 2817 Haec
1981 2775 2082 2832 ego
2101 2774 2293 2817 servus
2313 2761 2516 2817 Christi
2537 2760 2667 2818 Iesu
2690 2761 2982 2819 Anselmus
3004 2764 3072 2819 de
3093 2764 3350 2835 passione

1757 2862 2074 2911 sanctorum
2099 2862 2154 2910 et
2199 2853 2496 2910 virtutibus
2518 2854 2774 2926 martyris
2807 2856 3033 2926 pretiosi
3059 2855 3345 2927 Guigneri,

1750 2946 1908 3018 juxta
1946 2946 2110 3003 fidem
2135 2947 2507 3014 narrantinm,
2537 2947 2691 3003 brevi
2732 2947 2875 3019 stylo
2896 2947 3119 3019 digessi,
3149 2955 3212 3003 ut
3241 2948 3342 3003 hae

1656 3032 1662 3037 ’
1753 3037 1920 3095 beant
1964 3036 2183 3105 fideles,
2212 3038 2303 3108 qui
2334 3035 2451 3105 ejus
2477 3037 2703 3108 speciali
2725 3037 2795 3070 ³¹⁰
2831 3038 2989 3093 titulo
3018 3036 3349 3109 gloriantur,

1756 3131 1954 3203 quibus
2001 3146 2063 3187 se
2104 3128 2428 3187 lectionibus
2465 3138 2756 3201 occupent,
2789 3139 2844 3186 et
2883 3129 3097 3202 patroni
3139 3130 3348 3202 proprii

1756 3221 1916 3280 fertia
1937 3230 2087 3295 gesta
2107 3221 2608 3294 cognoscant,etob
2624 3222 2732 3278 hoc
2747 3236 2944 3278 nomen
2970 3236 3153 3278 meum
3170 3222 3225 3278 in
3244 3221 3351 3278 fine

1756 3314 2047 3385 s‘ubjunxi,
2076 3324 2138 3370 ut
2178 3329 2277 3385 per
2321 3313 2577 3371 meritum
2621 3314 2910 3387 martyris,
2957 3322 3017 3371 et
3040 3315 3349 3371 orationem

1758 3404 2021 3471 fidelium,
2071 3404 2506 3462 misericordiam
2544 3419 2762 3463 merear
2803 3405 3184 3478 Redemptoris
3217 3405 3351 3464 Jesu

1758 3495 1962 3553 Christi
2010 3495 2225 3552 Domini
2267 3495 2477 3562 nostri,
2524 3496 2620 3568 qui
2676 3511 2800 3555 cum
2829 3496 3003 3554 Patre
3042 3505 3101 3555 et
3143 3496 3351 3569 Spiritu

1761 3599 1954 3646 saneto
1974 3588 2108 3644 vivit
2134 3595 2192 3645 et
2216 3596 2409 3661 regnat
2429 3588 2594 3658 Deus,
2623 3603 2723 3662 per
2745 3588 2931 3647 omnia
2956 3589 3154 3648 saecula
3174 3604 3351 3649 saecu-s

1764 3676 1961 3733 lorum.

1364 3879 1604 3942 VARIIE
1655 3876 2058 3938 LECTIONES.

106 3994 181 4031 ³⁶⁷
223 3990 585 4054 Mactabatur
608 4016 686 4054 ms
717 4007 985 4057 mactatur
1090 3999 1161 4035 ³⁰⁸
1183 3999 1353 4057 Nullae
1382 4000 1450 4058 de
1475 4017 1554 4056 ms
1584 3996 1789 4055 nullum
1811 3996 1881 4052 de

62 4068 271 4137 peciali

2026 3994 2095 4026 ’θ’
2126 3991 2321 4050 Aditus
2369 4007 2446 4048 ms
2487 3981 2716 4049 aedituus
2843 3986 2913 4024 “°
2967 3965 3350 4063 Spirilalim!

1394 4326 1987 4430 JUDICIUM

829 4514 919 4575 DE
944 4514 1398 4575 STABILITATE
1425 4513 1734 4574 MONACHI
1757 4513 1824 4569 ΙΝ
1857 4511 2036 4572 LOCO
2064 4512 2258 4582 QUEM
2295 4503 2550 4572 PUSUIT

107 4796 245 4865 ‘l‘ria
276 4814 421 4864 sunt
458 4794 724 4876 capitula,
756 4810 859 4875 pro
887 4790 1088 4875 quibus
1113 4810 1332 4861 mutare
1362 4792 1492 4860 licet
1517 4803 1657 4870 loca,
1684 4780 1740 4842 Ῑ)
1766 4792 2026 4865 randum;
2077 4798 2186 4855 non
2234 4794 2534 4853 curandum
2584 4788 2652 4849 de
2701 4793 2811 4849 toto
2859 4792 3116 4849 eitteriori
3167 4783 3363 4849 habittf

61 4920 88 4959 η
118 4901 333 4975 quibus
361 4914 429 4956 se
457 4897 687 4954 stabiles
710 4910 832 4953 esse
860 4896 1227 4968 promiserunt
1255 4895 1515 4968 religiosi.
1538 4888 1661 4951 Pri-

61 5006 188 5048 num
232 5000 347 5058 est,
396 4989 577 5044 nimia
623 4988 949 5060 paupertas;
985 4987 1307 5054 secundum,
1352 4984 1661 5057 persecutio

61 5083 249 5151 nimia;
321 5081 591 5144 tertium,
646 5067 1045 5150 irreligiositas.
1101 5076 1237 5133 Nam
1284 5070 1552 5134 stabilitas
1605 5078 1661 5133 in

61 5188 160 5228 oco
193 5186 311 5227 non
344 5165 703 5241 promittitur
745 5165 849 5221 nisi
896 5174 1119 5235 propter
1152 5165 1394 5238 regulam
1430 5172 1663 5223 servan-

61 5264 197 5331 lam;
242 5274 378 5333 quae
410 5273 531 5315 non
564 5256 778 5311 constat
813 5255 866 5310 in
902 5257 1210 5327 praeceptis,
1248 5265 1309 5313 ut
1330 5253 1486 5312 multi
1517 5257 1663 5312 resti-

61 5367 214 5421 nant,
232 5356 338 5413 sed
371 5348 842 5408 institutionibus.
867 5344 1039 5403 Aliter
1063 5342 1206 5403 enim
1232 5358 1664 5421 transgressores

61 5460 252 5520 sacrit,
299 5446 635 5520 quicunque
681 5456 779 5513 per
822 5436 1003 5496 omnia
1033 5439 1274 5510 regulam
1324 5451 1433 5497 non
1479 5453 1662 5497 serva-

61 5553 187 5609 ent,
227 5554 341 5598 nec
386 5529 461 5594 de
493 5531 785 5605 prteceptis
828 5531 883 5587 in
915 5529 1145 5587 arbitrio
1170 5540 1484 5602 poneretur.
1510 5527 1664 5587 insti-

63 5635 291 5691 utiones
320 5638 464 5687 vero
502 5625 736 5693 mutari,
774 5620 831 5682 et
860 5623 977 5681 fieri
1007 5630 1233 5694 possunt
1268 5622 1335 5679 ab
1365 5622 1583 5691 abbate,
1615 5616 1668 5680 si

61 5726 217 5797 uagis
267 5722 445 5778 utiles
475 5726 616 5773 sunt
661 5717 730 5773 ad
773 5717 1069 5789 puritatem
1114 5716 1335 5783 mentis,
1379 5731 1500 5786 quae
1547 5716 1662 5772 sola

61 5817 335 5890 interemi:
405 5822 497 5869 est
563 5824 745 5866 coram
791 5808 923 5874 Deo,
972 5819 1027 5862 et
1072 5823 1168 5879 pro
1217 5824 1325 5879 qua
1357 5807 1469 5864 sola
1514 5807 1658 5865 labo-

1762 4888 1938 4963 q‘ualis
1992 4884 2084 4956 sit,
2132 4889 2228 4946 sed
2274 4885 2782 4959 qubd'sc‘andalutn
2830 4899 2936 4940 non
2990 4884 3176 4939 faciat.
3230 4884 3360 4940 inde

1765 4978 2101 5036 Lanfrancus
2129 4980 2197 5036 ad
2232 4976 2520 5049 quemdam
2559 4974 2886 5031 monachum
2910 4992 2922 5028 :
2944 4974 3245 5031 indicatum
3274 4986 3360 5033 est

1764 5074 1897 5129 mihi
1923 5074 2050 5143 quia
2096 5063 2162 5128 de
2191 5069 2526 5126 monasterio
2577 5077 2668 5124 tuo
2703 5068 2956 5123 recedere
2996 5068 3111 5133 vis,
3151 5068 3252 5125 sed
3292 5068 3362 5125 d6

1764 5150 2037 5235 promissa
2090 5152 2390 5217 stabilitate
2435 5159 2701 5214 sollicitus
2749 5166 2831 5224 es,
2878 5167 2946 5214 ne
2995 5159 3138 5216 unde
3185 5160 3361 5215 Deum

1766 5250 1984 5326 placare
2008 5250 2195 5318 debes,
2219 5252 2348 5307 inde
2374 5250 2547 5320 magis
2569 5246 2832 5305 offendas.
2862 5252 2938 5307 De
2957 5263 3066 5321 quo
3086 5244 3360 5307 ratiawem’

1767 5348 2018 5415 ostendo,
2048 5350 2101 5402 et
2130 5347 2183 5402 in
2206 5342 2545 5402 ostendendo
2567 5358 2653 5397 me
2680 5342 2734 5398 in
2759 5344 3068 5417 exemplum
3090 5344 3169 5400 sic
3192 5334 3283 5402 do.‘
3300 5332 3361 5398 Si

1766 5456 1867 5513 ego
1908 5430 2247 5495 Lanfraneus
2293 5449 2455 5491 manu
2484 5430 2705 5506 prepria
2748 5450 2836 5493 me
2855 5436 2923 5493 de
2962 5436 3143 5507 aliquo
3169 5432 3362 5491 monai

1768 5534 1935 5591 sterio
1983 5550 2089 5589 non
2141 5542 2482 5587 recessurum
2526 5526 2829 5597 iurassem,
2874 5532 2930 5586 et
2972 5530 3213 5587 viderem
3251 5530 3359 5587 hoc

1766 5626 1909 5696 quod
1944 5625 2183 5679 animam
2225 5636 2400 5677 meam
2428 5616 2643 5676 salvare
2685 5636 2790 5677 non
2836 5635 3091 5692 possem;
3121 5630 3354 5685 exrrem,

1761 5729 1865 5771 nec
1914 5714 2140 5787 periurii
2202 5713 2410 5769 crimen
2466 5710 2822 5767 ineurrerem.
2870 5711 2973 5780 Qui
3030 5713 3178 5768 enim
3241 5711 3357 5767 Deo

1762 5816 1983 5879 propter
2027 5806 2195 5862 Deum
2243 5805 2521 5876 alligatur,
2566 5822 2675 5862 non
2725 5806 2792 5861 ab
2842 5805 2958 5875 ipso
3005 5804 3108 5860 nisi
3155 5808 3353 5860 contra
