3898 6318
641 366 749 425 533

1666 363 1757 420 AD
1790 362 2015 420 orem
2053 363 2110 418 s.
2145 363 2443 421 assensu
2483 365 2846 424 APPENDIX.
3213 326 3217 329 ’
3767 377 3798 431 5;

646 484 819 553 ipsum
869 478 1109 536 solvitur.
1162 477 1326 532 Porro
1377 479 1442 532 ab
1491 477 1607 548 ipso
1653 486 1841 534 contra
1887 478 2062 548 ipsum
2111 492 2220 534 non
2252 483 2299 542 Α
2330 480 2602 548 Ecclesiae,
2633 483 2726 536 sed
2765 497 2873 536 una
2923 491 3006 537 est
3052 491 3164 537 toto
3211 463 3342 541 orbe
3381 494 3653 542 terrarum
3683 486 3797 541 ditius

646 570 894 634 solvitur,
925 570 1013 638 qui
1047 579 1262 638 prupter
1291 583 1532 622 amorem
1581 568 1720 637 ejus,
1768 578 1824 622 ut
1853 569 1902 622 ei
1936 569 2071 624 bene
2108 568 2224 640 pla-

643 670 784 726 ceat,
815 675 843 711 a
874 658 997 713 filiis
1025 657 1290 726 superbia:
1319 667 1371 713 et
1416 657 1753 726 diflidentim,
1785 675 1813 711 a
1843 658 1969 714 filiis
2012 659 2223 715 discor-

644 752 771 814 diae,
803 752 880 820 (et
910 759 966 805 ut
995 753 1237 823 apertius
1265 747 1463 820 dicam)
1490 766 1518 804 a
1552 749 1678 805 filiis
1700 749 1896 806 diaboli
1933 749 2130 822 migrat
2156 750 2222 804 ad

639 841 778 898 iiiios
801 842 948 912 pacis
977 852 1031 897 et
1070 842 1208 912 spei,
1237 840 1566 895 lmmililatis
1606 840 1774 895 innuo
1805 839 1944 896 filios
1975 839 2091 896 Dei.
2121 839 2222 908 Qui

639 938 780 989 enim
826 935 905 990 sic
947 935 1163 998 transit,
1195 949 1375 988 mutue
1420 931 1556 1003 fugit
1585 947 1615 986 a
1649 933 1775 986 sede
1802 931 1996 987 diaboli
2037 931 2100 986 ad
2134 946 2222 986 sc-

636 1027 758 1080 tlem
800 1025 930 1082 Dei?
966 1025 1068 1092 Qui
1115 1034 1297 1078 autem
1345 1021 1586 1092 judicent
1635 1037 1756 1076 cum
1799 1022 2160 1077 damnandum
2193 1035 2222 1076 a

636 1115 772 1182 Deo,
802 1116 894 1186 qui
926 1125 984 1170 ut
1010 1115 1076 1168 ad
1104 1123 1336 1184 patrem,
1364 1122 1419 1166 ut
1448 1113 1514 1166 ad
1547 1112 1734 1180 Deum,
1769 1122 1824 1168 ut
1852 1113 1919 1168 ad
1959 1113 2217 1184 amicum,

636 1209 771 1279 fugit
799 1209 867 1264 ad
895 1208 1110 1278 ipsum?
1134 1207 1402 1262 Praeterea
1430 1207 1623 1276 quisic
1648 1206 1864 1272 transit,
1893 1221 1997 1260 non
2029 1205 2095 1258 ab
2122 1206 2218 1260 Ee-

632 1298 802 1354 elesia
831 1300 898 1355 ad
931 1298 1228 1354 Ecclesiam
1261 1299 1486 1366 transit;
1535 1314 1639 1354 non
1686 1298 1830 1354 enim
1873 1297 2056 1368 plures
2089 1305 2218 1353 sunt

2326 579 2382 626 et
2440 571 2530 626 uni
2585 570 2696 626 Deo
2744 573 2949 643 ubique
2998 577 3255 640 servitur,
3307 577 3392 633 uni
3456 578 3571 647 regi
3624 580 3797 633 militauit

2326 659 2610 718 Postremo
2644 662 2837 720 beatus
2863 657 3208 732 Benedictus
3253 669 3344 741 qui
3374 661 3713 726 stabilitatem
3740 688 3798 740 pr:

2327 750 2470 820 cepit
2518 749 2738 808 firmare
2784 755 3152 823 monachum,
3201 757 3270 812 ab
3314 757 3422 814 alio
3471 764 3797 816 monasterio:

2325 840 2471 894 aliud
2509 842 2814 898 venientem
2836 845 2990 916 jubet
3010 849 3234 920 suscipi,
3267 859 3321 904 et
3360 851 3404 907 si
3438 851 3600 907 bona:
3629 855 3728 907 vitae
3753 853 3798 910 lat

2327 930 2421 996 rit,
2453 941 2507 985 et
2544 933 2898 990 stabilitatem
2935 951 3088 991 suam
3126 937 3329 1004 firmet,
3359 942 3576 996 suadet.
3613 941 3797 1008 Qttattttk

2317 1020 2409 1079 bia
2439 1033 2491 1077 et
2516 1024 2694 1081 brevis
2723 1029 2794 1082 sit
2819 1027 2930 1082 vita
2957 1029 3219 1099 hominis,
3243 1041 3300 1086 et
3322 1048 3489 1102 quam
3523 1033 3710 1089 infinita
3732 1048 3797 1087 sum

2319 1132 2442 1189 quae
2503 1131 2805 1192 sequuntur
2852 1124 2992 1180 bona
3048 1125 3132 1181 vel
3185 1125 3346 1194 mala,
3393 1127 3719 1185 incessanter
3751 1145 3797 1182 me

2317 1224 2549 1265 morare.

633 1437 3798 1465 ww

1241 1598 2095 1719 MIBACULUM
2183 1599 2704 1718 SANCTl
2786 1564 3280 1721 JACOBI

1798 1823 1843 1878 Α
1888 1817 2150 1878 DOMINO
2187 1819 2511 1879 ANSELMO
2550 1820 2808 1881 EDITUM

594 1900 620 1958 δ

640 1979 720 2047 De
747 1979 953 2043 milite
996 1997 1192 2059 quem
1211 1993 1280 2042 ιη
1321 1977 1558 2066 agonia
1586 1979 1811 2066 mortis
1838 1995 1877 2042 δι
1897 1979 2336 2066 daemonibus
2353 1995 2772 2066 oppressum,
2833 1981 3063 2066 beatus
3111 1984 3448 2066 apostolus
3479 2001 3590 2066 per
3618 1983 3788 2047 tuendi-ri

1421 2057 1720 2124 baculum
1753 2066 1816 2122 et
1839 2057 2172 2124 sacculum
2205 2057 2609 2126 muliercqu
2644 2061 2942 2125 liberavit
2968 2061 3056 2144 (1)

1799 2225 1913 2300 (Ex
1933 2242 2033 2284 ms.
2059 2224 2528 2300 Sangermanemi,
2551 2243 2606 2283 n.
2636 2226 2764 2301 608)

2041 2358 2488 2386 Ψ*

692 2516 831 2572 Tres
861 2515 1060 2572 milites
1111 2515 1410 2571 dimccseos
1466 2509 1805 2570 Ludunensis
1855 2514 2108 2574 ECClcSiil’
2139 2515 2207 2592 de
2238 2500 2282 2560 Β
2311 2513 2634 2568 accedentes
2659 2521 2880 2570 monent
2901 2521 2960 2568 ut
3008 2525 3230 2583 peccata
3253 2533 3349 2574 sua
3375 2521 3777 2585 confiteatur,ctn

619 2609 820 2679 oppido
868 2606 1122 2662 Dumezai
1164 2607 1265 2663 sibi
1303 2607 1663 2662 condixerunt
1709 2615 1766 2660 ut
1804 2606 1992 2662 orandi
2041 2622 2204 2662 causa

617 2697 880 2753 laeobum
903 2696 1203 2767 apostolum
1229 2695 1340 2751 oris
1363 2691 1586 2762 Galetite
1616 2695 1850 2762 adirent,
1896 2705 1951 2751 et
1978 2695 2202 2766 profecti

618 2799 766 2852 sunt.
797 2789 898 2857 Qui
933 2805 1054 2844 cum
1078 2797 1269 2844 essent
1321 2787 1376 2843 in
1416 2787 1502 2844 via
1569 2786 2019 2858 peregrinationis
2064 2788 2205 2858 ejus.

615 2883 762 2952 dem,
785 2882 1160 2942 mulierculam
1200 2882 1544 2943 invenerunt,
1598 2896 1716 2952 qua:
1741 2897 1828 2938 res
1875 2883 1978 2938 sibi
2014 2897 2202 2940 neces-

611 2975 788 3030 sarias
819 2974 872 3028 in
923 2971 1144 3030 sacculo
1194 2973 1429 3041 quodam
1488 2971 1782 3027 deferebat.
1839 2971 1974 3028 Cum
2018 2982 2200 3027 autem

607 3067 822 3136 equites
845 3063 1041 3119 iutuita
1090 3061 1302 3126 fuisset,
1333 3061 1544 3130 rogavit
1573 3070 1628 3116 ut
1658 3061 1740 3118 sui
1769 3062 1976 3118 miserli
2023 3063 2198 3118 sarci-

608 3157 794 3220 nulam
817 3169 982 3224 quam
1015 3151 1244 3214 ferebat.
1273 3151 1328 3206 in
1367 3151 1480 3207 suis
1494 3150 1754 3222 jumentis
1812 3167 1999 3208 amore
2050 3152 2196 3207 beati

606 3245 856 3316 apostoli,
879 3245 1262 3314 deportarent,
1303 3257 1529 3313 seseque
1571 3243 1703 3297 tanti
1753 3242 1937 3299 labore
1983 3243 2201 3300 itineris

611 3338 970 3393 allevarent:
1024 3350 1251 3405 quorum
1311 3350 1447 3390 unus
1497 3334 1796 3406 peregrina:
1839 3335 2046 3406 petioni
2094 3352 2195 3391 an-

607 3448 804 3498 nuens,
829 3430 946 3501 ejus
1001 3430 1292 3490 manticam
1349 3429 1584 3500 Suscepit
1633 3437 1688 3484 et
1733 3429 1987 3498 portavit.
2026 3427 2196 3499 Igitur

610 3523 859 3580 veniente
897 3535 1121 3591 vespera
1171 3519 1364 3575 mulier
1408 3520 1652 3576 insecuta
1708 3518 1926 3584 milites,
1979 3519 2047 3574 de
2093 3533 2191 3573 sua

604 3613 880 3669 sarcinula
911 3614 1015 3670 sibi
1055 3612 1356 3683 accipiebat
1380 3612 1712 3668 necessaria.
1760 3611 1830 3668 Et
1874 3611 2052 3682 primo
2077 3611 2192 3684 gal-

601 3704 782 3760 lorum
814 3717 974 3760 cantu
1005 3721 1123 3760 cum
1154 3705 1424 3776 peregrini
1459 3703 1666 3773 pedites
1692 3703 1962 3773 proficisci
1989 3702 2187 3769 solent,

601 3797 772 3869 equiti
812 3797 1086 3853 sacculum
1132 3796 1416 3864 reddebat,
1467 3796 1653 3866 sicque
1709 3792 1961 3866 expedita
2015 3793 2188 3849 latior

2307 2619 2429 2672 quae
2481 2602 2851 2658 Christianum
2905 2605 3074 2660 refert
3118 2617 3304 2679 petere
3356 2621 3586 2682 quau-al,-
3623 2619 3776 2673 suum!

2306 2693 2574 2748 maturius
2609 2695 2813 2748 exitum
2864 2696 3093 2751 muniat.
3150 2696 3263 2755 Hoc
3288 2699 3380 2756 ille
3430 2703 3635 2758 audiens
3670 2698 3773 2752 facit:

2304 2788 2521 2852 avertit,
2551 2797 2606 2846 ct
2630 2788 2959 2857 respondere
2998 2805 3104 2846 non
3159 2793 3356 2862 potuit,
3405 2795 3585 2865 sicque
3628 2805 3698 2863 per
3727 2799 3772 2840 tn-

2302 2877 2467 2932 duum
2499 2878 2616 2934 sine
2641 2879 2790 2934 verbi
2825 2879 3125 2950 prolatione
3147 2883 3343 2954 jacuit.
3389 2887 3518 2942 Inde
3543 2885 3770 2940 vehementer

2302 2980 2538 3024 maerore
2565 2969 2748 3026 alllieti
2775 2979 2923 3042 sunt,
2958 2983 3067 3027 tum
3101 2977 3227 3046 quia
3250 2977 3318 3032 de
3347 2978 3469 3048 ejus
3490 2979 3642 3034 salute
3670 2973 3769 3038 δεμ

2299 3071 2576 3125 rat-erant,
2604 3069 2716 3115 tum
2745 3063 2978 3117 maxime
3002 3065 3124 3134 quia
3156 3082 3269 3122 sua:
3289 3069 3520 3126 salutem
3545 3069 3692 3123 animae
3709 3075 3767 3130 rw

2302 3165 2500 3207 curare
2560 3166 2668 3208 non
2721 3162 2959 3224 poterat.
3026 3157 3268 3223 Quadam
3316 3172 3500 3218 autem
3542 3162 3616 3216 die
3649 3155 3766 3227 quam

2297 3255 2420 3296 eum
2450 3242 2612 3299 citius
2638 3243 2888 3314 spiritum
2909 3247 3169 3304 exhalare
3191 3251 3479 3319 putabant,
3515 3251 3606 3307 illis
3627 3247 3760 3301 circae

2296 3332 2616 3390 sedentibus
2645 3343 2698 3391 et
2719 3335 2924 3391 exitum
2978 3337 3120 3394 illius
3171 3343 3599 3410 prtestolantibus
3631 3332 3762 3408 gruit“

2294 3426 2575 3494 suspirans
2599 3425 2812 3484 locutus
2841 3435 2945 3483 est.
2995 3447 3014 3480 ε
3048 3431 3484 3505 ϐτξιιεεςίιιᾳυίι,
3507 3446 3594 3504 ago
3635 3428 3759 3482 Deo.“

2295 3515 2353 3572 S.
2377 3517 2582 3576 Jacobo
2606 3519 2825 3576 domino
2857 3535 3000 3589 meo,
3048 3524 3172 3593 quia
3206 3525 3470 3582 liberatus
3491 3539 3644 3582 sunt.»
3683 3513 3757 3579 Otii

2291 3608 2383 3678 qui
2410 3609 2644 3666 aderant
2683 3621 2991 3682 quaerentes
3035 3614 3163 3683 quid
3203 3614 3659 3685 significaveritzt
3693 3602 3753 3655 [Α
3785 3605 3787 3651 l

2291 3697 2486 3768 inquit,
2531 3714 2598 3756 ex
2621 3714 2730 3770 quo
2773 3700 2917 3756 sensi
2947 3716 3033 3756 me
3080 3702 3341 3774 languore
3390 3702 3607 3778 gravari.
3642 3699 3754 3749 met"

2294 3790 2489 3846 tacitus
2509 3791 2649 3864 coepi
2687 3791 2926 3862 cogitare
2962 3794 3106 3864 quod
3151 3808 3254 3866 ego
3286 3795 3478 3852 vellem
3505 3796 3677 3865 peccati
3693 3791 3750 3833 ι¹τ³
3782 3823 3783 3841 ξ

600 3889 815 3960 agebat.
839 3889 1050 3944 Taliter
1092 3887 1250 3944 miles
1301 3903 1487 3943 amore
1535 3887 1763 3958 apostoli
1794 3886 2039 3942 serviens
2063 3901 2180 3941 mu-
2215 3877 2261 3941 C
2291 3883 2563 3951 confiteri,
2593 3899 2748 3940 sacra
2780 3885 3036 3942 unctione
3073 3886 3246 3955 liniri,
3285 3898 3344 3945 et
3381 3885 3578 3947 Domini
3613 3870 3750 3944 eam“

595 3980 858 4048 lierculze,
907 3980 974 4037 ad
1010 3980 1188 4038 locum
1235 3979 1500 4035 orationis
1561 3987 1802 4049 optatura
1852 3976 2187 4034 festinabat:

596 4075 693 4128 sed
716 4089 840 4129 cum
867 4073 1148 4130 duodecim
1175 4071 1342 4128 dietis
1361 4071 1430 4127 ab
1453 4071 1585 4126 urbe
1612 4070 1671 4126 Β.
1689 4069 1872 4127 Jacobi
1902 4069 2186 4134 distarent,

595 4179 893 4235 pauperem
951 4163 1284 4218 infirmatam
1339 4162 1544 4217 invenit
1586 4161 1641 4216 in
1672 4161 1892 4229 itinere,
1923 4161 2017 4232 qui
2064 4177 2186 4216 eum

598 4255 765 4327 erepit
794 4271 956 4312 orare
1011 4265 1068 4310 ut
1096 4255 1200 4312 sibi
1247 4269 1448 4326 equum
1503 4269 1659 4311 suum
1710 4253 1778 4310 ad
1832 4253 2184 4325 equitandum

601 4346 1091 4415 accommodaret,
1153 4354 1430 4416 quatenus
1477 4344 1544 4399 ad
1599 4353 1849 4400 sanetum
1899 4341 2187 4413 pervenire

593 4452 830 4513 posset;
881 4441 1124 4512 alioquin
1172 4446 1484 4494 moreretur
1533 4437 1587 4492 in
1642 4437 1748 4500 via,
1777 4435 1904 4505 quia
1953 4433 2186 4504 amplius

595 4532 877 4588 ambulare
903 4545 1010 4587 non
1039 4537 1275 4601 poterat.
1321 4526 1613 4584 Consensit
1670 4524 1846 4592 miles,
1877 4523 2179 4592 descendit,

593 4622 955 4693 imposuitque
986 4618 1292 4675 mendicum
1320 4630 1484 4685 super
1509 4629 1710 4685 equum
1751 4628 1930 4681 suum,
1957 4611 2181 4684 ejusque

590 4712 844 4769 baculum
869 4714 922 4767 in
951 4727 1116 4768 manu
1145 4723 1240 4767 sua
1269 4709 1498 4778 accepit,
1539 4707 1718 4763 ferens
1755 4706 1916 4762 etiam
1959 4707 2182 4778 proprio

589 4804 738 4882 collo
769 4813 820 4860 et
877 4801 1208 4860 sarcinulam
1247 4799 1578 4856 mulierculae
1630 4813 1792 4872 quam
1838 4809 2176 4872 susceperat.

590 4897 697 4960 Sed
727 4912 848 4952 cum
877 4897 947 4950 ita
989 4904 1258 4967 pergeret,
1289 4893 1458 4951 nimio
1503 4891 1632 4948 solis
1675 4891 1888 4947 fervore
1916 4905 1982 4946 ae
2031 4889 2176 4960 longi

588 4987 806 5044 itineris
833 4985 1123 5045 solitudine
1150 4985 1476 5040 constrictus
1516 4983 1780 5040 iniit-mari
1807 4981 1990 5052 erepit.
2022 4980 2175 5047 Quod

587 5078 679 5158 ubi
706 5074 899 5156 sensit,
923 5075 1260 5148 perpendens
1296 5074 1420 5145 quia
1478 5073 1531 5127 in
1563 5070 1747 5127 multis
1776 5085 1918 5140 saepe
1945 5068 2171 5123 multum

584 5167 894 5234 offenderit,
963 5166 1458 5223 incommoditatem
1491 5181 1644 5220 suam
1709 5161 1936 5233 apostoli
1989 5176 2172 5216 amore

584 5273 758 5336 usque
785 5257 856 5342 ad.
880 5259 996 5327 ejus
1046 5257 1233 5314 limina
1271 5256 1499 5327 pedibus
1541 5265 1828 5310 eunte.....
1871 5251 2167 5314 toleravit:
2205 5225 2248 5280 ί)
2275 5261 2435 5316 miras
2474 5277 2559 5317 me
2585 5261 2724 5332 cepi;
2753 5262 2804 5315 in
2857 5225 3016 5315 ηιαξιη
3072 5264 3260 5317 denm
3320 5225 3518 5319 ιὲηὲωι
3545 5229 3722 5342 ςιωσιιιυῗ

584 5333 676 5434 ubi
708 5335 952 5422 apostolo
980 5337 1302 5421 deprecato,
1327 5337 1381 5402 et
1412 5347 1647 5418 ltuspitio
1699 5355 1940 5415 recepto,
1993 5353 2048 5400 et
2079 5341 2184 5398 ea-'
2272 5354 2418 5409 enim
2445 5327 2680 5409 ικιιωιηιί
2713 5369 2810 5423 pro
2853 5352 3039 5409 tamen
3086 5356 3361 5411 sacculum
3413 5369 3498 5427 pro
3539 5327 3718 5434 palata

582 5443 704 5497 dem
731 5441 970 5496 molestia
997 5457 1157 5514 quam
1203 5441 1253 5496 in
1306 5439 1392 5494 via
1423 5449 1662 5508 ceperat,
1700 5437 1841 5492 lecte
1889 5435 2166 5500 deculnn’t,

578 5545 633 5596 et
660 5533 863 5608 aliquot
901 5525 1087 5590 ditibus
1114 5534 1524 5603 ingravescente
1556 5529 1775 5598 langore
1792 5527 1982 5600 iacvit.
2014 5527 2167 5594 Quod
2269 5533 2482 5590 elevato
2507 5505 2702 5588 bac-uio
2729 5534 2879 5589 visus
2908 5545 2989 5590 est
3018 5505 3307 5607 percutere
3352 5505 3717 5632 damnasti";
3743 5561 3745 5632 i

578 5625 670 5682 alii
698 5626 897 5682 milites
923 5627 1016 5698 qui
1040 5624 1158 5695 ejus
1197 5621 1330 5677 socii
1381 5619 1593 5676 fuerant
1639 5619 1904 5686 videntes,
1945 5619 2011 5673 ad
2041 5632 2162 5672 eum

643 5789 722 5857 tt)
748 5784 804 5837 S.
836 5779 1093 5836 Auselmo
1127 5777 1266 5831 falso
1286 5774 1448 5829 tribui
1459 5782 1561 5827 tur.

2269 4895 2441 4962 'quam
2467 4891 2613 4964 loqui
2645 4893 2952 4965 cmpissem,
2982 4892 3203 4947 intravit
3236 4895 3340 4948 huc
3381 4893 3437 4949 S.
3481 4880 3671 4942 Jacobus.
3701 4861 3732 4965 ίιξ

2291 3975 2637 4047 perceptione
2667 3976 2892 4032 muniri.
2943 3977 3052 4033 Sed
3095 3980 3222 4035 dum
3270 3981 3391 4038 haec
3419 3982 3472 4036 in
3518 3970 3779 4034 sileniotnw

2291 4075 2520 4132 etarem,
2550 4067 2729 4123 subito
2758 4067 2905 4122 venit
2939 4068 3092 4124 turba
3124 4077 3388 4125 tetrorum
3423 4067 3674 4141 spirituum.
3691 4061 3746 4121 (1³³

2291 4173 2378 4215 me
2403 4158 2455 4212 in
2482 4167 2690 4213 tantmu
2719 4160 3010 4229 Oppressit,
3042 4169 3100 4216 ut
3135 4175 3312 4232 neque
3334 4164 3500 4219 verbo
3524 4147 3746 4225 nequem”

2289 4263 2356 4304 ex
2392 4249 2480 4304 illa
2501 4249 2631 4304 liora
2660 4250 2889 4306 inuuere
2933 4251 3202 4322 potuerim
3224 4231 3375 4323 quod
3429 4252 3493 4309 ad
3520 4257 3656 4306 meam
3673 4231 3744 4290 ε³¹¹¹

2289 4350 2396 4397 tem
2433 4341 2772 4412 pertinuerit.
2801 4341 2868 4396 Et
2891 4357 3010 4412 qum
3037 4343 3300 4399 dicebatis
3329 4345 3466 4402 bene
3486 4327 3742 4402 intelliget“
3770 4403 3771 4413 χ

2285 4429 2381 4485 sed
2421 4429 2566 4484 nulla
2595 4430 2805 4486 ratione
2831 4432 3159 4500 respondere
3207 4441 3455 4502 poteram
3481 4449 3494 4486 :
3517 4440 3617 4484 nam
3635 4420 3740 4510 Mf
3768 4501 3769 4507 γ

2286 4539 2382 4580 nes
2406 4525 2497 4595 qui
2522 4525 2590 4579 ad
2616 4541 2702 4580 me
2729 4527 3128 4591 confluxerant,
3154 4525 3244 4580 alii
3271 4527 3406 4582 mibi
3443 4527 3636 4593 linguam
3657 4514 3740 4561 ευτ’
3765 4567 3767 4603 ἶ

2283 4617 2503 4687 gebant,
2529 4617 2620 4671 alii
2655 4616 2843 4672 oculos
2874 4633 3024 4674 meos
3068 4619 3421 4684 claudebant,
3462 4601 3651 4671 nonnulli
3672 4600 3737 4687 ηυξ

2281 4685 2388 4781 {Ine
2416 4719 2577 4780 caput
2597 4718 2654 4768 δι
2683 4724 2883 4782 corpus
2933 4725 3114 4767 meum
3145 4712 3214 4767 ad
3266 4711 3475 4768 libitum
3499 4715 3623 4762 suum
3645 4685 3736 4747 W5

2280 4800 2408 4856 illuc
2440 4816 2525 4856 me
2548 4801 2768 4856 nolente
2804 4801 3090 4856 vertebant
3117 4818 3136 4868 ;
3169 4801 3264 4858 sed
3315 4804 3472 4858 modo
3501 4789 3626 4867 pallio
3656 4785 3734 4868 ³³³³,θ

2281 4979 2408 5039 rens
2433 4961 2654 5038 sinistra
2706 4961 2866 5037 manu
2903 4984 3234 5041 muliercula:
3282 4983 3539 5042 sacculum
3577 4973 3682 5040 quem

2278 5077 2361 5128 via
2389 5075 2636 5138 tuleram,
2673 5075 2920 5130 baculum
2980 5091 3110 5133 vero
3156 5078 3390 5134 mendici
3441 5079 3575 5144 quem
3614 5049 3730 5144 Poni"

2277 5169 2402 5222 dum
2436 5170 2574 5224 idem
2607 5169 2874 5239 cquitaret
2903 5183 3100 5239 equum
3162 5185 3365 5238 meum,
3398 5171 3497 5241 ipsa
3528 5167 3609 5228 qua
3650 5133 3726 5194 lim"

2277 5261 2433 5297 ..ιῖίσιρ
2476 5277 2559 5297 mn
2585 5261 2718 5297 ιωηςι
2753 5262 2803 5297 in
2857 5277 3016 5297 mam.
3072 5264 3258 5297 μονὴ...
3320 5260 3514 5297 una.ij
3545 5229 3724 5297 gbartlill”

3503 5255 3646 5316 “hac

2273 5444 2558 5500 confestim
2585 5445 2742 5516 quasi
2770 5443 2971 5499 furoris
3001 5446 3373 5517 indignatione
3396 5416 3582 5502 veniens
3603 5416 3722 5517 “‘1'”?

2274 5637 2580 5695 tenuerant,
2605 5627 2696 5699 qui
2731 5628 2981 5700 protinus
3018 5603 3287 5699 fugerunt
3338 5603 3678 5688 territi;(l""sl

3731 4663 3765 4728 Il

3731 4743 3763 4803 ,Ι

3755 5037 3757 5079 l

3753 5127 3755 5175 Ι

3751 5207 3753 5269 l

3747 5303 3751 5365 l

3747 5389 3749 5459 ι

3743 5483 3747 5578 J

3743 5579 3745 5651 ι

3740 5657 3743 5750 ¹

3735 5989 3737 6031 l
