3898 6318
1339 331 1393 345 ‘—

55 421 129 476 37.

951 413 1231 472 spuma.
1267 445 1336 455 -
1378 412 1788 474 MIRACL‘LUM
1831 401 2072 471 saxcrt
2112 415 2364 473 JACOBI.

3182 413 3286 467 533

56 537 296 588 tsecutus
341 539 444 599 per
485 527 742 601 angulum
787 523 938 584 illum
982 529 1112 585 hinc
1156 529 1307 584 exire
1355 529 1532 600 coegit
1595 535 1686 592 :A
1715 533 1914 589 veritas
1951 535 2264 592 declaravit.
2298 537 2588 606 Postquam
2648 535 2791 592 enim
2839 533 3154 605 peregrinus
3199 529 3291 584 ille

56 636 222 680 tecce
255 621 348 677 Dei
371 629 426 677 et
456 621 516 676 Β.
546 620 730 679 Jacobi
765 622 936 693 gratia
971 621 1234 678 liberatus
1280 621 1348 676 ab
1377 613 1483 676 illis
1509 623 1601 694 qui

55 731 106 771 te
146 715 486 784 premebant,
536 713 682 786 loqui
721 715 921 781 valeo;
970 721 1036 771 ac
1083 715 1245 771 citius
1296 715 1516 782 mittite,
1547 725 1606 772 et

63 805 621 878 resbyterum’acrite,
663 806 757 876 qui
791 807 925 862 mihi
963 815 1169 863 sanctae
1207 807 1607 864 communionis

61 897 275 953 laticum
304 897 762 962 tribuat;diutiu’s
794 898 938 952 enim
969 898 1022 953 in
1049 897 1152 954 hac
1190 898 1298 953 vita
1343 898 1599 954 manendi

55 1006 134 1046 ton
170 989 348 1046 habeo
367 989 663 1047 licentiam.
687 1008 704 1041 ι
733 990 834 1056 Qtti
864 1005 985 1045 cum
1031 990 1331 1057 misissem,
1361 991 1485 1046 dum
1519 990 1609 1046 ille

55 1096 239 1146 noram
293 1079 544 1136 veniendi
595 1079 838 1146 faceret,
865 1095 1029 1140 unum
1062 1079 1130 1153 de
1165 1081 1333 1137 sociis
1377 1081 1491 1136 suis
1521 1097 1619 1152 pu-

55 1172 167 1227 dice
187 1170 486 1238 admonuit,
518 1169 709 1226 dicens
735 1187 748 1223 :
781 1187 800 1221 ι
824 1170 1033 1237 Amice,
1069 1169 1265 1240 inquit,
1290 1169 1396 1226 noli
1423 1170 1630 1227 amodo

55 1263 217 1320 lirino
244 1263 464 1319 domino
493 1270 586 1316 tuo
607 1261 773 1317 Calvo
801 1260 1055 1325 militare,
1087 1261 1173 1316 cui
1213 1262 1479 1317 hactenus
1517 1261 1618 1317 ad»

1710 617 1853 681 bono
1879 625 1983 681 fine
2014 628 2238 696 quievit,
2265 640 2322 683 et
2357 631 2649 699 sepulturae
2677 629 2903 684 traditus
2927 635 3025 685 est.
3056 612 3290 698 reversi;

1711 714 1874 772 sociis
1903 727 1957 771 et
1984 718 2331 774 narrantibus
2359 735 2477 788 quae
2503 730 2653 790 gesta
2693 729 2843 783 sunt,
2875 716 3163 788 praedictus
3199 710 3318 772 Gizi

1713 763 1873 772 ---ην
1907 763 1957 771 ν-
1984 763 2331 774 ..-η-...ηπ
2361 763 2477 788 ,νην
2503 763 2653 790 οη...
2876 763 3163 788 ,........--.._
3204 763 3289 772 -.-

1713 805 1882 867 rinus,
1910 816 2268 878 cegnomcnto
2293 808 2507 876 Calvus,
2559 811 2650 881 qui
2688 811 2840 864 dives
2887 809 3051 866 homo
3096 763 3340 874 luent,“

1713 911 1900 954 eorum
1939 898 2256 956 relationem
2285 916 2386 970 pro
2406 917 2595 957 SOtttllo
2615 901 2791 969 duxit,
2844 916 2942 957 nec
2963 915 3020 956 se
3064 917 3092 954 a
3120 898 3312 970 pravis

1716 996 1826 1043 tate
1853 1005 1946 1045 sua
1984 989 2275 1060 quidquam
2315 991 2622 1046 emendavit
2654 1009 2668 1057 ;
2696 992 2836 1047 unde
2864 1007 2971 1046 non
2993 1000 3114 1060 post
3156 975 3300 1043 niui-

1715 1089 1799 1136 tos
1825 1081 1941 1138 dies
1994 1083 2226 1154 contigit
2269 1083 2397 1137 dttttt
2458 1083 2683 1138 militem
2717 1085 2884 1138 armis
2943 1083 3299 1142 interﬁceret.

1717 1173 1832 1243 ipse
1857 1189 2074 1246 quoque
2105 1173 2349 1244 ejusdem
2401 1175 2586 1230 militis
2636 1175 2824 1231 lancea
2863 1159 3194 1230 transfossus
3224 1174 3308 1228 iu-

1717 1267 1930 1322 tcriret.
1966 1267 2106 1339 Ergo
2129 1267 2263 1340 Regi
2289 1282 2474 1338 regum
2508 1269 2736 1328 Domino
2769 1267 2830 1324 N.
2861 1266 2912 1325 ι.
2944 1267 3006 1324 C.
3033 1267 3087 1324 in
3109 1267 3306 1338 saecula

55 1351 254 1420 resisti,
284 1352 554 1409 veraciter
571 1353 716 1409 enim
747 1351 1036 1406 damnatus
1063 1360 1167 1418 est,
1201 1361 1256 1407 et
1280 1353 1333 1407 in
1371 1353 1619 1423 proximo
1712 1356 2034 1414 secutorum
2057 1371 2251 1418 amen._

55 1443 170 1508 Itala
195 1454 371 1500 morte
397 1445 711 1499 mriturus.
753 1461 772 1496 ι
825 1441 902 1496 De
928 1457 1036 1512 quo
1064 1442 1136 1497 ita
1189 1443 1481 1515 contigisse
1538 1443 1615 1499 rei

55 1562 3240 1590 mm

560 1714 1277 1813 MIRACULUM
1355 1710 1843 1805 GBANDE'
1904 1709 2326 1807 SANCTI
2400 1710 2764 1807 JACOB

55 1885 94 1955 ις
117 1885 394 1968 Domino
426 1887 736 1968 Anselmo
764 1885 1211 1968 Cantuariensi
1239 1881 2026 1968 archiepiscopo_ed_itum,
2048 1883 2129 1968 de
2160 1886 2501 1968 peregrino
2533 1885 2651 1968 qui
2683 1902 2902 1968 amore
2933 1886 3207 1966 apostoli
3247 1903 3319 1949 se

111 1965 412 2044 peremit,
433 1974 495 2029 et
517 1967 885 2033 BJacobus
919 1967 1108 2032 iilum
1136 1965 1214 2030 ad
1246 1962 1474 2041 vitam,
1498 1962 1680 2028 beata
1716 1962 1836 2026 Dei
1868 1962 2194 2029 Genitrice
2225 1962 2426 2030 Maria
2457 1962 2836 2042 auiiliante,
2868 1966 2948 2031 de
2975 1962 3183 2030 morte
3213 1982 3322 2029 re-

113 2043 304 2112 duxit
340 2045 426 2126 (2)

1508 2166 1606 2242 (Ea:
1639 2168 1756 2223 cod.
1787 2167 1929 2240 ms.)

110 2465 282 2536 Prope
309 2464 690 2522 Luduucnscm
719 2464 1000 2521 civitatem
1038 2472 1120 2518 est
1147 2461 1304 2516 vicus
1328 2458 1546 2529 quidam
1576 2461 1628 2516 in
1661 2441 1706 2502 θ
1735 2467 1890 2530 grata
1915 2472 2021 2514 non
2065 2457 2192 2514 erit.
2217 2477 2238 2511 ι
2273 2457 2386 2516 lloc
2417 2460 2564 2516 dicto
2590 2460 2659 2516 ab
2693 2459 2866 2517 oculis
2909 2475 2966 2516 se
3020 2458 3330 2516 videntibus

56 2573 144 2625 pro
176 2556 401 2629 juvenis
427 2557 648 2626 quidam
701 2555 1036 2622 morabatur,
1091 2554 1311 2610 nomine
1355 2551 1630 2622 Giraldus,

56 2649 124 2717 ιιιὶ
159 2657 275 2706 arte
313 2647 603 2719 pelletaria
640 2649 964 2713 instructus,
1008 2647 1163 2716 juxta
1213 2645 1454 2700 laborem
1511 2660 1630 2698 ma-

56 2753 197 2794 mum
237 2751 476 2798 suarum
529 2738 763 2804 vivebat,
800 2748 855 2793 et
906 2746 1059 2807 patre
1089 2745 1188 2792 suo
1229 2735 1482 2792 defuncto
1522 2737 1638 2792 suis

57 2829 314 2888 abet-ibus
369 2839 603 2886 matrem
645 2845 799 2892 suam
855 2830 1179 2885 sustinebat.
1231 2827 1329 2884 llic
1386 2838 1634 2884 sanetmn

55 2918 293 2978 Iacobum
355 2922 711 2978 vehementer
765 2919 1066 2992 diligebat,
1124 2921 1191 2975 ad
1249 2919 1403 2989 cujus
1452 2921 1638 2974 limina

55 3013 273 3085 singulis
295 3015 468 3071 annis
493 3015 683 3072 venire
715 3023 772 3070 et
800 3030 954 3071 suam
1008 3013 1370 3072 obedientiam
1430 3013 1641 3070 solebat

55 3105 262 3162 oll‘erre.
299 3107 545 3168 Uxorem
570 3124 678 3164 non
709 3108 966 3174 habebat,
1005 3106 1098 3162 sed
1120 3106 1267 3162 solus
1313 3122 1436 3162 cum
1468 3116 1641 3162 matre

57 3214 142 3252 sta
169 3202 342 3256 vetula
380 3201 551 3256 vitam
582 3209 791 3256 castam
821 3200 1084 3270 gerebat.
1110 3197 1216 3254 Sed
1249 3214 1374 3255 eum
1399 3199 1643 3258 diuseule

61 3303 108 3344 se
137 3293 463 3361 contineret,
515 3292 732 3349 tandem
778 3293 896 3348 vice
923 3293 1104 3348 carnis
1152 3292 1428 3361 voluptate
1484 3305 1643 3361 supe-

63 3388 201 3435 ratus
229 3397 348 3437 cum
395 3381 649 3451 juvencla
693 3382 927 3451 quadam
979 3381 1280 3438 fornicatus
1321 3390 1422 3436 est.
1486 3379 1644 3436 Mane

65 3479 230 3527 autem
264 3473 408 3530 facto
434 3474 560 3544 quia
587 3473 1006 3544 peregrinationi
1032 3474 1182 3544 prius
1197 3488 1257 3530 se
1279 3473 1664 3543 disposuerat,

69 3575 178 3615 cum
211 3562 422 3620 duobus
444 3563 638 3618 vicinis
658 3564 772 3618 suis
793 3563 995 3618 ducens
1012 3577 1198 3618 secum
1227 3563 1438 3618 asinum
1462 3577 1643 3630 suum,

72 3655 123 3708 td
149 3651 408 3711 Sanctum
451 3653 711 3711 Jacobum
765 3655 846 3709 ire
891 3654 1080 3724 erepit.
1135 3653 1276 3722 Qui,
1309 3667 1435 3711 eum
1481 3653 1534 3707 in
1560 3653 1667 3712 via.

74 3755 260 3815 issent,
281 3749 605 3804 invenerunt
629 3746 918 3817 quemdam
951 3745 1257 3801 mendicum
1281 3745 1349 3800 ad
1390 3742 1647 3800 Sanctum

77 3834 315 3895 Iacobum
342 3839 804 3912 proﬁciscentem.
833 3836 988 3893 Hune
1025 3851 1208 3895 secum
1258 3845 1313 3892 et
1349 3835 1520 3907 gratia
1563 3849 1648 3890 so-

80 3929 300 3998 :ietatis,
327 3941 382 3987 et
415 3932 593 4002 potius
623 3946 812 3986 amore
865 3930 1040 3986 sancti
1091 3929 1320 3999 apostoli
1369 3927 1645 3992 tulerunt;

83 4025 364 4094 argientes
409 4027 457 4084 ei
510 4025 820 4080 necessaria
881 4025 1079 4081 victus.
1133 4021 1426 4093 Pergentes
1456 4020 1651 4091 igitur,

86 4115 246 4172 tlures
275 4133 397 4173 cum
425 4119 609 4174 lmtitia
650 4117 766 4174 dies
792 4117 896 4172 hoc
953 4118 1216 4173 fecerunt.
1264 4113 1530 4182 Quoniam
1559 4127 1654 4183 pa-

90 4207 235 4264 ifica:
262 4224 328 4264 ac
358 4209 695 4264 cbaritativze
723 4208 972 4265 societati
1020 4208 1224 4262 invidet
1271 4205 1539 4270 diabolus,
1601 4205 1655 4259 in

91 4315 304 4355 mmana
331 4300 502 4357 forma
530 4303 665 4357 satis
690 4301 915 4356 honesta
945 4302 1009 4355 ad
1031 4300 1286 4368 juvenem
1309 4297 1400 4368 qui
1419 4297 1470 4352 in
1497 4297 1664 4354 domo

93 4393 372 4449 ornieatus
407 4393 584 4451 fuerat
611 4394 749 4450 clam
778 4393 1032 4459 arcessit,
1062 4393 1221 4463 eique
1249 4391 1385 4446 dixit
1410 4409 1476 4453 :,c
1506 4387 1657 4444 Nosti

97 4483 157 4552 [ui
183 4484 284 4539 sim
314 4485 340 4538 ’Β
390 4503 408 4538 ι
444 4487 516 4541 At
577 4484 664 4549 ille
697 4503 708 4539 :
757 4503 776 4536 ι
809 4483 1189 4554 Nequaquam.
1224 4502 1243 4535 ι
1297 4483 1358 4538 Et
1405 4483 1614 4539 daemon
1641 4495 1662 4537 ε·

127 4573 255 4646 Ego,
287 4576 877 4647 inquit,sum.laconus
923 4575 1201 4648 apostOIus'
1245 4591 1406 4646 quem
1435 4575 1662 4648 singulis

108 4669 226 4724 nnis
277 4668 396 4741 jam
438 4688 504 4727 ex
545 4672 714 4727 multo
770 4681 1013 4741 tempore
1057 4671 1382 4727 consuevisti
1438 4670 1662 4725 visitare

105 4760 287 4833 nisque
311 4767 552 4837 primitiis
598 4766 890 4821 honorare.
922 4761 1231 4833 Sciasquia
1275 4761 1504 4817 multum
1535 4775 1665 4833 gau-

111 4853 264 4910 ebam
325 4856 394 4913 de
443 4868 520 4924 te,
571 4858 829 4928 quoniam
887 4855 1106 4926 quidem
1153 4869 1406 4926 magnum
1460 4855 1662 4936 bonum

111 4948 360 5014 perabam
394 4951 460 5007 de
485 4961 556 5006 te.
586 4950 693 5006 Sed
732 4965 903 5021 nuper
943 4962 1234 5021 antequam
1268 4950 1485 5003 domum
1515 4957 1662 5002 tuam

114 5036 273 5105 xires,
301 5040 604 5098 fornicatus
631 5059 690 5098 es
724 5059 846 5098 cum
877 5042 1126 5106 muliere,
1171 5056 1271 5096 nec
1318 5039 1442 5094 inde
1492 5053 1666 5110 usque

1736 2551 1979 2608 evanuit.

1811 2645 1905 2702 llis
1932 2646 2129 2704 auditis
2183 2648 2344 2703 homo
2393 2646 2703 2703 contristari
2759 2647 2960 2718 coepit,
3017 2659 3330 2718 propertcns

1740 2737 1793 2792 ln
1829 2738 2013 2794 animo
2039 2753 2138 2793 suo
2164 2753 2222 2794 se
2247 2740 2462 2794 domum
2491 2739 2624 2792 velle
2652 2738 2848 2802 redire,
2883 2753 2981 2793 suo
3011 2741 3330 2808 presbytero

1740 2831 2016 2898 confiteri;
2061 2832 2246 2902 sicque
2294 2841 2472 2900 empto
2504 2832 2698 2886 itinere
2727 2829 2956 2900 regredi.
2993 2829 3108 2885 Hoc
3134 2831 3334 2898 itaque

1743 2921 1869 2976 dum
1902 2922 2041 2992 apud
2067 2936 2126 2976 se
2155 2929 2433 2986 tractaret,
2461 2922 2607 2976 venit
2627 2922 2834 2976 diemon
2869 2923 2919 2974 in
2943 2922 3132 2986 eadem
3155 2919 3330 2974 forma

1742 3028 1847 3085 qua
1879 3013 2028 3084 prius
2049 3022 2392 3084 apparuerat,
2424 3012 2607 3067 dicens
2627 3013 2676 3067 ci
2705 3027 2722 3066 :
2763 3030 2781 3061 ι
2812 3011 2946 3079 Quid
2979 3020 3062 3066 est
3083 3014 3223 3081 quod
3247 3025 3335 3065 co-

1744 3107 1886 3175 gitas
1914 3107 1970 3161 in
2007 3107 2171 3163 corde
2201 3116 2311 3172 tuo,
2358 3114 2410 3160 te
2437 3105 2652 3160 domum
2696 3103 2829 3158 velle
2881 3102 3100 3159 redire:
3155 3103 3334 3172 pinni-

1748 3201 1986 3256 tudinem
2019 3214 2179 3272 agere
2208 3207 2266 3254 ttt
2313 3199 2378 3254 ad
2407 3212 2492 3252 nte
2528 3197 2740 3269 dignius
2777 3194 3118 3266 postmodum
3151 3194 3332 3252 valcas

1748 3293 1956 3348 redire?
1977 3290 2141 3349 Putas
2167 3301 2438 3348 telantum
2463 3290 2636 3346 scelus
2659 3289 3003 3360 tuisjejuniis
3031 3291 3143 3344 sive
3160 3289 3334 3359 laery-

1749 3387 1851 3442 mis
1878 3400 2035 3456 posse
2059 3385 2282 3440 delere?
2311 3383 2536 3438 multum
2561 3381 2759 3452 desipis
2788 3399 2800 3434 :
2827 3381 2986 3437 crede
3003 3379 3137 3435 meis
3157 3379 3338 3435 consi-

1748 3480 1872 3546 liis,
1909 3487 1964 3535 et
2010 3478 2192 3534 salvus
2221 3477 2358 3542 eris;
2407 3473 2644 3546 alioquin
2692 3474 2892 3530 salvari
2954 3489 3061 3531 non
3110 3472 3336 3542 poteris.
3415 3500 3421 3507 -

1713 3571 2014 3640 .Quamvis
2032 3569 2362 3640 peccaveris,
2390 3582 2490 3639 ego
2542 3575 2721 3623 tamen
2753 3582 2907 3631 amo;
2950 3574 3006 3622 et
3052 3575 3336 3637 propterea

1750 3662 1872 3717 veni
1903 3661 1972 3717 ad
2001 3669 2053 3715 te
2082 3668 2140 3715 ut
2166 3661 2270 3714 tale
2291 3657 2576 3713 consilimn
2602 3657 2693 3712 tibi
2721 3655 2949 3712 tribuam
2979 3657 3118 3711 unde
3138 3647 3346 3712 salvari

1752 3753 1952 3825 possis,
1978 3752 2022 3808 si
2053 3750 2183 3807 mihi
2219 3750 2443 3805 credere
2469 3747 2724 3802 volueris.
2762 3750 2786 3798 ι’
2821 3745 2916 3801 Cui
2959 3746 3273 3816 peregrinus
3325 3764 3337 3798 :

1697 3839 1722 3864 ³
1761 3865 1779 3898 ι
1811 3846 1906 3910 Ita,
1934 3843 2130 3914 inquit,
2155 3841 2459 3912 cogitabam
2478 3841 2617 3896 sicut
2641 3839 2814 3896 dicis”:
2841 3838 2933 3894 sed
2959 3847 3241 3910 postquam
3271 3837 3340 3890 ad

1754 3939 1982 3996 salutent
2006 3953 2110 3992 non
2133 3937 2391 4006 prodesse
2412 3935 2513 3990 hoc
2538 3934 2759 3998 asseris,
2783 3933 2868 3988 die
2889 3930 3031 4002 quod
3049 3931 3142 3986 tibi
3170 3932 3342 4002 placet

1753 4031 1898 4086 unde
1927 4027 2126 4085 salvari
2154 4028 2374 4098 possim,
2410 4032 2465 4079 et
2486 4024 2662 4080 libens
2689 4038 2977 4092 exsequar.
3017 4041 3034 4075 ι
3071 4023 3142 4077 At
3200 4023 3286 4078 illo
3327 4041 3342 4080 ς

1760 4142 1779 4176 ι
1808 4123 1890 4190 Si,
1906 4122 2100 4192 inquit,
2117 4121 2348 4189 pleniter
2369 4134 2397 4172 a
2425 4117 2622 4174 delicto
2646 4115 2926 4172 emundari
2949 4115 3245 4182 desideras,
3267 4117 3351 4171 vi-

1758 4212 1904 4280 rilia,
1926 4211 2121 4282 quibus
2143 4207 2401 4280 peccasti,
2424 4205 2584 4262 citius
2601 4215 2837 4276 amputa.
2880 4223 2898 4256 ι
2917 4203 3034 4271 Quo
3055 4204 3144 4261 ille
3166 4206 3348 4262 consi-

1760 4305 1832 4360 lio
1862 4301 2084 4361 territus
2104 4301 2274 4356 dixit:
2301 4318 2318 4351 ς
2356 4300 2410 4354 Si
2442 4297 2569 4354 mihi
2596 4297 2696 4352 hoc.
2720 4296 2858 4367 quod
2887 4296 3124 4354 consulis
3148 4294 3348 4358 fecero,

1759 4395 1944 4451 vivere
1967 4399 2074 4450 non
2101 4403 2306 4466 potero,
2330 4407 2530 4462 eraque
2562 4388 2662 4444 tnei
2689 4389 2857 4460 ipsius
2881 4389 3179 4455 homicida;
3207 4389 3352 4460 quod

1761 4502 1903 4558 saepe
1916 4486 2092 4542 audivi
2113 4501 2295 4541 coram
2317 4485 2422 4539 Deo
2445 4500 2566 4538 esse
2587 4481 2910 4539 damnabile.
2935 4502 2952 4535 ι
2972 4481 3123 4537 Tunc
3143 4471 3352 4537 d.emon

1763 4579 1994 4634 irridens
2012 4595 2024 4632 :
2045 4595 2063 4628 ι
2093 4575 2159 4642 0,
2183 4577 2374 4646 inquit,
2403 4573 2684 4645 insipiens,
2707 4587 2867 4644 quam
2889 4587 3080 4641 parum
3100 4570 3356 4642 intelligis

1763 4683 1825 4725 ca
1857 4679 1977 4739 quae
2010 4669 2105 4722 tibi
2137 4667 2202 4721 ad
2231 4667 2456 4720 salutem
2493 4673 2715 4734 possunt
2744 4660 3050 4733 prolicere!
3083 4659 3138 4715 Si
3175 4660 3354 4715 taliter

1765 4771 2010 4819 mortuus
2038 4760 2223 4821 fueris,
2251 4759 2317 4813 ad
2345 4773 2430 4812 me
2460 4757 2578 4812 sine
2604 4756 2766 4810 dubio
2796 4753 3072 4818 transibis,
3096 4751 3222 4823 quia
3253 4767 3354 4822 pu-

1769 4855 1966 4910 niendo
1991 4851 2249 4908 delictum
2282 4858 2434 4907 tuum
2462 4855 2673 4918 martyr
2709 4847 2838 4902 eris.
2870 4843 2930 4900 Ο.
2961 4844 3004 4901 si
3051 4858 3200 4898 esses
3245 4854 3356 4898 tam

1765 4949 2002 5018 prudens
2023 4954 2081 4999 ut
2107 4944 2448 5013 temetipsum
2474 4939 2784 4996 interficere
2807 4954 2911 4994 non
2937 4936 3232 5001 dubitares,
3257 4951 3358 5006 ego

1768 5046 1915 5094 certe
1945 5051 2068 5090 cum
2102 5032 2446 5089 multitudine
2487 5028 2758 5085 sociorum
2799 5040 3046 5082 meorum
3077 5025 3259 5081 statim
3290 5024 3358 5079 ad

119 5143 218 5186 unc
247 5136 573 5203 pocuituisti,
606 5151 705 5190 nec
729 5130 1252 5200 coniiterivolnisti;
1311 5133 1498 5206 sicque
1532 5146 1662 5204 pcr-
1687 5152 1753 5214 ι)
1770 5139 1822 5186 te
1851 5127 2115 5194 venirem,
2145 5141 2210 5181 ac
2235 5138 2448 5181 mecum
2479 5134 2791 5177 mansuram
2819 5123 3054 5175 animam
3086 5127 3228 5174 tuam
3263 5117 3361 5172 lae-

119 5235 203 5291 gre
252 5243 374 5282 cum
421 5238 646 5298 peccato
679 5237 769 5283 tuo
807 5226 1082 5295 profectus
1104 5243 1185 5291 es,
1212 5225 1368 5297 quasi
1395 5235 1484 5280 tua
1507 5239 1659 5296 pere-

121 5312 313 5373 rinatio
341 5319 452 5376 Deo
479 5319 544 5376 et'
575 5321 708 5376 tnihi
737 5319 878 5376 foret
907 5318 1272 5389 acceptabilis.
1306 5317 1422 5373 Non
1445 5317 1520 5372 ita
1545 5315 1663 5370 fieri

125 5415 294 5472 portet
326 5428 338 5464 :
367 5428 492 5466 nam
520 5407 830 5482 quicunqtte
853 5425 1041 5464 amore
1071 5409 1172 5464 mei
1201 5409 1315 5464 vult
1345 5407 1665 5479 peregrina-

127 5493 155 5561 ί,
185 5501 332 5567 prius
365 5520 594 5577 necesse
631 5512 715 5560 est
757 5514 817 5559 ut
851 5511 1075 5573 peccata
1121 5516 1217 5556 sua
1267 5517 1365 5572 per
1407 5500 1669 5556 humilem

129 5587 478 5650 anlcssionem
517 5595 748 5666 aperiat,
777 5604 831 5650 et
851 5602 1036 5666 postea
1059 5591 1455 5664 peregrinando
1479 5589 1668 5645 eadem

133 5680 377 5750 ommissa
416 5683 610 5752 puniat
643 5701 657 5739 :
711 5685 804 5756 qui
835 5684 994 5742 aliter
1036 5683 1248 5750 fecerit,
1302 5679 1670 5753 peregrinatio

169 5855 241 5927 (ἓ)
272 5860 474 5920 Fabula
503 5864 617 5922 haec
659 5862 716 5922 S.
747 5863 1006 5922 Ausclmo
1031 5862 1170 5920 falso
1193 5860 1458 5919 tribuitur.

1767 5234 1852 5280 tus
1877 5220 2197 5288 acciperem.
2228 5217 2360 5289 Ego,
2392 5216 2503 5281 ait,
2535 5228 2654 5268 smn
2685 5212 2918 5268 .lacobus
2946 5211 3221 5285 apostolus
3257 5209 3349 5281 qui

1769 5314 1863 5372 tibi
1895 5308 2158 5365 consulo:
2207 5308 2292 5364 fac
2339 5317 2396 5362 ut
2441 5306 2652 5361 loeutus
2699 5323 2818 5363 sum
2865 5307 2910 5363 si
2953 5303 3028 5361 ad
3068 5318 3242 5360 meum
3272 5301 3358 5359 vis

1771 5403 1955 5462 venire
1971 5400 2326 5465 consortium,
2344 5407 2398 5454 et
2422 5397 2495 5453 tui
2520 5397 2702 5454 delicti
2724 5397 3021 5455 remedium
3043 5393 3310 5451 invenire.
3341 5411 3361 5445 ι

1775 5498 1982 5566 Quibus
2004 5496 2165 5552 dictis
2193 5493 2800 5565 peregrinusanimatus
2826 5493 2892 5548 ad
2917 5490 3150 5557 facinus,
3180 5495 3361 5547 nocte.

1779 5591 1942 5649 sociis
1978 5588 2396 5656 dormientibus,
2425 5585 2698 5642 cultellum
2729 5584 2987 5650 extraxit,
3017 5590 3072 5639 et
3101 5575 3364 5653 quidquid

1779 5684 1934 5746 virile
1968 5681 2144 5740 fuerat
2175 5682 2226 5737 iu
2259 5680 2501 5752 partibus
2529 5678 2633 5735 illis
2655 5678 2755 5736 sibi
2780 5672 3116 5748 amputavit,
3171 5667 3370 5725 deinde
