3898 6318
620 389 730 453 559

616 512 769 556 versa
796 511 957 553 manu
986 494 1187 557 ferrum
1214 492 1407 557 erexit,
1437 490 1662 563 ejusque
1687 488 1952 555 acumine,
1983 501 2042 553 se
2061 484 2188 555 inji-

584 582 785 657 ‘ciens,
815 594 1058 643 ventrem
1087 585 1342 642 confodit.
1381 564 1515 640 Cum
1551 590 1730 639 autem
1761 581 1981 653 sanguis
2002 577 2187 634 cillue-

606 694 715 752 ret,
745 693 798 738 et
821 682 910 738 illc
933 679 1246 754 palpitando
1278 678 1730 742 tumultuaretur,
1760 672 2065 745 experrecti
2101 685 2189 737 so-
2254 714 2283 731 ,

607 774 679 829 cii
708 772 1038 828 vocaverunt
1071 770 1222 834 illum
1254 769 1600 824 sciscitantes
1624 764 1754 837 quid
1802 764 2049 821 haberet.
2088 761 2190 833 Qui

606 881 730 927 cum
754 864 856 925 illis
883 877 1201 942 responsum
1225 876 1331 916 non
1360 860 1534 925 daret,
1558 860 1651 914 sed
1681 856 1874 927 anxius
1892 862 2193 921 extremum

606 955 861 1028 spiritum
885 954 1150 1018 traheret,
1182 949 1492 1006 conturbati
1522 948 1736 1019 concite
1764 953 2013 1018 surgunt,
2037 943 2194 999 lumi-

596 1016 764 1149 {naria
795 1043 1123 1111 accendunt,
1152 1042 1469 1109 sociumque
1503 1039 1823 1095 semivivum
1857 1051 1955 1092 nec
1971 1035 2084 1103 jam
2112 1033 2192 1090 eis

827 1140 841 1149 .
1031 1138 1046 1149 ι
1131 1146 1138 1149 .
1416 1136 1426 1146 -
1512 1141 1524 1149 .
1578 1132 1653 1149 π-
1687 1145 1776 1149 _,,-
1812 1127 2095 1149 -.ηᾉΑονμΑιῖ
2122 1126 2162 1149 -2

584 1226 724 1305 lmul
761 1240 817 1287 ct
848 1244 1048 1301 magno
1073 1229 1269 1286 timore
1316 1224 1561 1307 percussi
1589 1263 1605 1288 ,
1638 1240 1707 1277 ne
1736 1237 1879 1277 mors
1910 1221 2053 1275 illius
2091 1217 2193 1273 sibi

598 1310 985 1423 {imponeretur
1005 1320 1053 1376 si
1069 1333 1227 1375 mane
1255 1319 1308 1373 in
1337 1317 1524 1373 eodem
1550 1315 1668 1370 loco
1691 1313 2086 1376 invenirentur,
2111 1310 2196 1365 fu-

610 1430 738 1491 gam
766 1415 977 1481 ineunt,
1000 1412 1175 1484 ipsum
1198 1425 1326 1467 vero
1357 1409 1410 1464 in
1433 1423 1531 1463 suo
1556 1400 1814 1477 sanguine
1840 1405 2194 1471 volutantem,

601 1498 829 1575 {asinum
855 1518 983 1567 vero
1011 1509 1065 1560 et
1088 1516 1314 1575 egenum
1341 1514 1500 1570 quem
1537 1496 1684 1559 alere
1710 1503 2012 1568 cmperant,
2047 1494 2198 1553 dere-

599 1546 608 1621 l

601 1597 885 1667 linquunt.

687 1686 844 1742 Mane
869 1693 1046 1741 autem
1073 1698 1195 1756 cum
1225 1683 1427 1750 familia
1464 1682 1659 1743 domus
1686 1678 2031 1745 surrexisset,
2055 1676 2199 1732 occi-

612 1793 843 1851 sumque
868 1778 1173 1850 reperisset,
1197 1791 1302 1832 non
1330 1774 1537 1831 habens
1558 1772 1936 1828 certitudinem
1960 1770 2051 1839 qui
2072 1784 2196 1823 eum

603 1858 922 1939 fmcidisset,
944 1873 1173 1936 advocat
1193 1870 1404 1927 vicinos
1420 1867 1800 1927 etdefunctum
1822 1867 1891 1922 ad
1912 1865 2200 1922 ecclesiam

598 1935 980 2047 fgwiendum
1020 1962 1302 2029 deferunt;
1353 1970 1479 2025 aute
1520 1959 1676 2030 cujus
1717 1960 1862 2020 fores
1884 1959 2013 2013 dum
2054 1958 2202 2014 fossa

588 2066 866 2139 pararetu
877 2072 923 2121 r,
943 2063 1173 2127 propter
1190 2053 1472 2125 sanguinis
1486 2052 1715 2112 ﬂuorem
1734 2051 1883 2107 illum
1905 2052 2200 2121 deponunt.

610 2147 723 2215 Nec
743 2148 911 2214 multa
935 2146 1497 2218 intervenientemora
1518 2144 1607 2199 ille
1618 2144 1710 2215 qui
1735 2152 1979 2198 mortuus
2001 2142 2199 2209 fuerat,

602 2242 796 2322 trediit,
834 2250 891 2299 et
937 2241 991 2305 iu
1022 2247 1195 2299 stratu
1243 2238 1468 2295 funereo
1514 2238 1737 2294 resedit.
1779 2235 1932 2303 Quod
1962 2237 2054 2306 qui
2102 2236 2200 2292 ad-

602 2324 771 2409 ferant
799 2332 1380 2402 intuentes,,perterriti
1398 2330 1608 2403 fugiunt
1629 2338 1682 2385 et
1706 2330 2038 2395 exclamant;
2062 2344 2197 2399 quo-

601 2443 736 2495 afum
772 2426 1011 2499 clamore
1040 2423 1221 2495 populi
1253 2421 1509 2479 concitati
1532 2429 1844 2488 accurrunt,
1872 2420 2004 2491 quid
2048 2421 2198 2477 acci-

602 2504 758 2580 1derit
796 2521 1097 2590 inquirunt,
1118 2527 1173 2575 et
1198 2527 1470 2574 mortuum
1500 2517 1624 2571 vitae
1637 2514 2198 2593 restitutumaudiunt.

606 2598 720 2693 'Qui
750 2627 874 2683 cum
904 2610 1125 2685 propius
1157 2609 1535 2677 accessissent,
1561 2616 1617 2665 et
1643 2622 1766 2664 eum
1789 2605 1985 2679 alloqui
2005 2605 2204 2676 coepis-

608 2692 771 2771 sent;
798 2718 1024 2775 quaeque
1052 2703 1197 2763 circa
1220 2717 1341 2758 eum
1374 2709 1496 2757 acta
1523 2699 1739 2756 fuerant
1760 2698 1931 2755 libera
1955 2712 2090 2755 voce
2112 2712 2204 2756 co-

611 2789 736 2851 ram
757 2794 1010 2864 omnibus.
1054 2794 1352 2861 enarravit.
1380 2779 1402 2846 ἰ
1424 2792 1556 2865 Ego,
1572 2791 1766 2861 inquit,
1790 2803 1950 2860 quem
1973 2804 2005 2845 a
2029 2795 2206 2854 morte

614 2890 1000 2952 resuscitatum
1034 2888 1262 2959 videtis,
1291 2887 1358 2942 ab
1386 2885 1608 2951 infantia
1637 2892 1885 2948 sanctum
1922 2882 2088 2947 dilexi
2115 2880 2206 2936 Ja-

613 2983 835 3047 cobum,
863 2980 1046 3063 eique,
1090 2981 1143 3034 in
1175 2986 1439 3047 quantum
1468 2976 1641 3059 potui,
1672 2975 1881 3035 servire
1923 2973 2204 3031 consuevi.

613 3070 773 3135 Modo
803 3065 983 3135 autem
1014 3071 1139 3125 dum
1181 3070 1250 3124 ad
1295 3074 1682 3141 enm’pergere
1728 3067 2122 3133 decrevissem,
2152 3073 2209 3120 et

1673 376 1765 443 AD
1790 373 2022 441 OPERA
2046 371 2102 429 5.
2145 370 2452 439 ANSELMI
2482 372 2849 431 APPENDIX.

2218 469 2273 539 Α
2295 462 2598 536 dextraque
2615 464 2858 537 laevaque
2876 462 2993 535 ejus
3004 463 3441 525 considentibus.
3456 462 3622 532 Quam
3637 479 3775 538 εςοαιι

598 1126 941 1215 ξῐθεροηιιβτθ
960 1138 1233 1195 valentem
1252 1136 1550 1211 reperiunt.
1578 1132 1655 1186 Ex
1677 1145 1784 1201 quo
1808 1127 2095 1200 stupefacti
2119 1126 2194 1182 si-
2272 1182 2277 1193 ,

3724 372 3773 426 διέ

2291 569 2487 624 magno
2532 555 2713 619 cordis
2757 554 2953 611 affectu
2983 553 3329 615 considerare
3379 555 3558 625 ccepi,
3605 572 3775 626 nunqw

2291 647 2436 703 enim
2462 647 2518 703 in
2544 645 2654 703 vita
2690 661 2811 703 mea
2844 653 2955 705 tam
2995 644 3277 716 pulchram
3308 653 3626 702 creaturam
3660 649 3775 718 uspi:

2291 736 2402 795 vidi
2430 754 2444 791 :
2473 751 2579 793 non
2610 751 2820 809 magna:
2852 737 2948 794 sed
2984 736 3277 794 mediocris
3298 743 3556 802 staturze,
3599 746 3696 793 erat
3722 740 3777 807 pe-

2293 829 2564 886 cherrima
2591 829 2755 898 facie,
2779 828 3084 887 desirahilis
3107 836 3351 901 aspectu.
3377 828 3534 884 Ante
3549 828 3777 898 beatum-

2293 922 2465 987 stolus
2479 937 2629 979 meus
2643 922 2938 983 advocatus
2956 922 3233 994 piissimus
3244 936 3438 985 coram
3456 921 3686 978 omnibus
3696 922 3778 991 puts

2295 1029 2398 1069 nus
2420 1015 2649 1082 exstitit,
2662 1023 2718 1071 et
2738 1014 2807 1072 de
2831 1013 3048 1071 Satanae
3068 1014 3282 1077 fallacia
3301 1013 3551 1084 qualiter
3570 1028 3647 1070 me
3663 1014 3778 1067 deria

2294 1115 2384 1161 rat
2407 1106 2699 1163 clamorem
2720 1108 2871 1165 fecit.
2892 1107 3023 1176 Qum
3047 1122 3171 1163 mox
3198 1107 3267 1163 ad
3285 1107 3571 1162 dmmones
3594 1120 3777 1161 convena:

2301 1216 2320 1250 ι
2353 1197 2418 1265 O,
2453 1199 2649 1270 inquit,
2690 1199 2903 1268 miseri,
2949 1199 3081 1271 quid
3124 1198 3463 1270 qurerehatis
3507 1197 3561 1253 in
3604 1198 3777 1267 peresus

2296 1291 2509 1349 Domini
2535 1301 2589 1348 et
2617 1291 2714 1348 lilii
2736 1292 2866 1360 mei,
2903 1298 2961 1349 et
2983 1289 3171 1348 Jacobi
3205 1290 3383 1348 ﬁdelis
3413 1290 3540 1346 sui?
3562 1289 3686 1345 Satis
3704 1290 3775 1343 volt

2295 1391 2479 1453 posset
2503 1381 2751 1439 sufﬁcere
2778 1397 2942 1454 paena
2965 1392 3170 1449 vestra,
3207 1396 3316 1437 non
3340 1390 3501 1438 esset
3528 1396 3649 1452 opus
3671 1390 3777 1435 ntus

2297 1474 2565 1545 augeretis
2590 1475 2795 1531 malitia
2816 1486 3019 1533 vestra.
3059 1495 3077 1528 ι
3116 1474 3419 1545 Postquam
3461 1474 3632 1532 locuta
3668 1472 3777 1529 estis

2296 1567 2629 1635 beatissima,
2660 1569 2959 1625 clementer
2985 1583 3149 1640 super
3194 1582 3284 1623 me
3330 1582 3437 1623 sua
3471 1567 3662 1622 lumina
3680 1565 3775 1619 flexit:

2298 1660 2631 1717 daemonibus
2665 1669 2845 1717 autem
2874 1675 3072 1732 magno
3102 1660 3299 1719 timore
3338 1658 3665 1725 conterritis,
3684 1658 3775 1713 amri

2299 1751 2403 1806 bus
2428 1751 2520 1821 qui
2546 1752 2601 1806 in
2631 1750 2863 1807 concilio
2882 1759 3043 1806 erant
3064 1749 3373 1805 dicentibus
3398 1764 3502 1806 eos
3545 1756 3700 1805 contra
3718 1759 3775 1814 tu.

2304 1843 2521 1909 stolum,
2577 1858 2665 1900 me
2712 1840 3200 1913 fallendo,linjuste
3223 1841 3450 1912 fecisse,
3499 1836 3775 1911 imperante

2303 1936 2450 1991 mina
2480 1948 2568 1990 me
2600 1935 2669 1994 ad
2697 1948 2896 2005 corpus
2927 1933 3135 1990 reduci.
3175 1931 3418 1988 Sanctus
3467 1931 3623 2002 igitur
3649 1928 3775 1984 iacula

2303 2042 2391 2084 me
2418 2027 2720 2098 suscipiens
2770 2024 3058 2084 confestim
3109 2023 3171 2080 in
3221 2025 3377 2080 hunc
3423 2023 3598 2080 locum
3628 2018 3773 2075 resiliat

2304 2116 2509 2186 Taliter
2558 2126 2805 2173 mortuus
2825 2124 2881 2172 et
2904 2114 3260 2172 resuscitatus
3285 2129 3432 2170 sum.
3474 2133 3496 2166 ι
3530 2112 3662 2182 Quod
3682 2108 3774 2163 inulte

2302 2210 2472 2280 ipsius
2504 2209 2606 2265 loci
2639 2209 2954 2276 audientes,
3002 2207 3361 2262 vehementer
3409 2205 3599 2270 laetati,
3638 2200 3775 2273 prolch

2300 2301 2549 2356 eumdem
2568 2300 2620 2354 in
2643 2301 2862 2355 domum
2883 2313 3037 2355 suam
3059 2295 3321 2361 tulerunt,
3337 2311 3403 2351 ac
3424 2311 3526 2366 per
3540 2294 3721 2349 triduum
3734 2303 3773 2340 sc-

2300 2413 2424 2453 cum
2454 2403 2765 2463 tenuerunt,
2798 2395 3139 2471 divulgantes
3165 2400 3223 2452 et
3267 2382 3773 2447 demonstrantesillaﬁ

2300 2490 2358 2547 in
2378 2504 2485 2560 quo
2507 2487 2651 2546 Deus
2673 2502 2772 2559 per
2788 2472 3011 2548 beatum
3040 2483 3350 2557 apostolum
3390 2481 3641 2539 Iacobum
3660 2472 3774 2531 tamir

2303 2580 2519 2638 solitam
2542 2594 2654 2637 rem
2674 2587 2929 2651 operatus
2941 2586 3023 2635 est
3044 2587 3206 2648 atque
3228 2576 3560 2631 mirabilem.
3581 2566 3775 2637 Nampbp

2303 2674 2450 2731 illius
2474 2673 2593 2729 sine
2617 2688 2769 2730 mora
2796 2679 3000 2729 sanatae
3041 2677 3190 2733 sunt,
3222 2669 3359 2723 solis
3402 2665 3707 2724 cicatricibus
3722 2658 3773 2710 ιω

2274 2767 2590 2825 rVulnerum
2618 2764 3003 2829 manentibus:
3048 2761 3169 2818 loco
3193 2775 3323 2815 vero
3362 2757 3663 2832 genitalium
3696 2748 3775 2804 creti

2227 2869 2239 2879 '
2306 2873 2437 2925 caro
2456 2857 2613 2930 quasi
2624 2869 2887 2919 verrucae,
2900 2868 2997 2924 per
3014 2866 3176 2924 quam
3190 2848 3513 2906 mittebatur
3524 2836 3772 2905 urinaml‘

2256 3008 2262 3017 .
2306 2955 2380 3011 tis
2408 2953 2597 3009 diebus
2625 2949 2822 3022 quibus
2846 2947 3185 3011 habitatores
3214 2944 3365 3000 illum
3404 2955 3586 2999 secum
3626 2950 3697 3006 pro
3717 2944 3774 3025 si?

2308 3049 2399 3106 dio
2427 3054 2738 3112 tenuerant,
2767 3043 2983 3115 paravit
3013 3042 3227 3099 asinum
3275 3054 3465 3104 suum,
3508 3045 3561 3091 et
3588 3044 3683 3087 cum
3708 3032 3773 3077 δαῖε

614 3178 791 3231 usque
814 3163 867 3217 in
894 3162 1035 3231 hanc
1058 3160 1241 3229 villam
1290 3160 1581 3224 venissem,
1630 3158 1923 3213 adveniens
1962 3158 2208 3214 diabolus
2235 3161 2277 3218 C
2308 3155 2548 3213 Ρθιιβθνθ
2586 3152 2749 3210 quem
2772 3137 2827 3192 in
2859 3137 2945 3215 Via
2968 3133 3223 3203 iunxerat
3248 3131 3377 3196 Sibi,
3404 3122 3767 3231 ίῑθξδὲτθῗδδδῗ

614 3256 813 3319 fefellit
835 3269 942 3322 me,
965 3254 1153 3317 dicens
1175 3268 1362 3310 scesse
1382 3262 1627 3309 sanctum
1645 3251 1932 3318 Jacobum,
1955 3270 1973 3304 ι
2008 3260 2210 3306 ιοιυιη-

618 3364 729 3421 que
751 3348 1021 3415 ordinem,
1046 3356 1106 3403 ut
1130 3360 1292 3416 supra
1323 3346 1524 3402 dictum
1554 3352 1668 3411 est,
1701 3344 2009 3410 enarravit;
2046 3351 2212 3412 atque

618 3440 905 3509 subit-tulit
925 3458 938 3495 :
967 3459 987 3504 ς
1006 3439 1297 3524 Postquam
1317 3438 1565 3503 mihimet
1583 3437 1749 3492 vitam
1765 3434 1941 3489 ademi
1965 3432 2211 3489 etauima

619 3541 998 3606 coarctaretur
1031 3534 1098 3591 de
1122 3546 1368 3601 corpore,
1398 3530 1548 3598 venit
1569 3531 1637 3585 ad
1665 3544 1751 3584 me
1778 3527 1918 3583 idem
1946 3526 2213 3597 malignus

619 3627 849 3699 spiritus
876 3625 969 3704 qui
1006 3639 1095 3682 me
1141 3625 1460 3704 deceperat,
1497 3622 1703 3679 ducens
1739 3634 1928 3686 secum
1958 3631 2212 3689 magnam

620 3718 843 3784 turbam
862 3702 1194 3793 delationum,
1218 3702 1311 3787 qui
1344 3714 1635 3781 confestim
1666 3713 1873 3787 absque
1893 3710 2209 3770 misericor-

621 3810 716 3878 dia
741 3823 830 3866 me
863 3804 1195 3880 rapuerunt,
1236 3816 1401 3883 atque
1452 3806 1756 3876 plorantem
1785 3817 1851 3858 ac
1875 3801 2216 3867 miserabiles

621 3914 791 3959 voces
814 3884 1156 3957 emittentem
1184 3898 1427 3969 tulerunt
1446 3898 1515 3963 ad
1539 3902 1830 3952 tormenta.
1856 3893 2063 3960 Euntes
2088 3909 2215 3965 ergo

621 4008 818 4051 versus
850 3992 1081 4065 Romam
1112 3990 1481 4053 tetenderunt.
1512 3989 1717 4055 Verum
1745 4003 1871 4045 cum
1918 3988 1988 4045 ad
2023 3988 2217 4049 silvam

624 4103 749 4160 qua:
780 4076 1158 4147 inter‘urbem
1206 4095 1263 4142 et
1306 4084 1486 4141 villam
1529 4098 1651 4155 qua:
1689 4091 1917 4142 vocatur
1952 4081 2214 4149 Lahicau,

626 4181 739 4238 sita
768 4188 875 4247 est,
905 4179 1270 4249 venissemus,
1299 4184 1521 4232 sanctus
1548 4173 1783 4235 Jacobus
1809 4173 2088 4239 insecutus
2116 4186 2217 4228 nos

625 4269 753 4351 post
769 4277 976 4351 tergum
992 4276 1239 4324 nostrum
1262 4264 1552 4331 advolavit,
1576 4264 2092 4334 comprehensisque
2105 4262 2217 4319 dae-

626 4360 887 4427 monibus
908 4359 988 4426 ait
1010 4377 1027 4414 :
1062 4378 1083 4419 (
1099 4356 1256 4414 Unde
1274 4355 1503 4413 venistis
1520 4364 1575 4410 et
1596 4369 1704 4425 quo
1723 4353 1976 4410 tenditis?
2002 4371 2021 4405 ι
2054 4352 2221 4408 Aiunt

626 4452 711 4513 illi
740 4470 755 4507 :
791 4472 811 4507 ‹
828 4451 873 4510 0
900 4450 1102 4517 Jacohe
1129 4458 1351 4519 sancte,
1378 4448 1446 4503 ad
1474 4457 1525 4502 te
1550 4447 1685 4511 nihil
1715 4447 1981 4517 pertinet;
2007 4432 2133 4500 nam
2163 4444 2216 4501 in

630 4554 847 4605 tantum
874 4512 1034 4602 nobis
1059 4496 1351 4607 credidit:
1380 4549 1441 4595 ut
1469 4496 1819 4608 semetipsrum
1867 4496 2219 4607 interﬁceret.
2245 4496 2300 4558 Ῑ)
2326 4531 2388 4589 ut
2414 4535 2504 4578 res
2531 4526 2684 4591 gesta
2712 4523 2799 4573 est
2824 4512 3027 4608 passim
3057 4508 3381 4608 αἰνιξιεςῆνξιι
3408 4500 3585 4608 eice"?

630 4637 746 4697 Nos
774 4638 1078 4707 suasimus,
1101 4649 1202 4691 nos
1229 4632 1540 4698 fefellimus,
1568 4644 1666 4687 nos
1686 4629 1889 4695 habere
1913 4627 2219 4691 debemus.»

632 4732 843 4804 Quibus
877 4730 968 4785 ille
994 4749 1013 4799 :7
1044 4746 1065 4780 ι
1102 4729 1177 4782 De
1197 4727 1318 4791 hoc,
1344 4724 1441 4790 ait,
1468 4723 1611 4794 quod
1638 4736 1823 4791 quaero
1844 4719 1979 4787 nihil
2007 4734 2227 4790 respon-

640 4808 808 4892 detis,
839 4823 936 4893 sed,
963 4819 1335 4889 Christianum
1368 4815 1648 4888 decepisse
1672 4813 1930 4883 iactando
1956 4811 2221 4883 gaudetis.

637 4900 993 4975 Undc‘malas
1021 4911 1267 4968 habeatis
1295 4908 1528 4982 gratias;
1563 4920 1716 4974 meus
1743 4905 1886 4963 enim
1910 4903 2227 4979 peregrinus

638 5019 727 5069 est
756 5021 917 5078 quem
949 5019 1046 5060 vos
1080 5004 1280 5071 habere
1303 5000 1551 5072 jactatis.
1605 4998 1791 5069 utique
1821 5013 1928 5060 non
1962 5011 2057 5060 vos
2109 4995 2228 5050 sine

639 5118 819 5185 pugna
850 5100 1056 5172 feretis.
1081 5118 1101 5151 ι
1147 5098 1439 5164 Videbatur
1468 5096 1598 5163 mihi
1627 5093 1861 5159 Jacobus
1897 5091 2140 5167 juvenis,
2172 5097 2229 5145 et

640 5194 855 5253 venusti
876 5201 1147 5273 aspectus,
1162 5191 1502 5259 macilentus,
1526 5189 1686 5251 medii
1710 5188 1931 5258 coloris,
1953 5186 2045 5258 qui
2066 5185 2229 5255 vulgo

639 5292 855 5359 prunus
865 5288 1081 5359 dicitur.
1104 5288 1199 5355 Illo
1210 5287 1375 5357 igitur
1394 5292 1620 5356 cogente
1640 5283 1867 5353 Romam
1881 5279 2230 5351 divertimus,

642 5385 737 5452 ubi
770 5396 936 5455 prope
958 5366 1121 5453 juxta
1151 5380 1435 5445 ecclesiam
1470 5377 1613 5441 beati
1655 5376 1800 5432 Petri
1848 5371 2079 5444 apostoli
2110 5376 2231 5431 erat

643 5477 799 5545 locus
829 5460 1017 5543 viridis
1046 5484 1101 5530 et
1150 5473 1435 5545 spaciosus,
1465 5472 1519 5526 in
1558 5468 1781 5543 planitie
1828 5463 1995 5530 aeris,
2025 5463 2083 5521 in
2121 5476 2231 5533 quo

646 5577 963 5635 sanctorum
992 5567 1147 5629 turba
1173 5563 1553 5626 inenarrabilis
1578 5561 1644 5613 ad
1668 5556 1957 5615 concilium
1984 5564 2226 5617 venerat,

647 5661 732 5722 cui
770 5661 1093 5731 praesidebat
1140 5658 1359 5724 domina
1400 5650 1725 5707 venerabilis
1771 5648 1863 5702 Dei
1897 5642 2143 5711 Genitrix
2176 5652 2230 5707 et

644 5765 903 5841 perpetua
922 5754 1083 5829 Virgo
1106 5752 1293 5818 Maria,
1325 5747 1508 5803 multis
1540 5754 1586 5798 et
1618 5742 1891 5815 przcclaris
1912 5736 2226 5811 proceribus

2315 3232 2421 3288 Sed
2435 3248 2555 3288 cum
2580 3213 3061 3300 appropinquasset
3085 3225 3150 3279 ad
3179 3223 3321 3280 beati
3342 3220 3531 3299 Jacobi
3553 3213 3773 3270 liminutt

2314 3325 2446 3382 socii
2478 3324 2568 3394 qui
2603 3337 2727 3378 eum
2770 3320 3101 3390 reliquerant
3153 3313 3525 3387 regredientes
3551 3302 3775 3394 obviam“?i

2315 3416 2429 3481 illi;
2460 3392 2551 3485 qui
2586 3428 2709 3469 cum
2743 3411 2923 3466 adhuc
2948 3407 3138 3479 procul
3183 3413 3372 3461 essent
3399 3412 3456 3459 et
3484 3403 3609 3457 duos
3635 3392 3774 3485 illos}?

2314 3478 2445 3563 num
2477 3478 2766 3561 incitantes
2794 3478 2975 3556 intuiti
3007 3499 3260 3565 fuissent,
3286 3494 3458 3551 locuti
3488 3497 3604 3548 sunt
3634 3483 3683 3539 ad
3716 3478 3775 3569 illi"

2316 3594 2467 3663 Cem:
2489 3617 2507 3651 ι
2538 3596 2775 3661 Similes,
2804 3593 2973 3658 aiunt,
2996 3591 3245 3646 homines
3271 3588 3348 3643 illi
3370 3594 3499 3644 sunt
3517 3580 3654 3638 sociis
3674 3575 3774 3627 nostri

2317 3707 2454 3765 quos
2486 3689 2827 3759 reliquimus,
2857 3685 3087 3757 alterum
3118 3688 3419 3745 mortuum,
3444 3677 3649 3732 alterum
3664 3664 3773 3716 vim

2318 3758 2419 3842 nec
2444 3758 2643 3842 animal
2673 3778 2817 3851 quod
2847 3778 3057 3832 minant
3085 3773 3265 3831 differt
3291 3771 3361 3828 ab
3388 3770 3504 3836 illo,
3546 3768 3592 3823 in
3628 3758 3773 3851 qm“???

2316 3876 2554 3942 videtur.
2584 3846 2731 3944 quod
2756 3869 2869 3929 illis
2893 3865 3213 3937 derelictum
3238 3872 3351 3921 est.
3398 3861 3666 3929 Postquam
3686 3846 3774 3944 alii?

2320 3942 2918 4041 appmpinquavcrttnt.
2970 3965 3027 4016 et
3054 3955 3260 4012 ῐηιιῑυίε
3299 3948 3646 4026 εῧηίίίοηίδ¹³³

2318 4024 2582 4130 gnoscere
2601 4024 2911 4126 coeperunt,
2937 4055 3296 4125 agnoscentes
3327 4024 3476 4120 quod
3503 4048 3657 4130 actum
3674 4024 3773 4130 facta:

2318 4118 2671 4203 vehementer
2691 4118 3120 4207 exsultaverunt,
3151 4118 3209 4194 et
3240 4118 3463 4194 domum
3492 4118 3774 4213 venieulea‘lé

2318 4255 2418 4312 per
2467 4238 2717 4295 ordinem
2783 4240 3155 4291 asseruerunt.
3223 4228 3334 4285 Sed
3405 4226 3498 4299 qui
3551 4209 3775 4315 τωυεεὶυιξ

2322 4306 2500 4391 fuerat
2548 4339 2832 4403 postquam
2864 4344 2894 4382 a
2942 4335 3133 4383 sancto
3161 4321 3368 4379 Jacobo
3412 4306 3775 4403 mdium-oet?

2324 4426 2455 4489 socii
2483 4425 2635 4496 prius
2670 4427 3030 4477 uarraverant
3078 4430 3139 4473 re
3188 4416 3306 4486 ipsa
3361 4391 3775 4496 confirmavilil‘i.’

3589 4507 3661 4557 σεε
3682 4486 3776 4539 06W

2327 4584 2428 4684 dit,
2455 4622 2511 4671 et
2531 4569 2695 4676 letiam
2728 4569 2873 4682 quod
2903 4606 2957 4661 in
2986 4599 3271 4662 secretiori
3315 4578 3467 4663 loco,
3512 4569 3776 4684 multis

2327 4664 2668 4777 cupientibus
2693 4664 3101 4756 demonstravit.
3127 4691 3284 4748 Hunc
3326 4686 3592 4777 hominem
3627 4664 3777 4777 ει

2328 4754 2485 4868 εἰὶηα
2536 4791 2729 4857 mortis
2772 4788 2890 4857 ejus
2947 4779 3438 4841 reverendissimus
3487 4754 3777 4868 Hugo

2330 4834 2373 4855 υ.
2418 4834 2485 4851 ....
2538 4834 2729 4857 ...,,.....
2774 4834 2889 4843 ν..-
2950 4834 3307 4841 --πηηηη
3500 4834 3506 4838 γ
3568 4834 3593 4840 _

2330 4834 2498 4943 alfbas
2558 4834 2932 4938 Cluniacensis
2972 4885 3029 4931 et
3069 4888 3192 4929 cum
3237 4871 3424 4927 multis
3465 4864 3576 4921 aliis
3615 4834 3778 4943 vid"qu

2330 4922 2498 4943 auuua
2560 4922 2931 4938 u-u.........,...,..,
2975 4922 3029 4931 ν,
3074 4922 3192 4929 “un
3240 4922 3418 4927 νην-γη
3762 4922 3765 4923 ν

2330 4978 2430 5057 pro
2479 4970 2838 5041 admiratione
2874 4967 2979 5021 hoc
3020 4964 3111 5027 ubi
3156 4963 3363 5025 relatus_
3408 4966 3491 5014 est
3531 4922 3776 5057 sepulti;

2332 5023 2446 5123 {um
2488 5078 2546 5131 δε
2598 5036 2795 5117 Vidisse
2852 5053 3118 5123 asseruit,
3166 5060 3223 5121 et
3288 5023 3389 5106 nos
3445 5032 3643 5131 apostoli
3682 5023 3775 5131 sui“

2331 5132 2400 5214 ne
2435 5172 2468 5213 a
2508 5154 2771 5212 memoria
2817 5150 3114 5212 deleretur,
3160 5144 3363 5200 litteris
3388 5114 3776 5214 commenda???

2331 5247 2707 5328 praecipientes
2773 5241 3026 5310 omnibus
3090 5244 3155 5292 ut
3220 5250 3320 5322 per
3381 5240 3579 5323 omnes
3618 5205 3777 5328 Elim

2332 5294 2528 5395 Festun:
2589 5334 2720 5389 lauti
2765 5308 3013 5397 miraculi
3056 5310 3483 5392 casterdrumque
3520 5294 3750 5397 Iniraculoil’l

2332 5426 2507 5484 sancti
2557 5424 2744 5480 Jacobi
2785 5438 2817 5475 v
2859 5422 2947 5476 die
2984 5396 3259 5490 Nonarum
3308 5407 3546 5469 Octobris
3586 5384 3776 5495 (Ιίειῖίὶἶζ

2333 5518 2539 5574 nuatim
2609 5513 2883 5571 celebrent
2944 5487 3242 5579 obsequiis.
3311 5505 3354 5558 A
3421 5493 3619 5554 Domino
3667 5468 3775 5529 iam”

2332 5620 2437 5680 est,
2470 5620 2573 5665 etc.
