1949 3159
314 178 369 212 547
832 177 983 207 EADMERI
1001 176 1277 207 CANTL‘ARIENSIS
1295 175 1450 206 MONACIII
1879 181 1890 208 sl

476 240 1629 261 Wﬂ

458 381 477 413 Ι

1154 261 1341 426 [ΨΑ
1396 249 1857 382 Νονίῇἶι

895 459 1313 526 PR/EFATIO

347 577 416 605 Cum
429 575 572 611 praesentis
586 578 673 603 ωωιιε
688 574 773 609 viros,
785 575 899 604 diversis
914 576 1023 604 casibus
1036 575 1101 605 sub-
1119 577 1144 607 Α
1156 576 1288 605 inaudita.
1301 576 1341 604 Ex
1396 575 1496 612 quippe
1505 582 1561 612 quo
1569 574 1751 604 Willbelmus
1760 575 1892 605 Hortum

309 627 397 655 actos,
413 622 520 650 intueor
539 627 599 650 acta
627 622 837 658 praecedentium
850 623 931 651 anxie
942 623 1107 659 investigare

310 667 465 704 (cupientes
483 667 623 696 videlicet‘
643 667 670 696 in
690 668 731 695 eis
751 668 821 696 unde
838 675 869 697 se
890 668 1065 697 consolentur
1079 673 1107 698 et

309 712 434 740 muttiant
446 712 590 749 invenire),
610 720 661 741 nec
677 717 765 741 tamen
776 713 810 741 ad
823 714 874 742 hoc
888 722 937 750 pro
949 719 1013 743 voto
1027 722 1107 751 posse

308 757 483 793 pertingere,
512 758 640 793 quoniam
663 758 826 793 scriptorum
849 759 940 795 inopia
966 760 1047 797 fugax
1074 769 1106 789 ea

309 803 410 831 delevit
433 803 542 837 oblivio,
570 804 662 833 videor
678 805 745 833 mihi
769 804 864 833 videre
887 813 1015 841 magnum
1040 806 1105 841 quid

307 849 427 885 posteris
446 849 604 884 praestitisse
618 851 663 886 qui
678 851 735 879 suis
745 855 823 886 gesta
840 851 1017 887 temporibus,
1032 852 1104 880 futu-

308 901 402 923 rorum
418 895 527 925 utilitati
546 898 703 930 studentes,
718 897 871 925 litterarum
896 898 1033 926 memoria:
1046 902 1103 925 tra-

306 940 409 969 didere.
426 941 499 975 Quos
513 942 642 970 nimirum
653 942 676 970 si
689 942 761 971 bono
785 943 895 978 quidem
925 943 983 972 zelo
1000 943 1028 971 in
1054 944 1104 971 hu-

305 984 625 1023 jusmodidesudarunt,
648 989 747 1018 bonum
773 990 871 1018 exinde
895 991 1046 1019 mercedem
1060 998 1102 1019 re-

305 1036 457 1068 cepturosa
477 1034 531 1062 Deo
544 1035 718 1063 crediderim.
737 1036 794 1064 Hoc
816 1036 900 1072 igitur
916 1037 1100 1071 considerato,

257 1100 258 1103 η
302 1085 389 1113 penes
404 1087 449 1107 me
459 1081 542 1108 statui
567 1089 600 1109 ea
614 1088 675 1115 quae
689 1082 740 1110 sub
755 1082 843 1110 oculis
858 1083 912 1110 vidi
936 1083 978 1111 vel
1000 1084 1101 1117 audivi,

304 1123 429 1153 brevitati
446 1126 592 1158 studendo,
608 1126 670 1162 styli
681 1126 770 1155 otIicio
781 1134 999 1156 commemorare
1010 1148 1018 1162 ,
1045 1133 1101 1157 tum

303 1174 335 1197 ut
345 1170 495 1198 amicorum
511 1179 634 1199 meorum
648 1179 692 1200 me
715 1172 749 1200 ad
768 1172 794 1200 id
813 1172 914 1201 obnixe
931 1173 1101 1202 iucitantinm

302 1214 437 1243 voluntati
452 1223 556 1244 morem
571 1224 664 1252 geram
674 1238 682 1250 ,
698 1222 755 1246 turn
771 1222 800 1245 ut
827 1223 997 1254 posterorum
1022 1219 1100 1247 indu-

1159 628 1251 651 comes
1263 624 1363 650 terram
1375 621 1449 649 illam
1461 621 1620 650 debellanda
1631 621 1687 650 sibi
1703 621 1819 657 subegit,
1831 630 1892 651 nemo:

1158 673 1191 694 ea
1212 666 1355 702 episcopus
1376 666 1419 694 vel
1434 666 1518 695 abbas
1535 671 1599 696 ante
1620 667 1786 695 Anselmum
1808 668 1892 696 lactus

1158 712 1198 748 (l)
1213 713 1221 723 '
1238 712 1284 748 qui
1299 719 1353 740 non
1371 712 1460 748 primo
1477 712 1559 740 fuerit
1577 713 1660 741 homo
1677 714 1766 749 regis,
1788 715 1892 742 aedem

1157 758 1232 787 illius
1243 759 1415 795 episcopatus
1437 758 1480 786 vel
1499 759 1616 788 abbatize
1637 760 1890 795 investiturampert»

1157 802 1257 834 tionem
1281 806 1364 841 virgas
1399 806 1541 841 pastoralis
1564 807 1728 842 susceperit
1759 806 1811 842 (2),
1830 813 1890 841 except:

1156 852 1261 880 duobus
1275 852 1422 888 episcopis,
1438 852 1554 880 Eruesto
1568 852 1700 881 videlicet
1714 857 1794 888 atque
1806 853 1888 881 Gundtla

1156 897 1188 926 lli
1203 906 1330 934 namque,
1342 906 1411 926 unus
1421 903 1481 933 post
1492 906 1575 926 unum
1590 897 1715 926 Roﬂensi
1726 898 1885 932 Ecclesiapns

1155 943 1260 975 dentes,
1276 951 1309 970 ex
1333 950 1408 971 more
1429 951 1443 970 a
1467 943 1630 970 veneranda:
1647 944 1790 971 memoria
1802 942 1887 970 Lauinia

1153 988 1357 1023 archiepiscopo
1392 987 1581 1016 Cantuariensi
1599 1008 1608 1021 ,
1643 988 1673 1015 in
1697 988 1816 1023 capitulo
1832 987 1887 1014 intra

1153 1034 1320 1067 Cantuariis,
1336 1035 1394 1069 ipso
1408 1034 1568 1070 episcopatu
1590 1033 1716 1062 investiti
1736 1033 1839 1062 fuerunt.
1853 1032 1884 1059 lia.

1153 1087 1218 1115 ergo
1234 1087 1336 1108 morem
1351 1079 1431 1115 quasi
1447 1079 1485 1115 (5)
1499 1079 1554 1107 Deo
1570 1079 1718 1115 sacrisque
1730 1079 1853 1107 canonibos
1861 1086 1886 1104 ua

1154 1125 1268 1153 trarium
1282 1125 1427 1153 Anselmus
1443 1124 1571 1159 abolere,
1598 1133 1630 1153 ac
1653 1133 1708 1162 per
1730 1126 1780 1154 hoc
1803 1125 1883 1160 injestiu:

1152 1171 1214 1199 inde
1232 1175 1374 1199 manantes
1395 1177 1522 1199 resecare
1540 1170 1706 1199 desiderans
1717 1192 1726 1204 ,
1752 1170 1841 1206 regibus
1858 1169 1884 1203 ip:

1152 1216 1255 1244 invisus
1263 1215 1376 1243 ell‘cctus
1386 1220 1438 1248 est,
1447 1220 1474 1243 et
1484 1215 1599 1251 patriam
1609 1215 1689 1244 exire
1699 1220 1812 1244 coactus.
1820 1214 1882 1242 Ρυεηε

302 1260 388 1294 striae,
402 1261 423 1290 si
441 1261 510 1290 forte
524 1262 588 1298 quid
603 1262 674 1290 inter
692 1270 739 1290 eos
752 1263 895 1291 emerserit
915 1263 987 1299 quod
1002 1265 1099 1292 horum
1115 1259 1138 1290 Β
1151 1267 1178 1290 et
1191 1262 1251 1290 alia:
1270 1262 1355 1297 ipsius
1372 1262 1462 1290 exitus
1479 1269 1587 1295 causas,
1604 1261 1685 1290 sicut
1709 1269 1796 1290 rerum
1808 1265 1882 1297 gestat!

302 1307 429 1342 exemplo
444 1308 535 1344 aliquo
550 1308 725 1344 modojuvari
741 1313 831 1345 queat,
849 1317 943 1345 parum
960 1310 1025 1346 quid
1040 1318 1101 1339 mu-

302 1353 378 1380 neris
391 1353 555 1388 impendam.
569 1355 603 1382 Et
615 1362 647 1383 ea
661 1355 769 1390 quidem
787 1355 867 1390 hujus
880 1356 971 1391 operis
984 1356 1099 1385 intentio

301 1398 437 1434 praecipua
451 1404 502 1432 cst,
526 1404 555 1428 ut
568 1400 709 1436 designato
727 1401 846 1435 qualiter
863 1401 1010 1429 Anselmus
1032 1401 1099 1429 Bec—

301 1444 392 1472 ccnsis
411 1446 528 1474 cocuobii
545 1445 629 1474 abbas
654 1446 736 1474 fuerit
756 1446 977 1482 archiepiscopus
999 1447 1097 1481 lactus,

300 1490 470 1518 describatur
481 1491 659 1526 quamobrem
669 1511 676 1524 ,
689 1492 839 1532 orto‘iuter
857 1499 935 1527 reges
948 1492 1097 1527 Anglorum

300 1539 329 1562 et
351 1535 426 1562 illum
443 1535 576 1570 discidio,
599 1536 681 1564 toties
703 1541 731 1564 et
756 1541 810 1564 tam
834 1537 879 1564 diu
903 1537 1068 1566 exsula'verit
1082 1545 1097 1564 a

300 1587 385 1616 regno
399 1585 426 1608 cl
439 1588 520 1616 quem
535 1586 662 1610 eventum
674 1582 732 1618 ipsa
747 1582 852 1610 discidii
864 1590 946 1611 causa
966 1583 1038 1610 inter
1051 1590 1098 1610 cos

298 1625 395 1653 sortita
407 1626 452 1654 sit.
467 1626 525 1662 Ipsa
546 1627 661 1663 denique
674 1635 756 1656 causa
771 1636 838 1656 nova
857 1636 900 1657 rcs
921 1628 985 1656 huic
1005 1633 1098 1657 nostro

300 1671 400 1699 saeculo
421 1680 482 1701 esse
507 1674 625 1707 videtur,
648 1680 677 1703 et
699 1682 715 1702 ιι
732 1679 855 1710 tempore
876 1683 932 1711 quo
952 1675 979 1703 in
1003 1675 1098 1710 Anglia

299 1716 480 1746 Northmanni
489 1726 603 1756 regnare
612 1725 755 1756 coeperunt
764 1722 830 1756 (non
841 1721 902 1749 dico
909 1720 995 1757 prius)
1005 1720 1100 1756 Anglis

1158 1309 1244 1336 series
1260 1308 1418 1336 declarabit.
1439 1307 1634 1336 Describentur
1647 1308 1733 1336 etiam
1745 1307 1794 1335 alia
1805 1304 1880 1334 nouauit.

1153 1362 1213 1390 quae
1226 1359 1254 1382 et
1268 1357 1340 1386 ante,
1353 1358 1380 1382 et
1394 1354 1466 1381 inter
1482 1358 1510 1382 et
1524 1358 1586 1389 post
1598 1354 1657 1382 haec
1672 1354 1701 1382 in
1715 1353 1803 1389 Anglia
1812 1356 1882 1388 proreta

1154 1404 1228 1432 runt,
1247 1407 1362 1435 quorum
1387 1399 1501 1428 scientia
1527 1399 1588 1427 illos
1614 1400 1663 1435 qui
1685 1406 1737 1427 nos
1753 1396 1880 1427 secuturi”

1152 1446 1261 1483 penitus
1275 1446 1474 1474 deiraudandos
1487 1453 1536 1481 pro
1554 1449 1650 1473 nostro
1662 1452 1745 1481 posse
1761 1443 1806 1472 rati
1817 1449 1852 1469 non
1863 1447 1880 1465 ς-

1153 1500 1223 1521 mus.
1236 1493 1288 1520 Sed
1301 1493 1358 1521 hate
1375 1493 1401 1520 in
1415 1493 1525 1528 prologo
1540 1492 1633 1528 paucis
1653 1497 1813 1520 memorasse
1821 1487 1880 1516 sum“

1150 1540 1196 1567 rit.
1208 1540 1341 1568 Caeterum
1357 1539 1485 1567 narrandi
1507 1539 1629 1567 ordinem
1652 1532 1879 1575 aggredientesdm'ﬂ

1150 1585 1231 1613 altius
1239 1585 1399 1614 ’ordiendum
1411 1589 1553 1621 putamus;
1567 1589 1594 1613 et
1604 1585 1638 1612 ab
1651 1585 1724 1621 ipsa,
1739 1583 1801 1611 ntita
1811 1578 1878 1608 dixerit.

1151 1631 1250 1659 radicis
1262 1630 1410 1666 propagine
1428 1630 1461 1658 de
1475 1637 1527 1666 qua
1549 1638 1643 1658 eorum
1668 1626 1835 1679 quat-dicenda
1850 1624 1878 1650 sud
1891 1654 1892 1679 ι

1151 1684 1261 1713 germen
1275 1677 1405 1711 excrevit,
1419 1676 1497 1705 brevi
1511 1676 1597 1705 relatu
1608 1674 1829 1713 progrediandum.

899 1787 1080 1832 LIBER
1115 1784 1342 1832 PRIMUS

334 1870 474 1907 Regnante
487 1871 513 1900 in
526 1872 621 1909 Anglia
638 1872 834 1908 gloriosissimo
848 1878 911 1907 rege
923 1871 1030 1907 Edgaro
1042 1892 1050 1905 .
1066 1875 1094 1899 et

298 1920 385 1944 totum
403 1925 515 1953 regnum
531 1919 633 1946 sanctis
657 1919 761 1954 legibus
783 1922 895 1946 strenue
911 1917 1091 1952 gubernante,

1148 1872 1219 1908 quod
1235 1872 1293 1907 ipse
1306 1871 1433 1900 videlicet
1448 1871 1474 1899 in
1492 1872 1625 1907 sanguine
1640 1872 1772 1903 victurus,
1791 1863 1875 1903 quod“?

1148 1917 1277 1946 bat-orum
1296 1917 1421 1945 incursus
1434 1917 1520 1945 atroci
1533 1917 1711 1953 oppressione
1721 1910 1875 1954 passut'llsdl‘wf1

295 1961 450 1991 Dunstanus
463 1963 675 1991 Cantuariorum
702 1963 832 1997 antistes,
851 1963 893 1990 vir
907 1967 980 1991 totus
992 1970 1025 1991 ex
1041 1963 1095 1991 vir-
1109 1980 1131 2010 α
1148 1962 1237 1998 ipsum
1264 1968 1373 1997 quoque
1398 1969 1512 1997 regnum
1537 1961 1690 1991 innumeris
1713 1965 1804 2010 atque“
1812 1957 1875 2010 emt-9:“

296 2008 400 2036 tutibus
415 2008 514 2043 factus,
531 2009 694 2038 Christiana:
710 2010 777 2045 legis
800 2009 986 2037 moderamine
1010 2013 1095 2037 totam

294 2052 465 2083 Britanniam
477 2056 646 2091 disponebat.
664 2055 749 2091 Hujus
760 2057 836 2093 gravi
847 2056 1006 2092 operatione
1015 2060 1096 2091 atque

294 2100 410 2128 consilio
420 2108 467 2128 rex
481 2101 551 2129 idem
564 2106 591 2129 et
605 2102 660 2130 Deo
679 2102 793 2131 devotus
803 2102 918 2135 exstitit,
934 2106 962 2130 et
974 2102 1096 2138 undique

294 2145 458 2172 irruentium
474 2146 652 2174 barbarorum
678 2147 795 2184 impetus
812 2148 913 2176 invicta
932 2148 1034 2176 virtute
1046 2147 1093 2176 dc-

292 2190 416 2223 bellavit,
441 2191 533 2225 evicit,
549 2193 720 2227 compressit.
745 2193 844 2222 Pacem
862 2194 957 2229 itaque
983 2194 1096 2229 diesque

292 2235 387 2264 felices
410 2236 507 2272 Anglia
531 2237 743 2274 circumquaque
763 2238 901 2272 obtinuit,
929 2239 993 2266 dum
1023 2239 1095 2275 regis

292 2282 372 2311 istius
386 2288 415 2312 et
438 2279 528 2312 Patris
543 2283 675 2313 Dunstani
700 2285 836 2321 corporali
856 2286 994 2322 presentia
1011 2285 1093 2321 potiri

292 2329 456 2364 promeruit.
480 2329 531 2364 Qui
555 2338 603 2358 rex
628 2338 690 2360 cum
711 2331 774 2360 vim
792 2339 849 2360 suae
872 2331 944 2360 diem
969 2331 1093 2360 ultimum

290 2375 473 2411 propinquum
498 2376 556 2404 fore
571 2376 695 2409 sentiret,
717 2376 850 2405 Edwardo
872 2376 928 2404 tilio
942 2384 992 2406 suo
1017 2376 1094 2413 regni

291 2419 412 2448 habenas
425 2420 546 2456 reliquit.
562 2421 711 2450 Successor
723 2429 788 2458 ergo
811 2421 921 2458 gloriosi
935 2422 1022 2458 patris
1035 2421 1093 2457 glo-

289 2467 379 2496 riosus
402 2467 573 2501 Edwardus,
599 2476 614 2495 a
640 2473 735 2497 sancto
760 2470 901 2498 Dunctano
926 2469 1089 2502 institutus,

290 2518 426 2547 regnum,
452 2521 506 2548 quo
534 2518 656 2549 tempore
682 2514 768 2548 vixit,
800 2515 989 2543 strenuissime
1009 2515 1090 2543 rexit.

291 2557 404 2591 Verum,
430 2559 548 2587 evolutis
560 2567 669 2587 coronae
682 2567 738 2588 suae
753 2560 875 2595 pauculis
903 2561 993 2593 annis,
1010 2560 1092 2595 impia

290 2609 346 2630 sua!
363 2611 487 2632 novercae
503 2604 598 2632 fraude
611 2609 724 2633 necatus
735 2626 742 2639 ,
770 2605 883 2635 fratrem
898 2614 989 2638 suum,
1008 2605 1091 2633 Edelv

1146 2007 1345 2036 vastationibus
1359 2007 1554 2035 conterendum
1580 2006 1650 2035 foret
1675 2007 1767 2035 edixit.
1787 2003 1834 2037 Ωυε

1144 2054 1237 2090 pbetia
1250 2054 1302 2081 viri
1316 2054 1363 2082 Dei
1379 2061 1462 2089 quam
1477 2061 1541 2082 vera
1555 2054 1708 2087 exstiterit,
1731 2057 1757 2081 et
1779 2051 1802 2079 in

1145 2100 1196 2133 cis,
1210 2099 1256 2135 qui
1271 2099 1361 2135 legere
1374 2099 1469 2127 volunt
1479 2119 1486 2131 ,
1507 2103 1536 2127 et
1558 2099 1585 2133 in
1604 2100 1706 2128 nostris
1721 2091 1873 2136 tribulationibf‘

1145 2145 1192 2181 qui
1204 2133 1347 2173 advertere
1366 2145 1466 2178 sciunt,
1478 2144 1570 2172 videre
1582 2144 1710 2173 facillime
1718 2143 1821 2179 possunt.
1830 2133 1873 2185 ης

1144 2197 1205 2219 cam
1221 2190 1250 2218 in
1264 2190 1307 2218 his
1318 2197 1379 2225 quae
1393 2190 1471 2218 istius
1481 2190 1572 2225 operis
1583 2190 1669 2219 series
1682 2197 1730 2227 per
1742 2188 1799 2220 Ιοωτ
1808 2182 1871 2210 νθῖίυκ

1145 2235 1275 2269 dictante,
1290 2236 1497 2265 demonstrabit.

1179 2281 1322 2311 Translata
1334 2282 1416 2319 igitur
1424 2282 1459 2310 ad
1469 2282 1590 2311 coelestia
1601 2282 1684 2312 beato
1695 2282 1822 2311 WM'
1830 2275 1871 2321 εξῗ

1144 2328 1240 2364 stigio,
1258 2332 1289 2356 ut
1302 2328 1477 2364 'praedixerat
1499 2329 1577 2365 ipse,
1598 2329 1772 2357 barbarorum
1785 2319 1871 2363 imm
1891 2325 1892 2365 ξ

1143 2373 1241 2410 Anglia
1256 2374 1353 2410 patuit.
1366 2374 1448 2411 Regis
1461 2376 1561 2404 etenim
1577 2374 1681 2403 desidia
1695 2367 1838 2411 circumire}
1853 2365 1871 2411 αξ

1144 2409 1244 2454 notuit,
1257 2409 1288 2449 et
1301 2420 1362 2449 ideo
1385 2409 1540 2450 exterarum
1555 2421 1688 2458 cupiditas
1701 2425 1762 2455 opes
1781 2409 1871 2458 MK")?

1144 2474 1225 2502 quam
1241 2474 1332 2495 mores
1346 2466 1492 2501 all‘ectans,
1507 2468 1559 2496 hac
1571 2454 1599 2496 et
1612 2467 1683 2501 illac,
1696 2472 1741 2502 per
1753 2454 1870 2508 malit":

1144 2499 1202 2540 ram
1217 2513 1362 2547 invadere,
1381 2519 1408 2540 et
1422 2499 1511 2548 primo
1525 2514 1691 2550 propinquas
1713 2507 1775 2539 mari
1793 2499 1870 2550 vilitti?

1145 2559 1240 2593 urbes,
1255 2559 1354 2588 deinde
1372 2546 1545 2594 remotiores,
1559 2546 1591 2587 ac
1606 2546 1712 2588 demum
1727 2558 1796 2584 low“

1143 2586 1794 2641 οεδιιῖ’ιηέεεέιὼέιέῙιεῇὸρὡζίίὸοέᾟένηεωηο
1811 2586 1867 2641 Qui?

290 2648 386 2676 redum
402 2649 522 2682 nomine,
543 2649 627 2677 ﬁlium
649 2650 735 2687 ipsius
757 2652 835 2680 malae
848 2652 969 2680 mulieris
979 2673 987 2685 ,
1012 2651 1089 2687 regni
1106 2660 1130 2691 ι)
1143 2660 1205 2679 cum
1219 2651 1265 2679 illc
1279 2652 1363 2679 nl’mio
1376 2659 1477 2687 pavore
1491 2659 1652 2688 percussus,
1668 2658 1718 2680 non
1731 2642 1800 2675 armis

289 2694 398 2730 quidem
413 2695 460 2723 sed
475 2695 575 2723 nullius
592 2696 733 2732 probitatis
750 2698 885 2726 heredem
908 2698 1022 2726 sortitus
1036 2702 1088 2725 est.

290 2739 351 2773 Cui,
366 2740 428 2774 quia
441 2747 490 2775 per
502 2741 660 2776 sanguinem
672 2742 765 2771 fratris
778 2743 811 2771 ad
822 2750 934 2779 regnum
947 2742 1087 2777 aspiravit,

292 2785 368 2821 gravi
385 2786 536 2815 invectione
556 2787 684 2823 praefatus
707 2789 823 2817 antistes
846 2788 1027 2817 comminatus
1049 2794 1092 2816 est

1144 2704 1215 2730 rene,
1232 2698 1280 2725 sed
1294 2697 1358 2725 data
1372 2681 1596 2744 pecunia-pacem
1610 2681 1695 2726 abicit!

1143 2743 1257 2776 buisset,
1273 2743 1324 2779 ipsi
1339 2731 1465 2779 suscepto
1480 2731 1567 2779 pretio
1580 2743 1606 2771 iu
1618 2751 1665 2772 sua
1681 2731 1863 2790 revertemur":

1145 2797 1260 2817 numero
1284 2797 1394 2818 suorum
1427 2790 1544 2819 adaucto
1571 2790 1715 2819 ferociores
1734 2779 1834 2813 mum"

335 2845 345 2856 ⁴
358 2844 511 2874 “evocatur
524 2846 623 2876 Lcctor
641 2846 675 2875 ad
691 2851 769 2875 notas
784 2846 899 2874 fusiores
915 2845 1027 2874 Joannis
1041 2845 1160 2879 Seldeni,
1182 2846 1261 2874 infra.
1279 2846 1359 2874 EDIT.
