3898 6318
34 492 274 586 ’ντεεωίε
301 500 509 556 iteratte
536 487 850 586 irruptipnis
890 477 1242 586 multiplicat:

34 550 589 655 :nvdcun—to-do—decem
616 550 804 640 millia,
827 572 985 628 modo
1007 564 1243 655 sedecim
1265 558 1456 655 millia,
1480 550 1643 630 modo

34 647 239 762 ’viginti
269 686 503 750 quatuor
530 670 718 734 millia,
737 664 896 722 modo
918 658 1144 762 triginta
1168 652 1337 755 millia
1380 647 1643 762 libratum

48 734 575 849 argenti‘consecuti
608 767 757 831 sunt,
784 751 968 823 omnia
996 749 1078 805 eis
1105 744 1373 815 largiente
1417 734 1645 809 praefato

50 840 181 940 rege
204 859 470 920 Edelredo
492 898 509 924 ,
564 864 620 908 et
666 846 816 921 gravi
858 840 1143 900 exactione
1187 842 1361 890 totum
1420 840 1645 899 regnum

50 921 406 1031 opprimente.
431 921 578 1005 Inter
598 944 703 999 ista
727 938 864 995 mala
888 941 1112 1005 quartus
1131 943 1162 983 a
1185 927 1347 981 beato
1366 921 1647 977 Dunstano

50 1011 275 1122 Arlfe—gus
305 1044 382 1116 (4)
418 1039 722 1096 Wentanus
756 1029 1048 1099 episcopus
1085 1016 1385 1075 Eeclesiam
1412 1011 1649 1122 Cantua-

34 1099 287 1199 ,rien;em
308 1099 605 1203 regendam
653 1117 932 1189 suscepit,
962 1113 1047 1166 vir
1076 1118 1331 1165 strenuus
1362 1112 1417 1158 et
1465 1099 1533 1154 ab
1564 1099 1647 1151 in-

50 1232 217 1289 fantia
252 1240 351 1283 sua
373 1195 535 1280 sacra
562 1211 845 1286 religionis
876 1207 985 1262 vita
1010 1211 1066 1258 et
1103 1199 1292 1257 habitu
1335 1195 1645 1250 decoratus.

55 1324 156 1380 llic
188 1321 379 1391 igitur,
430 1285 791 1370 consideratis
817 1298 1120 1356 innumeris
1145 1290 1303 1348 malis
1337 1285 1533 1356 quibus
1568 1290 1650 1334 to-

38 1423 168 1468 tum
198 1372 430 1479 :egnum
457 1403 511 1459 in
543 1401 868 1456 immensum
905 1386 1313 1449 devastabatur,
1346 1372 1645 1436 inhorruit;

40 1510 104 1569 et
140 1469 342 1571 quibus
381 1498 593 1566 poterat
628 1486 804 1543 modis
823 1495 1043 1554 operam
1073 1478 1204 1534 dare
1250 1469 1417 1541 cepit
1454 1477 1641 1536 quem-

34 1556 345 1650 admodum
396 1581 716 1643 immanitati
762 1576 1117 1635 nefandorum
1161 1566 1441 1626 hominum
1480 1556 1653 1631 possit

34 1678 295 1763 iobviari.
349 1677 504 1747 Quod
559 1674 660 1745 ipsi
706 1668 1101 1743 percipientes,
1144 1669 1202 1717 et
1254 1672 1323 1713 ne
1375 1649 1652 1711 consuetis

52 1772 352 1845 quaestibus
381 1769 746 1840 privarentur,
777 1760 879 1817 sibi
909 1773 974 1814 ac
1014 1756 1129 1812 suis
1156 1747 1504 1822 providentes
1533 1782 1548 1807 ,
1594 1740 1649 1795 in

34 1838 237 1944 ipsum
266 1838 466 1917 acerbo
513 1855 639 1912 odio
685 1848 914 1909 animati
954 1854 1099 1925 sunt.
1140 1840 1296 1898 Unde
1339 1841 1553 1890 vastata
1595 1838 1651 1886 et

34 1926 391 2023 iconllagrata
413 1947 638 2003 civitate
661 1939 975 2003 Cantuaria,
1003 1935 1320 2003 civibusque
1342 1927 1459 1999 ejus
1480 1926 1654 1994 lacry-

34 2041 248 2127 'mabili
300 2053 399 2111 per
443 2051 539 2094 eos
581 2042 729 2092 sorte
770 2028 1067 2093 damnatis,
1114 2022 1399 2082 ecclesiam
1437 2030 1654 2090 quoque

56 2129 365 2190 Salvatoris
391 2128 446 2184 in
485 2142 551 2183 ea
591 2123 980 2181 consistentem
1020 2116 1240 2173 ﬂamma
1284 2105 1650 2179 consumpsit.

34 2226 176 2303 ipse
207 2223 371 2279 Pater
403 2221 613 2277 interea
643 2217 915 2273 furentum
962 2211 1209 2268 manibus
1236 2209 1454 2264 vinctus
1482 2201 1654 2259 abdu-

56 2294 225 2381 citur,
252 2309 544 2366 trucidatis
566 2306 743 2378 primo
772 2318 960 2359 coram
991 2315 1056 2355 eo
1083 2313 1221 2370 pene
1250 2294 1504 2351 omnibus
1534 2304 1653 2348 mo-

34 2400 248 2459 ‘nachis
276 2400 368 2471 qui
398 2401 497 2455 sub
520 2398 632 2467 ejus
656 2395 919 2468 regimine
951 2393 1005 2447 in
1030 2392 1144 2462 ipsa
1168 2383 1654 2453 ecclesiaZDomino

60 2494 273 2549 Christo
296 2478 720 2546 famulabantur.
739 2487 866 2542 Inde
882 2483 1103 2554 Alfegus
1120 2477 1376 2536 naucellae
1398 2475 1652 2547 injectus,

34 2575 124 2639 "ad
156 2581 444 2640 Grenewic
466 2579 701 2645 vehitur,
732 2588 785 2633 et
815 2575 1021 2633 crudeli
1049 2572 1307 2631 custodiae
1328 2584 1426 2642 per
1447 2574 1654 2637 septem

36 2672 273 2733 menses
314 2672 691 2740 mancipatus,
725 2670 852 2725 dum
906 2664 1322 2737 malignantium
1374 2655 1654 2729 iniquitati

34 2790 35 2793 η
62 2784 250 2824 manus
285 2767 424 2822 dare
452 2762 614 2819 nullis
636 2760 798 2818 minis
826 2759 1003 2814 victus
1028 2756 1420 2827 acquiesceret,
1465 2748 1656 2807 stevis-

64 2861 195 2915 sima
250 2871 387 2914 nece
440 2854 510 2911 ab
556 2852 639 2909 eis
683 2850 956 2923 lapidatus
999 2847 1271 2905 occubuit.
1310 2844 1438 2900 Haec
1468 2841 1656 2914 paucis

63 2946 606 3013 commemoraverim
636 2960 744 3000 non
766 2942 1051 2999 historiam
1078 2948 1269 2995 texens
1288 2979 1304 3004 ,
1353 2936 1448 2994 sed
1492 2949 1655 3006 quam

63 3043 297 3098 veridico
317 3037 585 3095 vaticinio
606 3034 770 3092 Pater
794 3035 1102 3090 Dunstanus
1123 3029 1266 3087 mala
1291 3027 1499 3100 Anglice
1526 3041 1659 3082 ven-

66 3142 177 3187 tura
208 3130 549 3203 praedixerit,
573 3127 716 3185 scire
738 3125 1033 3182 volentium
1062 3121 1358 3185 intellectui
1387 3120 1651 3192 pandens.
1683 3148 1726 3207 ο

64 3221 169 3277 Nec
200 3222 288 3277 hic
325 3219 600 3275 malorum
630 3215 753 3272 linis
779 3214 1009 3271 exstitit.
1046 3213 1179 3269 Acta
1206 3220 1333 3268 sunt
1359 3209 1501 3266 enim
1534 3215 1659 3279 post

60 3314 177 3397 haec
201 3322 256 3370 et
286 3313 390 3369 alia
420 3326 523 3382 per
548 3309 801 3381 Angliam
833 3306 1072 3377 ingentia
1100 3305 1271 3373 mala,
1319 3319 1384 3360 ac
1408 3300 1657 3373 pluribus

66 3406 217 3461 annis
247 3420 471 3477 semper
502 3412 630 3458 sunt
659 3402 761 3457 sibi
784 3402 916 3471 ipsis
946 3399 1002 3456 in
1034 3398 1272 3456 deterius
1340 3405 1483 3453 acta.
1516 3394 1661 3450 inter

67 3513 220 3570 quae,
267 3496 604 3555 monasteria
646 3508 863 3567 quoque
913 3506 1191 3548 servorum
1240 3498 1294 3547 et
1342 3488 1662 3545 ancillarum

66 3591 159 3645 Dei
201 3591 304 3663 (5),
353 3605 480 3662 qua:
513 3604 685 3659 usque
737 3588 791 3642 in
834 3585 1193 3657 quadraginta
1244 3590 1367 3638 octo
1414 3594 1661 3644 numero,

70 3687 311 3750 tempore
338 3679 488 3751 regis
512 3678 653 3748 Edga
664 3678 705 3732 ri
730 3692 827 3748 per
847 3677 1062 3731 Patrem
1087 3674 1444 3737 Dunstanum,
1469 3685 1663 3740 coope-

72 3772 313 3828 rantibus
356 3772 571 3828 sanctis
615 3769 865 3828 Oswaldo
924 3767 1177 3823 videlicet
1224 3763 1557 3820 Eboracensi
1608 3770 1666 3818 et

70 3861 403 3923 Athelwoldo
414 3860 669 3935 pontiﬁce
684 3858 1210 3927 Wintoniensignova
1224 3862 1593 3914 surrexerant.
1609 3861 1666 3911 et

73 3968 342 4025 magnaex
372 3963 523 4025 parte
545 3954 740 4019 diruta,
769 3960 825 4008 et
845 3952 1033 4023 religio
1058 3948 1360 4006 monachici
1375 3947 1584 4004 ordinis
1607 3947 1664 4002 in

73 4047 204 4103 nihil
221 4063 357 4118 pene
378 4048 592 4103 redacta
605 4054 709 4103 est.
725 4044 1083 4100 Transierunt
1104 4042 1158 4097 in
1176 4040 1296 4096 istis
1315 4038 1447 4094 anni
1461 4037 1663 4108 plures.

142 4134 430 4204 Regnante
468 4145 650 4190 autem
681 4134 948 4190 Edwardo
976 4174 993 4198 ,
1026 4146 1188 4202 quem
1231 4144 1297 4185 ex
1343 4144 1535 4185 sorore
1570 4128 1667 4183 Ri-

72 4225 261 4281 chardi
283 4226 501 4282 comitis
523 4225 1036 4290 Northmannornm,
1059 4223 1228 4278 lmma
1259 4221 1497 4288 nomine,
1525 4234 1665 4293 prm-

73 4318 219 4373 fatus
268 4333 365 4374 rex
405 4318 702 4390 Anglorum
736 4314 1039 4371 Adelredus
1082 4313 1254 4369 ﬁlium
1306 4323 1664 4384 susceperat;

74 4409 526 4473 monasteriorum
547 4451 562 4477 ,
595 4423 716 4479 quae
741 4421 913 4477 usque
937 4406 990 4462 id
1021 4405 1285 4476 temporis
1318 4402 1668 4459 destructioni

1068 381 1073 387 '
1146 350 1469 419 HISTORIA
1509 335 1869 403 NOVORUM.
1908 365 1976 376 —
2012 324 2140 390 LIB.
2180 330 2220 387 l.

1454 471 1628 537 rent,
1663 460 1709 517 A
1742 451 1915 510 Snani
1961 449 2057 504 ﬁlii
2096 447 2201 511 sui,
2240 440 2455 500 obsides
2486 436 2706 496 dantur,
2749 446 2811 486 ac
2845 429 2897 483 in
2932 427 3323 483 Northmamna

2252 254 2287 275 Γ

3218 305 3325 367 550

1746 543 2031 603 Villhclmo
2058 537 2261 598 comiti,
2293 534 2402 589 ﬁlio
2432 532 2639 588 scilicet
2669 525 2892 603 Boberti
2937 520 3027 576 ﬁlii
3066 518 3326 575 Richardi

1746 634 1933 692 fratris
1971 627 2162 687 matris
2196 642 2329 692 suae,
2362 616 2700 679 custodiendi
2729 613 3083 672 destinantur.
3119 608 3327 677 Quibus

1746 728 1913 803 gestis
1928 722 2244 784 Godvvinus,
2265 726 2450 788 utpote
2468 714 2636 771 hostis
2654 708 2910 767 Ecclesiae
2921 700 3329 763 Cantuariensis

1749 792 1897 887 (nam
1936 817 2160 874 seducto
2209 810 2415 867 Edzino
2458 804 2887 875 archiepiscopo,
2929 797 3111 854 villam
3161 792 3330 866 ipsius

1747 911 2003 970 Ecclesia:
2043 905 2264 963 nomine
2311 899 2727 956 Folchestanum
2765 893 2815 950 ei
2862 885 3153 959 subripuit)
3191 881 3331 938 mala

1750 1010 1926 1060 morte
1951 1006 2077 1070 post
2104 998 2269 1051 breve
2297 1000 2508 1061 tempus
2538 982 2774 1048 interiit,
2812 989 2869 1036 et
2896 974 3163 1034 Haraldns
3193 972 3334 1027 illius

1750 1092 1870 1161 ejus
1894 1060 2211 1145 comitatum
2236 1060 2440 1136 Cantiae
2464 1074 2606 1146 patri
2636 1069 2932 1128 succedens
2966 1062 3222 1122 obtinuit.
3258 1060 3329 1125 ls,

1751 1156 1938 1252 elapso
1997 1175 2207 1234 modico
2255 1181 2518 1241 tempore,
2565 1161 2841 1221 licentiam
2890 1156 3082 1229 petivit
3125 1169 3157 1209 a
3205 1168 3336 1223 rege

1752 1270 2203 1330 Northmanniam
2238 1266 2315 1320 ire
2350 1271 2405 1319 et
2444 1260 2667 1315 fratrem
2702 1268 2857 1311 suum
2890 1260 3051 1322 atque
3084 1254 3335 1319 nepotem

1753 1365 1845 1434 qui
1876 1359 2095 1418 obsides
2122 1356 2444 1413 tenebantur
2478 1350 2733 1410 liberare,
2769 1344 3028 1399 liberatos
3054 1336 3332 1392 reducere.

1753 1457 1851 1514 Cui
1881 1470 2014 1510 rex:
2065 1470 2084 1503 ‹
2123 1450 2256 1516 Hoc,
2297 1444 2501 1515 inquit,
2532 1456 2636 1495 non
2669 1438 2760 1493 ﬁet
2783 1451 2881 1508 per
2912 1447 3032 1498 me;
3065 1435 3333 1484 verumta-

1754 1567 1881 1609 men
1895 1565 1964 1605 ne
1990 1547 2176 1603 videar
2204 1553 2257 1598 te
2284 1539 2420 1595 velle
2440 1533 2722 1605 impedire,
2747 1528 3004 1603 permitto
3034 1532 3092 1580 ut
3114 1536 3204 1578 eas
3229 1535 3340 1591 quo

1754 1644 1858 1707 vis,
1882 1656 1948 1697 ac
1984 1635 2267 1708 experiare
2301 1629 2428 1701 quid
2456 1626 2652 1697 possis.
2678 1618 2977 1678 Praesentio
3002 1626 3181 1672 tamen
3210 1621 3260 1668 te
3284 1612 3337 1665 in

1760 1703 1892 1789 nihil
1929 1703 2073 1785 aliud
2117 1725 2361 1788 tendere,
2403 1718 2504 1773 nisi
2534 1717 2587 1771 in
2630 1713 3009 1770 detrimentum
3041 1706 3206 1762 totius
3232 1703 3337 1758 An-

1684 1802 1727 1858 B
1753 1822 1877 1897 glici
1917 1818 2070 1891 regni
2118 1825 2173 1871 et
2223 1810 2573 1884 opprobrium
2625 1806 2722 1861 tui.
2759 1802 2870 1859 Nec
2907 1802 3052 1857 enim
3096 1802 3169 1855 ita
3216 1798 3339 1850 novi

1754 1886 2009 1975 comitem
2042 1908 2240 1965 mentis
2265 1912 2566 1976 expertem,
2607 1909 2667 1954 ut
2694 1911 2791 1953 eos
2836 1893 3177 1964 aliquatenus
3213 1886 3342 1942 velit

1755 2006 2055 2066 concedere
2088 2001 2205 2067 tibi,
2249 1998 2297 2055 si
2345 2011 2452 2051 non
2490 1989 2791 2064 prmscierit
2840 1988 2894 2042 in
2942 1986 3047 2040 hoc
3088 1993 3343 2052 magnum

1754 2099 2060 2174 proﬁcuum
2093 2095 2197 2151 sui.
2236 2112 2256 2147 ι
2297 2062 2559 2146 Ascendit
2611 2085 2796 2155 itaque
2841 2062 3110 2136 Haraldus
3150 2088 3339 2129 navem

1754 2207 1855 2250 suo
1887 2205 2049 2262 quam
2083 2187 2228 2260 regis
2256 2181 2497 2241 'consilio
2537 2177 2767 2236 credens
2798 2188 2922 2228 cum
2961 2168 3247 2226 ditioribus
3278 2176 3346 2243 bet

1752 2281 2163 2342 honestioribus
2186 2274 2501 2335 hominibus
2523 2271 2660 2338 suis,
2684 2283 2819 2325 auro
2840 2276 2894 2323 et
2919 2271 3148 2336 argento
3172 2267 3346 2313 veste-

1756 2390 1861 2448 que
1895 2373 2130 2445 pretiosa
2161 2368 2419 2426 nobiliter
2455 2363 2755 2420 instructis.
2792 2359 2938 2416 Mare
2978 2349 3345 2412 turbulentum

1754 2467 2077 2538 navigantes
2104 2461 2417 2525 exterritat,
2450 2465 2505 2514 et
2544 2469 2738 2511 navem
2791 2452 3056 2507 undarum
3097 2443 3348 2503 cumulus

1758 2534 2113 2632 vehementer
2136 2553 2396 2623 exagitat.
2430 2548 2615 2618 Ejecla
2661 2544 2877 2600 tandem
2908 2540 2982 2611 (6)
3017 2553 3139 2594 cum
3171 2534 3349 2591 omni-

1757 2652 1860 2707 bus
1892 2664 2012 2719 quaa
2052 2629 2259 2702 ferebat
2300 2645 2354 2698 in
2379 2642 2670 2696 Pontivum
2703 2635 2924 2692 fluvium
2959 2632 3050 2704 qui
3084 2629 3225 2685 Maia
3256 2643 3350 2682 vo-

1759 2716 1933 2802 catur,
1959 2752 1988 2790 a
2018 2734 2237 2791 domino
2262 2742 2422 2786 terra:
2452 2730 2614 2794 illius,
2642 2741 2743 2798 pro
2763 2724 2870 2779 ritu
2895 2722 3021 2789 loci,
3046 2716 3347 2791 captivitati

1760 2800 2058 2888 addicitur;
2093 2829 2150 2876 et
2174 2818 2424 2876 homines
2455 2815 2509 2870 in
2536 2828 2599 2869 ea
2631 2809 2992 2867 consistentes
3023 2800 3351 2875 diligentiori

1762 2914 2024 2972 custodiae
2059 2910 2459 2980 mancipantur.
2499 2901 2842 2960 Constrictus
2885 2895 3052 2966 igitur
3086 2890 3352 2945 Haraldus

1759 3006 2058 3079 quemllbet
2086 3018 2153 3059 ex
2180 3000 2341 3071 vulgo
2369 2996 2634 3069 promissa
2670 2989 2921 3047 mercede
2951 2986 3185 3042 illectum
3212 2980 3351 3036 clam

1762 3070 1827 3154 ad
1852 3096 2107 3153 comitem
2136 3070 2546 3147 Northmannize
2584 3082 2790 3154 dirigit,
2819 3090 3091 3149 exponere
3122 3071 3196 3127 illi
3225 3070 3355 3141 quid

1763 3189 1867 3246 sibi
1902 3185 2210 3257 contigerit.
2239 3182 2309 3237 At
2335 3180 2424 3235 ille
2473 3177 2728 3233 festinato
2756 3188 2853 3244 per
2888 3168 3105 3227 nuntios
3128 3163 3353 3221 mandat

1762 3282 1981 3339 domino
2013 3256 2225 3333 Pontivi
2256 3271 2550 3329 Haraldum
2588 3281 2711 3325 cum
2741 3265 2855 3322 suis
2882 3264 2950 3319 ab
2979 3259 3126 3317 omni
3151 3256 3356 3313 calum-

1760 3371 1851 3428 nia
1874 3369 2104 3425 liberum
2128 3364 2229 3421 sibi
2252 3360 2573 3434 quantocius
2597 3355 2759 3422 mitti,
2785 3353 2832 3410 si
2856 3351 3084 3424 pristina
3110 3345 3350 3402 amicitia

1763 3481 1861 3524 sua
1892 3480 1922 3519 a
1949 3462 2111 3519 modo
2134 3428 2299 3516 vellet
2327 3472 2394 3514 ex
2426 3469 2576 3511 more
2611 3451 2796 3524 potiri.
2831 3448 2937 3504 Sed
2979 3459 3101 3501 cum
3138 3440 3225 3496 ille
3254 3428 3353 3495 he-

1754 3558 1967 3615 ‘minem
1997 3553 2283 3610 dimittere.
2309 3547 2474 3605 nollet
2494 3587 2509 3612 ,
2540 3546 2735 3600 iterum
2769 3542 2825 3597 in
2861 3536 3116 3595 mandato
3147 3531 3357 3603 accepit

1763 3667 1824 3709 se
1856 3647 2169 3706 necessario
2196 3642 2489 3701 Haraldum
2534 3639 2859 3699 missurum,
2891 3631 3130 3702 alioquin
3163 3627 3357 3705 certis-

1763 3744 1903 3801 sime
1931 3743 2101 3800 sciret
2125 3735 2497 3794 Willbelmum
2519 3728 2929 3805 Northmanniat
2955 3726 3145 3781 ducem
3175 3736 3357 3778 arma-

1764 3846 1880 3894 tum
1920 3848 2020 3906 pro
2066 3847 2132 3890 eo
2176 3828 2466 3886 Pontivum
2514 3823 2739 3879 iturum.
2770 3818 2937 3874 Mittit
2971 3816 3137 3886 igitur
3175 3813 3353 3866 virum

1764 3946 1888 3987 cum
1915 3928 2100 3993 sociis,
2123 3924 2303 3997 primo
2328 3929 2510 3976 tamen
2536 3915 2621 3971 eis
2645 3927 2767 3983 quae
2796 3909 3020 3966 meliora
3050 3904 3356 3961 detulerant

1763 4019 1928 4078 simul
1954 3992 2167 4073 ablatis.
2197 4014 2333 4070 Hinc
2356 4010 2427 4066 ad
2443 4003 2817 4064 Willhelmum
2838 3996 3103 4053 Haraldus
3128 3992 3357 4048 veniens

1770 4109 2072 4168 honorifice
2098 4105 2411 4173 suscipitur.
2436 4100 2506 4157 Et
2532 4095 2721 4153 audito
2748 4108 2846 4149 cur
2874 4088 3108 4162 patriam
3138 4083 3357 4151 exierit,

1770 4204 1911 4259 bene
1944 4198 2164 4270 quidem
2199 4209 2313 4251 rem
2339 4203 2719 4264 processuram
2746 4188 2794 4242 si
2822 4187 2877 4243 in
2902 4185 3020 4256 ipso
3047 4196 3153 4237 non
3184 4193 3362 4245 rema-

1766 4269 1976 4358 neret,
2019 4284 2362 4343 Willhelmus
2408 4277 2710 4352 respondit.
2760 4274 2951 4331 Tenuit
3002 4287 3133 4344 ergo
3180 4269 3362 4325 virum

1769 4376 1979 4454 aliquot
2011 4378 2204 4436 diebus
2240 4374 2383 4432 circa
2412 4387 2494 4439 se,
2529 4368 2668 4427 etin
2699 4383 2852 4424 mora
2889 4367 3009 4432 illa,
3050 4378 3201 4420 more
3230 4377 3361 4430 pru-

76 4508 415 4568 supererant,
441 4455 673 4570 plurima
699 4455 997 4553 destructio
1019 4455 1164 4550 facta
1185 4502 1285 4549 est.
1695 4495 1742 4553 D
1769 4474 1982 4542 ἀεηιῖε,
2011 4469 2226 4544 apem“
2258 4466 2309 4525 εί
2353 4463 2497 4537 (ιιιοά
2531 4461 2769 4519 habebat
2798 4462 2852 4515 ί¹¹
2886 4465 3089 4514 "‘emc'
3136 4455 3362 4510 Diceb‘“

1770 4568 1781 4570 _
2202 4560 2281 4570 ...
2418 4558 2433 4570 .
2722 4554 2737 4570 .
2838 4569 2878 4570 η
2944 4568 2973 4570 __
3010 4550 3198 4570 su-.-“
3235 4547 3358 4570 λη...

77 4593 214 4642 state
258 4586 554 4644 Godwinus
608 4587 813 4650 Cantia:
885 4600 1066 4642 comes
1128 4582 1505 4654 magnanimus
1567 4596 1667 4651 per

78 4673 322 4747 Angliam
375 4688 519 4735 terra
567 4679 813 4748 marique
859 4675 1181 4731 habebatur.
1229 4673 1326 4726 llic
1355 4679 1477 4724 orto
1525 4668 1665 4724 inter

82 4765 208 4822 illud
239 4780 294 4826 et
320 4786 501 4843 regem
530 4771 681 4842 gravi
708 4768 957 4833 discidio,
998 4765 1151 4822 exsul
1187 4764 1255 4818 ab
1297 4761 1489 4838 Anglia
1540 4774 1668 4819 cum

83 4859 191 4915 suis
219 4862 473 4919 omnibus
504 4862 617 4918 fere
639 4860 913 4929 judicatus
942 4868 1041 4913 est.
1070 4858 1168 4912 lvit
1192 4855 1373 4925 itaque
1400 4854 1467 4909 ad
1497 4852 1665 4908 comi-

86 4950 552 5046 tem-baldvrinum
582 4952 635 5006 in
660 4950 989 5014 Flandriam,
1015 4957 1070 5003 et
1096 4946 1362 5005 Haraldus
1384 4945 1526 4999 filius
1551 4944 1669 5015 ejus

80 5036 135 5125 ‘in
170 5039 500 5099 Hiberniam.
540 5041 677 5097 Hinc
701 5083 716 5109 ,
764 5049 942 5095 matre
982 5039 1126 5109 regis
1166 5037 1334 5092 lmma
1372 5036 1625 5090 defuncta
1649 5076 1665 5101 ,

87 5126 375 5199 Godvvinus
400 5144 457 5195 et
481 5134 749 5198 Ilaraldus
780 5132 833 5187 in
864 5132 1112 5209 Angliam
1144 5133 1347 5185 reversi
1379 5137 1538 5193 sunt,
1571 5143 1670 5181 nu-

88 5223 312 5281 merosis
333 5234 564 5297 uterque
585 5223 814 5280 navibus
833 5233 890 5278 et
913 5224 1086 5282 valida
1116 5221 1346 5281 militum
1375 5235 1537 5275 manu
1561 5216 1671 5273 val-

89 5305 247 5368 latus.
277 5315 430 5382 Quod
462 5316 616 5373 multi
663 5315 967 5388 principum
1005 5315 1148 5387 regis
1196 5313 1586 5385 agnoscentes,
1617 5317 1674 5365 et

92 5394 285 5459 bellum
314 5407 440 5464 hinc
479 5408 603 5464 inde
623 5407 829 5465 moveri
854 5404 1257 5470 horrescentes,
1285 5413 1344 5458 ut
1365 5419 1473 5474 pax
1500 5401 1673 5455 utrin-

94 5502 193 5563 que
226 5495 378 5552 ﬁeret
414 5500 745 5556 institerunt.
772 5499 843 5553 At
866 5511 961 5552 rex
987 5496 1231 5552 Godwini
1260 5494 1527 5563 versutias
1578 5506 1670 5547 su-

95 5584 292 5681 apectu-i
323 5587 525 5645 habens
547 5588 768 5656 restitit,
798 5602 899 5643 nec
925 5585 1043 5658 paci
1085 5584 1433 5656 acquiescere
1474 5581 1670 5647 voluit,

97 5672 190 5723 ηίεί
204 5672 374 5739 Primo
386 5679 578 5749 quibus
594 5680 695 5738 sibi
710 5679 1270 5748 securitaspararetur
1281 5673 1503 5731 obsides
1516 5673 1675 5730 habe-

101 5765 195 5825 let.
222 5762 519 5828 Vulnotltus
555 5773 736 5845 ilaque
777 5772 918 5830 ﬁlius
941 5770 1210 5839 Godwiui,
1236 5779 1290 5831 et
1316 5768 1500 5827 Hacun
1532 5768 1676 5827 ﬁlius

1766 4568 1951 4636 itaque
1979 4579 2165 4635 regem
2202 4558 2531 4618 Edwardum
2558 4554 2774 4628 quando
2796 4568 2980 4608 secum
3004 4550 3202 4620 juvene
3231 4547 3361 4601 olim

1760 4657 1977 4728 juvenis
1998 4657 2055 4712 in
2076 4652 2471 4713 Northmannia
2497 4649 2893 4712 demoraretur,
2917 4642 3016 4700 sibi
3041 4640 3365 4712 interposita

1767 4748 1874 4805 ﬁde
1908 4762 2005 4804 sua
2036 4745 2336 4816 pollicitum
2381 4740 2551 4799 fuisse
2576 4742 2701 4814 quia
2745 4738 2789 4794 si
2832 4750 2923 4791 rex
2954 4731 3162 4803 Anglia:
3198 4730 3365 4795 foret,

1763 4840 1855 4912 jus
1872 4839 2027 4911 regni
2053 4838 2107 4894 in
2126 4833 2412 4904 illumjure
2434 4833 2690 4888 haeredita
2700 4831 2777 4885 rio
2794 4836 2916 4897 post
2930 4840 2988 4879 se
3016 4820 3364 4878 transferret.

1769 4933 1838 4990 Et
1865 4930 2124 4998 subdens,
2154 4928 2233 4984 ait
2260 4944 2275 4984 :
2307 4945 2326 4978 ι
2361 4925 2444 4981 Tu
2473 4937 2688 4995 quoque
2713 4920 2757 4975 si
2788 4918 2916 4972 mihi
2956 4926 3006 4970 te
3035 4915 3088 4968 in
3113 4914 3217 4967 hoc
3248 4912 3366 4979 ipso

1770 5023 2294 5083 adminiculaturum
2322 5016 2709 5090 spoponderis,
2746 5019 2802 5065 et
2838 5010 3058 5079 insuper
3080 5006 3363 5062 castellum

1770 5117 1952 5174 Dofris
1979 5129 2105 5171 cum
2127 5121 2292 5186 puteo
2316 5123 2471 5181 aquae
2492 5107 2560 5161 ad
2590 5119 2725 5175 opus
2751 5116 2929 5155 meum
2971 5108 3024 5155 te
3052 5097 3360 5163 facturum;

1772 5221 2128 5275 sororemque
2153 5214 2299 5259 tuam
2324 5214 2485 5273 quam
2511 5196 2604 5252 uni
2626 5196 2692 5251 de
2715 5192 3047 5264 principibus
3076 5191 3213 5249 meis
3234 5190 3361 5247 dein

1774 5301 1829 5356 in
1858 5310 2085 5355 uxorem
2119 5305 2191 5363 te,
2223 5297 2290 5350 ad
2321 5307 2433 5359 me,
2462 5298 2705 5360 tempore
2733 5301 2842 5358 quo
2873 5285 3026 5343 nobis
3049 5285 3359 5355 conveniet,

1775 5391 2209 5452 destinaturnm;
2262 5398 2433 5442 necne
2469 5382 2635 5438 ﬁliam
2676 5395 2852 5436 meam
2897 5388 2950 5435 te
2987 5379 3040 5434 in
3073 5377 3363 5450 conjugeln

1774 5493 2123 5556 accepturum
2156 5479 2269 5536 fore
2302 5473 2645 5549 promiseris,
2681 5486 2807 5529 tunc
2834 5480 2889 5527 et
2923 5472 3079 5526 modo
3111 5480 3360 5541 nepotem

1777 5587 1948 5644 tuum,
1996 5583 2050 5632 et
2086 5588 2209 5630 cum
2248 5571 2301 5626 in
2341 5566 2588 5640 Angliam
2632 5574 2952 5639 regnaturus
2988 5577 3206 5628 venero,
3246 5563 3359 5618 fra-

1778 5681 1911 5728 trem
1967 5677 2117 5724 tuum
2168 5663 2492 5723 incolumem
2541 5659 2791 5730 recipies.
2835 5658 2891 5711 In
2943 5671 3049 5726 quo
3100 5671 3267 5724 regno
3313 5659 3359 5711 si

1779 5763 2077 5847 aliquando
2122 5761 2277 5819 fuero
2325 5767 2417 5815 tuo
2461 5755 2646 5814 favore
2695 5750 3051 5809 conﬁrmatus
3122 5750 3362 5812 spondeo
