3890 6306
555 275 654 336 351

562 396 692 468 quia
739 410 901 452 omne
946 396 1090 468 quod
1135 413 1167 452 a
1206 413 1293 453 me
1341 397 1440 452 tibi
1487 399 1887 454 rationabiliter
1932 398 2156 454 concedi

557 487 809 560 petieris,
839 487 1129 545 obtinebis.
1171 509 1189 542 ι
1228 487 1409 544 Sensit
1449 489 1712 545 Humidus
1744 492 1796 545 in
1828 492 1912 546 his
1941 492 2155 561 pericu-

560 579 676 636 lum
708 581 976 651 undique,
1011 599 1112 639 nec
1163 583 1426 638 intellexit
1477 600 1580 652 qua
1629 587 1906 648 evaderet,
1947 587 2059 640 nisi.
2098 591 2155 642 in

559 673 812 730 omnibus
874 673 996 729 istis
1071 674 1335 728 voluntati
1392 672 1694 729 Willhelmi
1758 677 2151 746 acquiesceret.

557 770 845 839 Acquievit
883 769 1087 841 itaque.
1135 771 1203 825 At
1237 771 1326 826 ille
1358 780 1417 826 ιιι
1453 771 1637 827 omnia
1684 781 1798 825 rata
1843 782 2151 839 manerent,

554 861 784 933 prolatis
811 874 1123 918 sanctorum
1167 863 1432 934 reliquiis,
1473 865 1537 917 ad
1570 864 1672 918 hoc
1706 863 1995 918 llaraldum
2034 881 2154 936 per~

546 936 714 1009 'duxit
763 963 1032 1024 quatenus
1082 970 1245 1026 super
1299 955 1417 1009 illus
1464 953 1698 1022 jurando
1753 965 2043 1013 testaretur
2094 974 2155 1013 se

556 1054 753 1108 cuncta
769 1061 894 1118 qum
907 1047 1430 1103 convenerantinter
1447 1061 1540 1103 eos
1555 1062 1718 1118 opere
1734 1048 2156 1118 completurum,

555 1135 664 1202 nisi
695 1137 969 1194 communi
997 1137 1316 1194 mortalibus
1351 1149 1495 1193 sorte
1522 1140 1769 1209 praesenti
1797 1141 1919 1196 vitae
1948 1141 2144 1210 praeri-

559 1237 806 1296 peretur.
837 1225 934 1282 llis
963 1227 1038 1282 ita
1065 1227 1252 1296 gestis,
1285 1227 1581 1294 Haraldus,
1623 1228 1818 1298 adepto
1846 1238 2060 1300 nepote,
2095 1228 2151 1284 in

556 1318 796 1388 patriam
823 1332 978 1372 suam
1008 1333 1260 1374 reversus
1290 1328 1394 1374 est.
1420 1317 1520 1374 Ubi
1552 1334 1682 1373 vero
1709 1319 1838 1389 quid
1869 1319 2152 1388 acciderit,

557 1408 691 1483 quid
721 1410 923 1480 egerit,
954 1411 1065 1481 regi
1092 1411 1462 1480 percunctanti
1488 1395 1750 1466 narravit.
1779 1430 1796 1462 ι
1829 1411 2146 1467 Nonnedixi

557 1502 688 1568 tibi,
719 1502 828 1571 ait,
865 1518 951 1559 me
988 1502 1354 1559 Willhehnnm
1397 1519 1579 1568 nosse,
1628 1513 1682 1557 et
1732 1503 1783 1557 in
1827 1503 1917 1557 illo
1957 1505 2148 1561 itinere

559 1605 657 1656 tuo
683 1597 914 1670 plurima
945 1599 1083 1653 mala
1115 1599 1238 1654 huic
1277 1615 1444 1669 regno
1480 1599 1795 1669 contingere
1816 1599 2006 1668 posse?
2040 1620 2056 1650 ι
2090 1601 2144 1655 in

555 1691 708 1750 brevi
752 1699 872 1763 post
916 1691 1031 1748 hac
1076 1693 1211 1749 obiit
1260 1693 1578 1748 Edwardus.
1625 1691 1786 1747 Juxta
1830 1693 1973 1762 quod
2038 1693 2146 1749 illic

557 1791 686 1838 ante
712 1791 943 1840 mortem
984 1792 1284 1853 statuerat,
1315 1785 1370 1840 in
1409 1799 1634 1855 regnum
1668 1784 1716 1840 ei
1744 1787 2007 1841 successit
2039 1783 2149 1840 Ha-

558 1873 764 1932 raldus.

635 1967 767 2022 Dein
790 1969 939 2024 venit
964 1970 1184 2026 nuntius
1198 1969 1254 2026 in
1277 1969 1527 2041 Angliam
1546 1985 1575 2024 a
1598 1969 1822 2038 praefato
1836 1969 2150 2027 Willhelmo

556 2053 826 2122 directus,
849 2068 1112 2128 expetens
1131 2074 1374 2113 sororem
1400 2057 1641 2124 Haraldi,
1667 2057 1819 2126 juxta
1853 2062 1994 2130 quod
2027 2076 2152 2114 con-

557 2145 787 2204 venerat
817 2147 1134 2206 Willhelmo
1179 2160 1233 2205 et
1276 2151 1370 2204 illi.
1413 2150 1531 2205 Alia
1563 2150 1726 2203 etiam
1768 2167 1920 2221 qum,
1952 2151 2152 2207 violato

563 2251 931 2310 sacramento,
961 2251 1173 2298 servata
1216 2260 1320 2298 non
1349 2253 1527 2307 erant,
1558 2245 1915 2302 calun'miatus
1943 2254 2042 2301 cst.
2071 2245 2151 2299 Ad

554 2349 687 2412 qum
712 2333 984 2391 llaraldus
1010 2336 1114 2391 hoc
1141 2336 1300 2392 modo
1325 2335 1495 2392 fertur
1516 2320 1892 2409 respondisse:
1930 2358 1948 2390 ‹
1987 2337 2154 2393 Soror

552 2443 688 2498 mea
737 2429 1119 2499 quam,.juxta
1157 2431 1492 2499 condictum,
1532 2431 1761 2503 expetis,
1809 2439 2015 2487 mortua
2047 2441 2150 2488 est.

569 2521 724 2589 Quod
760 2522 804 2582 si
837 2537 1036 2594 corpus
1075 2521 1191 2592 ejus
1230 2524 1388 2594 quale
1415 2541 1557 2580 nunc
1587 2534 1669 2580 est
1698 2524 1811 2578 vult
1839 2539 2021 2578 comes
2049 2525 2148 2578 ba-

566 2613 721 2677 bere,
754 2614 986 2683 mittam,
1013 2631 1081 2671 ne
1099 2614 1315 2684 jndicer
1336 2627 1733 2673 sacramentum
1757 2615 1984 2672 violasse
2006 2614 2149 2687 quod

566 2703 692 2761 feci.
721 2705 1011 2763 Castellum
1055 2708 1234 2764 Dofris
1273 2718 1328 2764 et
1366 2709 1418 2762 in
1460 2725 1525 2765 eo
1564 2719 1784 2779 puteum
1834 2722 1988 2777 aqua:
2027 2707 2153 2762 licet

551 2798 807 2862 nesciam
838 2800 951 2866 cui,
993 2810 1050 2854 nt
1086 2800 1240 2856 vobis
1279 2801 1562 2865 convenit,
1603 2800 1856 2870 explevit.
1907 2799 2148 2870 Regnum

561 2894 706 2963 quod
739 2908 840 2949 nec
867 2893 994 2948 dum
1029 2893 1206 2949 fuerat
1232 2909 1432 2959 meum,
1457 2909 1564 2963 quo
1584 2892 1708 2963 jure
1734 2891 1884 2962 potui
1911 2890 2043 2944 dare
2067 2890 2148 2944 vel

558 2984 926 3055 permittere?
954 2984 1012 3040 Si
1040 2985 1106 3040 de
1137 2985 1247 3039 ﬁlia
1283 3000 1379 3040 sua
1426 2999 1587 3054 quam
1619 2983 1777 3039 debui
1819 2983 1872 3037 in
1905 2998 2146 3046 uxorem,

562 3082 622 3129 ut
644 3076 865 3141 asserit,
897 3077 1118 3142 ducere,
1148 3078 1289 3148 agit;
1333 3091 1497 3147 super
1529 3091 1756 3146 regnum
1792 3074 1997 3144 Anglia:
2035 3092 2150 3130 mtt-

558 3166 750 3222 iierem
791 3177 1140 3232 extraneam,
1180 3169 1502 3225 inconsultis
1537 3167 1889 3238 principibus,
1925 3183 2023 3222 nec
2061 3169 2154 3224 de-

559 3256 713 3323 bere,
728 3272 826 3312 nec
843 3258 962 3316 sine
977 3260 1167 3326 grandi
1197 3260 1394 3330 injuria
1411 3275 1567 3330 posse
1583 3259 1850 3314 adducere
1872 3260 2103 3315 noverit.
2125 3279 2144 3314 ι

559 3349 836 3407 Reversus
863 3352 1083 3408 nuntius
1118 3367 1375 3425 responsa
1404 3351 1586 3419 retulit
1623 3351 1845 3412 domino
1871 3367 1989 3407 suo.
2023 3352 2151 3420 Qui-

559 3437 668 3497 bus
697 3440 787 3498 ille
817 3442 1038 3505 auditis,
1074 3443 1268 3498 iterum
1303 3443 1355 3498 ei
1388 3443 1560 3498 amica
1593 3441 1961 3498 familiaritate
2001 3459 2153 3499 utan-

559 3530 714 3590 davit
735 3542 1006 3603 quatenus
1034 3535 1154 3592 aliis
1183 3536 1417 3608 omissis,
1443 3543 1652 3592 servata
1685 3535 1809 3591 tidei
1837 3535 2148 3604 sponsione,

555 3621 754 3686 saltem
807 3624 970 3680 filiam
1019 3642 1173 3682 suam
1222 3643 1448 3683 uxorem
1502 3628 1755 3691 duceret,
1803 3626 2040 3698 alioquin
2092 3643 2151 3683 se

560 3716 888 3784 promissam
931 3718 1082 3789 regni
1135 3718 1532 3775 successionem
1574 3718 1742 3773 armis
1773 3717 1873 3770 sibi
1909 3718 2149 3772 vindica-

563 3791 746 3861 turum
777 3807 966 3877 procul
1000 3809 1162 3864 dubio
1189 3809 1375 3865 sciret.
1406 3809 1474 3863 At
1507 3810 1620 3879 ipse
1653 3824 1750 3864 ncc
1778 3809 1904 3864 illud
1930 3809 2149 3879 quidem

555 3912 617 3954 se
645 3896 826 3954 facere
859 3899 1015 3966 velle,
1049 3917 1150 3956 nec
1185 3902 1286 3956 hoc
1319 3901 1634 3969 formidare,
1669 3902 1962 3974 rt‘spondit.
1997 3899 2150 3956 Unde

557 3990 900 4048 Willhehnus
929 3993 1260 4064 indignatus,
1301 4011 1493 4065 magna
1531 4009 1626 4064 spe
1656 3994 1900 4050 vincendi
1938 3993 2058 4048 belli
2083 4008 2149 4047 ex

551 4079 660 4148 hac
705 4081 924 4138 llaraltii
977 4083 1240 4155 injustitia
1283 4093 1365 4141 est
1404 4076 1695 4140 animatus.
1740 4084 1939 4138 Parata
1986 4083 2150 4153 igitur

557 4174 759 4246 classe,
790 4175 1039 4246 Angliam
1071 4178 1222 4247 petit,
1255 4187 1618 4246 consertoque
1648 4179 1796 4245 gravi
1829 4177 2014 4248 prazlio
2045 4177 2151 4231 lia-

553 4264 746 4324 raldus
776 4265 826 4318 in
855 4265 973 4318 acie
1007 4267 1221 4331 cecidit,
1251 4277 1306 4321 et
1333 4263 1677 4321 Willhelnnts
1707 4266 1880 4321 victor
1927 4282 2148 4336 regnum

557 4353 816 4426 obtinuit.
857 4356 931 4409 De
963 4371 1072 4424 quo
1100 4356 1285 4426 proelio
1317 4365 1586 4411 test-antur
1613 4355 1791 4411 adhuc
1821 4355 2014 4412 Franci
2059 4357 2147 4424 qui

557 4443 926 4519 interfuerant
956 4463 968 4498 :
1003 4444 1255 4513 quoniam
1296 4446 1425 4502 licet
1463 4445 1642 4500 varius
1678 4461 1836 4500 casus
1868 4447 1993 4502 hinc
2031 4447 2151 4504 inde

559 4535 868 4605 exstiterit,
903 4546 1082 4592 tamen
1125 4545 1274 4591 tanta
1314 4546 1526 4608 strages
1563 4552 1627 4592 ac
1652 4536 1773 4608 fuga
1822 4535 2152 4594 Northman-

559 4645 754 4705 norum
813 4628 932 4695 fuit,
983 4636 1041 4683 ut
1095 4629 1322 4686 victoria
1374 4645 1479 4700 qua
1524 4631 1675 4700 potiti
1733 4640 1878 4699 sunt,
1923 4645 2049 4686 vere
2099 4639 2154 4687 et

557 4725 763 4797 absque
807 4722 973 4779 dubio
1003 4721 1101 4776 soli
1151 4723 1410 4779 miraculo
1440 4723 1533 4778 Dei
1569 4724 1890 4780 ascribenda
1935 4724 2024 4786 sit,
2058 4711 2152 4794 qui

556 4818 832 4889 puniendo
865 4833 964 4892 per
1005 4819 1144 4874 banc
1180 4819 1420 4888 iniquum
1450 4818 1670 4888 pcrjurii
1717 4819 1895 4875 scelus
1926 4818 2149 4875 llaraldi

557 4900 798 4966 Ostendit
838 4924 898 4964 se
938 4923 1046 4966 non
1084 4910 1364 4969 dominum
1409 4925 1531 4965 esse
1575 4909 1842 4965 volentem
1874 4909 2151 4979 [iniquita-

560 5013 691 5076 tem.

637 5093 750 5148 Rex
787 5093 973 5166 itaque
1007 5092 1181 5150 factus
1215 5093 1580 5156 Willhelmus,
1612 5093 1740 5160 quid
1783 5092 1837 5149 in
1881 5092 2154 5165 principes

561 5186 860 5260 Anglorum
891 5189 984 5258 qui
1024 5198 1185 5243 tanta:
1217 5189 1356 5243 cladi
1392 5201 1678 5257 superesse
1709 5194 1983 5257 poterant,
2012 5185 2154 5241 fece-

561 5277 658 5354 rit,
685 5276 887 5346 dicere,
931 5293 1055 5333 cum
1093 5279 1225 5332 nihil
1274 5281 1464 5349 prosit,
1527 5279 1741 5335 omitto.
1783 5277 1881 5346 Qui
1933 5293 1999 5332 ex
2047 5291 2156 5346 quo

562 5371 795 5444 victoria
844 5387 975 5428 usus
1017 5381 1125 5437 est,
1163 5372 1305 5444 quod
1344 5371 1443 5426 fuit
1496 5371 1671 5444 pridie
1717 5369 1842 5425 ldus
1879 5367 2153 5438 Octobris,

568 5461 825 5526 inunctus
848 5475 1192 5533 permanens,
1219 5461 1272 5517 in
1299 5460 1591 5516 Nativitate
1619 5459 1828 5516 Domini
1860 5467 2055 5513 unctus
2076 5467 2158 5515 cst

562 5552 619 5613 in
658 5565 842 5625 regem
876 5553 1019 5628 apud
1047 5552 1590 5612 Westmonasterium
1621 5567 1651 5606 a
1684 5552 1856 5608 beata:
1885 5551 2159 5608 memoria:

568 5645 803 5712 i-Jalredo
861 5647 1273 5718 archiepiscopo
1333 5641 1704 5710 Eboracensi,
1769 5650 1824 5699 et
1883 5641 2158 5698 nonnullis

565 5739 836 5810 rptscupis
884 5740 1107 5809 Anglice.
1155 5740 1330 5807 Quam
1373 5737 1840 5793 consecrationem
1889 5735 2011 5794 licet
2042 5737 2157 5808 ipse

1561 281 1875 348 EADMEBI,
1907 279 2461 338 CANTUARIENSIS
2503 280 2810 341 MONACIII

3692 288 3728 340 ᾗ,

2187 403 2235 472 Α
2264 413 2358 458 rex.
2387 407 2456 456 et"
2481 414 2671 456 omnes
2709 400 2800 455 alii
2830 401 3034 472 optimc
3059 405 3302 455 nossent
3337 395 3540 451 debere
3564 400 3726 469 species

2260 491 2458 548 fleriet
2477 494 2698 563 proprie
2721 510 2750 547 a
2778 493 3034 562 pontifice
3062 490 3476 547 Cantuariensi
3501 507 3516 554 ;
3542 499 3724 556 tamen

2255 585 2422 645 multa
2465 586 2616 641 mala.
2644 596 2697 641 et
2726 587 2994 642 horrenda
3030 585 3276 644 erimina
3319 582 3724 654 pradicabantn:

2258 676 2540 749 Stigando,
2571 681 2662 750 qui
2711 693 2778 738 eo
2811 687 3060 749 tempore.
3088 678 3160 734 ibi
3200 674 3480 749 pontifex
3518 686 3633 740 erat,
3661 685 3727 731 re".

2255 783 2375 823 eam
2410 771 2478 826 ab
2510 771 2628 842 ipso
2658 772 2964 842 suscipere,
2999 787 3067 827 ne
3102 771 3568 827 maledictionem
3592 773 3728 826 ridear

2255 860 2480 920 induere
2526 879 2628 939 pro
2673 864 3071 919 benedictione.
3111 863 3278 920 Usus.
3320 879 3466 935 ergo
3501 875 3638 933 atque

2253 969 2389 1025 quas
2419 965 2602 1025 patres
2623 957 2703 1012 sui
2726 965 2781 1012 et
2809 957 2925 1030 ipse
2953 957 3008 1012 in
3043 955 3473 1012 Northmannia
3503 958 3664 1011 habere
3679 959 3728 1010 ei

2251 1049 2407 1114 bant,
2438 1049 2492 1103 in
2521 1049 2715 1122 Anglia
2757 1063 2980 1106 servare
3017 1049 3226 1115 volens,
3275 1050 3356 1106 de
3398 1049 3722 1118 hujusniodip:

2251 1143 2403 1198 sonis
2423 1143 2728 1214 episcOpos,
2752 1143 3002 1209 abbates,
3023 1153 3079 1200 et
3101 1143 3240 1198 alios
3269 1143 3561 1215 principes
3579 1153 3726 1213 perte:

2253 1241 2454 1288 terram
2485 1233 2741 1301 instituit,
2772 1235 2840 1290 de
2869 1235 3066 1306 quibus
3099 1234 3405 1304 indignum
3435 1233 3726 1306 jndicaretn:.:

2248 1338 2349 1395 per
2375 1324 2553 1380 omnia
2577 1326 2690 1381 suis
2717 1325 2947 1396 legibus,
2969 1325 3281 1399 postposita
3311 1325 3510 1379 omnia
3534 1323 3596 1378 lia

2252 1417 2484 1485 ratione,
2512 1433 2615 1473 non
2643 1419 2958 1486 obedirent;
2987 1428 3041 1475 et
3064 1419 3108 1474 si
3131 1418 3284 1474 ullus
3312 1432 3536 1482 eorum,
3558 1381 3748 1498 pro

2251 1510 2452 1566 terreni
2503 1510 2727 1566 honoris
2777 1511 3034 1582 potentia,
3068 1521 3232 1580 caput
3279 1519 3490 1573 contra
3529 1524 3631 1563 enm

2255 1553 2452 1566 .ν..ν...
2503 1553 2727 1566 .....-.,...,
2779 1553 3034 1582 rem...”
3068 1553 3232 1580 cur..-
3280 1553 3490 1573 πω...

2250 1601 2498 1665 auderet,
2537 1601 2834 1656 scientibus
2886 1601 3097 1656 cunctis
3135 1599 3289 1655 unde
3313 1641 3329 1666 ,
3364 1600 3487 1670 qui,
3529 1601 3588 1654 ad
3606 1599 3686 1668 quid
3702 1553 3748 1670 δέ

2250 1693 2447 1764 sumpti
2473 1693 2694 1747 fuerint.
2723 1693 2931 1749 Cuncta
2958 1709 3088 1764 ergo
3109 1693 3306 1748 divina
3339 1691 3516 1747 simul
3543 1701 3591 1746 et
3615 1690 3724 1744 lium

2249 1783 2366 1854 ejus
2417 1795 2605 1847 nutum
2651 1785 3060 1856 exspectabant.
3117 1784 3249 1854 Qua:
3302 1793 3512 1840 cuncta
3563 1791 3613 1838 ut
3646 1798 3720 1850 pas

2252 1875 2780 1940 anintadvertantur,
2818 1877 3061 1946 quaedam
3096 1876 3163 1932 de
3196 1875 3285 1932 eis
3313 1889 3448 1946 quae
3470 1888 3596 1930 nova
3617 1873 3726 1942 ptri-2

2251 1968 2411 2040 gliam
2445 1969 2649 2023 servari
2683 1970 2989 2034 constituit,
3019 1984 3241 2039 ponam,
3278 1967 3570 2025 aestimans
3597 1966 3721 2020 illm

2250 2076 2371 2137 esse
2395 2064 2697 2118 necessaria
2721 2065 2785 2118 ad
2813 2064 3178 2134 cognitionem
3205 2077 3414 2119 eorum
3444 2076 3640 2134 quorum
3658 2073 3725 2112 ars

2255 2152 2496 2206 maxime
2528 2153 2668 2208 istud
2703 2155 2973 2209 scribendi
3005 2169 3143 2210 onus
3173 2155 3544 2224 suscepimus.
3579 2151 3721 2215 None:

2252 2245 2362 2315 pati
2388 2246 2601 2302 volebat
2631 2248 2707 2318 (7)
2732 2262 3059 2318 quemquam
3091 2247 3143 2302 in
3177 2248 3335 2302 omni
3368 2245 3729 2302 dominationes:

2253 2337 2604 2392 constitutum
2633 2339 2888 2393 Rotttanze
2910 2339 3058 2394 urbis
3074 2341 3398 2410 pontiﬁcem
3425 2354 3521 2409 pro
3539 2333 3718 2407 etpost-Er.

2252 2429 2354 2484 nisi
2380 2431 2677 2500 sejnhente
2704 2433 2974 2502 recipere,
2999 2443 3090 2488 aut
3119 2431 3240 2502 ejus
3269 2433 3515 2500 litteras,
3535 2433 3573 2486 si
3595 2430 3723 2498 primis

2254 2521 2356 2576 sibi
2392 2532 2626 2579 ostensa:
2659 2540 2764 2581 non
2807 2524 3064 2588 fuissent,
3103 2527 3212 2580 ullo
3244 2536 3415 2596 pacto
3451 2520 3717 2593 suscipere

2249 2609 2547 2668 Pritnatem
2584 2631 2798 2687 quoque
2839 2615 2991 2688 regni
3039 2615 3153 2682 sui,
3203 2617 3642 2688 archiepiscOpum
3667 2610 3715 2662 die.

2252 2700 2721 2769 C:mtuaricnsem,
2747 2706 2790 2760 si
2821 2715 3010 2760 coacto
3037 2705 3280 2778 generali
3307 2707 3644 2776 episcoporum
3661 2715 3714 2752 at:-

2253 2791 2374 2846 silio
2401 2794 2737 2862 prtesideret,
2775 2812 2880 2859 non
2913 2797 3124 2852 sinebat
3153 2799 3463 2869 quidquam
3495 2805 3716 2852 statuam;

2254 2886 2565 2955 prohibere,
2599 2889 2700 2943 nisi
2735 2905 2853 2960 qua:
2882 2906 2992 2945 sure
3022 2891 3288 2952 voluntati
3326 2887 3648 2948 accommoda,
3670 2895 3714 2932 fit

2179 1753 2224 1810 B

2255 2988 2314 3028 SC
2367 2976 2546 3045 primo
2601 2986 2790 3032 essent
2839 2978 3087 3032 ordinata
3145 2978 3256 3050 (9);
3312 2976 3459 3033 Nulli
3503 2971 3759 3057 nihilomins

2255 3068 2630 3139 episcoporum
2656 3078 2877 3126 Suernm
2913 3088 3230 3128 concessum
3271 3074 3348 3130 iri
3392 3068 3716 3145 permittean

2256 3159 2490 3231 aliquem
2507 3161 2574 3217 de
2599 3161 2895 3220 baronibus
2919 3164 3033 3219 suis
3056 3180 3148 3222 seu
3165 3165 3462 3230 ministris,
3481 3164 3577 3218 sive
3597 3160 3714 3213 incute

2255 3252 2368 3306 sive
2396 3252 2685 3320 adulterio,
2733 3253 2846 3310 sive
2873 3255 3054 3326 aliquo
3082 3256 3302 3328 capitali
3354 3257 3570 3313 crimine
3599 3249 3715 3304 deos}

2257 3353 2390 3412 tum,
2417 3345 2628 3416 publice
2659 3347 2763 3402 nisi
2799 3345 2917 3419 ejus
2947 3359 3218 3418 prazcepto
3255 3348 3714 3422 implacitaretantet'

2254 3439 2702 3506 communicaret,
2740 3449 2848 3509 aut
2890 3439 2997 3495 ulla
3047 3438 3412 3498 ecclesiastici
3460 3435 3712 3510 rigore?“

2253 3530 2655 3600 constringeret
2682 3531 2817 3604 (10).
2850 3530 2981 3600 Quae
3020 3541 3202 3588 autem
3245 3535 3300 3589 in
3352 3525 3713 3590 stecularibusll'i’

2254 3622 2600 3696 mitigaverit,
2617 3639 2680 3679 ea
2705 3641 2762 3680 re
2788 3624 3091 3679 litterarum
3121 3627 3403 3681 memoriae
3428 3623 3608 3679 tradere
3621 3624 3712 3681 μηδ’

2253 3716 2533 3783 sedemus;
2579 3717 2834 3786 quoniam
2868 3725 2921 3770 et
2950 3733 3009 3770 ea
3039 3715 3170 3770 nihil
3213 3718 3389 3772 nostri
3416 3712 3556 3770 cilicii
3586 3703 3711 3763 suile?

2254 3805 2447 3875 refert,
2499 3817 2553 3862 et
2597 3823 2664 3862 ex
2697 3808 2894 3863 divinis
2929 3824 3049 3877 quae
3093 3807 3246 3878 juxta
3295 3807 3440 3880 quod
3489 3793 3713 3858 delibatin-iﬁ

2254 3899 2546 3964 ordinavit,
2596 3899 2832 3971 qualitas
2888 3899 3128 3964 illorum,
3183 3908 3241 3954 ut
3291 3916 3444 3966 reor,
3493 3887 3643 3949 adverti
3671 3895 3710 3948 μ’

2249 3989 2403 4044 terit.
2462 3989 2532 4046 Ut
2574 3992 2648 4046 ita
2696 4002 2936 4061 emptum
2965 4004 3290 4062 peragamus
3341 3991 3463 4054 iter,
3504 3980 3712 4040 dehissm

2253 4080 2480 4137 dictum.
3694 4146 3698 4154 ι

2324 4172 2381 4227 lu
2409 4173 2568 4244 hujus
2595 4172 2742 4244 regni
2768 4189 2912 4229 anno
2926 4173 3118 4244 quinto
3136 4172 3472 4228 Lanfrancns
3489 4163 3629 4223 Cadozt
3642 4159 3711 4206 e55

2253 4266 2487 4322 θωιιουίί
2541 4267 2732 4330 abbas.
2777 4265 2859 4320 vir
2907 4277 3185 4330 strenuus,
3233 4276 3288 4320 et
3338 4266 3391 4322 in
3436 4256 3599 4317 divinis
3631 4253 3706 4343 ait?

2253 4357 2507 4412 humanis
2536 4357 2696 4412 rebus
2717 4357 3004 4412 excellenti
3037 4357 3264 4412 scientia
3289 4355 3551 4427 praeditus.
3574 4337 3708 4438 Αιξὲίνδ

2181 4455 2228 4516 Ῑ)
2256 4463 2319 4502 ex
2348 4455 2616 4516 prazcepto
2640 4445 2840 4499 domini
2866 4461 3014 4516 papze
3037 4445 3330 4500 Alexandri
3355 4454 3407 4498 et
3431 4432 3623 4513 prmdicti
3641 4432 3704 4516 ῐξῗε

2255 4510 2492 4603 advenit,
2510 4510 2562 4590 et
2577 4551 2745 4605 pauco
2763 4510 2883 4604 post
2904 4510 3141 4604 tempore
3162 4510 3706 4604 arcltiepiscopatuutC-‘ti'

2259 4629 2585 4684 tuariensetn
2621 4627 2914 4698 regendum
2945 4626 3202 4695 suscepit.
3250 4623 3500 4680 Sacratus
3520 4622 3585 4669 est
3612 4611 3705 4696 sui?“

2255 4719 2309 4776 in
2350 4720 2462 4795 ipsa
2496 4717 2782 4788 metropoli
2815 4718 2942 4772 sede
2964 4723 3160 4786 quarto
3191 4715 3414 4771 Kalend.
3445 4697 3706 4795 Sep‘emlm’j

2257 4785 2470 4870 cunctis
2523 4809 2696 4866 ferme
2745 4809 3015 4881 episc0pis
3057 4808 3284 4878 Anglim.
3335 4807 3429 4862 ilic
3469 4785 3706 4881 Rom-"Mr:1

2255 4907 2437 4963 debito
2490 4906 2591 4960 sibi
2639 4902 2802 4974 pallio
2854 4902 3009 4969 iens,
3062 4901 3326 4954 Thomam
3379 4879 3706 4982 :ncltiepiswi'i'i

2257 4999 2688 5062 Eboracensem,
2723 5010 2883 5065 quem
2927 4995 3040 5065 ipse
3074 4993 3213 5047 facta
3260 4991 3360 5046 sibi
3407 4989 3466 5042 de
3497 4974 3704 5065 Stlbjeclttttiz’

2256 5106 2354 5147 sua
2387 5089 2648 5144 canonica
2690 5085 3027 5156 professione
3064 5081 3368 5139 Cantuaria:
3409 5051 3703 5156 ςοιιεεεηνθξδξν

2260 5190 2314 5235 et
2343 5179 2650 5250 Remigium
2687 5175 3121 5234 Lincolniensem
3151 5177 3450 5245 episcopum
3479 5155 3641 5250 comm.

2259 5273 2407 5330 neris
2429 5237 2637 5327 habuit.
2664 5270 2765 5337 Qui
2790 5268 3015 5322 Romam
3043 5268 3202 5323 simul
3219 5264 3574 5338 pervenientes,
3589 5237 3701 5338 utiuti:ﬂ

2259 5362 2492 5432 suscepti
2532 5367 2679 5422 sunt,
2719 5357 2926 5412 honore
2971 5356 3199 5428 singulis
3249 5365 3490 5425 congruo.
3521 5331 3701 5436 Ρίξξί
3745 5383 3747 5432 ε

2260 5420 2463 5510 statuto
2501 5453 2587 5506 die
2617 5420 2781 5504 Pater
2810 5420 3150 5506 Lanfrancns
3180 5420 3474 5520 apostolica:
3505 5426 3607 5491 sedis
3631 5420 3697 5520 1‘0:

2262 5546 2392 5602 tilici
2436 5547 2748 5602 Alexandro
2787 5549 3166 5614 praisentatnr.
3211 5506 3338 5606 Uni,
3367 5529 3490 5608 quod
3521 5506 3700 5614 “0"”?

2262 5639 2559 5696 scientibus
2582 5635 3029 5694 consuetudinem
3056 5631 3197 5689 forte
3221 5633 3410 5689 mirum
3429 5619 3623 5679 videam"
3642 5597 3694 5696 {vi

3601 5691 3694 5747 p55“!!!

2261 5750 2397 5805 papa
2444 5732 2510 5788 ad
2563 5749 2620 5788 sc
2666 5728 2890 5787 intranti
2936 5741 3248 5798 assurgens,
3300 5737 3433 5788 eum,
3475 5718 3521 5768 ιιι
3558 5713 3694 5772 Β¹⁶²⁵“¹ί”
3743 5759 3747 5802 ,η

2180 3111 2223 3171 C

3746 5220 3751 5379 l
