4014 6304
176 360 268 423 3.35
1272 356 1591 417 HISTORIA
1631 354 1992 419 NOVORL'M.
2033 382 2104 399 -ο
2142 356 2266 415 LIB.
2307 357 2349 416 Ι.

3320 364 3431 426 δδι

172 480 371 550 ﬁgeret,
414 472 649 530 dulciter
696 473 947 531 hortatus
990 482 1092 530 est.
1129 473 1205 526 Ae
1242 472 1436 529 deinde
1464 472 1739 528 subdens:
1770 478 1820 537 Α
1850 469 2014 525 tionis
2041 470 2257 525 tramite
2288 468 2563 539 imbuerit,
2594 485 2658 528 ac
2688 469 3047 542 multiplicato
3085 470 3299 529 illorum
3332 492 3435 531 nu-

176 588 194 623 ι
228 568 511 626 Honorem,
556 564 747 633 inquit,
778 565 1126 621 exhibuimus
1156 578 1261 618 non
1292 577 1451 631 quem
1481 562 1747 631 archiepi-

172 658 405 729 scopatui
435 668 550 723 tuo,
576 656 669 713 sed
691 673 850 727 quem
873 657 1136 726 magistro
1158 654 1337 725 (cujus
1361 656 1539 711 studio
1560 670 1747 711 sumus

168 752 220 805 in
251 738 368 808 illis,
414 762 535 815 qua:
579 746 807 813 scimus,
840 746 1055 817 imbuti)
1091 745 1395 801 debuimus.
1428 743 1565 800 llinc
1601 745 1746 815 quod

168 839 230 894 ad
256 847 305 892 te
329 836 586 906 pertinet,
615 837 684 891 ob
711 837 1071 892 reverentiam
1105 836 1245 892 beati
1274 835 1418 891 Petri
1451 844 1502 891 te
1524 837 1747 905 exsequi

167 941 259 999 par
277 934 379 981 est.
402 944 421 978 ι
443 925 734 981 Residente
753 925 917 996 igitur
945 926 1053 992 illo,
1072 925 1401 981 Lanfrancus
1427 940 1747 995 progressus

164 1018 413 1074 lmmiliat
448 1034 507 1073 se
539 1019 608 1071 ad
647 1018 818 1088 pedes
846 1020 988 1087 ejus,
1018 1020 1114 1074 sed
1152 1035 1276 1074 mox
1314 1019 1384 1073 ab
1419 1034 1485 1075 eo
1518 1018 1747 1090 erigitur

166 1112 227 1164 ad
250 1110 491 1164 osculum
514 1110 651 1181 ejus.
676 1111 990 1176 Consident,
1015 1121 1070 1166 et
1110 1111 1229 1166 lzete
1261 1112 1399 1166 inter
1435 1127 1531 1167 eos
1567 1113 1746 1183 agitur

168 1201 273 1255 dies
303 1201 411 1255 illc.
442 1200 700 1270 Sequenti
736 1202 876 1268 luce,
906 1220 1027 1257 cum
1051 1202 1162 1271 jam
1195 1204 1409 1258 diversa
1445 1204 1655 1273 negotia
1690 1203 1743 1257 in

167 1291 397 1345 medium
445 1292 794 1359 ducerentur,
833 1293 1200 1348 calumniatus
1244 1303 1327 1347 est
1375 1309 1558 1347 coram
1607 1307 1744 1363 papa

168 1392 518 1439 memoratum
553 1383 815 1439 Thomam
858 1402 981 1440 cutn
1023 1384 1248 1455 praefato
1289 1384 1553 1457 Remigio,
1596 1387 1745 1455 quod

168 1484 346 1529 neuter
370 1476 588 1531 illorum
605 1475 729 1544 jure
755 1476 920 1531 fuerit
941 1485 1221 1544 promotus
1249 1476 1316 1530 ad
1343 1476 1740 1545 pontiﬁcatum.

168 1567 398 1633 Primus,
427 1584 490 1623 ea
522 1569 725 1623 scilicet
759 1582 815 1623 re
839 1568 975 1635 (ll),
1006 1569 1149 1636 quod
1176 1567 1317 1622 sacri
1349 1582 1585 1624 canones
1605 1569 1744 1625 filios

164 1662 630 1731 presbyterorum,
664 1675 801 1729 quos
841 1660 1120 1730 religionis
1158 1663 1292 1715 ordo
1338 1676 1444 1716 non
1486 1671 1673 1724 eruat,
1709 1676 1740 1716 a

164 1768 434 1807 sacrorum
467 1754 717 1808 ordinum
749 1753 1087 1820 promotioue
1131 1761 1462 1806 removeam.
1494 1751 1740 1822 Sequens

1850 576 2020 625 mero,
2049 577 2156 631 qua
2182 578 2275 619 eos
2310 565 2436 619 dmn
2477 565 2614 619 vixit
2636 566 2967 636 benignitate
2994 567 3319 633 confoverit,
3347 571 3435 626 cui

1853 667 2088 719 unquam
2126 652 2191 707 ad
2232 650 2447 721 plenum
2479 655 2756 711 declarare
2795 657 3050 726 possibile
3082 658 3230 715 erit?
3256 658 3435 727 Quos,

1854 750 1907 795 ut
1940 740 2159 795 interim
2188 742 2295 795 alia
2321 752 2547 810 taceam,
2587 746 2713 814 quia
2738 747 2857 802 sine
2886 749 3112 818 penuria
3142 758 3198 805 et
3234 749 3440 807 sollici-

1851 832 2034 886 tudine
2068 830 2164 885 Dei
2216 834 2441 890 servitio
2485 850 2700 906 semper
2741 838 3024 896 intendere
3061 840 3436 911 desiderabat,

1848 924 1990 993 apud
2024 939 2204 993 regem
2234 940 2328 980 sua
2360 929 2659 996 sagacitate
2691 938 2747 984 et
2789 931 3052 988 industria
3080 936 3206 1005 egit,
3239 945 3435 1005 quate-

1848 1034 1948 1074 nus
2000 1018 2113 1075 fere
2157 1035 2348 1077 omnes
2386 1034 2579 1085 terras,
2626 1038 2764 1093 quas
2805 1023 3161 1082 Nortbmanni
3208 1029 3276 1084 de
3313 1027 3438 1097 jure

1849 1109 2018 1177 ipsius
2040 1111 2317 1177 Ecclesiae,
2345 1127 2468 1168 cum
2493 1114 2673 1183 primo
2702 1122 2903 1169 terram
2934 1117 3248 1186 coepissent,
3288 1120 3439 1175 inva-

1848 1210 2053 1266 serant,
2092 1210 2151 1257 et
2186 1202 2354 1259 etiam
2404 1204 2666 1272 quasdam
2702 1204 2841 1259 alias
2889 1219 3010 1274 quae
3048 1215 3177 1262 ante
3220 1206 3436 1264 illorum

1848 1290 2133 1346 introitum
2182 1302 2401 1362 propter
2440 1295 2686 1353 diversos
2726 1310 2886 1351 casus
2928 1297 3151 1365 perditae
3187 1297 3435 1365 fuerant,

1846 1383 1948 1453 ipsi
1980 1383 2242 1440 Ecclesia
2266 1385 2534 1441 redderet.
2581 1385 2780 1441 Verum
2811 1387 2878 1442 de
2908 1387 2994 1444 his
3033 1402 3100 1444 ac
3132 1390 3437 1449 innumeris

1846 1473 1968 1529 aliis
2015 1472 2192 1541 benis,
2228 1476 2422 1543 quibus
2455 1477 2756 1533 insudando
2787 1477 2957 1534 vitam
2988 1492 3142 1534 suam
3184 1494 3441 1537 consum-

1846 1566 2050 1629 mavit,
2096 1565 2223 1620 licet
2259 1566 2389 1621 mihi
2434 1567 2651 1636 quidem
2699 1569 2937 1623 scribere
2981 1584 3119 1638 opus
3169 1585 3276 1625 non
3331 1571 3433 1635 sit,

1845 1665 2066 1725 prOpter
2090 1656 2238 1724 quod
2285 1665 2341 1710 et
2386 1668 2549 1726 opera
2600 1655 2718 1723 ejus
2763 1652 2839 1713 ita
2880 1666 3097 1727 parent,
3138 1669 3199 1713 ut
3234 1660 3347 1729 ipsa
3377 1674 3440 1717 se

1844 1750 2147 1807 evidentius
2173 1751 2378 1819 scripto
2419 1750 2792 1805 demonstrent
2833 1750 2968 1822 (12),
2998 1760 3055 1809 et
3097 1751 3325 1822 ipsemet
3368 1754 3440 1810 de

162 1860 414 1913 veropro
443 1861 509 1902 eo
541 1846 707 1917 quod,
745 1845 885 1900 facta
935 1845 1332 1909 conventione,
1367 1844 1513 1898 illum
1541 1859 1571 1897 a
1606 1832 1745 1899 Wil-
1774 1822 1817 1881 Β
1847 1841 2007 1896 rebus
2049 1840 2440 1897 ecclesiasticis
2488 1854 2609 1911 quae
2655 1854 2757 1895 suo
2802 1849 3045 1911 tempore
3090 1854 3239 1912 gesta
3288 1851 3437 1909 sunt,

162 1936 369 2005 ihelmo,
405 1948 528 2007 post
554 1952 679 2008 rege
704 1938 868 2003 facto,
899 1938 1114 2001 emerit,
1152 1935 1329 1992 ollicio
1361 1936 1607 1993 videlicet
1631 1949 1741 2008 quo

164 2028 207 2080 ei
236 2027 284 2081 in
308 2028 585 2082 excidium
611 2026 816 2097 Anglia:
844 2029 1152 2097 praperanti
1192 2027 1485 2083 multifaria
1517 2038 1740 2084 conten-

163 2114 296 2170 tione
324 2131 397 2172 ac
432 2116 820 2186 multiplicibus
847 2116 1103 2187 impensis
1130 2116 1482 2171 deservierat.
1516 2117 1596 2171 Ad
1628 2120 1742 2174 hare

160 2205 227 2258 illi
250 2205 475 2269 nullam,
496 2222 601 2277 qua
624 2207 870 2262 excusari
897 2216 1139 2277 possent,
1164 2206 1495 2277 pronabilem
1519 2223 1741 2265 causam

161 2297 439 2363 habentes,
468 2299 692 2354 redditis
726 2299 937 2355 baculis
964 2312 1018 2355 et
1053 2299 1271 2354 annulis
1304 2314 1425 2354 cum
1456 2314 1583 2356 cura
1610 2316 1743 2371 pon-

164 2387 361 2455 tilicali,
410 2390 479 2444 ad
517 2390 801 2460 petendam
843 2392 1269 2447 misericordiam
1309 2393 1557 2449 conversi
1593 2401 1739 2448 sunt.

164 2486 392 2553 Quorum
422 2485 674 2555 precibus
699 2499 819 2539 sese
843 2483 1181 2540 Lanfrancus
1206 2484 1439 2539 medium
1473 2484 1740 2553 lnjieiens,

162 2578 287 2632 sicut
313 2585 443 2632 erat
471 2576 551 2629 vir
574 2576 774 2645 pietate
797 2590 863 2630 ac
882 2574 1148 2645 sapientia
1176 2575 1404 2645 pollens,
1425 2590 1519 2631 eos
1548 2577 1743 2632 multa-

166 2684 269 2723 rum
302 2681 490 2723 rerum
520 2669 743 2723 scientia
778 2667 969 2731 fultos,
1002 2682 1140 2721 novo
1178 2667 1288 2737 regi
1323 2668 1374 2721 in
1407 2668 1557 2722 novis
1590 2670 1739 2738 regni

163 2760 602 2830 diSpositiouibus
626 2762 1087 2831 pet-necessarios,
1119 2760 1301 2814 multis
1332 2768 1589 2829 prastare
1620 2775 1743 2815 ora-

166 2854 289 2909 toria
338 2852 605 2908 facultate
655 2854 910 2910 ostendit.
956 2853 1164 2920 Quibus
1217 2852 1452 2917 auditis,
1499 2853 1742 2922 pontifex

165 2960 403 3001 summus
436 2960 730 3001 conversus
774 2947 841 3001 ad
880 2962 1005 3001 eum
1037 2964 1050 3001 :
1098 2963 1117 2996 ι
1158 2945 1238 2999 Tu
1274 2946 1495 3015 videris,
1545 2948 1742 3019 inquit,

163 3048 299 3109 pater
318 3054 381 3094 es
411 3039 601 3108 patriae
634 3039 796 3101 illius,
825 3055 888 3094 ac
924 3053 1020 3108 per
1049 3038 1152 3093 hoc
1181 3038 1444 3093 induSIria
1478 3049 1567 3095 tua
1611 3057 1742 3097 con-

165 3132 357 3187 sideret
406 3131 535 3200 quid
565 3132 837 3201 expediat.
872 3132 1048 3202 Virgm
1090 3131 1424 3201 pastorales,
1457 3148 1592 3203 quas
1621 3136 1740 3191 red-

165 3220 437 3285 diderunt,
466 3234 597 3275 ecce
628 3221 715 3275 hic
746 3230 892 3285 sunt,
926 3221 1111 3291 arcipe
1144 3221 1265 3277 illas
1299 3230 1460 3292 atque
1487 3222 1739 3294 dispensa

164 3321 305 3382 prout
335 3312 528 3368 utilius
564 3311 959 3368 Christianitati
1000 3314 1235 3383 regionis
1273 3313 1415 3369 illius
1445 3330 1742 3386 agnoscere

164 3403 374 3472 poteris.
424 3422 444 3457 ι
496 3402 567 3457 At
617 3403 726 3470 ille,
758 3404 1022 3475 susceptis
1056 3405 1156 3470 eis,
1198 3404 1340 3460 illico
1371 3405 1422 3459 in
1452 3408 1741 3475 praesentia

163 3511 297 3564 papa:
325 3496 613 3552 revestivit
649 3498 904 3566 prarfatos
934 3498 1109 3560 viros,
1138 3512 1407 3568 quemque
1448 3513 1565 3554 sua.
1607 3498 1740 3554 Dein

164 3578 498 3643 Laufraneus
518 3587 656 3646 stola
680 3589 876 3645 summi
908 3588 1256 3657 [azttiﬁcatus
1279 3606 1307 3643 a
1331 3605 1467 3660 papa
1490 3600 1739 3661 suscepta

165 3681 211 3733 in
239 3680 338 3736 iter
365 3695 627 3738 reversus
650 3681 897 3753 Angliam
926 3697 1049 3737 cum
1078 3682 1243 3738 sociis
1268 3682 1452 3739 alacer
1478 3687 1741 3739 advectus

164 3781 269 3839 est;
318 3783 378 3830 et
430 3787 463 3827 a
512 3772 849 3830 Cantuaritis
892 3773 1072 3829 debita
1118 3778 1422 3831 reverentia
1470 3786 1737 3847 receptus,

162 3861 350 3931 primas
377 3862 550 3919 totius
576 3861 873 3920 Britannia:
904 3863 1257 3920 conﬁrmatus
1311 3876 1411 3921 est.
1447 3866 1576 3921 Post
1602 3867 1735 3933 haec,

163 3952 365 4008 evoluto
400 3954 554 4011 brevi
593 3954 855 4026 temporis
878 3954 1074 4023 spatio,
1110 3954 1253 4011 fama
1282 3956 1515 4012 nominis
1539 3956 1655 4026 ejus
1684 3964 1741 4012 et

162 4045 468 4115 magnitudo
496 4046 801 4116 prudentia:
828 4043 946 4114 ejus
971 4062 1187 4117 quaque
1217 4047 1477 4109 insonuit,
1507 4062 1740 4119 eumque

161 4136 287 4203 apud
332 4136 622 4194 hominum
664 4148 875 4195 mentes
914 4137 1123 4196 clarum
1156 4138 1286 4195 fecit
1328 4147 1490 4208 atque
1524 4151 1739 4211 specta~

159 4223 327 4281 bilem.

228 4318 272 4373 Is
302 4321 447 4376 inter
475 4320 635 4387 alios,
672 4320 783 4380 imo
812 4338 923 4392 prm
952 4322 1104 4389 aliis,
1141 4331 1262 4378 erat
1296 4333 1594 4379 memorato
1626 4324 1737 4395 regi

161 4400 463 4463 Willbelmo
506 4418 782 4480 acceptus,
832 4412 1011 4469 etDei
1062 4412 1226 4468 rebus
1274 4414 1327 4466 iu
1374 4414 1585 4467 cunctis
1628 4429 1735 4469 non

1844 1932 2195 1991 veracissimo
2216 1943 2266 1988 et
2286 1933 2670 2002 compendioso
2691 1932 2901 1989 calamo
2921 1948 2963 1988 8(
2980 1933 3229 2002 ripserit;
3250 1943 3435 1989 tamen

1843 2038 1943 2092 pro
2002 2024 2287 2079 dulcedine
2334 2023 2610 2079 memoriae
2662 2021 2812 2091 ejus,
2865 2039 2986 2093 qua:
3040 2025 3440 2095 praelibavimus

1843 2116 2034 2185 paucis
2064 2116 2339 2186 explicem
2368 2125 2581 2186 gratum
2613 2115 2887 2171 duximus.

1914 2205 2012 2262 llic
2036 2222 2167 2278 ergo
2212 2207 2549 2263 Lanfrancus
2583 2222 2705 2263 cum
2753 2206 3102 2264 Cantuariam
3144 2210 3319 2279 primo
3345 2224 3439 2265 ves

1844 2296 2037 2363 uisset,
2068 2308 2126 2353 ct
2155 2298 2444 2354 ecclesiam
2478 2297 2803 2366 Salvatoris,
2839 2313 3000 2369 quam
3037 2314 3225 2370 regere
3253 2314 3441 2356 susce—

1844 2400 2022 2459 perat,
2052 2390 2303 2445 incendio
2332 2399 2497 2461 atque
2533 2390 2706 2447 ruinis
2729 2406 2868 2462 pene
2891 2390 3026 2446 nihil
3060 2392 3257 2448 factam
3280 2393 3437 2449 inve-

1844 2483 2036 2550 nisset,
2065 2492 2246 2537 mente
2276 2492 2659 2539 consternatus
2686 2492 2789 2539 est.
2829 2483 2936 2539 Sed
2960 2500 3083 2539 cum
3118 2483 3441 2555 magnitudo

1845 2575 1973 2628 mali
2004 2574 2151 2630 illunt
2179 2583 2401 2644 cogeret
2422 2574 2738 2644 desperare,
2764 2574 2926 2628 rediit
2958 2574 3012 2628 in
3047 2588 3130 2639 se,
3159 2572 3441 2643 animique

1850 2667 2169 2723 fortitudine
2205 2667 2376 2722 frctus
2413 2683 2509 2722 sua
2551 2668 2938 2725 commoditate
2981 2667 3295 2735 posthabita
3338 2668 3439 2721 do-

1845 2774 1963 2813 mos
2006 2759 2071 2812 ad
2102 2774 2238 2827 Opus
2279 2761 2666 2815 monachorum
2703 2760 3040 2815 necessarias
3069 2758 3236 2813 citato
3272 2774 3440 2829 opere

1843 2852 2264 2906 consummavit.
2293 2850 2501 2918 Quibus
2531 2852 2621 2907 ubi
2650 2866 2748 2920 per
2772 2851 2954 2921 plures
2983 2865 3156 2905 annos
3179 2850 3259 2906 usi
3286 2859 3437 2918 sunt,

1842 2940 2074 2994 adaucto
2095 2954 2281 2994 eormn
2304 2950 2596 3003 conventu,
2621 2954 2800 3009 parva:
2822 2938 3113 2993 admodum
3138 2938 3265 2993 visa:
3287 2948 3437 2994 sunt.

1844 3030 2148 3087 Destruetis
2180 3031 2363 3102 itaque
2398 3031 2526 3099 illis,
2561 3030 2695 3085 alias
2739 3031 2937 3085 decore
2969 3044 3033 3086 ac
3063 3029 3440 3101 magnitudine

1842 3122 2128 3192 prioribus
2171 3122 2397 3177 multum
2428 3130 2752 3191 praestantes
2781 3119 3092 3175 aediﬁcavit.
3120 3118 3438 3175 IEdiﬁcavit

1843 3224 1898 3268 et
1941 3213 2147 3269 curiam
2196 3214 2319 3279 sibi,
2376 3212 2664 3268 ecclesiam
2717 3220 3008 3281 praeterea,
3052 3224 3217 3280 quam
3259 3210 3437 3280 spatio

1844 3315 2052 3376 septem
2096 3322 2362 3362 annorum
2391 3321 2422 3360 a
2453 3304 2819 3361 fundamentis
2849 3303 3023 3358 ferme
3057 3311 3222 3359 totam
3264 3302 3441 3373 perfe-

1846 3406 1991 3452 ctam
2023 3396 2287 3461 reddidit;
2318 3396 2372 3451 in
2394 3396 2600 3466 cappis,
2623 3394 2847 3460 casulis,
2871 3393 3203 3459 dalmatitis,
3237 3393 3438 3449 tunicis

1847 3504 1981 3544 auro
2002 3489 2292 3561 magniﬁce
2321 3487 2615 3559 insignitis,
2640 3486 2839 3556 palliis,
2864 3495 2920 3543 et
2946 3485 3068 3542 aliis
3092 3486 3438 3545 ornamentis

1842 3578 2030 3636 multis
2069 3594 2136 3634 ac
2198 3577 2463 3648 preciosis
2503 3576 2760 3633 nobiliter
2795 3576 3094 3633 decoravit.
3138 3574 3281 3647 Erga
3320 3574 3437 3629 fra-

1846 3680 1958 3730 tres
1983 3680 2163 3727 autem
2200 3670 2370 3740 ipsius
2404 3669 2648 3727 ecclesia:
2675 3685 2836 3740 quam
2870 3670 3066 3736 bonus,
3095 3682 3259 3737 quam
3290 3668 3436 3738 pius,

1842 3778 2006 3836 quam
2045 3763 2320 3818 beneﬁcus
2354 3762 2650 3828 exstiterit,
2676 3762 2797 3816 inde
2826 3760 3221 3831 aliquantulum
3252 3759 3436 3830 colligi

1840 3866 2042 3928 potest,
2071 3858 2217 3927 quod
2246 3871 2348 3913 nec
2371 3871 2436 3913 es
2475 3855 2795 3926 parentibus
2823 3864 2919 3910 aut
2952 3854 3213 3910 fratribus
3243 3868 3434 3908 eorum

1839 3950 2112 4006 sustinere
2147 3956 2362 4019 poterat
2389 3947 2614 4019 penuria
2638 3946 2743 4002 ulla
2770 3959 3098 4016 quemquam
3130 3943 3313 4015 aﬂligi.
3339 3943 3430 4009 Et,

1839 4044 1985 4115 quod
2021 4043 2194 4114 magis
2237 4040 2375 4097 forte
2418 4039 2655 4105 mireris,
2699 4039 2753 4094 in
2799 4051 2958 4092 usum
3000 4044 3283 4106 acceperat
3326 4050 3437 4091 nou

1840 4145 2160 4207 exspectare
2192 4142 2249 4188 ut
2269 4118 2561 4187 subvenire
2586 4138 2891 4202 rogaretur,
2916 4131 3017 4186 sed
3041 4127 3435 4185 misericordiae

1838 4227 2143 4285 visceribus
2168 4226 2387 4296 plenus,
2414 4222 2576 4279 modo
2598 4222 2744 4287 huic,
2774 4222 2933 4278 modo
2962 4221 3037 4277 illi
3067 4221 3210 4280 ultro
3236 4220 3435 4276 offere-

1839 4319 1967 4385 bat,
2009 4321 2153 4390 quod
2198 4316 2375 4388 egenti
2420 4324 2652 4385 cngnato
2699 4329 2796 4384 per
2836 4314 3129 4384 plurimum
3175 4312 3440 4381 temporis

1840 4411 2046 4467 auxilio
2078 4424 2197 4466 esse
2223 4408 2444 4463 valeret.
2467 4406 2524 4461 ln
2552 4421 2661 4476 quo
2685 4414 2868 4462 tamen
2894 4420 3112 4474 semper
3133 4403 3434 4459 ducebatur

164 4499 409 4554 mediocri
447 4516 581 4556 cura
620 4501 881 4560 intentus.
914 4502 1254 4576 Quapropter
1290 4518 1487 4573 magno
1525 4520 1739 4575 semper
1769 4520 1815 4577 ι)
1840 4503 2111 4576 praecipua
2143 4500 2493 4563 discretione,
2522 4498 2864 4554 considerato
2894 4496 3145 4555 videlicet
3177 4508 3343 4565 penes
3372 4507 3434 4549 se

163 4602 369 4657 operam
412 4593 599 4659 dabat,
647 4601 704 4653 et
748 4609 932 4664 regem
972 4593 1083 4651 Deo
1121 4595 1373 4652 devotum
1415 4594 1647 4665 eﬂicere,
1677 4605 1735 4653 et

162 4683 468 4753 religionem
522 4700 734 4743 morum
781 4686 1047 4742 bonorum
1096 4686 1149 4741 in
1197 4687 1408 4743 cunctis
1450 4687 1735 4746 ordinibus

162 4771 425 4829 hominum
457 4789 556 4845 per
589 4783 764 4833 totum
791 4792 1014 4847 regnum
1046 4792 1329 4833 renovare.
1362 4775 1467 4834 Nec
1494 4778 1736 4848 privatus

160 4876 232 4920 est
279 4866 557 4923 desiderio
609 4882 755 4923 suo:
805 4869 1031 4924 multum
1080 4870 1224 4924 enim
1276 4869 1419 4925 illius
1473 4870 1733 4927 instantia

160 4969 309 5028 atque
346 4960 597 5013 doctr‘na
628 4975 723 5028 per
752 4969 920 5016 totam
950 4969 1153 5016 terram
1189 4960 1332 5016 illam
1361 4961 1551 5031 religio
1576 4971 1732 5016 aucta

156 5058 248 5114 est,
278 5060 333 5106 et
361 5051 561 5122 ubique
611 5067 747 5111 nova
797 5053 1254 5110 tuuttasteriorum
1292 5052 1545 5117 aediﬁcia,
1592 5054 1735 5111 sicut

157 5137 307 5195 hodie
362 5150 635 5213 apparet,
693 5150 1026 5203 conatructa.
1082 5142 1323 5210 Quorum
1382 5142 1732 5203 aediﬁciorum

155 5237 621 5292 constructoribus
667 5236 782 5307 ipse
832 5236 1043 5308 primus
1092 5236 1400 5305 exemplum
1453 5237 1731 5307 praebens,

156 5323 446 5382 Ecclesiam
497 5328 699 5385 Christi
756 5329 1246 5394 Cautuariensem,
1302 5343 1427 5383 cum
1483 5327 1731 5382 erunibus

153 5417 379 5476 ofﬁcinis
404 5438 526 5491 qum
560 5421 699 5476 infra
739 5437 950 5477 murum
996 5418 1163 5490 ipsius
1212 5421 1376 5475 curia:
1425 5427 1577 5484 sunt,
1608 5434 1730 5472 cum

154 5506 260 5575 ipso
305 5526 463 5567 muro
513 5510 829 5565 aediﬁcavit.
878 5510 994 5579 Qua
1032 5524 1160 5565 vero
1197 5508 1509 5578 prudentia,
1544 5515 1599 5560 et
1626 5521 1733 5576 quo

150 5601 492 5667 paternitatis
512 5600 691 5659 ollicio
710 5602 1008 5658 monachos
1038 5601 1094 5657 in
1117 5599 1309 5656 eadem
1334 5597 1577 5653 Ecclesia
1603 5611 1735 5653 con-

151 5692 401 5751 sistentes
428 5710 457 5750 a
495 5695 743 5753 seculari
782 5695 914 5762 vita,
951 5695 1005 5752 in
1054 5708 1163 5767 qua
1202 5692 1326 5749 illos
1373 5690 1577 5748 invenit
1613 5688 1734 5762 plus

150 5797 298 5855 aequo
327 5789 559 5857 versari,
588 5787 850 5857 erexerit,
887 5787 1146 5858 omnique
1191 5794 1395 5842 sanctzn
1442 5797 1731 5839 conversa-

1839 4591 1974 4648 meri
1984 4600 2036 4647 to
2057 4606 2121 4645 ac
2139 4589 2467 4645 necessitate
2481 4586 2762 4656 cujusque.
2780 4586 2859 4641 Ad
2878 4587 3013 4650 hare,
3028 4586 3248 4654 quidan.
3264 4585 3436 4653 ips'u‘s

1840 4680 2074 4737 emnobii
2099 4679 2268 4734 frater
2288 4676 2512 4747 singulis
2532 4677 2690 4731 annis
2712 4675 2931 4745 triginta
2957 4673 3158 4729 solidos
3178 4673 3433 4727 denarioa

1838 4787 1958 4829 rum
1989 4772 2057 4827 ad
2080 4786 2217 4841 Opus
2247 4763 2577 4825 matris'suae
2617 4767 2686 4823 ab
2712 4768 2828 4837 ipso
2851 4765 3010 4820 Patre
3039 4764 3249 4820 solebat
3279 4762 3429 4816 acc’id

1836 4879 1987 4934 pere.
2024 4862 2161 4919 Huic
2199 4860 2429 4931 quadam
2462 4860 2581 4914 vice
2609 4858 2762 4913 solidi
2792 4857 3029 4927 quinque
3051 4855 3115 4909 de
3146 4853 3252 4908 illis
3278 4854 3431 4921 (inim

1838 4954 2010 5011 divise
2026 4968 2121 5023 per
2136 4962 2440 5020 temporum
2458 4948 2603 5002 vices
2614 4944 3056 5013 conferebantur)
3072 4958 3137 4998 ex
3154 4952 3431 5011 praecepto

1837 5043 1954 5115 ejus
1980 5045 2090 5101 dati
2117 5052 2280 5110 sunt;
2309 5056 2443 5111 quos
2474 5041 2586 5109 ipse
2617 5038 2668 5092 in
2697 5054 2876 5108 panno
2902 5037 3117 5106 ligatos,
3148 5035 3306 5089 matri
3346 5034 3430 5089 lod

1839 5152 2016 5209 quens
2035 5136 2088 5191 in
2112 5148 2331 5191 manum
2349 5134 2489 5188 sicut
2511 5132 2736 5200 putabat
2753 5127 2998 5183 clanculo
3016 5127 3181 5183 dedit.
3198 5126 3266 5180 At
3283 5127 3428 5197 ipsa,

1837 5226 1972 5283 alias
1994 5234 2174 5279 mente
2199 5224 2427 5288 intenta,
2451 5220 2580 5289 quid
2608 5217 2751 5271 ﬁlius
2777 5216 2984 5275 faceret
3013 5232 3119 5273 non
3146 5216 3381 5270 advertit
3406 5231 3427 5279 ξ

1836 5330 1889 5376 et
1922 5320 1994 5373 ita
2030 5316 2265 5373 nummis
2303 5311 2699 5374 decidentibus,
2739 5310 2897 5365 divisi
2930 5311 2997 5367 ab
3036 5310 3266 5365 invicem
3297 5320 3427 5364 sunt

1836 5423 2015 5468 mater
2048 5421 2101 5465 et
2134 5408 2295 5464 illius.
2334 5407 2463 5462 Post
2490 5404 2604 5459 haec
2637 5402 2915 5457 mandavit
2940 5402 3133 5458 mulier
3160 5402 3270 5457 ﬁlio
3300 5417 3422 5462 suo,

1836 5503 1978 5558 scire
2000 5500 2189 5556 volens
2217 5499 2345 5569 quid
2377 5496 2444 5552 de
2472 5492 2709 5548 nummis
2733 5502 2913 5549 aetum
2946 5493 3127 5560 fuerit,
3160 5508 3297 5563 quos
3320 5491 3426 5546 sibi

1837 5609 1896 5651 se
1919 5593 2172 5649 daturum
2194 5589 2579 5662 spoponderat.
2596 5584 2912 5642 Admiratus
2932 5586 3021 5641 ille
3040 5584 3166 5641 fecit
3187 5600 3308 5639 eam
3332 5598 3429 5638 ve-v

1835 5690 1956 5748 nire
1979 5690 2047 5746 ad
2068 5702 2148 5746 se.
2173 5686 2242 5741 Et
2262 5684 2489 5741 audiens
2510 5680 2589 5737 rei
2606 5689 2858 5737 eventum
2884 5680 3056 5736 tristis
3072 5677 3296 5734 ea‘ectus
3318 5685 3424 5743 est,

1838 5799 1945 5841 non
1964 5791 2172 5839 tantum
2193 5795 2291 5851 pro
2311 5778 2510 5836 damno
2529 5773 2677 5845 quod
2703 5772 2866 5828 matri
2891 5772 3211 5842 contigerat,
3236 5772 3328 5825 sed
3352 5782 3424 5824 ne
