3890 6306
544 361 667 420 ³55

1486 380 1493 385 σ
1529 350 1835 412 EADMERI
1873 343 2432 410 CANTUARIENSIS
2468 342 2774 406 MONACHI
3766 348 3838 409 551

562 478 669 533 hoc
697 471 1139 545 archiepiscopus
1163 467 1363 537 sciens,
1392 468 1463 525 ob
1495 469 1759 527 incuriam
1784 482 1940 523 suam
1963 467 2145 523 irrita-
2169 469 2219 530 Α
2249 479 2419 521 num:
2446 464 2733 521 ministros
2760 468 2978 535 quoque
3022 469 3188 536 atque
3230 462 3494 520 custodes
3527 464 3637 533 qui
3694 468 3838 525 moi

554 576 668 634 tus,
692 582 816 625 eum
844 564 1183 636 aliquatenus
1210 561 1385 634 gratia
1410 576 1506 618 sua
1530 561 1793 633 privaret.
1827 560 1977 615 Inter
1997 559 2138 625 hac,
2240 558 2494 615 omnibus
2519 559 2874 613 observarent
2901 570 2971 612 ne
3010 555 3214 627 aliquid
3258 556 3339 613 eis
3379 555 3652 619 deesset,
3690 566 3838 627 nequi

556 660 683 732 pius
720 658 884 714 Pater
912 671 1011 728 pro
1040 670 1193 712 more
1225 654 1523 711 claustrum
1566 652 1830 709 introiens
1872 649 2035 717 sedit,
2077 664 2143 706 ac

556 750 784 806 fratrem
829 763 860 803 a
903 755 1153 802 materno
1195 743 1465 814 colloquio
1510 742 1826 799 redeuntem
1885 746 2141 795 maestum

557 842 797 906 intuens,
842 837 1068 894 remotis
1113 835 1257 901 aliis,
1316 849 1538 891 causam
1570 831 1845 887 mastitia
1889 828 2007 900 ejus
2055 843 2142 886 se-

559 940 709 988 crete
753 929 1038 1001 perquirit,
1085 926 1239 982 audit
1277 934 1335 980 et
1368 923 1758 995 benignissimo
1796 920 1971 987 vultu,
2000 920 2141 975 sicut

550 1022 755 1095 jugiter
783 1004 903 1076 erat
928 1019 1077 1074 circa
1108 1014 1359 1083 afﬂictos,
1393 1016 1469 1071 ita
1499 1013 1818 1085 respondit:
1849 1030 1870 1063 ‹
1898 1011 1965 1066 Et
1987 1010 2136 1077 inde,

559 1115 634 1175 fili
666 1113 739 1168 mi
764 1109 1110 1175 charissime,
1140 1106 1521 1164 contristaris?
1562 1104 1823 1162 Denarios
1854 1103 1976 1159 illos
2000 1101 2143 1156 Deus

558 1208 649 1263 alii
682 1201 1089 1276 przcdestinavit
1109 1207 1166 1256 et
1189 1200 1439 1267 contulit,
1468 1199 1560 1270 qui
1592 1198 1673 1254 eis
1700 1196 2019 1268 plus‘matre
2048 1199 2142 1247 tua

556 1296 810 1353 fortassis
840 1292 1087 1365 indiguit.
1109 1292 1274 1359 Tace,
1313 1299 1369 1347 et
1400 1304 1468 1347 ne
1504 1289 1755 1360 cuiquam
1790 1285 1915 1342 inde
1954 1284 2144 1354 loqua-

559 1390 640 1445 ris
683 1389 969 1455 diliqenter
1007 1386 1250 1443 attende.
1274 1385 1355 1441 Ac
1380 1446 1381 1449 η
1405 1397 1472 1440 ne
1508 1382 1650 1454 quod
1687 1388 1870 1435 actum
1904 1385 1991 1433 est
2030 1375 2145 1430 ani.

560 1494 711 1535 mum
751 1489 900 1533 tuum
935 1478 1020 1535 vel
1046 1477 1318 1534 modicum
1347 1483 1558 1549 gravet,
1582 1471 1783 1529 solidos
1808 1478 2015 1540 septem
2044 1480 2145 1537 pro

565 1569 676 1627 illis
697 1569 935 1641 quinque
955 1570 1022 1626 ad
1051 1569 1334 1625 utilitatem
1359 1566 1550 1621 matris
1580 1573 1685 1620 tua
1713 1561 1810 1617 tibi
1841 1559 2005 1615 hodie
2024 1557 2143 1613 dari

559 1661 897 1733 pracipiam.
926 1659 1054 1726 Sed,
1079 1667 1138 1715 ut
1156 1658 1288 1724 dixi,
1313 1657 1439 1712 inde
1464 1657 1517 1711 id
1545 1668 1705 1710 nemo
1727 1652 1883 1708 sciat.
1905 1668 1927 1704 ι
1960 1649 2142 1721 Ipsum

560 1750 762 1822 quippe
790 1766 943 1805 nsum
980 1750 1034 1805 in
1068 1751 1247 1805 dando
1288 1747 1543 1809 habebat,
1589 1752 1649 1800 ut
1674 1744 1849 1801 danda
1896 1741 2145 1797 hilariter

770 1849 826 1897 et
854 1840 984 1897 nulli
1009 1840 1095 1896 vel
1124 1840 1307 1897 datum
1334 1838 1422 1893 vel
1449 1837 1628 1892 dantis
1651 1850 1939 1907 personam
1970 1833 2143 1890 cuivis
2176 1813 2218 1874 Β

562 1931 802 1988 revelare
820 1932 1167 1988 concederet.
1194 1930 1262 1985 Et
1280 1930 1394 1984 hac
1418 1928 1635 1998 quidem
1666 1927 1732 1982 de
1757 1926 1924 1994 ipsius
1953 1925 2146 1981 matris

560 2025 803 2082 ecclesia
823 2024 1105 2082 monachis
1129 2023 1274 2078 dicta
1300 2022 1426 2077 sint.
1453 2021 1722 2076 Caterum
1754 2019 1877 2089 quis
1906 2032 2144 2088 unquam

561 2130 767 2186 pauper
802 2114 1063 2170 clamavit
1106 2112 1174 2167 ad
1217 2126 1363 2177 eum,
1416 2120 1473 2165 et
1515 2110 1802 2179 despectus
1841 2106 1961 2162 est?
2011 2106 2147 2174 Quis

559 2206 977 2278 peregrinorum
1005 2202 1075 2259 de
1100 2214 1425 2271 quocunque
1456 2199 1646 2254 ordine
1683 2197 1963 2252 hominum
1991 2195 2145 2264 petiit

560 2313 719 2370 opem
742 2298 881 2369 ejus,
922 2306 981 2352 et
1007 2310 1129 2351 eam
1174 2302 1457 2349 assecutus
1490 2308 1594 2348 non
1621 2291 1741 2346 est?
1768 2289 1900 2357 Quae
1926 2301 2148 2359 congre-

564 2390 714 2461 gatio
754 2387 1143 2444 monachorum
1196 2401 1291 2442 seu
1343 2384 1661 2440 clericorum
1700 2384 1768 2439 ad
1822 2378 1994 2453 ipsum
2042 2381 2145 2435 alia

563 2481 787 2552 quando
813 2479 965 2535 misit
992 2479 1292 2534 subsidium
1321 2488 1535 2549 petens,
1559 2486 1615 2532 et
1640 2478 1851 2547 copiam
1879 2473 2147 2547 largitatis

564 2572 685 2641 ejus
712 2570 853 2626 ultra
884 2584 1049 2641 quam
1077 2569 1401 2641 sperabatur
1427 2578 1653 2639 experta
1688 2583 1793 2623 non
1821 2568 1945 2624 est?
1968 2566 2147 2623 Testis

565 2664 763 2718 horum
804 2676 925 2732 qua
970 2660 1202 2716 dicimus
1243 2660 1416 2729 ltaiia,
1463 2659 1659 2726 Gallia,
1707 2659 1987 2715 Britannia
2037 2666 2141 2723 est,

566 2766 695 2821 qua
719 2765 890 2822 usque
927 2751 1091 2807 hodie
1118 2759 1347 2807 mortem
1383 2750 1675 2805 Lanfranci
1714 2749 2024 2805 miserando
2052 2764 2147 2805 su-

567 2842 738 2914 spirio
772 2841 998 2915 plangit.
1032 2842 1170 2911 Quid
1212 2841 1443 2898 referant
1490 2843 1558 2898 de
1586 2841 1802 2898 abbatis
1829 2840 2014 2897 Sancti
2055 2839 2147 2895 Al-

566 2935 721 3001 bani,
746 2950 909 3006 quam
950 2938 1096 2993 intus
1120 2944 1175 2989 et
1212 2944 1367 2990 extra
1414 2936 1480 2991 ad
1511 2934 1737 2989 nihilum
1786 2932 1900 2989 fere
1927 2932 2147 2989 devolu-

567 3035 684 3082 tam
718 3028 855 3096 ipse,
884 3034 948 3080 ut
974 3040 1130 3081 suam
1157 3024 1294 3096 (Ιῦ),
1334 3025 1579 3081 instituto
1604 3026 1655 3081 ei
1682 3027 1836 3080 bona
1870 3023 2146 3079 memoria

566 3114 740 3172 Paulo
766 3116 986 3180 abbate,
1028 3129 1059 3168 a
1089 3113 1454 3171 fundamentis
1498 3114 1866 3181 rcadificavit,
1895 3122 1953 3168 et
1996 3113 2145 3170 intus

567 3221 766 3277 magna
800 3205 1064 3275 religione
1102 3203 1235 3261 foris
1281 3204 1577 3260 multarum
1621 3219 1805 3259 rerum
1854 3202 2146 3258 donatione

565 3302 742 3367 auxit,
770 3299 1095 3367 honestavit,
1114 3299 1323 3354 ditavit.
1352 3299 1409 3353 In
1436 3299 1750 3370 episcopatu
1778 3294 2018 3351 Ποσειιεί
2040 3309 2147 3351 non

568 3391 745 3448 multo
791 3390 976 3462 plures
1022 3405 1183 3461 quam
1244 3387 1829 3461 quatuorgcauonicos
1881 3394 1939 3441 et
2000 3385 2147 3456 ipsos

566 3494 930 3537 arumnosam
970 3480 1134 3536 vitam
1180 3490 1402 3550 agentes
1449 3478 1549 3535 sub
1592 3477 1845 3535 'Sivvordo
1895 3477 2150 3549 episcopo

569 3572 797 3642 reperit.
849 3571 953 3640 Qui
992 3572 1279 3643 episcopus
1325 3570 1416 3627 ubi
1450 3585 1573 3626 cum
1620 3570 1853 3626 Ernesto
1890 3583 2051 3640 quem
2097 3568 2147 3626 ei

573 3677 951 3721 successorem
1004 3662 1344 3721 Lanfrancus
1383 3671 1676 3730 statuerat,
1731 3663 1989 3734 prasenti
2024 3662 2151 3718 vita

569 3755 817 3813 sublatus
861 3765 945 3813 est
973 3795 992 3825 ,
1063 3759 1364 3815 monachus
1417 3757 1519 3827 pia
1570 3756 1962 3813 recordationis
2003 3755 2146 3828 (η),

570 3846 876 3905 Gundulfus
899 3848 1138 3917 nomine,
1165 3850 1234 3905 ab
1260 3847 1451 3903 eodem
1482 3847 1552 3903 ibi
1582 3847 1909 3918 subrogatus
1936 3847 2149 3917 episco-

570 3955 674 4011 pus
704 3949 808 3996 est.
844 3940 952 3998 Per
986 3942 1133 3998 hunc
1178 3949 1447 3997 vetustam
1490 3940 1777 3996 ecclesiam
1810 3939 2152 4011 episcopatus

570 4046 695 4088 eum
726 4032 931 4091 fabrica
975 4034 1258 4104 adiacente
1303 4032 1589 4101 subvertit,
1638 4044 1695 4090 et
1747 4047 1885 4089 nova
1922 4048 2150 4105 quaque

570 4126 864 4182 exstruxit.
912 4126 1152 4183 Clericos
1188 4127 1279 4197 qui
1323 4126 1452 4194 illic,
1498 4128 1640 4186 sicut
1673 4128 1931 4195 diximus,
1980 4128 2151 4184 vitam

572 4218 826 4289 agebant,
871 4226 965 4273 aut
993 4218 1048 4272 in
1093 4219 1285 4275 eodem
1334 4219 1453 4275 loco
1501 4221 1569 4275 ad
1621 4218 1900 4291 religionis
1936 4223 2151 4280 culmen

566 4311 773 4377 erexit;
811 4318 931 4378 aut,
976 4308 1118 4367 datis
1146 4311 1268 4367 aliis
1319 4313 1500 4375 rebus,
1531 4312 1599 4368 de
1643 4313 1838 4384 quibus
1873 4316 2150 4373 abundan-

568 4404 680 4456 tius
706 4401 867 4458 solito
897 4400 1104 4457 vietum
1139 4409 1196 4456 et
1223 4401 1477 4458 vestitum
1506 4402 1790 4471 haberent,
1820 4404 1872 4460 in
1904 4405 2010 4461 alia
2032 4406 2151 4465 loca

2242 650 2376 706 viris
2415 650 2483 705 ad
2530 647 2781 714 feminas,
2823 647 2910 703 vel
2960 646 3178 704 feminis
3218 648 3289 704 ad
3337 647 3424 703 vir
3466 662 3497 698 s
3550 649 3839 715 accedeal

2244 740 2474 796 facultas
2505 737 2612 793 ulla
2653 738 2890 795 adesset.
2927 738 3006 794 Ex
3038 738 3211 795 altera
3248 751 3380 795 vero
3418 748 3594 808 parte
3624 741 3743 795 via
3778 756 3840 797 es-

2243 832 2465 889 clesiam
2494 832 2549 886 in
2575 832 2838 887 honorem
2870 830 3013 886 beati
3038 831 3284 900 Gregorii
3314 848 3473 900 papa:
3502 832 3839 902 composui,

2244 926 2299 982 in
2326 940 2432 995 qua
2467 924 2761 980 canonicos
2784 923 2991 994 posuit,
3020 923 3115 994 qui
3142 921 3473 994 regulariter
3510 923 3787 979 viverent
3806 928 3839 981 tl

2244 1013 2491 1086 prafatis
2529 1013 2760 1070 infirmis
2785 1027 2908 1083 qua
2936 1013 3099 1069 saluti
3125 1013 3431 1069 animarum
3457 1024 3720 1070 suarum
3747 1026 3841 1069 ml-

2243 1115 2503 1177 gruerent
2533 1119 2657 1161 cum
2680 1105 2957 1176 sepultura
2989 1104 3385 1161 ministrarent.
3418 1106 3675 1173 Quibus
3704 1110 3841 1161 etin

2210 1195 2300 1252 'in
2338 1196 2518 1263 terris,
2563 1195 2618 1250 in
2661 1194 2912 1263 decimis,
2953 1202 3012 1252 et
3057 1195 3114 1251 in
3161 1194 3286 1253 aliis
3326 1197 3670 1253 redditibus
3723 1204 3837 1251 tam:

2244 1287 2476 1358 largitus
2498 1294 2600 1353 est,
2634 1294 2695 1341 ut
2721 1287 2789 1342 ad
2812 1286 3266 1343 sustentationem
3292 1300 3492 1343 eorum
3524 1287 3835 1344 summe-atii

2245 1393 2367 1433 esse
2392 1377 2726 1432 viderentur.
2756 1375 3038 1433 Remotius
3077 1392 3209 1434 vero
3235 1392 3401 1449 quam
3438 1394 3473 1433 a
3523 1378 3835 1444 boreah,al

2245 1467 2563 1523 occidentali
2600 1475 2774 1537 porta
2806 1468 3045 1525 civitatis
3074 1468 3281 1541 ligneas
3308 1471 3513 1528 domos
3550 1473 3612 1526 in
3664 1475 3833 1528 (levas

2253 1558 2459 1613 montis
2504 1556 2675 1611 latere
2720 1555 3013 1626 fabricans,
3060 1575 3154 1617 eas
3195 1562 3263 1617 ad
3302 1573 3445 1631 opus
3502 1559 3829 1630 leprosum

2247 1649 2538 1719 delegavit,
2585 1652 2720 1707 viris
2754 1656 2809 1707 in
2843 1653 2981 1719 istis,
3008 1653 3490 1724 jquemadmodum
3546 1655 3609 1709 in
3655 1654 3829 1721 aliis,t

2248 1740 2573 1799 feminarum
2614 1743 2876 1801 societate
2902 1742 3183 1814 seiunctis.
3219 1743 3315 1801 liis
3354 1744 3833 1815 nihilomiunspu

2247 1833 2509 1904 qualitate
2549 1835 2634 1892 sui
2683 1837 2859 1893 morbi
2899 1837 3085 1893 omnia
3113 1837 3312 1910 quibus
3338 1848 3599 1910 egerent
3644 1839 3719 1895 de
3754 1842 3830 1895 sua

2249 1924 2552 1981 ministrari
2574 1927 2877 1994 constituit,
2914 1926 3176 1985 institutis
3201 1927 3269 1983 ad
3318 1929 3427 1984 hoc
3473 1930 3829 2000 peragenda

2250 2016 2450 2071 talibus
2497 2016 2651 2079 viris.
2706 2019 2773 2073 de
2816 2032 3049 2089 quorum
3111 2018 3337 2075 solertia
3386 2016 3757 2093 benignitate
3791 2035 3829 2073 κ

2249 2106 2532 2176 patientia,
2585 2115 2648 2162 ut
2700 2107 2801 2164 sibi
2831 2108 3052 2179 quidem
3089 2108 3401 2176 videbatur,
3452 2110 3690 2166 nemini
3731 2111 3829 2165 tam

2250 2195 2656 2267 ambigendum.
2702 2194 2880 2267 Super
2917 2199 3056 2265 hac,
3084 2198 3142 2254 in
3167 2198 3315 2256 villis
3351 2198 3427 2255 ad
3456 2201 3823 2271 pontiﬁcatu

2246 2288 2645 2358 pertinentibus
2681 2288 2873 2345 domos
2913 2289 3113 2347 multas
3139 2299 3306 2361 atque
3334 2290 3634 2349 honestas
3669 2293 3823 2363 partis

2249 2381 2317 2435 de
2351 2379 2549 2450 lapide,
2596 2380 2797 2451 partim
2844 2382 2911 2437 de
2955 2381 3125 2453 ligno,
3170 2382 3272 2437 sibi
3320 2392 3377 2438 et
3428 2384 3824 2441 successoribus

2248 2473 2363 2529 suis
2396 2472 2705 2529 adilicavit.
2741 2474 2847 2532 Pro
2870 2476 3137 2544 dignitate
3180 2483 3364 2531 autem
3400 2476 3698 2535 Ecclesia
3726 2476 3825 2533 Car

2250 2563 2541 2620 tuariensis
2565 2580 2729 2635 quam
2773 2565 2997 2636 quidam
3037 2566 3106 2623 de
3131 2566 3428 2638 episcopis,
3467 2569 3583 2623 sed
3634 2568 3821 2623 marica

2248 2646 2488 2707 Thomas
2500 2653 3336 2724 archiepiscopusEboracensis,
3364 2667 3427 2712 ut
3440 2674 3646 2715 novus
3666 2658 3821 2730 Angli:

2249 2744 2411 2810 civis,
2471 2745 2699 2801 nimium
2744 2756 2972 2804 conatus
3025 2757 3112 2804 est
3158 2749 3226 2803 ad
3277 2748 3699 2808 exaltationem
3748 2764 3821 2807 sua

2249 2834 2508 2891 Ecclesia
2549 2835 2859 2904 humiliare,
2891 2846 3126 2907 quantos
3163 2838 3382 2894 labores
3420 2853 3738 2912 perpessus
3762 2841 3820 2901 sit.

2248 2936 2305 2980 et
2348 2925 2804 2997 quemadmodum
2854 2927 3029 2998 ipsum
3070 2927 3338 2984 Thomam
3404 2931 3485 2985 ad
3541 2945 3819 2987 meum

2249 3026 2656 3073 antecessorum
2682 3032 2907 3075 suorum
2948 3019 3339 3088 humiliaverit,
3370 3035 3819 3093 superaram

2250 3118 2337 3164 est
2363 3118 2531 3181 atque
2555 3110 2870 3182 dependens
2912 3112 3003 3169 hic
3032 3113 3235 3185 aliquid
3275 3114 3533 3179 scribere
3573 3117 3714 3189 (15).
3740 3115 3820 3186 ipse

2250 3204 2455 3260 ctenim
2484 3204 2609 3260 inde
2652 3205 2883 3261 veritate
2907 3206 3076 3278 'plena
3113 3216 3171 3264 et
3215 3209 3384 3266 totius
3410 3212 3585 3281 regni
3633 3223 3821 3268 ass”

2252 3293 2575 3350 confirmata
2615 3296 2717 3353 sub
2745 3299 3058 3356 testimonio
3098 3300 3234 3373 regii
3277 3300 3449 3373 sigilli
3479 3304 3703 3375 scripta
3732 3302 3821 3358 rei?

2251 3387 2390 3457 quit.
2431 3386 2533 3456 Qui
2574 3402 2641 3445 eo
2669 3389 2888 3460 quidem
2920 3393 3095 3464 magis
3122 3393 3177 3449 in
3207 3394 3329 3450 istis
3368 3394 3689 3463 laboravit,
3714 3400 3819 3469 quae

2252 3480 2478 3551 antiqua
2502 3479 2686 3552 jpsius
2727 3481 2987 3540 Ecclesia
3026 3485 3309 3557 privilegia
3342 3485 3397 3541 in
3432 3501 3500 3542 ea
3541 3488 3819 3559 conﬂagra-

2254 3572 2400 3628 tione
2424 3587 2544 3643 qua
2577 3572 2824 3631 eamdem
2848 3576 3137 3634 ecclesiam
3176 3578 3341 3636 tertio
3383 3588 3519 3635 ante
3548 3582 3646 3638 sui
3670 3581 3821 3638 intra»

2253 3671 2340 3719 tus
2367 3678 2510 3720 anno
2536 3666 2893 3738 consumpsit,
2922 3682 3063 3739 pene
3082 3669 3273 3725 omnia
3290 3670 3590 3741 perierant

2322 3755 2473 3813 Alias
2506 3772 2723 3830 quoque
2770 3760 3196 3819 consuetudines
3223 3775 3358 3832 quas
3388 3764 3607 3834 priscis
3651 3775 3823 3835 tempo-

2254 3847 2407 3905 ribus
2433 3848 2689 3906 Ecclesia
2709 3850 3116 3920 Cantuariensi,
3143 3861 3204 3909 ut
3230 3852 3516 3911 liberrima
3544 3857 3610 3912 in
3644 3857 3819 3914 cunctis

2255 3940 2541 4006 existeret,
2586 3956 2743 4014 reges
2770 3942 2979 4015 Anglia
3010 3957 3108 4000 sua
3150 3944 3556 4002 munificientla
3606 3948 3819 4004 contule-

2253 4041 2404 4099 runt,
2435 4042 2492 4088 et
2520 4033 2744 4090 stabiles
2771 4034 2826 4089 in
2849 4044 3173 4106 perpetuum
3204 4050 3426 4092 manere
3473 4040 3820 4095 sacratissim

2256 4125 2537 4181 sanctione
2586 4125 3015 4191 constituerunt,
3069 4128 3430 4198 quorumdam
3478 4129 3820 4200 imprudenti!

2253 4218 2517 4286 perditas,
2562 4233 2659 4274 sua
2702 4218 2987 4288 prudentia
3022 4218 3383 4289 recuperavit.
3426 4217 3554 4277 Odo
3582 4222 3819 4294 siquidel

2254 4307 2542 4378 episcopus
2587 4307 2934 4378 Bajocensis,
2986 4318 3049 4365 ut
3086 4310 3158 4366 de
3208 4304 3339 4367 aliis
3387 4318 3652 4379 taceam,
3693 4315 3821 4369 frater

2254 4397 2501 4468 praedicti
2542 4398 2684 4470 regis
2722 4397 3021 4455 Willhelmi
3070 4407 3125 4456 et
3158 4398 3368 4457 Cantia
3409 4415 3631 4469 carnes,
3683 4404 3819 4475 prius-

570 4494 821 4549 mutavit.
851 4491 1048 4550 Sedem
1080 4493 1281 4550 etenim
1311 4494 1673 4566 episcopalem
1719 4499 2025 4556 monachici
2065 4515 2153 4557 or-
2182 4532 2230 4589 ι)
2256 4504 2420 4562 quam
2464 4488 2809 4547 Lanfrancus
2862 4489 3113 4563 Angliam
3163 4491 3447 4558 intrasset.
3510 4509 3750 4567 magnus
3784 4500 3819 4547 ei

569 4587 717 4642 dinis
737 4586 889 4643 cultu
915 4585 1176 4654 instituit,
1204 4602 1274 4643 ac
1306 4586 1568 4660 delegatis
1595 4589 1757 4646 terris
1789 4600 1845 4646 et
1884 4591 2007 4648 aliis
2031 4606 2152 4663 qua

569 4678 958 4735 sustentationi
1006 4678 1120 4735 illic
1168 4679 1516 4736 servientium
1570 4681 1682 4738 Deo
1729 4682 2150 4754 competebant,

568 4770 793 4827 divitem
836 4770 905 4827 de
926 4784 1186 4843 paupere,
1232 4772 1517 4829 sublimem
1563 4774 1633 4829 de
1662 4772 1875 4840 humili,
1907 4774 2048 4831 sicut
2095 4775 2152 4831 in

568 4860 823 4932 prasenti
864 4861 1119 4927 habetur,
1162 4860 1360 4920 eﬂ'ecit.
1394 4862 1500 4920 Sed
1538 4864 1682 4935 quod
1711 4866 1779 4919 de
1820 4865 2153 4936 pauperibus

570 4953 720 5010 foras
747 4968 934 5011 muros
960 4954 1198 5012 civitatis
1221 4956 1530 5013 Cantuaria
1553 4953 1704 5020 fecit,
1730 4956 2155 5027 pratermitten-

570 5046 701 5103 dum
753 5048 886 5105 mihi
930 5048 985 5105 in
1031 5048 1137 5106 hoc
1172 5063 1338 5121 opere
1367 5048 1484 5106 fore
1530 5064 1637 5103 non
1679 5047 1939 5105 arbitror.
1985 5049 2152 5105 Extra

569 5138 932 5212 aquilonalem
981 5141 1216 5214 denique
1255 5151 1467 5213 portam
1517 5139 1671 5198 urbis
1706 5140 1849 5198 illius
1885 5140 2153 5215 lapideam

571 5230 789 5287 domum
821 5232 1101 5291 decentem
1145 5239 1202 5289 et
1235 5231 1469 5303 amplam
1509 5231 1836 5299 construxit,
1881 5242 1938 5290 et
1975 5233 2024 5291 ei
2054 5247 2156 5305 pro

570 5321 800 5379 diversis
832 5322 1333 5382 necessitudinibus
1359 5319 1642 5378 hominum
1669 5329 1724 5379 et
1751 5322 2155 5379 commoditati-

570 5413 673 5470 bus
712 5415 1022 5473 babitaeula
1060 5416 1221 5487 plura
1268 5427 1392 5469 cum
1442 5412 1677 5483 spatiosa
1718 5424 1873 5472 curte
1926 5414 2144 5485 adjecit.

569 5505 683 5563 Hoc
702 5509 973 5580 palatium
1019 5510 1074 5563 in
1122 5507 1228 5561 duo
1266 5505 1483 5571 divisit;
1521 5507 1666 5563 viros
1704 5507 1959 5564 videlicet
1984 5508 2155 5563 variis

568 5598 949 5655 inlirmitatum
1000 5596 1354 5668 qualitatibus
1389 5611 1605 5667 pressos
1648 5598 1781 5663 nni,
1826 5594 1965 5667 parti
2025 5612 2155 5653 vero

568 5691 729 5747 alteri
759 5691 988 5746 feminas
1018 5706 1077 5746 se
1120 5690 1259 5747 male
1286 5692 1547 5752 habentes
1577 5692 1888 5748 instituens.
1920 5689 2177 5747 O‘rdina-r

570 5782 649 5838 vit
703 5780 869 5835 etiam
907 5781 987 5836 eis
1021 5781 1088 5837 de
1125 5798 1224 5840 suo
1266 5784 1517 5840 vestitum
1563 5793 1619 5837 et
1648 5783 1849 5838 victum
1882 5782 2152 5853 quotidiao

2254 4592 2564 4656 prapotens
2587 4598 2686 4655 per
2710 4592 2882 4640 totum
2917 4599 3148 4657 regnum
3172 4584 3502 4642 habebatur.
3545 4585 3662 4643 llic
3688 4588 3819 4644 duali-

2254 4676 2477 4734 natione
2517 4690 2626 4747 qua
2666 4676 3005 4746 ﬂmmensum
3057 4676 3474 4741 sustollebatur,
3531 4693 3652 4733 non
3695 4674 3819 4733 msh

2255 4776 2455 4836 terras,
2484 4768 2581 4825 sed
2603 4778 2661 4824 et
2688 4768 2996 4826 libertatem
3018 4770 3313 4827 nominata
3332 4770 3608 4827 Ecclesia
3629 4772 3768 4829 nullo
3783 4770 3818 4824 ei

2256 4863 2546 4920 resistente
2586 4862 2961 4936 multipliciter
3000 4864 3299 4933 invaserat,
3330 4878 3715 4937 oppresserat,
3760 4877 3817 4920 te-

2254 4953 2435 5011 nebat.
2466 4954 2597 5024 Qua
2627 4954 2719 5011 ubi
2750 4954 3108 5025 Lanfrancus,
3137 4949 3197 5011 ut
3236 4966 3417 5023 erant,
3444 4956 3680 5026 didicit;
3711 4954 3817 5027 apri

2256 5059 2440 5117 regem
2472 5046 2539 5103 de
2556 5045 2664 5104 illis
2688 5045 2802 5119 agit
2828 5047 2969 5104 sicut
2989 5055 3244 5119 oportere
3263 5046 3493 5104 sciebat.
3525 5046 3693 5107 Unde
3708 5062 3816 5121 prs-

2256 5139 2401 5211 cepit
2422 5154 2554 5213 rex,
2583 5147 2853 5211 quatenus
2900 5138 3155 5197 adunatis
3188 5138 3529 5212 primoribus
3558 5149 3637 5197 et
3666 5138 3817 5214 probis

2255 5232 2392 5292 viris
2418 5248 2525 5291 non
2557 5233 2733 5291 solum
2758 5233 2826 5291 de
2857 5233 3118 5290 comitatu
3145 5231 3372 5297 Cantia,
3410 5232 3506 5289 sed
3538 5241 3599 5289 et
3628 5235 3699 5293 de
3724 5232 3818 5289 aliis

2258 5324 2609 5385 comitatibus
2650 5323 2857 5398 Anglia
2888 5324 3126 5397 querela
3166 5323 3461 5381 Lanfranci
3501 5325 3555 5380 in
3604 5327 3813 5383 medius!

2259 5418 2611 5485 ducerentur,
2653 5420 3120 5488 examinarentur,
3172 5421 3681 5476 determinarentur
3706 5418 3813 5490 (l6).

2260 5508 2533 5578 Disposito
2575 5510 2758 5580 itaque
2809 5511 2950 5581 apud
3002 5510 3317 5569 Pinnedene
3368 5511 3676 5583 principum
3713 5523 3814 5567 can-

2257 5613 2422 5660 ventu
2473 5601 2745 5659 Goli‘ridus
2799 5604 3088 5683 episcOpus
3135 5605 3591 5684 Constantiensis,
3640 5606 3721 5659 vir
3767 5615 3811 5655 ea

2262 5704 2583 5765 tempestate
2607 5695 2876 5767 pradives
2902 5695 2955 5751 in
2985 5692 3196 5769 Anglia,
3223 5698 3341 5751 vice
3374 5696 3515 5768 regis
3538 5694 3813 5751 Lanfrancs

2254 5787 2521 5856 justitiam
2567 5789 2635 5844 de
2682 5789 2794 5845 suis
2822 5787 3062 5858 querelis
3105 5789 3479 5845 strenuissime
3522 5786 3700 5843 facere
3721 5786 3807 5855 ius-
