4014 6304
221 307 315 364 357

1305 300 1625 359 HISTORIA
1666 298 2023 359 NOVORUM.
2067 331 2135 339 -—
2167 296 2293 357 LIB.
2332 299 2371 356 Ι.

3365 300 3473 371 380

218 439 323 489 sus,
350 419 494 477 fecit.
518 418 854 476 Lanfrancus
878 419 1023 475 enim
1044 417 1218 475 valida
1249 406 1457 475 ratione
1488 420 1773 485 subnixus,
1803 436 1852 494 Α
1878 421 2011 475 ordo
2041 436 2145 476 non
2181 421 2281 477 sibi
2317 422 2670 491 astrinxerat,
2703 423 2837 481 eniti
2885 434 3175 499 cmperunt
3204 436 3507 497 quatenus,

216 529 274 571 ex
321 508 587 565 communi
631 509 872 563 omnium
918 508 1297 579 astipulatione
1344 518 1398 564 et
1432 508 1656 578 judicio,
1705 510 1779 565 ibi

213 610 393 662 cuncta
427 600 768 670 recuperavit
806 615 927 670 qua:
956 610 1177 657 ostensa
1203 609 1330 657 sunt
1372 602 1673 671 antiquitus
1710 601 1778 656 ad

211 694 319 763 jura
351 690 605 747 Ecclesia:
630 691 831 747 Christi
862 692 1274 750 Cantuariensis
1293 694 1640 765 pertinuisse,
1669 702 1780 749 tam

212 787 258 841 in
289 782 441 841 terris
462 797 627 854 quam
660 783 715 839 in
744 784 974 840 diversis
1001 786 1503 843 consuetudinibus.

169 910 179 969 ἒ
276 879 402 933 item
440 876 549 934 alio
595 885 840 950 tempore
883 879 1026 935 idem
1068 878 1205 947 Odo,
1241 880 1590 952 permittente
1629 896 1777 954 rege,

170 967 462 1047 gplacitum
500 967 741 1026 instituit
783 977 975 1026 contra
1013 970 1326 1044 saepefatam
1368 972 1674 1040 ecclesiam,
1725 981 1780 1029 et

171 1052 431 1131 {tutorem
480 1055 600 1129 ejus
642 1057 860 1116 Patrem
899 1060 1289 1129 Lanfrancum,
1331 1071 1387 1119 et
1420 1062 1550 1119 illuc
1590 1078 1780 1121 omnes

207 1166 332 1222 quos
357 1150 645 1221 peritiores
675 1151 855 1223 legum
887 1161 941 1208 et
983 1169 1139 1210 usum
1183 1155 1396 1226 Anglici
1431 1156 1581 1228 regni
1613 1171 1779 1213 nove-

207 1251 297 1309 rat,
326 1258 531 1314 gnarus
561 1242 802 1298 adduxit.
843 1243 980 1300 Cum
1029 1245 1194 1316 igitur
1220 1246 1289 1301 ad
1333 1248 1777 1304 eventilationem

205 1347 478 1390 causarum
503 1342 721 1389 ventum
747 1344 917 1401 esset,
941 1349 1131 1392 omnes
1155 1337 1246 1407 qui
1278 1338 1492 1395 tuendis
1520 1338 1778 1397 Ecclesia:

205 1427 371 1484 causis
399 1441 618 1497 quaque
652 1438 1023 1484 convenerant
1056 1428 1110 1484 in
1155 1430 1333 1500 primo
1375 1444 1672 1502 congressu
1701 1432 1777 1488 ita

202 1518 423 1575 convicti
452 1526 603 1587 sunt,
628 1528 686 1574 ut
716 1519 772 1576 in
800 1534 908 1590 quo
938 1534 1031 1576 eas
1053 1528 1340 1576 tuerentur
1365 1521 1527 1577 simul
1550 1523 1769 1579 amitte-

204 1618 330 1664 rent.
374 1608 500 1678 Ipse
528 1623 764 1678 namque
806 1607 1147 1664 Lanfrancus
1172 1623 1280 1663 non
1314 1610 1596 1666 intererat.
1630 1611 1776 1666 Tali-

202 1703 291 1758 bus
317 1701 491 1768 enim,
545 1701 650 1758 nisi
686 1701 986 1758 necessitas
1031 1716 1241 1757 summa
1273 1711 1510 1775 urgeret,
1541 1704 1590 1760 ei
1634 1705 1774 1760 inte-

1884 511 2074 567 saltem
2100 513 2167 567 de
2194 514 2429 583 primatu
2458 514 2842 573 Cantuariensi
2885 519 3183 576 monachos
3224 520 3470 579 eradica-

1884 611 2027 669 rent,
2052 603 2395 660 intendentes
2430 621 2489 662 se
2510 606 2610 663 hoc
2633 606 2777 663 facto
2804 607 3062 667 facillime
3087 609 3221 666 alios
3252 609 3471 673 aliunde

1882 689 2222 747 exclusuros.
2266 693 2342 749 De
2392 693 2499 750 illis
2539 697 2765 763 etenim,
2821 697 3142 767 potioribus,
3193 700 3335 755 sicut
3386 701 3470 757 eis

1883 784 2193 851 videbatur,
2238 786 2545 845 rationibus
2583 789 2650 844 ad
2681 789 2734 844 id
2782 790 3050 859 agendum
3081 789 3466 861 fuiciebantur,

1881 873 2080 943 partim
2112 873 2182 929 ob
2218 874 2604 932 sublimitatem
2638 876 2888 947 primatis
2936 879 3103 945 sedis,
3134 896 3253 950 quae
3284 881 3470 954 dispo-

1881 962 2065 1019 sitioni
2089 973 2144 1019 et
2171 965 2497 1021 correctioni
2529 965 2891 1021 Ecclesiarum
2922 980 3022 1038 per
3055 983 3183 1024 snas
3202 985 3467 1042 personas

1882 1070 2100 1126 quaque
2142 1071 2243 1128 per
2288 1056 2537 1130 Angliam
2579 1056 2867 1129 invigilare
2908 1058 3104 1126 habet,
3156 1065 3355 1131 partim
3393 1066 3467 1122 oh

1880 1146 2018 1204 alias
2064 1148 2396 1220 multiplices
2443 1165 2638 1206 causas
2688 1165 2918 1221 quarum
2961 1153 3262 1222 exsecutio,
3303 1155 3465 1225 juxta

1880 1242 2027 1313 quod
2051 1240 2150 1311 ipsi
2176 1241 2578 1313 contingebant,
2611 1242 2785 1313 magis
2808 1243 3130 1301 clericorum
3162 1261 3326 1316 quam
3346 1264 3465 1323 mo-

1880 1334 2177 1390 nachorum
2217 1333 2450 1390 oflicium
2481 1342 2709 1405 spectat.
2739 1334 3011 1392 Deductus
3042 1347 3125 1394 est
3156 1338 3210 1393 in
3239 1349 3466 1396 senten-

1880 1426 2010 1480 tiam
2038 1425 2196 1481 istam
2245 1441 2339 1481 rex
2362 1434 2419 1481 et
2442 1414 2532 1480 alii
2564 1427 2839 1498 principes
2870 1430 3045 1499 regni,
3072 1430 3383 1489 Lanfranco
3406 1441 3467 1491 ut

1878 1515 1960 1570 sui
1994 1516 2167 1597 moris
2203 1525 2321 1572 erat
2361 1516 2489 1572 totis
2530 1516 2736 1571 viribus
2765 1518 3066 1585 obnitente,
3107 1528 3163 1576 et
3216 1521 3463 1579 omnium

1878 1608 2141 1665 molimini
2182 1624 2247 1665 ac
2282 1610 2498 1665 invidiae
2532 1610 2761 1666 viriliter
2799 1612 3107 1669 resistente.
3161 1613 3239 1669 Ne
3282 1624 3464 1671 tamen

1878 1709 2004 1770 post
2030 1700 2238 1756 obitum
2269 1715 2427 1756 suum
2460 1700 2612 1756 fieret
2640 1702 2784 1772 quod
2825 1717 2884 1758 se
2930 1705 3228 1773 superstite
3256 1706 3467 1763 sciebat

201 1808 336 1849 resse
378 1791 554 1849 moris
591 1808 702 1850 non
734 1803 873 1849 erat.
907 1792 1011 1864 Ipsi
1048 1807 1179 1864 ergo
1207 1792 1260 1847 in
1304 1807 1519 1848 camera
1552 1792 1769 1849 lectioni
1804 1783 1846 1844 Β
1874 1804 1973 1860 per
1997 1788 2259 1846 auxilium
2291 1791 2383 1847 Dei
2411 1808 2753 1862 nequaquam
2775 1794 3185 1864 perliciendum,
3212 1800 3463 1857 nesciens

201 1884 380 1940 divinae
417 1892 685 1954 occupato
714 1884 843 1954 quid
885 1892 1095 1956 gestum
1149 1882 1315 1939 fuerit
1355 1883 1654 1939 nuntiatur.
1703 1888 1771 1939 At

199 1975 279 2031 ille
316 1974 397 2029 nil
450 1976 614 2032 corde
640 1975 965 2045 perterritus
1010 1975 1156 2030 dicta
1187 1975 1625 2031 adversariorum
1661 1992 1767 2033 non

198 2075 330 2122 recte
360 2066 697 2137 processisse
721 2067 976 2133 asseruit,
1009 2076 1065 2122 et
1102 2066 1222 2122 ideo
1251 2074 1446 2121 cuneta
1478 2065 1532 2121 in
1564 2068 1762 2123 crasti-

196 2174 309 2213 num
346 2158 624 2214 induciari
662 2159 940 2230 praecepit.
999 2159 1256 2229 Sequenti
1293 2166 1471 2226 nocte,
1519 2160 1675 2216 adest
1714 2160 1769 2215 in

194 2250 300 2306 visu
336 2250 581 2306 antistiti
624 2249 818 2307 beatus
856 2251 1192 2319 Dunstanus,
1238 2267 1465 2308 monens
1510 2267 1580 2308 ne
1616 2254 1769 2309 illum

194 2339 477 2397 multitudo
500 2341 806 2409 conturbet,
840 2342 937 2398 sed
966 2342 1032 2398 de
1074 2342 1364 2412 praesentia
1410 2342 1495 2397 sui
1540 2357 1769 2399 securus

193 2431 445 2501 placitum
470 2448 628 2489 mane
660 2433 887 2504 ipsemet
909 2433 1100 2489 hilaris
1126 2433 1293 2489 intret
1320 2452 1335 2489 :
1363 2434 1507 2504 quod
1534 2445 1598 2491 et-
1615 2435 1763 2491 fecit.

194 2522 320 2581 Suas
355 2525 548 2597 itaque
591 2541 784 2582 causas
817 2527 1053 2597 quodam
1090 2527 1314 2581 exordio
1346 2528 1499 2597 quasi
1531 2544 1560 2582 a
1604 2528 1767 2585 rebus

191 2629 298 2687 qua:
345 2626 601 2673 tractatae
645 2616 973 2676 fuerantvel
1022 2617 1321 2673 tractandae
1345 2619 1559 2689 penitus
1589 2620 1767 2676 alieno

191 2708 393 2765 cunctis
429 2709 774 2780 stupentibus
815 2724 974 2767 orsus
1016 2711 1111 2776 ita,
1143 2711 1410 2781 processit
1436 2723 1495 2767 ut
1520 2730 1640 2784 qua!
1668 2728 1765 2769 su-

190 2812 279 2868 per
311 2813 444 2855 eum
468 2798 641 2869 pridie
673 2800 818 2855 dicta
845 2799 1067 2857 fuerunt
1108 2801 1189 2856 sic
1216 2802 1532 2859 devinceret
1561 2813 1616 2860 et
1642 2806 1763 2860 ina-

191 2889 274 2945 nia
297 2904 428 2947 esse
456 2900 810 2959 monstraret,
838 2900 899 2948 ut
938 2893 1111 2949 donec
1138 2894 1263 2949 vita:
1297 2897 1547 2964 praesenti
1576 2911 1765 2967 super-

190 2981 300 3050 fbit,
324 2982 513 3039 nullus
538 2993 857 3055 exsurgeret
881 2983 977 3056 qui
1011 2983 1138 3040 inde
1164 2993 1358 3041 contra
1384 3000 1508 3041 eum
1536 3000 1599 3041 os
1632 3000 1764 3057 ape-

188 3075 330 3130 riret.
358 3072 445 3130 De
470 3074 556 3130 his
580 3074 676 3130 ita.

249 3166 430 3237 Super
462 3165 580 3221 haec
621 3166 733 3222 suis
760 3181 996 3238 quoque,
1028 3174 1085 3222 et
1119 3166 1322 3224 eisdem
1366 3166 1539 3225 ferme
1568 3168 1759 3226 diebus

186 3269 364 3311 omnes
411 3256 635 3311 circiter
681 3256 772 3326 qui
813 3271 883 3311 ex
925 3256 1163 3312 clericali
1203 3257 1393 3313 ordine
1440 3271 1539 3328 per
1578 3273 1761 3331 regem

188 3343 553 3401 Willhelmum
596 3346 652 3401 in
693 3346 889 3418 Anglia
932 3348 1212 3403 constituti
1260 3348 1544 3419 pontifices
1579 3359 1759 3418 erant,

185 3441 478 3496 monachos
504 3440 595 3511 qui
628 3440 681 3496 in
726 3440 998 3497 nonnullis
1025 3440 1427 3513 episcopatibus
1455 3444 1664 3517 Anglia:
1691 3447 1762 3502 ab

183 3531 395 3604 antiquo
425 3531 591 3588 vitam
621 3534 873 3605 agebant,
911 3534 1034 3590 inde
1077 3533 1357 3591 eliminare
1402 3536 1574 3593 moliti
1610 3547 1759 3606 sunt,

182 3632 233 3677 et
275 3640 463 3696 regem
507 3625 686 3696 ipsum
718 3624 774 3681 in
812 3625 915 3682 hoc
962 3625 1068 3683 sibi
1115 3636 1539 3707 consentaneum
1567 3629 1763 3686 effece-

184 3725 328 3783 runt;
372 3716 433 3771 in
461 3731 570 3786 quo
608 3724 789 3773 tamen
815 3732 875 3773 se
902 3717 1095 3776 ell‘ectu
1128 3720 1401 3790 potituros
1431 3723 1565 3778 certi
1589 3726 1762 3781 exsti-

182 3812 382 3873 terant,
436 3816 496 3860 ut
540 3805 913 3864 Walchelinus
962 3812 1249 3880 episcopus
1299 3812 1567 3869 adunatos
1620 3828 1759 3883 pene

179 3899 533 3971 quadraginta
561 3895 810 3965 clericos,
834 3902 1220 3957 canonicorum
1247 3919 1419 3971 more,
1448 3916 1671 3960 tonsura
1695 3922 1760 3963 ac

180 4003 317 4047 veste
372 3993 656 4049 redimitos
703 3992 952 4059 haberet,
1009 4010 1166 4064 quos,
1215 3995 1402 4065 ejectis
1454 3999 1756 4066 monachis,

179 4076 457 4137 Wentanae
488 4082 745 4139 Ecclesia:
769 4084 857 4140 cui
884 4085 1229 4156 praesidebat,
1262 4104 1386 4143 mox
1430 4089 1759 4148 intromitte-

180 4184 271 4231 ret.
301 4175 431 4232 Sola
458 4192 614 4232 mora
642 4178 758 4234 haec
781 4179 1095 4251 peragendi,
1134 4180 1372 4236 nonduin
1404 4182 1665 4252 requisita
1688 4183 1759 4240 ab

177 4267 585 4339 archiepiscopo
642 4266 951 4326 Lanfranco
998 4270 1218 4326 licentia
1274 4269 1395 4325 fuit.
1457 4271 1526 4327 Ut
1574 4281 1755 4329 autem

175 4371 288 4415 eam
335 4360 487 4417 dicto
530 4375 744 4432 quoque
793 4362 955 4419 citius
1005 4364 1347 4433 impetraret,
1402 4362 1548 4418 nulla
1588 4364 1755 4421 menti

1871 1881 2066 1935 mortis
2095 1896 2207 1937 suae
2253 1882 2396 1937 diem
2442 1882 2525 1937 vel
2568 1883 2781 1948 horam,
2814 1885 2927 1955 egit
2965 1888 3265 1958 sagacitate
3294 1898 3348 1945 et
3378 1891 3463 1946 in-

1871 1972 2111 2041 dustria,
2161 1989 2266 2045 qua
2301 1975 2563 2045 pollebat,
2607 1984 2665 2031 ut
2715 1978 3043 2035 auctoritate
3095 1980 3360 2040 Romana
3401 1994 3461 2041 et

1870 2065 2181 2137 apostolicae
2218 2069 2365 2124 sedis
2414 2070 2805 2125 monachorum
2853 2071 3121 2129 habitatio
3173 2075 3224 2129 in
3256 2077 3451 2133 eadem

1871 2158 2112 2215 Ecclesia
2147 2160 2585 2227 confirmaretur,
2621 2170 2676 2218 et
2700 2163 3013 2219 inconvulsa
3042 2165 3167 2220 dum
3201 2167 3459 2224 sarculum

1871 2248 2095 2305 duraret
2124 2250 2178 2306 in
2228 2263 2548 2322 perpetuum
2579 2252 2935 2311 stabiliretur.
2980 2254 3135 2322 Quod
3174 2259 3462 2332 privilegio

1870 2341 1965 2398 tali
1995 2358 2239 2399 summus
2280 2344 2594 2415 apostolicae
2620 2347 2852 2403 antistes
2880 2346 3190 2407 Alexander
3208 2352 3356 2411 sedis
3380 2354 3457 2410 ita

1868 2434 2071 2503 scripto
2100 2448 2199 2490 suo
2224 2434 2529 2490 roboravit:

1945 2545 1963 2579 c
1993 2526 2304 2583 Alexander
2353 2528 2677 2599 episcopus,
2735 2543 2929 2585 servus
2984 2544 3267 2589 servorum
3320 2534 3455 2603 Dei,

1869 2618 2322 2673 reverendissirno
2354 2618 2509 2674 fratri
2550 2618 2602 2674 in
2632 2617 2853 2676 Christo
2874 2618 3188 2677 Lanfranco
3218 2636 3451 2680 venera-

1866 2709 1961 2765 bili
1980 2709 2399 2765 Cantuariorum
2419 2709 2855 2781 archiepiscopo,
2898 2713 3132 2767 salutem
3153 2722 3211 2770 et
3235 2724 3458 2784 aposto-

1866 2800 2025 2856 licam
2060 2800 2515 2857 benedictionem.

1943 2909 1963 2944 σ
1990 2890 2317 2961 Accepimus
2349 2905 2381 2946 a
2404 2890 2750 2962 quibusdam,
2779 2908 2799 2943 ι
2832 2898 2939 2948 etc.
2973 2890 3105 2947 Vide
3132 2892 3186 2947 in
3223 2893 3455 2951 Alexan-

1865 2984 1960 3037 dro
1992 2981 2076 3036 II.

1936 3070 2109 3138 Quam
2156 3086 2287 3127 vero
2310 3085 2504 3128 secura
2544 3071 2795 3128 libertate
2828 3080 2885 3129 et
2932 3072 3106 3129 libera
3149 3076 3447 3132 securitate

1866 3180 2094 3236 quaeque
2127 3166 2193 3219 ad
2218 3163 2342 3234 jura
2380 3165 2637 3221 Ecclesiae
2671 3166 3079 3223 Cantuariensis
3120 3167 3453 3238 pertinentia

1864 3254 2050 3323 potiri,
2074 3268 2218 3317 saepe
2244 3253 2386 3310 fatus
2413 3254 2575 3309 Pater
2597 3255 2941 3311 Lanfrancus
2964 3257 3281 3323 intenderit,
3305 3266 3354 3312 et
3379 3272 3446 3326 ex

1864 3349 1952 3404 his
1980 3365 2100 3419 qua:
2132 3349 2319 3419 paucis
2360 3348 2788 3420 designavintus,
2837 3358 2892 3404 et
2922 3365 2989 3405 ex
3028 3349 3255 3423 epistola
3284 3365 3450 3419 quam

1863 3456 1991 3498 ecce
2022 3442 2429 3497 subscribemus
2469 3441 2643 3496 cuivis
2685 3441 2828 3497 scire
2847 3439 3047 3496 volenti
3097 3450 3287 3511 patere
3315 3443 3453 3497 satis

1863 3534 2007 3589 erit:
2040 3550 2206 3605 quam
2236 3532 2522 3605 epistolam
2559 3532 2626 3589 de
2654 3533 2837 3589 causis
2880 3531 3275 3589 ecclesiasticis
3313 3532 3452 3589 scri-

1862 3632 2013 3695 ptam
2046 3640 2112 3681 ea
2161 3640 2221 3681 re
2262 3624 2502 3681 maxime
2546 3623 2748 3694 placuit
2793 3623 2916 3678 aliis
2945 3623 3167 3680 omissis
3192 3623 3450 3695 praesenti

1861 3715 2013 3786 operi
2034 3714 2412 3771 commiscere.
2451 3713 2733 3782 Quatenus
2760 3713 2816 3768 hi
2844 3714 2938 3785 qui
2967 3713 3255 3770 scientiam
3278 3712 3446 3769 talem

1861 3806 2203 3879 negotiorum
2232 3822 2340 3863 non
2380 3807 2606 3862 omnino
2634 3816 2886 3877 expertes
2929 3818 3078 3872 sunt,
3114 3821 3182 3861 ex
3205 3819 3443 3862 consue-

1861 3899 2139 3955 tudinibus
2179 3899 2410 3955 aliarum
2452 3899 2824 3958 Ecclesiarum
2872 3898 3309 3953 animadvertant
3335 3911 3446 3969 qua

1857 3993 2120 4065 dignitate
2159 3993 2330 4065 ipsam
2364 3992 2664 4048 Ecclesiam
2701 3992 2844 4047 inter
2874 3990 3010 4046 alias
3052 3998 3265 4047 constet
3309 3991 3449 4046 emi-

1856 4100 2009 4143 nere.
2038 4085 2274 4156 Epistola
2299 4084 2465 4156 igitur
2486 4084 2589 4139 ista
2620 4091 2706 4139 est
2737 4101 2752 4137 :

1935 4193 1954 4227 ι
1988 4174 2333 4233 Lankancus
2359 4176 2534 4243 gratia
2571 4173 2666 4228 Dei
2704 4172 3167 4243 archiepiscopus,
3199 4171 3447 4230 dilectis-

1856 4268 1997 4325 simo
2016 4268 2173 4323 fratri
2214 4265 2476 4339 Stigando
2508 4264 2840 4321 Cicestrensi
2881 4266 3156 4335 episcopo,
3188 4264 3444 4326 salutem.

1934 4380 1953 4415 ι
1981 4360 2175 4418 Clerici
2206 4360 2457 4416 villarum
2483 4368 2791 4416 nostrarum
2814 4359 2907 4429 qui
2939 4359 2994 4414 in
3019 4370 3194 4416 vestra
3220 4360 3445 4418 dioecesi

174 4448 284 4521 ejus
316 4451 592 4508 dubitatio
626 4452 838 4521 inerat;
894 4453 987 4510 sed
1032 4452 1191 4508 aliter
1218 4467 1282 4509 ac
1310 4452 1414 4508 sibi
1459 4468 1614 4510 mens
1652 4470 1751 4510 sua
1782 4474 1832 4537 υ
1854 4455 2117 4521 existunt,
2139 4452 2316 4524 questi
2345 4452 2503 4509 nobis
2524 4452 2826 4522 suntquod
2850 4452 3018 4508 vestri
3045 4452 3441 4519 archidiaconi,

175 4544 538 4614 spoponderat
580 4544 759 4617 exitus
817 4544 896 4600 rei
949 4544 1219 4615 provenit.
1266 4544 1403 4601 Nam
1464 4545 1558 4602 ubi
1608 4546 1754 4617 quod

172 4635 456 4707 episcopus
499 4635 784 4692 moliretur
837 4636 1078 4692 insonuit
1135 4635 1357 4694 auribus
1403 4634 1544 4707 ejus,
1608 4637 1754 4695 illico

174 4718 380 4781 facinus
408 4725 724 4791 exhorruit,
759 4740 861 4782 nec
911 4741 971 4782 se
1012 4727 1139 4782 dum
1168 4727 1378 4783 viveret
1413 4737 1473 4783 ut
1501 4727 1753 4786 effectum

169 4831 382 4889 quoque
416 4816 582 4875 modo
612 4816 753 4887 _talis
792 4818 1088 4876 voluntatis
1123 4820 1398 4877 obtineret
1452 4834 1753 4877 consensu-

167 4921 284 4966 rum
335 4911 597 4969 asseruit.
640 4911 719 4970 ita
768 4925 905 4984 ergo
952 4918 1008 4967 et
1057 4911 1261 4978 clerici,
1317 4912 1411 4984 qui
1462 4913 1753 4970 succedere

165 5000 451 5059 monachis
493 5002 711 5060 fuerant
752 5018 853 5075 per
886 5002 1288 5059 Walcbelinum
1320 5003 1556 5072 collecti,
1599 5014 1654 5061 et
1695 5005 1750 5061 in

166 5109 257 5149 sua
288 5094 503 5153 dimissi
525 5106 673 5164 sunt,
708 5106 762 5152 et
789 5096 1040 5153 monachi
1071 5097 1165 5166 qui
1189 5096 1384 5152 cedere
1424 5095 1750 5153 clericorum

162 5183 479 5257 prejudicio
508 5187 745 5259 quodam
776 5187 1016 5243 damnati
1046 5196 1223 5254 erant,
1248 5187 1421 5259 gratia
1450 5188 1543 5243 Dei
1573 5197 1628 5244 et
1663 5188 1748 5244 in-

160 5276 365 5332 stantia
409 5276 542 5333 boni
587 5274 879 5334 Lanl'ranci
924 5277 1169 5349 pristina:
1213 5276 1646 5333 conversationis
1691 5277 1745 5333 in

158 5380 252 5422 sua
287 5366 543 5433 Ecclesia
592 5378 874 5442 compotes
918 5369 1091 5426 enecti
1136 5380 1282 5427 sunt.
1334 5369 1444 5426 Nec
1494 5370 1596 5426 ista
1646 5387 1745 5441 pro

158 5458 423 5517 sedandis
448 5462 808 5533 quorumdam
834 5460 1290 5528 animositatihus,
1328 5477 1466 5532 quas
1484 5463 1563 5515 ad
1599 5460 1746 5530 deje-

154 5551 404 5609 ctionem
442 5554 839 5611 moechorum
886 5562 1275 5625 conceperant,
1306 5552 1556 5610 sufﬁcere
1594 5562 1746 5624 pote-

153 5654 297 5701 rant.
325 5643 576 5718 Namque
598 5646 719 5720 pari
752 5656 899 5718 voto,
947 5648 1110 5704 simili
1139 5646 1447 5716 conamine,
1478 5662 1587 5703 uno
1612 5662 1745 5704 con-

151 5751 370 5808 sensu,-
403 5743 655 5799 concordi
704 5742 886 5799 animo
938 5740 1238 5811 pontifices,
1287 5755 1425 5812 quos
1466 5739 1742 5819 religionis

1856 4546 2091 4619 repertis
2112 4545 2511 4612 occasionibus,
2538 4543 2795 4615 pecunias
2822 4543 2891 4600 ab
2919 4544 2999 4600 eis
3032 4544 3347 4613 exquirunt,
3389 4554 3448 4600 et

1855 4655 1887 4695 a
1915 4639 2241 4712 quihusdam
2256 4637 2371 4707 jam
2397 4645 2746 4709 acceperunt.
2788 4636 3103 4693 Meminisse
3128 4637 3290 4694 debet
3327 4635 3444 4693 fra-

1857 4734 2087 4791 ternitas
2130 4740 2309 4788 vestra
2340 4732 2470 4803 quia
2519 4739 2712 4789 contra
2749 4742 2960 4788 morem
3006 4740 3447 4796 antecessorum,

1856 4832 2168 4881 nostrorum
2193 4833 2249 4879 et
2292 4831 2597 4878 vestrorum
2631 4821 2788 4879 vobis
2822 4821 3215 4888 concessimus,
3241 4820 3433 4890 eisque

1855 4915 2242 4987 imperavimus
2265 4924 2538 4986 quatenus
2573 4914 2641 4970 ad
2678 4921 2888 4970 vestras
2918 4910 3155 4984 synodos
3184 4910 3348 4977 irent,
3380 4921 3441 4968 et

1852 5021 1917 5063 ea
1940 5023 2063 5079 qua:
2091 5006 2160 5062 ad
2198 5005 2528 5063 Christianae
2569 5002 2855 5077 religionis
2899 5000 3149 5057 notitiam
3177 5002 3440 5072 prodesse

1850 5106 2100 5169 possunt,
2127 5098 2244 5153 sine
2273 5096 2710 5168 interpellatione
2739 5094 2824 5149 vel
2869 5092 3209 5150 discussione
3247 5092 3432 5163 aliqua

1852 5205 1887 5244 a
1912 5187 2065 5244 vobis
2106 5188 2378 5244 audirent.
2409 5187 2614 5257 Siqua:
2650 5186 2704 5241 in
2743 5185 2876 5256 ipsis
2917 5184 3093 5255 culpae
3119 5183 3436 5240 inveniren—
3536 5244 3547 5251 ,

1853 5290 1961 5344 tur,
1995 5294 2257 5349 suspensa
2289 5280 2505 5335 interim
2533 5279 2795 5344 vindicta,
2818 5279 2885 5334 ad
2908 5286 3155 5333 nostrum
3199 5290 3435 5333 examen

1848 5381 2201 5429 servarentur
2226 5381 2280 5427 et
2315 5372 2471 5428 nobis
2515 5370 2594 5426 vel
2637 5371 2693 5425 in
2729 5369 3041 5427 miserendo
3076 5368 3159 5426 vel
3196 5369 3251 5424 in
3292 5366 3435 5424 ulci-

1850 5463 2075 5530 scendo,
2120 5464 2261 5519 sicut
2297 5477 2513 5534 semper
2542 5464 2878 5519 consuetudo
2930 5460 3055 5530 fuit,
3093 5460 3317 5520 obnoxii
3352 5469 3437 5515 te-

1847 5566 2130 5625 nerentur.
2171 5556 2492 5614 Mandamus
2523 5556 2710 5628 itaque
2734 5556 2892 5613 vobis
2924 5562 2989 5612 ut
3028 5553 3172 5612 male
3206 5562 3434 5623 accepta

1848 5652 1967 5709 sine
1988 5651 2249 5709 dilatione
2272 5652 2423 5709 reddi
2449 5651 2710 5723 iubeatis,
2743 5662 2800 5710 et
2830 5652 3103 5711 ministris
3132 5650 3332 5723 vestris
3364 5665 3433 5703 ne

1847 5744 2075 5802 ulterius
2104 5744 2159 5801 id
2188 5754 2542 5817 prmumant,
2583 5747 2865 5805 servandae
2904 5744 3194 5802 cbaritatis
3224 5743 3429 5807 studio,
