4014 6304
192 387 281 445 501

1274 372 1597 434 HISTORIA
1638 358 2004 434 novonim.
2044 407 2116 418 —
2151 376 2275 432 ue.
2312 375 2349 431 l.

3348 377 3456 434 362

189 489 435 571 potentue’
469 494 525 552 in
569 495 681 553 vita
713 509 809 553 sua
845 496 1086 561 exstitit,
1116 506 1176 553 ut
1216 500 1269 554 in
1301 508 1413 556 tota
1459 501 1673 573 Anglia,
1703 501 1755 556 in
1786 518 1837 578 Α
1866 506 2157 563 taxatoque
2187 493 2325 548 victu
2354 492 2744 547 monachorum
2779 492 2907 547 inibi
2942 492 3050 548 Deo
3074 493 3453 561 servientium,

188 599 291 648 tota
314 588 725 655 Nortbmannia,
750 589 802 646 in
824 598 935 644 tota
958 588 1352 648 Cenomanensi
1379 594 1572 664 patria,
1598 610 1757 651 nemo

1866 587 2073 656 reliqua
2120 584 2219 639 sub
2264 600 2429 639 censu
2463 595 2624 655 atque
2663 586 2714 640 in
2760 602 2915 640 suum
2949 586 3246 641 dominium
3282 586 3452 661 redigi

188 692 362 741 contra
395 682 681 742 imperium
718 680 836 749 ejus
865 698 1085 737 manum
1109 699 1327 741 movere
1356 687 1599 742 auderet.
1632 704 1758 744 mox
1856 678 2041 751 jussit.
2074 677 2225 732 Fecit
2252 692 2383 746 ergo
2408 678 2704 734 Ecclesiam
2727 679 2927 736 Christi
2966 682 3243 750 venalem;
3280 683 3367 754 jus
3398 684 3455 739 in

182 782 315 832 utm
355 783 552 829 terram
606 775 859 844 spiritum
905 776 1259 833 exhalaturus
1299 779 1508 848 positus
1537 782 1645 852 estj,
1702 782 1760 837 ib

185 866 314 925 omni
345 866 586 932 homine,
614 867 757 921 sicut
798 868 1142 938 accepimus,
1190 885 1297 925 uno
1333 871 1448 926 solo
1495 870 1761 927 duntaxat

183 957 439 1015 serviente
493 967 743 1027 excepto,
792 958 1111 1015 derelictum
1162 963 1428 1018 cadavere
1472 960 1589 1030 ejus
1639 962 1759 1019 sine

180 1049 313 1105 omni
362 1063 558 1118 pompa
606 1063 705 1118 per
752 1048 1061 1119 Sequanam
1098 1052 1342 1109 naucella
1392 1044 1668 1119 delatum,
1703 1064 1760 1111 et

181 1158 291 1200 cum
317 1140 537 1210 sepeliri
568 1141 824 1209 deberet,
856 1143 1030 1214 ipsam
1065 1153 1266 1201 terram
1296 1146 1587 1218 sepultura:
1615 1146 1758 1204 illius

178 1253 207 1290 a
239 1236 465 1305 quodam
519 1236 725 1290 rustico
768 1235 1153 1293 calumniatam
1211 1239 1304 1308 qui
1354 1254 1477 1295 eum
1531 1240 1760 1297 hazredi-

179 1330 303 1384 tario
322 1325 450 1400 jure
485 1329 789 1385 reclamans
837 1341 1169 1400 conquestus
1197 1341 1281 1387 est
1325 1332 1470 1388 illam
1514 1335 1617 1391 sibi
1640 1336 1757 1407 jam

178 1420 290 1476 olim
335 1419 407 1474 ab
448 1422 637 1476 eodem
691 1419 888 1489 injuria
940 1421 1108 1480 fuisse
1153 1423 1389 1479 ablatam
1426 1426 1756 1495 a?Quantus

177 1523 335 1569 autem
368 1528 578 1569 mceror
603 1512 969 1571 Lanfrancum
1001 1531 1067 1571 ex
1096 1527 1272 1573 morte
1300 1517 1417 1587 ejus
1438 1519 1753 1588 perculerit,

172 1605 282 1674 quis
306 1604 493 1661 dieere
514 1607 706 1676 possit,
731 1607 948 1679 quando
969 1624 1069 1665 nos
1089 1608 1182 1678 qui
1205 1609 1352 1666 circa
1383 1610 1531 1667 illum
1556 1612 1756 1669 nuncia

172 1706 328 1753 morte
356 1697 506 1754 illius
533 1715 773 1768 eramus,
803 1700 990 1756 statim
1018 1715 1140 1756 eum
1164 1716 1276 1773 prae
1297 1703 1478 1760 cordis
1503 1703 1755 1776 angustia

172 1789 294 1845 mori
322 1789 677 1847 timeremus?

235 1881 496 1937 Defuncto
544 1884 729 1955 itaque
773 1899 900 1957 rege
940 1884 1281 1953 Willbelmo,
1317 1888 1579 1944 successit
1616 1889 1666 1945 ei
1698 1889 1754 1946 in
1784 1901 1831 1963 Β

175 1989 386 2045 regnum
414 1973 760 2032 Willhelmus
792 1977 937 2032 ﬁlius
966 1976 1105 2047 ejus,
1138 1979 1229 2051 qui
1261 1994 1386 2035 cum
1416 1981 1568 2051 regni
1592 1979 1751 2037 fasti-

173 2067 245 2137 gia
291 2066 453 2123 fratri
510 2083 609 2124 suo
665 2067 906 2125 Roberto
960 2069 991 2110 ι)
1037 2072 1331 2142 ρτωτὶρθτθ
1383 2076 1638 2144 gestiret;
1697 2080 1754 2128 et

171 2156 545 2224 Lanfrancum,
578 2161 697 2217 sine
738 2162 894 2233 cujus
939 2177 1165 2219 assensu
1214 2163 1268 2219 in
1301 2178 1527 2234 regnum
1558 2164 1753 2220 ascisci

169 2250 462 2306 nullatenus
490 2261 725 2323 poterat,
775 2255 878 2311 sibi
922 2253 977 2310 in
1021 2254 1125 2312 hoc
1166 2255 1234 2310 ad
1270 2255 1628 2326 cxpletionem
1659 2257 1754 2311 de-

168 2342 337 2398 siderii
389 2345 475 2400 sui
529 2360 637 2401 non
686 2346 910 2402 omnino
965 2358 1395 2405 consentaneum
1442 2348 1747 2417 inveniret;

168 2445 343 2490 verens
382 2450 455 2491 ne
476 2435 663 2493 dilatio
698 2453 811 2493 suae
839 2440 1269 2497 consecrationis
1307 2439 1535 2495 inferret
1561 2439 1610 2495 ei
1638 2438 1753 2495 dis-

168 2524 407 2593 pendium
446 2526 616 2597 cupiti
664 2528 924 2597 honoris,
984 2531 1153 2602 cmpit
1196 2542 1305 2586 tam
1348 2548 1444 2603 per
1479 2549 1538 2590 se
1585 2550 1749 2609 quam

170 2630 256 2686 per
287 2632 481 2675 omnes
524 2636 661 2692 quos
689 2631 924 2692 poterat,
971 2622 1075 2677 ﬁde
1118 2634 1572 2698 sacramentoque
1610 2628 1751 2683 Lan-

168 2708 336 2767 franco
388 2715 713 2783 promittere
752 2716 1044 2786 justitiam,
1082 2716 1393 2787 aequitatem
1440 2728 1495 2775 et
1536 2721 1753 2778 miseri-

168 2803 397 2859 cordiam
449 2821 511 2862 se
562 2820 659 2878 per
708 2816 880 2863 totum
922 2823 1174 2879 regnum,
1224 2808 1271 2863 si
1319 2825 1416 2865 rex
1468 2810 1638 2879 foret,
1696 2813 1750 2869 in

167 2894 296 2949 omni
331 2896 552 2967 negotio
583 2908 961 2964 servaturum;
1010 2913 1222 2970 pacem,
1268 2900 1573 2959 libertatem
1597 2945 1612 2972 ,
1665 2920 1753 2961 se-

166 2986 439 3042 curitatem
491 2987 859 3046 Ecclesiarum
907 3000 1099 3047 contra
1139 3007 1329 3049 omnes
1376 2994 1747 3065 defensurum,

167 3090 321 3132 necne
364 3082 661 3153 praeceptis
704 3092 867 3154 atque
905 3084 1146 3139 consiliis
1175 3084 1291 3155 ejus
1327 3102 1423 3158 per
1466 3090 1647 3145 omnia
1697 3100 1751 3147 et

166 3165 212 3220 in
253 3170 509 3227 omnibus
549 3173 1078 3246 obtemperaturum.
1113 3175 1219 3232 Sed
1262 3193 1386 3233 cum
1423 3182 1651 3249 posthac
1695 3183 1749 3238 in

1861 785 1927 827 ea
1976 770 2291 826 dominandi
2326 786 2439 841 pra:
2469 772 2682 827 caeteris
2719 773 2793 827 illi
2850 775 3094 831 tribuens
3132 777 3222 848 qui
3251 777 3318 832 ad
3360 778 3455 832 de-

1862 862 2176 917 trimentum
2204 860 2321 931 ejus
2354 862 2407 917 in
2438 862 2616 920 dando
2654 866 2888 936 pretium
2932 868 3095 924 alium
3137 872 3451 941 superabat.

1868 951 2021 1008 Unde
2067 952 2269 1007 misera
2334 954 2676 1009 successione
2726 955 2954 1028 singulis
3008 960 3166 1015 annis
3219 963 3452 1032 pretium

1862 1043 2248 1098 renovabatur.
2302 1042 2515 1099 Nullam
2567 1046 2836 1117 siquidem
2888 1052 3302 1108 conventionem
3355 1071 3455 1111 rex

1862 1131 2114 1187 stabilem
2164 1148 2285 1190 esse
2332 1135 2568 1201 sinebat,
2617 1140 2711 1194 sed
2771 1139 2862 1208 qui
2905 1140 3059 1211 plura
3102 1146 3456 1213 promittebat

1861 1226 2189 1283 excludebat
2237 1229 2417 1285 minus
2459 1231 2701 1297 dantem,
2744 1233 2847 1287 nisi
2896 1233 3038 1291 forte
3085 1238 3152 1291 ad
3208 1239 3262 1293 id
3310 1244 3454 1310 quod

1859 1323 2131 1391 posterior
2150 1322 2431 1391 oﬁ‘erebat,
2455 1328 2629 1397 prima
2653 1330 3011 1386 conventione
3027 1342 3278 1399 vacuata,
3305 1336 3455 1404 prior

1861 1425 2192 1486 assurgeret.
2229 1416 2449 1474 Videres
2484 1419 2708 1490 insuper
2754 1422 3026 1491 quotidie,
3056 1435 3237 1493 spreta
3268 1442 3455 1482 servo-

1861 1520 1983 1561 rum
2010 1507 2104 1564 Dei
2136 1509 2415 1582 religione,
2442 1527 2686 1584 quosque
2718 1514 3141 1572 nel'andissimos
3174 1518 3456 1575 hominum

1860 1597 2039 1668 regias
2087 1602 2347 1671 pecunias
2397 1604 2675 1675 exigentes
2723 1620 2820 1675 per
2840 1606 3102 1663 'claustra
3136 1611 3455 1667 monasterii

1858 1698 2015 1747 torvo
2051 1702 2103 1748 et
2146 1695 2343 1752 minaci
2376 1698 2525 1752 vultu
2554 1699 2873 1769 procedere,
2922 1700 3050 1757 hinc
3093 1701 3220 1758 inde
3257 1704 3454 1772 prazci-

1859 1778 2009 1853 pere,
2036 1785 2210 1841 minas
2237 1787 2537 1858 intentare,
2572 1790 2999 1847 dominationem
3042 1795 3453 1867 potentiamque

1859 1890 2013 1933 suam
2046 1878 2098 1932 in
2142 1879 2466 1937 immensum
2511 1893 2808 1941 ostentare.
2848 1886 2965 1954 Qua
3013 1887 3079 1942 de
3115 1902 3176 1943 re
3208 1903 3329 1958 quae
3366 1887 3454 1944 vel

1858 1977 1991 2039 quot
2038 1971 2334 2040 scandala,
2385 1974 2787 2041 dissensiones,
2840 1976 3271 2034 inordinationes
3317 1988 3454 2035 orta)

1857 2059 1987 2127 sint,
2020 2063 2292 2118 reminisci
2334 2064 2503 2136 piget.
2552 2065 2728 2137 Super
2773 2068 2909 2135 haec,
2945 2069 3168 2139 quidam
3204 2069 3305 2140 ipsi
3344 2069 3453 2126 Ec-

1855 2154 2037 2212 clesia:
2064 2158 2339 2224 monachi,
2367 2160 2524 2216 malis
2546 2162 2922 2231 ingruentibus
2949 2162 3178 2233 dispersi
3202 2181 3267 2221 ac
3296 2166 3455 2224 missi

1856 2256 1985 2303 sunt
2018 2249 2085 2305 ad
2120 2249 2225 2304 alia
2268 2254 2629 2319 monasteria;
2662 2264 2717 2310 et
2745 2256 2836 2325 qui
2864 2256 3040 2314 relicti
3073 2261 3270 2317 multas
3305 2263 3451 2333 passi

1856 2341 2237 2399 tribulationes
2264 2353 2320 2399 et
2354 2345 2704 2417 improperia.
2730 2350 2870 2417 Quid
2913 2350 2981 2407 de
3009 2351 3320 2410 hominibus
3347 2355 3452 2412 Ec-

1856 2431 2033 2488 clesiae
2060 2434 2258 2503 dicam,
2287 2437 2377 2506 qui
2405 2446 2513 2491 tam
2548 2447 2702 2494 vasta
2735 2441 2987 2507 miseria,
3020 2444 3333 2517 miseraque
3360 2462 3452 2500 va-

1854 2522 2089 2578 statione
2115 2533 2243 2579 sunt
2265 2526 2467 2593 attriti,
2490 2536 2549 2583 ut
2570 2529 2896 2597 dubitarem,
2926 2531 2970 2587 si
2997 2534 3279 2603 sequentia
3306 2535 3450 2592 mala

1855 2628 1963 2667 non
1989 2623 2192 2680 essent,
2222 2630 2290 2670 an
2338 2616 2485 2672 salva
2524 2622 2635 2673 vita
2679 2619 2898 2676 illorum
2934 2631 3156 2693 possent
3197 2625 3453 2682 miserius

1855 2706 2037 2761 atteri.
2084 2706 2195 2764 Nec
2244 2709 2345 2764 ista
2372 2726 2493 2781 quae
2522 2712 2753 2770 dicimus
2790 2715 2844 2770 in
2890 2715 3003 2772 sola
3034 2717 3277 2775 Ecclesia
3306 2718 3453 2775 Can-

1856 2798 2116 2855 tuariensi
2156 2800 2298 2861 facta
2338 2812 2485 2859 sunt.
2524 2805 2759 2862 Desaavit
2795 2808 3107 2865 immanitas
3138 2810 3240 2865 ista
3285 2811 3451 2867 etiam

1854 2894 1910 2949 in
1938 2897 2150 2952 cunctis
2176 2912 2272 2967 per
2299 2899 2547 2971 Angliam
2588 2903 2897 2960 constitutis
2926 2904 3141 2962 ﬁliabus
3159 2907 3299 2977 ejus,
3327 2924 3452 2979 quze

1853 2987 1986 3043 viris
2015 2990 2150 3055 suis,
2182 2990 2452 3063 episcopis
2497 2993 2709 3050 scilicet
2745 3010 2837 3051 seu
2868 2998 3156 3054 abbatibus
3186 3000 3452 3055 deceden-

1857 3079 2034 3149 tibus,
2083 3082 2139 3137 in
2190 3085 2508 3140 vrduitatem
2566 3102 2631 3142 ea
2675 3094 2996 3158 tempestate
3047 3091 3333 3146 cadebant.
3382 3092 3454 3147 Et

1855 3174 2074 3243 quidem
2124 3175 2239 3245 ipse
2282 3177 2493 3248 primus
2524 3179 2667 3235 hanc
2711 3180 3011 3239 luctuosam
3039 3197 3451 3254 oppressronem

166 3278 317 3333 regno
360 3265 566 3324 fuisset
595 3270 983 3336 conﬁrmatus,
1024 3272 1324 3342 postposita
1364 3274 1751 3342 pollicitatione
1779 3263 1821 3323 C
1856 3264 2117 3324 Εοοιεείίε
2155 3267 2249 3323 Dei
2304 3270 2532 3337 ίηόίῐίι,
2578 3272 2889 3330 ηυηθιθηυε
2941 3290 3061 3331 eam
3111 3293 3179 3332 ex
3224 3287 3451 3348 Palema

165 3372 270 3422 sua,
310 3359 365 3415 in
402 3362 685 3417 contraria
732 3363 976 3435 dilapsus
1022 3374 1125 3420 est.
1171 3364 1349 3436 Super
1394 3382 1502 3437 quo
1549 3384 1671 3423 cum
1716 3385 1749 3425 a

163 3449 461 3511 Lanfranco
509 3455 752 3512 modeste
800 3456 1249 3527 redargueretur,
1304 3469 1358 3514 et
1416 3462 1467 3515 ei
1532 3462 1752 3532 sponsio

163 3545 273 3601 ﬁdei
312 3560 427 3603 non
475 3559 706 3604 servata:
746 3558 1135 3619 opponeretur,
1179 3548 1361 3606 furore
1409 3568 1701 3611 succensus
1734 3574 1748 3611 :

169 3655 185 3689 ι
215 3638 361 3709 Quis,
397 3640 499 3704 ait,
529 3649 649 3705 est,
696 3641 788 3710 qui
817 3650 1012 3696 cuncta
1042 3657 1163 3713 quae
1208 3644 1478 3714 promittit
1527 3648 1754 3718 implere

161 3732 354 3797 possit?
388 3749 411 3784 ι
444 3731 527 3786 Ex
562 3732 666 3787 hoc
700 3730 866 3803 igitur
892 3747 998 3788 non
1024 3734 1191 3790 rectis
1228 3735 1399 3791 oculis
1428 3751 1592 3807 super
1614 3754 1751 3809 pon-

161 3819 349 3878 tiﬁcem
378 3823 669 3879 intendere
706 3826 942 3892 valebat,
974 3825 1101 3882 licet
1140 3843 1170 3881 a
1210 3828 1482 3884 nonnullis
1520 3830 1587 3884 ad
1634 3847 1753 3900 qua:

160 3913 302 3970 illum
337 3916 601 3974 voluntas
633 3934 731 3974 sua
760 3919 1029 3985 trahebat,
1057 3920 1228 3991 ipsius
1257 3932 1531 3993 respectu,
1567 3940 1633 3980 eo
1662 3941 1755 3980 su-

162 4020 402 4077 perstite,
439 4015 845 4082 temperaverit.
885 4013 1017 4069 Erat
1047 4014 1192 4069 enim
1222 4014 1558 4073 Lanfrancus
1587 4018 1751 4087 idem,

160 4101 236 4156 vir
262 4104 463 4159 divinae
484 4103 649 4159 simul
676 4112 731 4160 et
758 4105 1007 4160 humanae
1028 4105 1162 4177 legis
1187 4108 1568 4177 peritissimus,
1591 4119 1754 4180 atque

163 4195 222 4251 ad
249 4207 446 4253 nutum
474 4198 644 4265 illius,
682 4198 848 4256 totius
874 4201 1026 4271 regni
1059 4202 1343 4270 spectabat
1374 4202 1622 4259 intuitus.
1647 4202 1751 4273 Qui

160 4303 274 4343 cum
317 4290 387 4346 de
420 4290 526 4347 hac
566 4292 676 4346 vita
718 4291 1012 4348 translatus
1058 4292 1251 4348 fuisset
1280 4304 1329 4360 ο,
1358 4308 1519 4364 quam
1572 4297 1754 4367 gravis

162 4380 441 4439 calamitas
479 4399 547 4438 ex
590 4383 740 4439 obitu
791 4384 934 4440 illius
962 4385 1234 4441 Ecclesias
1260 4386 1465 4457 Anglize
1497 4387 1751 4444 devasta-

159 4476 318 4543 verit,
350 4476 527 4532 multa
571 4477 1040 4549 praetermittenda
1083 4478 1272 4548 paucis
1315 4480 1601 4536 ostendere
1636 4482 1752 4552 pla-

161 4568 282 4623 cuit.
319 4569 630 4627 Confestim
668 4571 811 4627 enim
859 4586 954 4627 rex
1005 4571 1153 4627 foras
1193 4575 1463 4643 expressit
1510 4578 1653 4646 quod
1693 4578 1747 4632 in

160 4674 251 4716 suo
294 4672 555 4734 pectore,
606 4662 697 4717 illo
738 4663 993 4729 vivente,
1025 4663 1305 4719 conlotum
1354 4665 1564 4720 habuit.
1612 4664 1749 4722 Nam

162 4767 300 4819 mox,
327 4764 393 4810 ut
420 4756 530 4812 alia
571 4771 692 4826 quae
721 4770 1007 4828 perperam
1042 4758 1210 4828 gessit
1252 4757 1498 4813 omittam
1518 4799 1532 4825 ,
1576 4759 1749 4829 ipsam

160 4848 262 4920 (18)
289 4851 460 4906 totius
489 4849 717 4923 Angliaz,
746 4848 946 4905 Scotize
976 4858 1033 4905 et
1068 4849 1345 4905 Hiberniae
1374 4865 1545 4905 necne
1596 4852 1749 4922 adja-

160 4944 391 4998 centium
422 4944 726 5001 insularum
758 4952 1009 5013 matrem,
1043 4943 1343 4999 Ecclesiam
1370 4944 1579 5000 scilicet
1609 4944 1752 5001 Cano

160 5036 514 5106 tuariensem,
567 5036 796 5104 invasit;
829 5045 1025 5093 cuncta
1071 5051 1193 5107 quae
1225 5034 1367 5105 juris
1414 5036 1556 5093 illius
1598 5047 1756 5095 erant

159 5123 298 5181 intus
338 5134 401 5183 et
428 5134 581 5184 extra
610 5142 710 5197 per
749 5126 977 5185 clientes
1017 5140 1147 5184 suos
1186 5126 1419 5184 describi
1450 5128 1743 5200 praecepit;

1854 3357 2145 3414 traditione
2176 3360 2475 3431 excipiens.
2516 3362 2816 3421 Destitutas
2844 3381 2974 3438 ergo
3003 3367 3275 3424 Ecclesias
3302 3370 3452 3425 solus

1852 3446 1907 3502 in
1940 3448 2180 3504 dominio
2203 3465 2301 3506 suo
2332 3454 2569 3508 tenebat.
2599 3453 2732 3509 Nam
2757 3456 2920 3511 aliam
2946 3460 3215 3515 neminem
3248 3469 3451 3529 praeter

1852 3554 1912 3596 se
1939 3540 2269 3600 substituere
2296 3544 2531 3610 volebat.
2572 3550 2808 3619 quandiu
2853 3566 2950 3621 per
2995 3567 3125 3609 suos
3165 3553 3447 3613 ministros

1852 3632 2058 3704 aliquid
2087 3635 2231 3705 quod
2276 3638 2517 3709 cujusvis
2558 3641 2716 3710 pretii
2761 3642 3004 3708 duceret.
3044 3646 3112 3700 ab
3138 3647 3219 3701 eis
3261 3659 3451 3705 extra-

1854 3727 1986 3783 here
2014 3738 2247 3798 poterat.
2285 3730 2475 3803 ltaque
2512 3733 2730 3803 planum
2773 3745 2891 3791 erat
2921 3737 3122 3808 ubique
3166 3741 3445 3799 miseriam

1853 3818 2056 3874 videre.
2091 3820 2315 3875 Duravit
2343 3831 2524 3877 autem
2555 3823 2667 3878 fere
2696 3839 2794 3895 per
2815 3826 3054 3896 quinque
3077 3843 3249 3885 annos
3274 3831 3355 3903 (ut
3382 3833 3452 3888 de

1852 3909 1976 3964 aliis
2013 3912 2244 3983 taceam)
2290 3928 2453 3984 super
2503 3914 2800 3971 Eeclesiam
2837 3917 3282 3975 Cantuariensem
3334 3924 3451 3979 haec

1856 4001 1972 4072 ipsa
2004 4005 2224 4060 miseria
2249 4021 2466 4076 semper
2495 4008 2548 4062 in
2574 4010 2724 4079 pejus
2756 4010 3067 4080 proﬁciens,
3100 4012 3311 4083 sibique
3341 4015 3449 4086 ipsi

1857 4098 2108 4153 miserior
2131 4098 2479 4170 deteriorque
2506 4117 2854 4159 succrescens
2875 4103 2924 4160 ά.
2979 4096 2990 4111 ⁷

1926 4192 2130 4259 Quarto
2162 4192 2303 4247 inter
2348 4195 2462 4249 haec
2488 4210 2632 4249 anno
2662 4207 2684 4234 θ
2716 4194 2865 4266 Hugo
2904 4213 3088 4256 comes
3118 4183 3449 4266 Cestrensis,‘

1854 4282 2040 4340 volens
2082 4284 2134 4339 in
2165 4300 2262 4340 sua
2292 4287 2524 4357 quadam
2568 4290 2799 4346 ecclesia
2844 4293 3234 4348 monachorum
3280 4296 3450 4351 abba-

1858 4377 1986 4433 tiam
2032 4378 2326 4447 instruere,
2359 4381 2541 4436 missis
2577 4381 2810 4439 Beccum
2852 4385 3077 4449 nuntiis,
3113 4388 3323 4455 rogavit
3351 4388 3449 4443 ab-

1853 4469 2032 4526 batem
2062 4470 2379 4527 Anselmum
2418 4474 2669 4545 Angliam
2707 4475 2923 4536 venire.
2952 4476 3130 4533 locum
3157 4478 3447 4551 inspicere,

1853 4579 2088 4637 cumque
2116 4581 2211 4636 per
2254 4569 2551 4624 monachos
2597 4584 2725 4626 suos
2764 4570 2998 4641 regulari
3033 4573 3447 4629 conversatione

1781 4638 1827 4693 D
1855 4659 2170 4717 informare.
2201 4661 2400 4718 Renuit
2427 4664 2562 4734 ipse,
2592 4679 2695 4721 nec
2720 4666 2908 4721 venire
2936 4666 3121 4721 voluit.
3145 4667 3265 4722 Jam
3296 4668 3445 4723 enim

1854 4757 2087 4827 quodam
2122 4757 2278 4827 quasi
2307 4758 2573 4829 praesagio
2618 4767 2826 4815 mentes
2865 4759 3224 4829 quorumdam
3261 4769 3451 4830 tange-

1853 4847 2073 4911 bantur,
2095 4858 2149 4902 et
2174 4847 2303 4904 licet
2329 4848 2574 4904 clanculo
2600 4849 2842 4905 nonnulli
2882 4851 2949 4904 ad
2993 4850 3224 4904 invicem
3258 4848 3447 4918 loque-

1855 4938 2056 4993 bantur
2085 4953 2243 5007 eum,
2274 4940 2319 4995 si
2358 4940 2608 5011 Angliam
2640 4942 2762 5005 iret,
2808 4939 3273 5011 archiepiscOpum
3304 4938 3448 4995 Can-

1858 5032 2185 5089 tuariensem
2234 5033 2369 5089 fore.
2416 5033 2570 5101 Quod
2618 5034 2868 5104 quamvis
2906 5032 3127 5088 omnino
3176 5041 3447 5088 remotum

1859 5135 2003 5181 esset
2044 5142 2074 5181 a
2100 5125 2381 5183 voluntate
2406 5126 2557 5199 ejus,
2586 5135 2642 5182 et
2683 5125 2912 5181 ﬁrmitas
2956 5123 3219 5196 propositi
3255 5123 3342 5180 sui
3396 5140 3457 5183 se

1529 5242 1573 5298 11
1588 5243 1949 5303 ENSCHENII
1979 5244 2212 5311 NOTAE,

225 5368 249 5396 ι
287 5355 537 5413 Joannes
578 5356 837 5412 Bromton
885 5356 941 5412 in
980 5356 1254 5428 Chronico
1294 5355 1431 5411 satis
1480 5356 1753 5428 patbetice

157 5440 266 5511 rem
335 5428 605 5511 describit
645 5428 904 5511 additque
944 5429 1153 5510 equod
1202 5426 1289 5482 illa
1329 5426 1549 5511 querela
1616 5428 1752 5511 adeo

155 5510 344 5579 omnes
393 5501 592 5567 movit,
642 5508 701 5554 ut
739 5499 1058 5579 prinsviro
1094 5499 1459 5579 conquerenti
1489 5512 1587 5569 pro
1628 5508 1753 5579 voto

154 5569 540 5644 satisfacerent
575 5579 637 5626 ut
666 5568 956 5628 ac'deinde
1002 5571 1291 5644 exsequias
1324 5568 1538 5625 mortuo
1579 5568 1751 5625 adim-

205 5651 387 5697 crent.
418 5662 437 5694 ι

152 5639 757 5795 ῳεὲεὲξᾶἰεροβίῥορθ
782 5724 1009 5795 paterna
1039 5714 1093 5770 id
1127 5714 1329 5795 factum
1366 5711 1613 5795 scribunt
1639 5727 1746 5795 cae-

154 5783 286 5850 teri;
319 5800 405 5857 eo,
432 5782 570 5855 quod
606 5782 876 5857 Robertus
901 5787 1323 5857 primogenitus,
1363 5786 1434 5842 ob
1476 5798 1585 5857 non
1617 5782 1745 5857 reli-_

152 5864 300 5918 eum
330 5856 450 5928 ,sibi
478 5857 645 5914 libere
672 5855 1059 5915 Normanniam
1086 5855 1356 5918 rebellans
1392 5856 1573 5930 patri,
1604 5855 1747 5929 apud

610 5974 885 6039 Paeon.
928 5972 1143 6040 CLIX.

1857 5358 2163 5485 Philipipum
2192 5358 2436 5415 Francite
2463 5371 2641 5428 regem
2666 5364 2868 5429 ageret.
3182 5427 3192 5440 .
3221 5428 3233 5442 .
3356 5428 3368 5440 .

1931 5442 1953 5470 ο
2048 5440 2238 5485 ortuus
2269 5438 2353 5485 est
2376 5428 2713 5484 Lanfrancus
2735 5442 2878 5482 anno
2902 5426 3058 5485 1089.
3092 5425 3368 5485 Gutltelml

1931 5442 1953 5470 ο
1995 5425 2238 5487 Mortuus
2269 5438 2353 5485 est
2376 5425 2878 5484 Lanfrancus'anno
2902 5426 3058 5489 1089,
3092 5425 3372 5485 Guilielmi
3406 5426 3451 5481 ll

1856 5517 2001 5557 anno
2031 5518 2092 5567 ιι,
2122 5502 2330 5571 quinto,
2357 5500 2477 5554 aliis
2500 5515 2644 5555 nono
2675 5498 2950 5556 Kalendas
2978 5497 3125 5554 Maii.

1928 5572 1952 5612 ἀ
1991 5575 2148 5629 Anno
2176 5572 2376 5628 Christi
2411 5571 2567 5627 1082.

1934 5655 1956 5683 ε
2001 5644 2152 5716 Hugo
2191 5658 2375 5698 comes
2407 5642 2744 5700 Crestrensis
2780 5659 2950 5714 nepos
2992 5639 3338 5716 Willielmil
3378 5656 3444 5697 cx

1856 5732 2065 5781 sorore,
2091 5713 2231 5771 vixit
2257 5730 2428 5787 usque
2450 5716 2515 5770 ad
2539 5730 2737 5770 annum
2768 5713 2928 5787 “06,
2964 5720 3101 5770 tc‘ste
3123 5713 3449 5786 Knyghtono

1854 5790 1948 5852 lib.
1976 5804 2047 5859 tt,
2071 5802 2191 5862 cap.
2220 5787 2276 5859 8,
2302 5786 2375 5848 De
2404 5788 2686 5849 eventibus
2716 5786 2939 5859 Anglim.

3045 5960 3127 6028 12
