3890 6306
136 367 247 423 565

1237 369 1558 433 HlSTORlA
1597 375 1958 436 NOVORUM.
1999 409 2070 424 —-
2105 380 2237 439 LIB.
2277 381 2317 439 l.

3316 395 3425 458 366

137 479 431 540 inﬁrmitas
461 485 745 559 corripuit,
778 496 834 545 et
856 486 994 544 lecto
1021 488 1290 561 deposuit,
1335 499 1496 562 atque
1527 492 1580 546 in
1613 471 1730 548 dies
1760 483 1806 540 Α
1838 473 1976 542 ίβδθν
2030 481 2084 528 ei
2115 475 2368 532 concordi
2395 491 2528 535 νθθθ
2559 479 2907 554 subsequitur
2951 484 3272 544 “Clamat”
3305 505 3424 546 σπη’

111 575 439 632 erescendo‘
489 579 660 636 ferme
721 571 892 654 uSque
942 573 1008 639 ad
1056 571 1455 642 exhalationem
1502 590 1726 660 spiritus

130 670 264 737 egit.
319 667 456 737 Qnid
508 672 698 742 plura?
759 674 960 731 Omnes
1024 677 1188 733 totius
1248 669 1396 747 regni
1453 683 1724 754 principes

130 771 368 828 coeunt;
420 755 689 836 episcopi,
728 767 952 823 abbates
995 779 1049 824 et
1079 771 1280 840 quique
1330 772 1535 828 nobiles
1590 773 1724 830 nihil

128 862 337 923 praeter
366 847 746 929 mortem‘ejus
779 862 1174 931 praestolantes.
1227 862 1547 936 Suggeritur
1577 885 1723 942 aagro

131 943 201 999 de
246 945 418 1001 salute
464 948 658 1004 animae
703 966 814 1006 suae
862 953 1133 1023 cogitare,
1191 970 1440 1012 carceres
1485 961 1719 1030 aperire,

131 1040 375 1108 captivos
413 1041 702 1111 dimittere,
729 1059 734 1066 ί
762 1045 1066 1104 vinculatos
1114 1049 1346 1118 solvere,
1397 1057 1721 1124 repetenda-

129 1145 251 1188 rum
293 1135 646 1205 pecuniarum
699 1139 879 1196 debita
920 1143 1240 1212 perdonare,
1287 1145 1560 1204 Ecclesias
1620 1165 1721 1204 suo

125 1235 352 1282 eatenus
383 1229 640 1295 dominio,
674 1231 920 1289 servituti
952 1233 1224 1301 subactas,
1259 1235 1450 1294 locatis
1487 1242 1720 1310 pastori-

121 1315 247 1384 bus,
313 1319 548 1376 llbertati
600 1326 930 1395 restituere,
986 1329 1362 1402 praecipueque
1416 1329 1718 1390 Ecclesium

121 1408 593 1484 Cantuariensem,
627 1417 781 1487 cujus
817 1421 1193 1492 oppressione,
1225 1423 1500 1494 inquiunt,
1551 1428 1716 1483 totius

121 1500 176 1556 in‘
219 1503 409 1576 Anglia
442 1503 867 1568 Christianitatis
915 1522 1130 1571 constat
1182 1531 1303 1571 esse
1335 1506 1714 1575 detestandam

121 1595 502 1666 dejectionem.
537 1599 648 1657 Hac
679 1615 998 1671 tempestate
1026 1608 1312 1666 Anselmus
1364 1610 1568 1667 inscius
1618 1614 1718 1668 ho-

118 1704 240 1742 rum
277 1693 591 1748 morabatur
619 1697 671 1750 in
731 1701 964 1768 quadam
1005 1700 1129 1755 villa
1183 1719 1286 1758 non
1335 1703 1493 1776 longe
1527 1721 1557 1760 a
1588 1705 1751 1788 010-.

117 1781 345 1850 ce'stria,
365 1783 457 1838 ubi
484 1800 579 1840 rex
611 1786 1009 1846 infirmabatur.
1039 1792 1348 1849 Mandatum
1374 1813 1504 1868 ergo
1532 1797 1605 1852 illi
1630 1808 1716 1855 est

114 1882 387 1942 quatenus
427 1877 526 1932 sub
557 1879 704 1932 omni
731 1879 1078 1939 festinatione
1119 1886 1186 1940 ad
1222 1901 1403 1958 regem
1433 1890 1635 1957 veniat,
1659 1901 1715 1947 et

115 1962 235 2031 ejus
259 1966 464 2022 obitum
508 1984 603 2024 sua
630 1974 920 2042 praesentia
955 1966 1168 2030 tueatur
1202 1986 1257 2032 et
1286 1980 1512 2035 muniat.
1545 1981 1713 2039 Acce-

115 2052 256 2109 lerat
297 2057 411 2127 ipse
438 2059 620 2115 venire
659 2063 844 2118 audito
877 2064 967 2120 tali
999 2067 1213 2131 nuntio,
1241 2077 1296 2123 et
1323 2072 1490 2126 venit.
1523 2073 1708 2144 Ingre-

111 2147 263 2201 ditur
292 2148 358 2203 ad
390 2165 594 2222 regem,
624 2164 849 2222 rogatur
872 2155 1000 2226 quid
1033 2158 1243 2214 consilii
1285 2161 1561 2218 salubrius
1593 2181 1710 2221 mo-

111 2238 311 2296 rientis
355 2244 548 2298 animae
585 2241 819 2313 jtidicet.
853 2245 1063 2316 Exponi
1109 2249 1212 2304 sibi
1261 2252 1438 2322 primo
1469 2256 1709 2325 postulat

108 2331 243 2400 quid
274 2346 332 2387 se
363 2334 588 2390 absente
619 2334 686 2389 ab
713 2336 1092 2394 assistentibus
1112 2355 1255 2411 aegro
1278 2347 1582 2402 consultum
1611 2349 1703 2404 sit.

107 2422 292 2490 Audit,
321 2427 516 2496 probat
543 2437 597 2481 et
626 2427 793 2482 addit.
824 2446 842 2482 ι
879 2428 1152 2500 Scriptum
1183 2441 1265 2489 est
1292 2452 1304 2487 :
1337 2434 1566 2508 Incipite
1599 2439 1706 2495 Do-

106 2515 250 2568 mino
281 2518 334 2570 in
365 2517 714 2588 confessione,
743 2522 885 2576 unde
915 2522 1130 2578 videtur
1160 2526 1293 2581 mihi
1339 2537 1395 2582 ut
1425 2532 1604 2599 primo
1637 2535 1704 2589 de

106 2606 392 2669 omnibus.
428 2625 548 2680 quae
597 2626 657 2666 se
707 2621 897 2667 contra
957 2613 1125 2670 Deum
1175 2615 1371 2674 fecisse
1402 2624 1703 2692 cognoscit,

104 2713 299 2768 puram
331 2697 730 2759 confessionem
758 2703 950 2772 faciat,
981 2717 1035 2761 et
1077 2722 1136 2763 se
1183 2711 1388 2778 omnia,
1418 2713 1461 2767 si
1510 2730 1706 2770 conva-

105 2792 299 2860 luerit,
339 2795 758 2852 emendaturum
832 2800 949 2856 sine
1008 2801 1225 2859 ﬁctione
1276 2807 1590 2876 promittat;
1639 2827 1705 2867 ac

103 2883 302 2939 deinde
335 2901 455 2955 qum
489 2887 860 2954 consuluistis,
916 2892 1123 2963 absque
1163 2894 1425 2954 dilatione
1459 2899 1574 2956 lieri
1615 2901 1704 2973 ju-

103 2972 250 3026 beat.
283 2993 302 3026 ι
347 2973 626 3031 Laudatur
653 2979 769 3034 haec
788 2981 1000 3036 consilii
1033 2999 1264 3052 summa,
1300 2987 1510 3060 sibique
1542 2972 1700 3061 hujus

101 3063 467 3122 confessionis
510 3069 841 3140 suscipiendi
886 3071 1192 3148 injungitur
1243 3093 1396 3135 cura.
1444 3079 1700 3138 Refertur

100 3156 176 3210 ad
206 3159 450 3214 notitiam
474 3161 622 3233 regis
644 3163 772 3234 quid
803 3164 964 3221 saluti
1008 3170 1202 3222 animae
1234 3169 1380 3226 illius
1408 3174 1581 3244 magis
1607 3189 1702 3230 ex-
1727 3191 1773 3256 ς

99 3248 294 3319 pedire
331 3250 618 3309 Anselmus
645 3254 864 3312 dixerit.
895 3256 1007 3314 Nec
1038 3277 1212 3328 mora,
1235 3265 1537 3334 acquiescit
1561 3267 1694 3339 ipse,

99 3349 164 3396 et
194 3345 352 3399 corde
382 3357 740 3418 compunctus
784 3359 977 3407 cuncta
1007 3369 1127 3421 quae
1148 3355 1248 3410 viri
1272 3360 1542 3413 sententia
1577 3362 1698 3416 tulit

96 3447 168 3491 se
209 3434 497 3504 facturum,
538 3456 710 3496 necne
761 3450 928 3499 totam
959 3443 1123 3500 vitam
1155 3461 1307 3502 suam
1357 3450 1408 3503 in
1449 3467 1697 3508 mansue-

101 3528 291 3584 tudine
337 3539 391 3585 et
440 3531 654 3602 justitia
708 3537 939 3608 amplius
988 3549 1329 3597 servaturum
1385 3545 1692 3614 pollicetur.

101 3621 350 3692 Spondet
405 3643 457 3681 tn
494 3627 596 3683 hoc
625 3629 785 3685 fidem
838 3648 1016 3700 suam,
1067 3644 1122 3689 et
1166 3636 1330 3692 vades
1361 3638 1503 3694 inter
1554 3657 1612 3695 se
1643 3651 1697 3698 et

96 3713 274 3770 Deum
304 3715 437 3772 facit
468 3721 752 3793 episcopos
797 3739 948 3791 suos,
982 3713 1206 3784 mittens
1236 3729 1327 3798 qui
1374 3731 1477 3787 hoc
1508 3742 1693 3790 votum

95 3819 262 3862 suum
294 3808 405 3864 Deo
437 3809 600 3882 Super
631 3811 800 3870 altare
843 3831 939 3870 sua
964 3816 1083 3873 vice
1113 3820 1456 3889 promittant.
1485 3821 1693 3880 Scribi-

98 3908 197 3953 tur
249 3902 480 3958 edictum
550 3907 806 3979 regioque
875 3910 1051 3983 sigillo
1095 3911 1377 3982 ﬁrmatur,
1428 3929 1694 3985 quatenus

91 3993 300 4062 captivi
335 3997 640 4070 quicunque
667 4009 794 4056 sunt
821 4003 874 4056 in
914 4005 1061 4058 omni
1090 4005 1457 4062 dominatione
1488 4024 1583 4062 sua
1610 4025 1696 4064 re-

93 4083 378 4149 laxentur,
410 4086 591 4140 omnia
635 4089 815 4144 debita
848 4091 1282 4150 irrevocabiliter
1324 4098 1691 4165 remittantur,

89 4187 296 4228 omnes
325 4172 648 4232 offensiones
679 4189 806 4235 ante
837 4179 953 4236 haec
988 4191 1333 4253 perpetratae,
1362 4185 1568 4240 indulta
1611 4203 1694 4243 re-

90 4263 388 4331 missione,
421 4273 693 4337 perpetuae
745 4265 1004 4325 oblivioni
1039 4272 1342 4327 tradantur.
1368 4273 1696 4331 Promittun-

92 4368 195 4414 tur
225 4355 446 4429 insuper
480 4361 625 4415 omni
675 4362 874 4433 p0pulo
902 4364 1057 4419 bonae
1083 4373 1136 4420 et
1166 4375 1369 4421 sancta:
1401 4366 1574 4437 leges,
1606 4368 1689 4422 in-

88 4451 369 4509 violabilis
394 4455 704 4511 observalto
724 4457 884 4528 juris,
910 4457 1230 4527 injuriarum
1256 4451 1456 4531 gravis,
1485 4469 1541 4514 et
1567 4476 1688 4533 quas

1831 566 2004 623 nium.
2037 567 2285 621 abbatem
2313 571 2628 628 Anselmum
2667 575 2758 630 tali
2789 577 2994 634 honore
3018 579 3420 653 dignissimum.

1831 656 2061 727 Expavit
2113 659 2405 716 Anselmus
2451 664 2518 717 ad
2588 667 2728 722 hanc
2774 683 2979 736 vocem,
3033 682 3087 726 et
3136 675 3418 744 expalluit.

1830 751 2077 822 Cumque
2099 765 2390 823 raperetur
2413 759 2478 811 ad
2510 774 2713 830 regem,
2741 773 2797 817 ut
2819 780 2916 834 per
2941 766 3142 838 virgam
3175 779 3421 839 pastora-

1829 844 1933 898 lem
1995 847 2349 904 investituras
2404 852 2908 926 archiepisc0patus
2969 860 3033 914 de
3083 877 3244 917 manu
3303 865 3420 935 ejus

1828 937 2152 1007 susciperet,
2202 948 2314 995 toto
2351 945 2638 999 conamine
2671 949 2888 1014 restitit,
2917 951 3077 1022 idque
3121 957 3305 1012 multis
3326 961 3423 1016 ob-

1829 1027 2149 1086 sistenlibus
2187 1034 2372 1089 causis
2428 1034 2760 1094 nullatemus
2819 1040 2938 1096 ﬁeri
2970 1059 3131 1114 posse
3163 1052 3416 1108 asseruit.

1826 1122 2116 1193 Accipiunt
2138 1126 2302 1198 igitur
2323 1142 2447 1183 eum
2477 1131 2828 1203 episc0pi,‘et
2851 1136 3056 1194 ducunt
3075 1155 3319 1199 seorsum
3350 1147 3418 1202 de

1826 1215 2194 1284 multitudine,
2247 1219 2360 1274 haec
2401 1222 2451 1276 ei
2485 1224 2651 1278 verba
2693 1225 2975 1285 dicentes:
3013 1248 3032 1283 ι
3070 1232 3207 1300 Quid
3260 1235 3418 1307 agis?

1826 1302 1966 1372 Quid
2003 1309 2284 1365 intendis?
2321 1310 2458 1377 Quid
2503 1317 2779 1372 contraire
2833 1319 2944 1376 Deo
2987 1325 3217 1380 niteris?
3264 1302 3417 1386 vides

1823 1411 2042 1454 omnem
2067 1401 2535 1461 Christianitatem
2562 1408 2616 1462 in
2638 1408 2827 1481 Anglia
2863 1414 2976 1471 fere
3015 1418 3262 1486 periisse,
3297 1421 3417 1477 oin-

1821 1488 1914 1542 nia
1962 1492 2015 1546 in
2053 1492 2428 1551 confusionem
2476 1501 2711 1568 venisse,
2762 1519 2954 1562 omnes
2981 1509 3416 1572 abominationes

1822 1586 2142 1652 emersisse,
2191 1604 2634 1659 quaquaversum
2664 1611 2764 1652 nos
2792 1599 2936 1668 ipsos
2980 1611 3034 1656 et
3063 1611 3198 1674 quas
3227 1622 3416 1678 regere

1821 1678 2145 1735 deberemus
2167 1681 2435 1738 Ecclesias
2467 1683 2558 1740 Dei
2583 1687 2636 1741 in
2653 1690 2952 1757 periculum
2981 1696 3173 1751 mortis
3198 1709 3413 1756 (eterna:

1821 1783 1918 1837 per
1949 1773 2290 1842 tyrannidem
2316 1775 2473 1831 istius
2500 1777 2738 1835 hominis
2762 1781 3062 1852 decidisse;
3106 1797 3158 1842 et
3189 1800 3266 1856 tu,
3289 1807 3414 1848 cum

1744 1842 1790 1900 Β
1818 1865 1996 1932 possis
2029 1866 2340 1932 subvenire,
2370 1873 2722 1929 contemnis?
2753 1875 2914 1943 Quid,
2943 1894 2975 1933 ο
3007 1881 3269 1937 mirabilis
3323 1887 3414 1941 ho-

1819 1945 1934 2020 mo,
1966 1943 2214 2028 cogitas?
2245 1961 2361 2026 Quo
2391 1960 2530 2034 fugit
2556 1980 2748 2020 sensus
2811 1971 2969 2024 tuus?
3007 1971 3244 2028 Ecclesia
3275 1976 3417 2032 Cau-

1817 2049 2128 2119 tuariensis,
2161 2053 2211 2106 in
2263 2054 2416 2124 cujus
2471 2060 2883 2129 oppressionem
2928 2077 3115 2120 omnes
3163 2073 3411 2138 Oppressi

1815 2155 2006 2197 sumus
2029 2151 2084 2197 et
2119 2146 2404 2214 destrueti,
2438 2157 2491 2205 te
2519 2159 2698 2217 vocat,
2727 2159 2778 2207 te
2812 2153 3215 2213 sublevatorem
3248 2161 3337 2215 sui
3357 2172 3414 2220 et

1815 2235 1988 2288 nostri
2023 2239 2182 2292 anxia
2214 2241 2487 2308 quaeritat,
2513 2253 2567 2298 et
2595 2254 2647 2298 tu
2674 2247 2969 2316 postposita
3002 2249 3253 2310 libertate
3273 2257 3410 2336 ejus,

1813 2329 2112 2397 postposita
2157 2330 2505 2389 nihilominus
2552 2337 2881 2395 relevatione
2919 2352 3129 2411 nostra,
3182 2329 3412 2404 fratrum

1810 2417 2010 2476 laboris
2036 2423 2380 2494 participium
2413 2427 2624 2498 abjicis,
2668 2431 2742 2485 tui
2782 2431 2928 2487 solus
2959 2435 3193 2492 otiosam
3237 2440 3390 2509 quie-

1812 2524 1918 2570 tem
1967 2519 2197 2587 appetis.
2248 2539 2266 2570 ι
2324 2521 2406 2575 Ad
2439 2523 2664 2578 haeeille
2715 2543 2727 2578 :
2787 2543 2806 2578 ι
2857 2528 3410 2606 Sustinete,iuquil'

1810 2623 2014 2676 qumso,
2070 2612 2334 2666 sustinete
2382 2622 2436 2667 et
2485 2614 2779 2684 intendite;
2820 2621 3017 2691 fateor,
3052 2639 3239 2681 verum
3296 2637 3402 2694 est,

1811 2700 2195 2758 tribulationes
2225 2704 2409 2760 multa:
2439 2718 2587 2773 sunt,
2631 2718 2687 2764 et
2715 2726 2816 2780 ope
2844 2712 3108 2785 indigent.
3143 2716 3248 2773 Sed
3279 2735 3410 2775 con-

1810 2795 2074 2859 siderate,
2133 2799 2382 2855 obsecro.
2435 2801 2548 2873 Ego
2592 2803 2704 2875 jam
2765 2813 3086 2875 grandaevus
3122 2831 3238 2870 sum
3269 2829 3318 2881 ο,
3349 2827 3406 2874 et

1807 2886 1984 2942 omnis
2016 2890 2213 2944 terreni
2271 2891 2470 2948 laboris
2518 2894 2826 2964 impatiens.
2855 2899 2956 2966 Qui
2994 2917 3124 2974 ergo
3168 2921 3265 2974 pro
3318 2924 3406 2965 me

1808 2976 1924 3045 ipso
1963 2977 2214 3036 laborare
2255 2997 2484 3052 nequeo,
2521 2985 2756 3054 qualiter
2808 2989 3044 3046 laborem
3087 2997 3248 3050 totius
3295 2998 3399 3053 Ec-

1807 3069 1986 3124 clesia:
2013 3085 2111 3142 per
2161 3073 2411 3144 Angliam
2449 3079 2761 3135 constitutae
2792 3084 3067 3152 suscipere
3116 3089 3292 3156 queo?
3318 3091 3401 3146 Ad

1805 3162 1944 3230 haec,
1975 3165 2117 3220 sicut
2160 3182 2278 3221 mea
2326 3168 2455 3222 mihi
2485 3173 2813 3227 conscientia
2860 3177 3010 3231 testis
3037 3187 3138 3241 est,
3181 3195 3244 3235 ex
3295 3198 3403 3252 quo

1806 3255 2108 3310 monachus
2150 3255 2252 3322 fui,
2282 3259 2564 3314 saecularia
2598 3263 2809 3332 negotia
2849 3263 2982 3335 fugi,
3017 3283 3106 3324 net
3162 3286 3399 3340 unquam

1803 3345 1882 3400 eis
1918 3361 1983 3400 ex
2016 3357 2140 3401 voto
2171 3350 2454 3407 intendere
2497 3353 2665 3423 potui,
2702 3357 2828 3426 quia
2877 3358 3008 3413 nihil
3067 3362 3116 3416 in
3169 3364 3248 3419 eis
3279 3381 3400 3423 esse

1802 3449 2018 3494 constat
2050 3442 2192 3511 quod
2229 3458 2314 3498 me
2345 3444 2397 3498 in
2452 3461 2691 3502 amorem
2743 3457 2834 3503 aut
2863 3450 3274 3511 delectationem
3313 3458 3398 3513 sui

1799 3529 2018 3587 ﬂectere
2064 3541 2245 3602 queat.
2293 3532 2470 3601 Quare
2523 3537 2682 3593 sinite
2731 3556 2813 3594 me
2843 3555 3030 3612 pacem
3061 3544 3289 3613 habere;
3342 3555 3397 3603 et

1801 3627 2038 3695 negotio,
2085 3627 2227 3696 quod
2274 3644 2548 3698 nunquam
2597 3633 2795 3699 amavi,
2845 3650 2913 3690 ne
2965 3652 3069 3691 non
3119 3641 3390 3710 expediat,

1802 3717 2082 3787 implicare
2109 3719 2294 3774 nolite.
2322 3719 2400 3774 Tu
2441 3729 2645 3787 tamen,
2669 3723 2942 3795 inquiunt,
2965 3729 3259 3797 primatum
3287 3731 3390 3788 Ec-

1801 3805 1979 3862 clesiae
2024 3807 2154 3862 nihil
2188 3809 2450 3866 haesitans
2493 3811 2739 3882 suscipe;
2784 3815 2877 3867 eti
2907 3830 3018 3885 prae
3063 3817 3116 3872 in
3155 3817 3239 3872 via
3273 3819 3389 3887 Dei,

1801 3897 2028 3953 dicendo
2051 3911 2102 3954 et
2143 3901 2504 3970 praecipiendo
2543 3903 2685 3972 quod
2739 3902 3024 3972 faciamus,
3055 3915 3107 3962 et
3140 3923 3266 3964 ecce
3295 3911 3392 3967 tibi

1801 4005 1996 4046 manus
2044 3991 2312 4057 dabimus,
2369 3995 2512 4063 quod
2565 3995 2844 4065 sequendo
2879 4005 2933 4050 et
2960 3997 3387 4070 obtemperando

1799 4097 1918 4152 quae
1951 4083 2180 4154 jusseris
2210 4099 2315 4139 non
2338 4085 2674 4141 deilciemus.
2728 4085 2807 4142 Tu
2861 4089 2967 4144 Deo
2993 4105 3091 4160 pro
3123 4092 3279 4148 nobis
3306 4093 3387 4150 in-

1798 4177 1981 4242 tende,
2011 4188 2065 4232 et
2098 4193 2194 4233 nos
2238 4177 2514 4234 saecularia
2548 4188 2635 4233 tua
2669 4179 3017 4250 disponemus
3043 4198 3142 4254 pro
3174 4195 3242 4240 te.
3276 4185 3386 4242 lm-

1796 4266 2054 4336 possibile
2082 4277 2184 4336 est,
2212 4269 2307 4336 ait,
2338 4269 2479 4340 quod
2504 4270 2684 4326 dicitis
2715 4289 2728 4325 :
2756 4272 2924 4328 abbas
2954 4289 3075 4330 sum
3109 4285 3385 4334 monaste-

1797 4359 1862 4414 rii
1897 4362 2045 4432 regni
2071 4362 2313 4429 alterius,
2346 4363 2813 4437 archiepiscopum
2863 4365 3070 4424 habens
3114 4371 3200 4425 cui
3249 4372 3383 4428 obe-

1796 4449 2078 4515 dientiam,
2115 4461 2387 4508 terrenum
2429 4455 2725 4525 principem
2755 4455 2783 4496 ι)
2834 4456 2920 4511 cui
2970 4459 3381 4529 subjectionem,

91 4554 308 4601 “mea;
358 4559 604 4614 cameras,
646 4551 996 4607 examinatio.
1037 4549 1316 4608 Gaudet,"
1371 4570 1401 4608 η
1448 4557 1685 4627 cunctis,
1718 4545 1768 4606 Ι)
1797 4543 2094 4598 monachos
2115 4543 2312 4612 quibus
2343 4544 2514 4600 debeo
2542 4545 2753 4600 consilii
2775 4556 2940 4616 atque
2966 4545 3154 4602 auxilii
3178 4549 3386 4602 submi-

89 4637 440 4694 henedicitur
471 4640 614 4697 Deus
671 4643 722 4698 in
755 4643 897 4711 istis,
928 4644 1126 4700 obnixe
1157 4655 1344 4700 oratur
1381 4663 1480 4718 pro
1507 4648 1684 4708 salute

91 4726 227 4782 talis
259 4745 322 4784 ac
355 4731 482 4784 tanti
514 4732 676 4803 regis.

171 4821 379 4879 interea
415 4826 522 4896 regi
552 4843 578 4878 a
605 4825 759 4882 bonis
785 4827 1090 4900 quibusque
1122 4830 1381 4885 suadetur
1413 4839 1682 4901 quatenus

88 4929 439 4972 communem
468 4918 630 4974 totius
661 4921 808 4990 regni
847 4931 1076 4976 matrem
1109 4921 1436 4978 instituendo
1479 4921 1551 4977 illi
1579 4939 1678 4994 pa-

86 5009 320 5070 storem,
351 5008 523 5063 solvat
549 5026 578 5064 a
621 5011 845 5081 pristina
873 5011 1152 5068 viduitate.
1177 5013 1459 5070 Consentit
1483 5014 1679 5083 libens,

87 5107 150 5156 et
187 5099 242 5153 in
286 5101 388 5157 hoc
425 5103 664 5159 animum
707 5121 864 5160 suum
897 5107 1101 5161 versari
1147 5105 1371 5161 fatetur.
1407 5105 1683 5176 Quaeritur

86 5189 281 5260 itaque
329 5191 451 5263 quis
497 5195 600 5249 hoc
644 5194 850 5250 honore
887 5193 1035 5267 fungi
1084 5195 1298 5267 dignius
1348 5197 1538 5268 possit.
1575 5197 1681 5253 Sed

88 5285 306 5340 cunctis
345 5286 410 5342 ad
457 5296 646 5342 nutum
685 5287 830 5360 regis
878 5287 1240 5360 pendentibus
1297 5291 1681 5345 praenuntiavit

1792 4633 2196 4688 nistratiouem.
2235 4633 2332 4689 llis
2363 4637 2612 4690 omnibus
2653 4639 2726 4692 ita
2757 4653 2876 4692 sum
2905 4641 3163 4692 astrictus
3191 4647 3249 4693 ut
3277 4653 3384 4696 nec

1793 4727 2088 4780 monachos
2105 4726 2359 4781 deserere
2394 4727 2598 4797 possim
2625 4727 2742 4784 sine
2765 4727 2979 4783 illorum
3007 4727 3378 4796 concessione,

1790 4833 1892 4872 nec
1921 4833 2006 4871 me
2041 4833 2069 4871 a
2119 4819 2396 4873 dominatu
2450 4818 2714 4889 principis
2763 4820 2868 4873 mei
2919 4820 3126 4875 valeam
3179 4836 3382 4878 exuere

1785 4909 1903 4966 slne
1948 4909 2064 4979 ejus
2104 4910 2482 4980 permissione,
2542 4926 2643 4965 nec
2690 4911 3054 4967 obedientiam
3101 4914 3377 4982 pontificis

1787 5004 1893 5058 mei
1926 5003 2300 5074 subterfugere
2334 5017 2549 5071 queam,
2583 5018 2703 5056 cum
2748 5002 2921 5058 salute
2968 5003 3162 5059 animae
3218 5022 3372 5074 mea),

1789 5101 1993 5167 absque
2043 5098 2210 5168 ipsius
2256 5096 2611 5153 absolutione.
2644 5094 2723 5149 De
2769 5094 2856 5150 his
2894 5096 3165 5164 omnibus,
3199 5101 3371 5167 aiunt,

1786 5189 1904 5247 leve
1941 5190 2248 5256 consilium,
2303 5197 2358 5243 et
2386 5187 2562 5243 facilis
2607 5187 2714 5243 erit
2762 5201 3017 5245 assensus
3045 5193 3310 5250 omnium.
3349 5214 3369 5248 ι

1785 5284 1875 5338 Ait
1904 5281 2033 5337 ille:
2083 5299 2101 5334 ι
2134 5280 2282 5342 Nihil
2318 5289 2403 5337 est
2429 5280 2688 5350 omnino;
2724 5295 2831 5340 non
2879 5283 2982 5339 erit
3006 5287 3154 5356 quod
3195 5286 3374 5342 inten-

1413 5421 1829 5479 HENSCHENI]
1868 5417 2103 5477 ΝΟΤΑΞ.

163 5551 191 5583 ι
230 5537 708 5620 grandaevuserat
736 5549 1001 5620 annorpm
1027 5535 1328 5620 sexaginta.
1388 5608 1423 5620 Α
1583 5605 1596 5620 _
1661 5607 1673 5619 .

161 5612 191 5652 ι’
227 5611 501 5666 .Robertus
533 5609 622 5665 hic
641 5610 750 5666 dux
778 5605 1186 5665 Nortbmanniai
1216 5617 1353 5675 erat,
1384 5605 1676 5665 Guillielmi

85 5683 500 5760 Conquestoris,
527 5689 604 5760 _ut
639 5681 869 5750 dictum,
887 5681 1320 5760 primogenitus:
1360 5680 1450 5760 cui
1472 5679 1674 5760 North-

85 5750 365 5834 mauuiam
403 5753 644 5834 moriens
673 5762 827 5834 pater
867 5750 1141 5834 dimiserat
1166 5794 1180 5820 ,
1210 5761 1410 5834 utpote
1438 5750 1672 5834 haeredi-

86 5823 233 5895 μνία
258 5824 380 5903 jure
409 5825 475 5879 ad
506 5837 628 5881 eum
659 5821 993 5895 spectantem
1023 5837 1039 5901 ς
1081 5824 1148 5881 de
1175 5821 1304 5880 aliis
1333 5837 1456 5894 qua
1482 5821 1668 5905 aequi-

1785 5535 1954 5617 sierat
2000 5546 2191 5598 armis,
2235 5530 2472 5617 credidit-
2498 5541 2972 5617 .se,‘eo_propter
3016 5533 3370 5617 rebellionem

1786 5605 2030 5678 excluso,
2062 5618 2222 5678 posse
2255 5619 2353 5678 pro
2397 5603 2664 5660 arbitratu
2695 5603 3014 5678 dispellere.
3050 5603 3156 5660 Sed
3189 5622 3368 5678 neque

1785 5675 2238 5734 Northmanniam
2275 5676 2327 5729 in
2356 5688 2486 5744 pace
2513 5675 2976 5746 posseditfomnia
3009 5687 3203 5746 agente
3218 5675 3370 5734 Guil-

1783 5748 1943 5819 lelmo
1973 5757 2033 5803 ut
2065 5762 2128 5803 ea
2160 5761 2373 5819 quoque
2399 5755 2551 5816 parte
2573 5746 2796 5802 fratrem
2830 5749 3172 5814 excluderet,
3204 5751 3278 5804 uti
3310 5758 3367 5806 et

1783 5761 1943 5804 tetmo
1973 5761 2033 5803 ut
2065 5762 2128 5803 ea
2160 5762 2266 5819 quo
2308 5761 2373 5802 ue
2399 5761 2551 5816 parte
2573 5761 2796 5802 Iratt‘em
2830 5761 3172 5814 excluderet,

1783 5818 1955 5882 feclt':
1985 5835 2108 5897 quae
2135 5819 2253 5876 fuse
2269 5761 2639 5876 (iVorthmanni
2669 5826 2724 5874 et
2753 5819 2910 5890 Angli
2946 5828 3204 5882 tractant.
