3890 6306
568 313 677 372 367
1607 313 1908 370 EADMERI
1948 313 2513 375 CANTUA-RIENSIS
2551 316 2858 378 MONACHI
3774 330 3822 386 δε

496 480 507 484 ,
573 431 726 487 ditis.
760 449 779 482 ι
812 428 1051 497 Raptunt
1077 428 1239 498 Igitur
1266 426 1540 483 hominem
1575 427 1643 481 ad
1670 443 1857 500 regem
1883 437 2168 513 aegrotum,
2196 436 2249 497 Α
2277 439 2481 489 tentus.
2517 432 2869 490 Acclamanle
2911 443 3090 492 autem
3142 436 3534 508 multitudine,
3568 452 3727 499 vivat
3766 463 3821 515 ea

500 579 507 585 .
574 532 634 581 et
656 523 1017 595 pervrcaciam
1053 520 1170 593 ejus
1199 528 1497 590 exponunt.
1530 520 1900 576 Contristatus
1927 532 2015 578 est
2049 537 2163 589 rex,
2271 538 2488 596 scopas,
2544 525 2731 581 vivant
2785 527 3020 599 episcopi
3072 544 3196 586 cum
3245 531 3418 599 clero,
3471 535 3708 591 sublimi
3751 554 3822 595 van

570 632 714 688 pene
754 616 821 670 ad
861 612 1215 681 sulfusionem
1258 613 1569 681 oculorum,
1614 623 1667 668 et
1700 613 1839 669 dixit
1884 617 1950 670 ad
1995 630 2165 672 eum:
2278 616 2538 689 hymnum
2591 617 2662 673 Te
2716 617 2883 674 Deum
2943 621 3225 678 laudamus
3278 625 3585 683 decantare
3634 643 3817 700 caput

578 728 599 763 ‹
638 709 684 766 Ο
709 708 983 772 Anselme,
1007 706 1137 778 quid
1166 707 1318 779 agis?
1342 704 1453 762 Cur
1481 722 1567 761 me
1592 706 1768 776 poenis
1794 708 2015 762 aeternis
2044 723 2167 763 cru-
2268 707 2612 781 electumque
2679 720 3038 781 portaverunt
3108 714 3423 785 pontificem
3468 717 3670 787 potius
3722 736 3822 790 qm

493 854 500 861 .
570 801 821 859 ciandum
854 801 1024 856 tradis
1049 798 1422 864 ?Recordare,
1457 815 1660 869 quasso,
1688 799 1859 856 fidelis
1888 800 2161 866 amicitiae,
2270 801 2541 858 duxerunt
2572 803 2623 857 in
2654 804 2889 859 vicinam
2921 805 3259 872 Ecelesiam;
3292 807 3411 879 ipso
3439 810 3638 865 modis
3690 813 3821 882 quita

490 945 496 950 .
568 910 731 967 quam
760 904 915 966 pater
943 909 1099 950 meus
1132 902 1188 949 et
1214 902 1391 947 mater
1410 908 1526 948 mea
1555 907 1685 964 erga
1712 901 1767 948 te
1790 900 1846 949 et
1868 901 1923 969 tu
1950 908 2165 966 semper
2265 902 2481 961 poterat
2532 893 2851 960 resistente,
2872 904 3034 965 atque
3077 896 3290 955 dicente
3315 915 3330 953 :
3369 917 3390 951 ι
3430 898 3599 956 Nihil
3628 912 3715 957 est
3738 908 3822 974 emt

564 978 697 1058 erga
723 1001 819 1043 eos
858 985 1125 1051 habuisti,
1149 992 1204 1040 et
1238 999 1333 1054 per
1361 984 1535 1055 ipsam
1586 985 1815 1041 obsecro
1844 1002 1911 1040 ne
1935 984 2163 1055 patiaris
2194 980 2197 986 ’
2264 982 2470 1050 facitis,
2505 987 2638 1041 nihil
2666 996 2753 1055 est
2795 989 2940 1058 quod
2983 987 3184 1047 facitis.
3218 1009 3238 1044 ι
3274 990 3458 1047 (testis
3512 1008 3657 1049 vero
3683 1000 3822 1065 quan

566 1080 739 1135 filium
765 1095 956 1136 eorum
986 1094 1073 1134 me
1108 1080 1161 1135 in
1213 1094 1440 1149 corpore
1470 1086 1525 1135 et
1551 1093 1728 1134 anima
1766 1079 1924 1134 simul
1957 1094 2158 1150 perire.
2266 1076 2360 1132 tali
2406 1092 2571 1133 causa
2603 1079 2715 1149 geri
2750 1079 2803 1135 in
2832 1079 3074 1137 Ecclesia
3103 1098 3223 1138 mos
3268 1091 3374 1147 est,
3420 1086 3738 1141 revertitur
3758 1092 3822 1141 Ar-

564 1172 763 1229 Certus
790 1187 911 1228 sum
952 1172 1097 1228 enim
1129 1173 1271 1243 quod
1304 1172 1510 1241 peribo,
1539 1172 1583 1228 si
1631 1172 2158 1243 archiepiscopatum
2264 1167 2467 1224 selmus
2500 1170 2565 1224 ad
2598 1185 2812 1242 regem,
2862 1171 3051 1228 dicens
3084 1172 3161 1229 illi
3208 1188 3223 1228 :
3259 1193 3280 1228 ι
3318 1174 3449 1232 Dico
3498 1178 3637 1243 tibi,
3671 1180 3821 1233 domm

564 1265 623 1321 in
648 1280 769 1319 meo
794 1264 1039 1320 dominio
1084 1273 1272 1319 tenens
1298 1264 1462 1319 vitam
1494 1264 1709 1321 finiero.
1749 1263 2023 1322 Succurre
2055 1266 2160 1336 igi-
2266 1273 2388 1327 rex.
2420 1262 2544 1331 (Ιυῖιι
2571 1277 2637 1317 ex
2663 1264 2767 1318 hac
2797 1272 2886 1318 tua
2914 1254 3233 1322 inﬁrmitate
3256 1282 3363 1323 non
3395 1270 3677 1326 morieris
3702 1288 3821 1340 acra

495 1410 499 1413 .
567 1365 661 1411 tur
686 1357 840 1423 mihi,
876 1372 1152 1422 succurre,
1182 1355 1401 1412 domine
1423 1356 1603 1423 Pater,
1636 1366 1692 1413 et
1712 1356 1925 1428 suscipe
1946 1359 2158 1430 poutili-
2267 1350 2371 1407 hoc
2402 1352 2521 1408 volo
2549 1355 2767 1411 noveris
2798 1348 3147 1426 quambene
3173 1359 3453 1431 corrigere
3492 1364 3717 1432 poteris
3736 1370 3821 1435 qva:

567 1456 750 1503 catum
785 1464 882 1520 pro
923 1448 1078 1517 cujus
1125 1451 1427 1505 retentione
1454 1448 1615 1505 nimis
1637 1449 1959 1515 confundar,
1984 1460 2039 1506 et
2066 1465 2159 1505 vc-

2261 1439 2332 1496 de
2361 1457 2447 1497 me
2482 1460 2624 1500 nunc
2651 1453 2832 1501 aetum
2864 1457 2970 1514 est,
2997 1448 3125 1518 quia
3152 1463 3251 1505 nec
3293 1451 3565 1506 concessi
3599 1469 3702 1509 nec
3743 1470 3818 1509 (ﬂl-

567 1556 696 1596 rcor
734 1558 804 1599 ne
846 1543 898 1597 in
931 1551 1189 1598 mternum
1239 1543 1358 1614 plus
1403 1541 1728 1599 confundar.
1767 1563 1786 1597 ›
1837 1543 2130 1613 Compuncl

2264 1532 2423 1597 cedo,
2467 1541 2527 1588 ut
2558 1544 2734 1590 ratum
2808 1537 2898 1591 sit.
2948 1555 2967 1590 ι
3016 1537 3114 1593 His
3148 1539 3331 1604 dictis,
3388 1539 3620 1599 reﬂexo
3672 1559 3817 1614 gressa

562 1643 692 1688 sunt
715 1651 779 1689 ex
809 1634 894 1689 liis
914 1636 1092 1691 verbis
1115 1634 1316 1705 quique
1344 1636 1739 1702 assistentium,
1760 1645 1816 1691 et
1839 1636 2130 1693 Anselmun

2258 1624 2509 1681 discessit
2537 1627 2606 1681 ab
2632 1642 2717 1683 eo.
2752 1628 3155 1686 Deducentibus
3185 1641 3373 1688 autem
3407 1648 3553 1690 eum
3583 1637 3813 1707 episonps

560 1742 624 1784 se
653 1739 1026 1795 excusantem,
1078 1736 1133 1785 et
1174 1738 1382 1784 tantum
1434 1744 1573 1784 onus
1627 1744 1728 1785 nec
1760 1739 1890 1785 tunc
1938 1722 2208 1800 quidem._
2258 1730 2380 1770 cum
2412 1725 2523 1771 1013
2552 1719 2705 1788 regni
2749 1719 3053 1788 nobilitate,
3101 1722 3355 1779 CllblClllO
3407 1729 3693 1784 θιαθεςίι.
3732 1729 3813 1783 (Δι’

559 1821 746 1878 subire
773 1820 1065 1887 volentem,
1112 1821 1395 1889 invadunt,
1436 1822 1561 1877 talia
1586 1837 1710 1877 cum
1742 1822 1977 1892 quadam
2011 1824 2130 1879 indi

2258 1821 2558 1879 versusque
2605 1809 2672 1864 ad
2721 1825 2840 1874 eos,
2892 1810 2944 1866 in
3001 1812 3117 1867 haec
3164 1814 3329 1870 verba
3386 1817 3719 1875 sciscitatus
3741 1828 3809 1873 est:

492 1962 497 1966 δ
558 1912 815 1984 munione
863 1921 918 1969 ει
962 1913 1383 1969 εοηιιινδειίοηθ
1420 1913 1517 1984 ipsi
1571 1915 1926 1984 ingeremes;
1965 1933 1984 1968 ς
2022 1915 2152 1983 Qum
2263 1918 2281 1951 ι
2316 1900 2621 1971 lntelligitis
2660 1903 2788 1974 quid
2818 1903 3127 1961 molimini?
3171 1905 3518 1963 Indomitum
3562 1920 3811 1973 [auratae

558 2003 839 2061 dementia
880 2005 1170 2076 occupavit
1201 2013 1436 2060 mentem
1468 2015 1614 2061 tuam
1639 2003 1666 2059 ?
1698 2005 1898 2077 Regem
1941 2008 2126 2062 turbas

2254 1992 2493 2047 vetulam
2521 2009 2585 2048 ac
2615 1993 2845 2050 debilem
2885 2010 3043 2051 ovem
3076 1997 3130 2052 in
3159 2007 3342 2053 aratro
3375 1998 3807 2074 conjungerer

556 2099 837 2154 turbatum
875 2099 1091 2170 penitus
1145 2115 1329 2165 necas,
1361 2100 1577 2171 quando
1614 2100 1830 2170 quidem
1860 2100 2010 2155 illum
2037 2100 2130 2172 jan

2254 2100 2364 2141 uno
2387 2086 2541 2155 jugo,
2591 2087 2898 2157 disponitis.
2938 2088 3005 2143 Et
3043 2089 3172 2160 quid
3223 2090 3350 2145 inde
3408 2096 3809 2163 provenietils

558 2189 887 2244 morientem
921 2188 1213 2244 obstinatia
1254 2197 1344 2244 tua
1372 2191 1703 2246 exacerbare
1735 2206 1841 2246 non
1870 2190 2127 2247 formidas

2255 2179 2541 2235 domabilis
2565 2181 2753 2251 utique
2781 2178 2969 2237 feritas
3001 2182 3245 2241 tanri.sic
3270 2198 3433 2239 ovem
3460 2184 3620 2241 lanae
3647 2197 3697 2242 et
3716 2186 3806 2239 ista

555 2278 713 2336 Hunc
750 2280 914 2351 igitur
936 2281 1079 2336 scias
1104 2280 1232 2351 quia
1260 2296 1450 2336 omnes
1476 2281 1938 2352 perturbationes,
1960 2297 2151 2337 omnes
2254 2282 2309 2328 ει
2342 2288 2606 2345 agnorum
2661 2273 2895 2330 fertilem
2951 2289 3049 2345 per
3089 2275 3279 2345 spinas
3307 2284 3365 2331 et
3414 2278 3665 2334 tribulos
3692 2281 3765 2334 hac
3784 2290 3807 2332 εί

555 2371 953 2442 oppressioues,
991 2371 1173 2426 omnia
1208 2371 1437 2426 crimina
1468 2386 1589 2442 qua:
1618 2372 1874 2443 deinceps
1903 2372 2150 2444 Angliam
2254 2364 2380 2422 illac
2410 2374 2649 2437 raptam,
2683 2366 2727 2421 si
2754 2367 2884 2437 jugo
2921 2382 2979 2422 se
3009 2382 3117 2423 non
3147 2371 3487 2438 excusserit,
3529 2373 3805 2428 dilueras;

555 2473 825 2536 prement,
869 2464 963 2520 tibi
990 2450 1421 2535 imputabuntur,
1447 2465 1490 2519 si
1526 2472 1580 2519 tu
1629 2466 1787 2521 hodie
1832 2481 1929 2536 per
1962 2482 2149 2524 suscc-
2250 2467 2311 2512 ιιι
2335 2473 2435 2513 nec
2468 2456 2581 2528 ipsa
2616 2456 2721 2512 Sibi
2756 2472 2857 2513 nec
2906 2457 3103 2524 alicui.
3136 2459 3264 2514 dum
3297 2461 3437 2515 ηἱιιὶι
3471 2463 3680 2517 horum

552 2555 795 2627 ptioncm
825 2570 970 2611 cura:
1008 2554 1293 2626 pastoralis
1327 2555 1406 2610 eis
1436 2571 1541 2610 non
1584 2557 1908 2613 obviaveris.
1956 2578 1977 2610 ι
2006 2558 2130 2614 lutei

2250 2556 2426 2603 stt-are
2456 2548 2677 2616 Valebit,
2705 2549 2855 2604 utilis
2880 2550 3098 2606 existat.
3128 2549 3268 2617 Quid
3296 2552 3371 2607 ita
3396 2553 3421 2607 ἲ
3446 2553 3803 2612 luconsidena

490 2708 493 2709 ν
552 2650 657 2707 bas
680 2648 960 2720 angustias
991 2649 1197 2719 positus
1242 2648 1550 2724 Anselmus,
1586 2650 1752 2706 vertit
1797 2666 1856 2706 se
1896 2652 1963 2707 ad
2011 2651 2130 2707 duo:

2251 2656 2409 2696 ovem
2442 2650 2600 2697 lauro
2621 2641 2937 2713 copulastis.
2967 2643 3224 2699 Aratrum
3268 2644 3597 2703 Ecclesiam
3643 2663 3803 2719 perpa-

554 2740 876 2806 monacbos,
907 2738 996 2809 qui
1044 2753 1231 2794 secum
1261 2748 1436 2804 erant,
1465 2740 1786 2796 Balduinum
1816 2741 2067 2799 videlicet
2093 2750 2150 2797 et
2251 2733 2565 2805 dite.juxla
2612 2735 2930 2806 Apostolum
2981 2736 3254 2794 dicentem
3300 2756 3316 2794 :
3372 2738 3478 2795 Dei
3511 2744 3801 2813 αςτὶειῖιιη.

552 2832 933 2897 Eustachium,
965 2830 1209 2901 dixitque
1244 2830 1388 2885 illis:
1428 2849 1448 2882 ι
1482 2830 1596 2886 Alt!
1641 2832 1839 2887 fratres
1877 2832 2004 2899 mei,
2053 2848 2130 2889 Clll

2249 2824 2348 2881 Dei
2380 2827 2662 2896 wdiﬁcatio
2710 2829 2833 2883 estis
2879 2827 2932 2900 (Ι
2960 2827 3085 2885 Cor.
3120 2846 3205 2894 ιιι,
3236 2830 3315 2902 9).
3344 2830 3466 2888 Hoc
3525 2847 3752 2891 aratrum
3778 2850 3799 2883 ἐξ

554 2923 689 2981 mihi
716 2939 821 2979 non
851 2923 1193 2979 subvenitis?
1229 2942 1250 2977 ι
1292 2923 1440 2977 Dixit
1469 2923 1574 2978 hoc
1605 2924 1752 2993 (ecce
1782 2939 1969 2980 coram
2014 2924 2145 2995 Deo,
2193 2909 2197 2912 ’
2248 2917 2441 2987 Anglia
2474 2917 2580 2973 duo
2612 2918 2781 2975 boves
2807 2921 3019 2977 caeteris
3058 2922 3438 2993 praecellenles
3472 2930 3717 2999 regendo
3740 2938 3800 2978 tr?

551 3018 681 3086 quia
715 3030 823 3071 non
858 3014 1110 3083 mentior)
1140 3015 1192 3069 in
1225 3022 1396 3080 tanta,
1426 3016 1568 3069 sicut
1617 3013 1888 3072 aﬂirmare
1916 3015 2146 3083 solebat,
2251 3008 2411 3073 ιιυιιῐν
2437 3019 2491 3064 οι
2524 3010 2789 3067 "ahenth
2826 3022 3040 3084 τθευηι.
3075 3030 3172 3070 νει
3202 3016 3459 3073 Videlicet
3491 3032 3557 3075 ει
3601 3020 3799 3088 ad]???

551 3107 836 3163 anxietate
867 3107 1216 3170 constitutus,
1255 3114 1315 3159 ut
1364 3106 1409 3160 si
1439 3105 1488 3161 ei
1528 3114 1655 3161 tunc
1703 3107 1851 3178 optio
1900 3109 2141 3177 daretur,
2176 3166 2217 3183 η
2248 3116 2445 3173 εοορυε
2472 3102 2903 3161 Cantuariellsis.
2934 3104 3040 3162 Iste
3068 3107 3315 3163 saeculari
3340 3109 3584 3179 justitia
3614 3124 3669 3169 et
3694 3118 3799 3183 imae

550 3199 726 3254 multo
770 3198 945 3255 laetius
975 3197 1121 3252 salva
1179 3198 1481 3253 reverentia
1518 3198 1810 3271 voluntatis
1858 3201 1952 3256 Dei
2005 3202 2141 3258 mori
2172 3194 2220 3229 υ
2251 3194 2361 3259 fio;
2400 3194 2491 3249 ille
2520 3195 2703 3250 divina
2727 3196 2973 3253 doctrina
3001 3208 3057 3254 et
3084 3199 3427 3271 magisterio.
3454 3202 3679 3262 Horum
3700 3208 3797 3260 bne:

551 3291 799 3363 eligeret,
834 3305 998 3361 quam
1026 3290 1523 3362 archiepiscopatus
1547 3291 1809 3363 dignitate
1839 3294 2138 3349 sublimari.
2246 3302 2419 3352 unus.
2452 3286 2661 3342 εοὶΙίοθι
2710 3285 3052 3346 Lanl'rancus
3105 3292 3579 3366 archiepiscopus
3622 3309 3797 3354 monre

551 3381 856 3452 Respondit
912 3382 1093 3452 itaque
1122 3381 1413 3437 Balduinus
1444 3401 1457 3436 :
1505 3403 1524 3435 (
1562 3383 1619 3440 Si
1650 3384 1901 3440 voluntas
1931 3386 2023 3440 Dei
2055 3394 2141 3441 est
2243 3388 2358 3445 est;
2390 3391 2443 3435 ct
2475 3381 2613 3437 alius
2660 3382 3003 3439 ferocitatem
3038 3384 3392 3441 indomabilis
3425 3392 3587 3446 tauri
3615 3393 3796 3447 obtiaaz‘

548 3483 613 3530 ut
652 3475 721 3529 ita
766 3474 876 3542 fiat,
906 3490 1004 3529 nos
1030 3475 1120 3546 qui
1154 3474 1428 3531 voluntate
1459 3477 1550 3532 Dei
1597 3478 2081 3534 contradicamus?
2114 3498 2134 3531 ι
2236 3470 2351 3541 iam
2376 3472 2840 3530 im'eltittll‘at‘all‘o
2855 3474 3131 3545 P72813108.
3157 3476 3465 3534 εῑνοειοῢο
3489 3484 3795 3537 monuit-8E

549 3567 683 3634 Quae
707 3568 871 3623 verba
922 3566 1194 3640 laerymaz,
1228 3576 1283 3624 et
1324 3568 1593 3641 lacrymas
1638 3571 1856 3642 sanguis
1904 3572 2137 3628 ubertim
2243 3579 2330 3618 me
2363 3565 2599 3620 vetulam
2646 3582 2711 3623 ac
2753 3566 2984 3623 debilem
3016 3583 3173 3625 ovem
3213 3584 3336 3626 cum
3377 3572 3666 3630 indomita
3701 3585 3793 3627 tam

548 3674 677 3715 mox
707 3674 738 3715 e
788 3659 1018 3740 naribus
1052 3660 1196 3717 illius
1227 3660 1503 3732 profluens
1550 3671 1767 3718 secutus
1805 3672 1907 3732 est,
1956 3665 2136 3735 palam
2242 3657 2571 3729 conjungere
2591 3660 2794 3717 vultis?
2824 3662 2954 3730 Qua:
2983 3662 3130 3729 dico,
3172 3665 3305 3719 satis
3333 3664 3688 3740 intelligitis,
3712 3680 3791 3724 ett:

496 3823 503 3831 ι
549 3752 762 3808 cunctis
784 3731 1082 3809 ostendens
1105 3770 1170 3808 ex
1202 3770 1308 3824 qua
1339 3753 1519 3810 cordis
1547 3756 1875 3811 contritione
1904 3772 2026 3813 cum
2056 3758 2136 3813 la-
2241 3767 2300 3806 re
2326 3751 2456 3821 (μιῘά
2490 3751 2577 3807 cui
2624 3753 2806 3809 velitis
2836 3754 3117 3811 associare
3166 3755 3357 3812 vellem
3390 3762 3793 3818 considerares.

496 3872 501 3917 3
545 3845 748 3916 crymis
772 3847 933 3901 verba
958 3845 1279 3915 prodierint.
1305 3845 1501 3901 Audito
1522 3844 1828 3914 ltujusmodi
1856 3863 2132 3919 responso,
2240 3844 2649 3901 considerantes
2678 3846 2746 3900 ab
2783 3847 3021 3919 inempto
3057 3848 3421 3904 desisteretis.
3456 3852 3635 3919 Quod
3675 3856 3711 3909 si
3733 3868 3793 3905 ne:

496 3986 501 3995 ,
542 3934 829 3991 Anselmus
868 3953 879 3989 :
928 3955 945 3986 ι
987 3933 1101 4002 Vae,
1149 3950 1313 4005 quam
1344 3935 1475 4001 cito,
1508 3937 1705 4008 inquit,
1736 3938 1962 3995 baculus
2012 3949 2135 3997 tuus
2240 3935 2526 4003 dcsistitis,
2558 3952 2624 3992 en
2650 3938 2885 4006 praedico
2917 3939 3070 3994 vobis
3111 3940 3237 4010 quia
3270 3954 3380 4006 me,
3419 3943 3496 3996 dc
3531 3960 3646 4014 quo
3676 3946 3791 3999 fama“!

543 4025 852 4083 confractus
884 4036 988 4083 est.
1025 4044 1043 4078 ι
1085 4026 1338 4083 Sentiens
1367 4043 1498 4099 ergo
1530 4044 1623 4083 rex
1664 4030 1812 4100 quod
1861 4029 2132 4087 incassum
2238 4033 2295 4080 et
2322 4026 2406 4082 lac
2439 4027 2587 4083 verbi
2618 4027 2735 4092 Dei,
2761 4037 2816 4084 et
2837 4045 3004 4099 agnos
3034 4031 3087 4085 in
3112 4031 3399 4087 servitium
3425 4031 3588 4101 ejus,

542 4118 694 4173 labor
718 4118 962 4175 omnium
996 4118 1422 4188 expendebatur,
1468 4121 1723 4191 praecepit
1751 4121 1832 4177 eis
1861 4130 1913 4177 ιιι
1944 4138 2134 4178 omnes
2238 4126 2462 4188 possent
2508 4119 2708 4175 habere
2761 4120 2941 4192 (extra
2984 4138 3148 4194 quam
3197 4125 3358 4180 modo
3408 4132 3657 4203 putetis)
3703 4128 3793 4198 ne;-t

542 4210 610 4265 ad
643 4210 807 4281 pedes
844 4209 1104 4264 caderent
1128 4211 1173 4264 si
1208 4210 1349 4266 forte
1371 4211 1453 4265 vel
1482 4211 1553 4267 ita
1585 4213 1650 4266 ad
1685 4214 2131 4270 consentiendum
2237 4206 2426 4263 lerilas
2457 4208 2691 4266 diversis
2719 4226 2749 4266 a
2779 4226 2838 4267 se
2866 4211 3152 4284 fatigatum
3195 4214 3417 4286 injuriis
3444 4223 3740 4291 Opprimcl,
3766 4230 3792 4268 ﬂ;

541 4303 674 4360 illici
702 4311 905 4374 posset.
939 4300 1045 4357 Sed
1071 4302 1229 4373 quid!
1274 4303 1605 4358 Cadentibus
1633 4303 1760 4369 illis,
1793 4305 1990 4360 recidit
2021 4305 2134 4376 ipse
2237 4300 2516 4370 gaudium,
2548 4303 2691 4372 quod
2748 4320 2892 4359 nunc
2923 4304 2991 4359 de
3023 4319 3109 4360 me
3132 4307 3293 4376 quasi
3333 4322 3436 4376 pro
3491 4313 3791 4370 relevatae:

541 4412 728 4454 coram
755 4394 895 4463 ejus,
920 4408 1018 4450 nec
1046 4409 1077 4448 a
1098 4394 1271 4464 prima
1299 4396 1567 4450 sententia
1598 4411 1695 4451 sua
1726 4395 1922 4452 cadere
1950 4397 2130 4453 voluit.
2236 4405 2435 4452 vestra:
2459 4411 2556 4467 spe
2582 4413 2676 4453 vos
2701 4406 2848 4455 tenet
2868 4399 3068 4456 multos
3090 4403 3234 4470 (cum
3265 4400 3402 4456 nihil
3429 4410 3691 4463 consueti
3711 4421 3790 4459 σῶα

540 4492 614 4547 At
641 4490 738 4552 illi,
768 4490 991 4544 animati
1022 4488 1075 4543 in
1101 4504 1248 4554 eum,
1282 4503 1448 4556 seque
1470 4488 1633 4557 ipsos,
1668 4505 1764 4559 pro
1797 4506 1946 4545 mora
1970 4507 2128 4559 quam
2162 4521 2211 4581 D
2238 4488 2346 4545 silii
2398 4498 2490 4545 aut
2532 4491 2733 4561 sperati
2773 4491 2959 4547 auxilii
3014 4508 3112 4564 per
3160 4508 3247 4548 me
3282 4494 3501 4552 habere
3551 4500 3777 4570 potueris:

541 4584 941 4656 objectionibus
968 4582 1138 4655 ipsius
1178 4583 1509 4639 intendendo
1537 4586 1681 4651 passi
1705 4592 1850 4651 sunt,
1904 4585 2132 4655 ignaviae

538 4678 950 4750 redarguentes,
970 4677 1179 4749 virgam
1205 4675 1309 4731 huc
1327 4676 1674 4745 pastoralem,
1693 4677 1899 4748 virgam
1913 4718 1927 4743 ,
1946 4677 2132 4734 clami~

537 4780 676 4838 tant,
703 4770 1053 4843 pastoralem.
1078 4768 1145 4823 Et
1170 4778 1388 4839 arrepto
1403 4767 1634 4839 .brachio
1657 4767 1774 4839 ejus
1798 4770 2008 4835 dextro,
2039 4770 2130 4826 alii

537 4866 862 4922 renitentem
900 4863 1140 4929 trahere,
1180 4861 1269 4917 alii
1307 4860 1601 4932 impellere,
1632 4861 1877 4932 lectoque
1898 4863 2130 4933 jacentis

535 4965 823 5029 eruperunt
859 4956 1153 5027 applicare.
1200 4955 1344 5025 Rege
1379 4965 1560 5011 autem
1592 4956 1640 5010 ei
1674 4955 1927 5011 baculum
1956 4957 2130 5026 porri-

534 5057 716 5120 gente,
731 5062 951 5102 manum
974 5054 1164 5103 contra
1185 5046 1380 5102 clausit
1404 5056 1459 5101 et
1486 5061 1606 5101 eum
1629 5048 1902 5117 suscipere
1928 5061 2132 5117 nequa-

535 5154 700 5210 quam
714 5137 1012 5196 consensit.
1024 5137 1269 5210 EpiscOpi
1286 5136 1676 5208 vero‘digitosvj
1686 5154 1747 5194 us
1757 5138 1983 5195 strictim
1996 5139 2130 5195 vola:

534 5232 733 5289 infixos
754 5231 965 5303 erigere
988 5232 1169 5290 conati
1192 5242 1463 5303 sunt,quo
1478 5230 1564 5287 vel
1584 5230 1663 5287 sic
1687 5233 1870 5287 manui
1899 5232 2015 5303 ejus
2034 5233 2129 5288 ba-

534 5324 687 5380 culus
714 5324 1049 5395 ingereretur
1072 5340 1294 5382 :verum
1318 5341 1441 5381 cum
1468 5325 1523 5379 in
1556 5324 1660 5379 hoc
1688 5333 1942 5380 conatum
1970 5342 2125 5382 suum

534 5416 847 5488 aliquandiu
861 5415 1059 5473 frustra
1082 5418 1545 5490 expenderent,et
1575 5415 1690 5486 ipse
1708 5430 1805 5487 pro
1830 5431 2124 5487 sua,quam

523 5507 862 5577 patiebatur,
893 5507 1113 5565 laesione
1163 5507 1329 5561 verba
1380 5505 1616 5561 dolentis
1651 5507 1856 5572 ederet,
1885 5508 2125 5573 tandem,

529 5596 711 5655 indice
748 5597 949 5665 levato,
996 5599 1091 5654 sed
1134 5596 1384 5668 protinus
1438 5597 1508 5652 ab
1562 5611 1627 5653 eo
1662 5596 1884 5666 reflexo,
1931 5597 2127 5655 clausa:

524 5690 714 5745 tnanui
751 5689 871 5760 ejus
913 5690 1140 5747 baculus
1178 5690 1457 5762 appositus
1490 5699 1604 5758 est,
1636 5698 1690 5746 et
1740 5691 2121 5762 episcoporum

528 5782 789 5847 manibus
841 5798 965 5844 cum
994 5785 1185 5847 eadem
1224 5786 1401 5845 manu
1448 5798 1797 5859 compressus
1826 5794 1987 5859 atque
2032 5800 2125 5845 re-

2238 4595 2453 4635 versum
2503 4581 2557 4636 in
2591 4582 2909 4639 maestitiam
2956 4584 3205 4640 dolentes
3233 4585 3453 4642 efﬁciet.
3502 4590 3691 4663 Εοψιε
3714 4601 3791 4659 pri-

2235 4670 2430 4728 ficietis
2456 4682 2514 4727 ut
2536 4674 2832 4731 Ecclesiam
2862 4691 3025 4747 quam
3055 4677 3299 4733 relevare
3328 4693 3359 4732 a
3393 4680 3697 4743 viduitate.
3718 4693 3793 4733 ua

2235 4771 2422 4833 tepere
2446 4764 2716 4835 satagitis,
2765 4764 2932 4821 relabi
2966 4765 3017 4820 in
3069 4766 3392 4823 viduitatem
3417 4772 3605 4828 etiam
3636 4777 3789 4828 vitam

2230 4863 2450 4922 pastore
2501 4869 2621 4920 suo,
2655 4856 2799 4927 quod
2836 4856 2993 4929 pejus
3038 4866 3158 4920 est,
3187 4859 3528 4932 quandoque
3581 4874 3785 4920 cernas

2230 4945 2299 5000 Et
2340 4946 2455 5003 haec
2492 4947 2654 5013 mala,
2685 4949 2882 5018 quibus
2926 4950 3359 5021 itnputabuntur,
3392 4954 3507 5010 nisi
3568 4960 3715 5015 vobis
3734 4970 3787 5023 et

2232 5045 2344 5090 tam
2376 5037 2777 5095 inconsiderate
2802 5041 2948 5110 regis
2972 5041 3243 5097 feritatem
3274 5054 3329 5097 et
3360 5060 3555 5101 meum
3597 5046 3788 5105 imwa

2230 5129 2439 5185 litatem
2499 5131 2897 5201 conjunxistis?
2956 5133 3093 5188 Cum
3148 5135 3345 5205 igitur,
3405 5153 3503 5194 me
3552 5152 3787 5214 oppressa.

2228 5220 2408 5278 nullus
2458 5236 2525 5277 ex
2575 5222 2730 5278 vobis
2784 5223 2969 5290 fuerit,
3024 5225 3118 5295 qui
3172 5225 3220 5282 ei
3278 5226 3330 5281 in
3389 5227 3589 5299 aliquo
3644 5231 3789 5287 aus-lat

2228 5313 2470 5381 obviare,
2501 5330 2598 5369 vos
2620 5329 2835 5385 quoque
2863 5315 3055 5384 procul
3076 5316 3240 5372 dubio
3267 5332 3367 5389 pro
3390 5317 3563 5376 libitu
3590 5338 3685 5379 suo
3718 5334 3785 5375 ac

2229 5405 2496 5462 dubitabit
2538 5407 2777 5477 undique
2830 5406 3173 5465 cunculeare.
3228 5428 3248 5462 ι
3312 5409 3441 5468 Πεεο
3480 5414 3707 5477 dicens,
3748 5423 3785 5461 ιε

2227 5500 2642 5573 erumpentibus
2709 5499 2963 5571 lacrymis
3013 5500 3253 5557 dolorem
3315 5505 3507 5562 cordis
3573 5505 3785 5565 siman

2228 5607 2333 5646 non
2390 5591 2613 5657 valens,
2644 5591 2713 5647 ad
2754 5590 3050 5663 hospitium
3104 5607 3297 5662 suum,
3348 5595 3585 5656 dimissa
3638 5596 3784 5655 curia.

2227 5685 2390 5741 vadit.

2300 5780 2434 5844 Acta
2462 5788 2591 5845 sunt
2630 5780 2747 5845 haec
2778 5794 2923 5842 anno
2944 5779 3345 5861 humationis
3370 5782 3673 5847 Domina-ar
3699 5774 3779 5843 εὖ
