4014 6304
206 361 316 425 369
376 424 391 427 _

1306 355 1633 421 HISTORIA
1672 348 2038 432 novanon.
2067 386 2136 401 -
2173 349 2301 417 LIB.
2341 352 2385 416 ι.
2959 377 2973 382 ι

3116 320 3165 363 k3
3172 341 3184 363 ;
3200 324 3241 363 [ὅ

3375 350 3517 427 3⁸10³

211 487 409 542 resima
437 481 790 554 nonagesimo
814 477 997 552 tertio,
1022 480 1198 555 pridie
1219 478 1401 540 Nonas
1420 482 1811 554 Martii,prima
1840 476 1897 541 Α
1926 540 1929 547 ,
1985 478 2106 536 Istae
2147 479 2343 537 littera
2383 470 2655 536 cum'aliis
2697 476 2955 538 Ansermo
2975 477 3199 539 directis
3217 480 3369 555 prius
3404 470 3510 558 ipsi
3560 562 3565 567 ι

213 578 492 634 Dominica
526 575 967 647 Quadragesimae
997 588 1047 631 ι.
1096 576 1362 649 Praecepit
1401 578 1586 648 itaque
1614 591 1708 632 rex
1751 583 1811 630 ut

210 671 331 727 sine
356 668 615 724 dilatione
655 683 721 724 ac
752 667 1514 727 diminutio-miretur
1538 669 1604 724 de
1633 667 1809 722 omni-

210 671 331 727 sine
356 668 615 724 dilatione
655 683 721 724 ac
752 668 920 724 dimin
989 668 1001 681 '
1315 669 1514 725 tiretur
1538 669 1604 724 de
1633 667 1809 722 omni-

208 764 314 822 bus
366 763 436 818 ad
506 658 1508 909 archiepiscop‘tibus
1560 763 1708 818 intus
1752 768 1811 817 et
1872 750 1873 755 “

208 865 393 909 extra.
424 864 589 909 atoue
619 864 678 909 ut
702 855 902 909 civitas
928 854 1004 909 Ca
1073 854 1222 909 uaria
1253 869 1417 909 uuam
1462 855 1808 909 Lanfrancus

208 865 393 924 extra,
424 864 589 926 atque
619 864 678 910 ut
702 854 1222 911 civitas’Call'l'tfai-ia
1253 869 1417 925 quam
1462 855 1808 915 Lanfrancus

208 962 313 1005 suo
340 958 583 1018 tempore
613 946 668 1002 in
696 946 965 1003 beneﬁcio
992 961 1022 1000 a
1066 960 1197 1019 rege
1237 948 1474 1013 tenebat,
1506 958 1562 1005 et
1590 948 1805 1003 abbatia

208 1040 388 1095 sancti
412 1038 608 1095 Albani
640 1039 670 1080 δ
703 1053 866 1111 quam
895 1054 1002 1094 non
1045 1039 1223 1094 solum
1250 1037 1591 1095 Lanfrancus
1626 1040 1720 1096 sed
1751 1048 1807 1094 et

209 1136 594 1183 antecessores
654 1126 793 1197 ejus
822 1128 1083 1185 habuisse
1140 1141 1467 1199 noscuntur,
1503 1132 1557 1187 in
1607 1143 1629 1172 ε
1686 1132 1806 1189 alo-

204 1221 363 1278 dium
387 1221 502 1293 (l9)
531 1220 1016 1279 Ecclesiaa‘Christi
1038 1224 1460 1282 Cantuariensis
1474 1242 1575 1297 pro
1586 1228 1802 1283 redem-

203 1316 400 1388 ptione
430 1315 627 1370 animae
648 1330 784 1382 suae,
808 1326 1071 1388 perpetuo
1095 1319 1237 1389 jure,
1267 1319 1588 1377 transirent.

277 1401 573 1458 Anselmus
606 1412 787 1460 autem
814 1414 936 1474 post
982 1405 1099 1463 haec
1143 1407 1198 1462 in
1246 1408 1390 1467 villis
1437 1410 1503 1465 ad
1537 1410 1805 1483 archiepi-

206 1503 468 1564 copatum
521 1494 920 1565 pertinentibus
956 1511 1023 1553 ex
1054 1510 1327 1570 prmcepto
1365 1501 1510 1572 regis
1548 1502 1805 1557 moraba-

210 1591 320 1654 tur,
344 1594 706 1643 conversante
742 1601 926 1644 secum
957 1603 1021 1644 ac
1066 1589 1233 1646 victui
1263 1604 1364 1646 suo
1390 1591 1587 1647 exinde
1614 1606 1803 1648 neces~

206 1676 356 1732 saria
380 1692 612 1749 quaeque
638 1688 966 1750 procurante
994 1681 1290 1739 venerabili
1316 1681 1643 1755 Gundulpho
1668 1683 1802 1743 Rof-

204 1768 347 1825 fensi
374 1770 633 1843 episcopo
660 1773 712 1828 ά.

1915 589 2077 645 quam
2119 574 2232 644 regi
2265 589 2377 629 sua:
2405 584 2530 630 sunt
2573 573 2771 649 allatae.
2806 574 2951 631 Inter
2986 577 3135 643 haec,
3178 576 3333 649 juxta
3366 580 3512 650 quod

1911 667 2203 725 Anselmus
2231 669 2585 739 praedixerat,
2635 685 2732 725 rex
2761 669 2828 725 ah
2863 669 3182 726 inﬁrmitate
3212 670 3508 727 convaluit.

1913 758 2035 814 Mox
2095 758 2260 828 igitur
2318 768 2513 815 cuncta
2555 775 2674 831 quae
2718 759 2965 817 inﬁrmus
3026 758 3295 817 Statuerat
3340 762 3508 829 boni,

1913 848 2179 915 dissolvit,
2229 858 2284 905 et
2336 850 2489 906 irrita
2543 867 2664 908 esse
2707 854 2985 924 praecepit.
3028 856 3239 922 Captivi
3293 870 3504 928 nempe,

1913 942 2005 1012 qui
2033 943 2273 998 nondum
2314 941 2526 1000 fuerant
2570 944 2985 1014 dimissi,jussit
3027 949 3314 1005 utarctius
3345 949 3509 1006 solito

1910 1034 2340 1100 custodirentur;
2374 1034 2607 1101 dimissi,
2637 1037 2685 1092 si
2716 1039 2835 1107 capi
2872 1047 3113 1106 possent.
3156 1041 3502 1099 recluderen-

1910 1133 2029 1190 tur;
2062 1125 2283 1195 antiqua
2306 1126 2530 1198 jamque
2572 1130 2979 1209 donatadebtta
3009 1132 3061 1186 in
3090 1132 3363 1209 integrum
3393 1135 3508 1192 exi-

1909 1228 2197 1289 gerentur;
2235 1218 2428 1289 placita
2470 1229 2525 1276 et
2555 1219 2881 1279 offensiones
2903 1223 2955 1279 in
2986 1224 3273 1294 pristinum
3305 1236 3507 1285 statum

1910 1322 2329 1378 revocarentur;
2368 1304 2698 1395 illorumque
2724 1314 2950 1386 judicio,
2977 1316 3069 1386 qui
3088 1315 3353 1384 justitiam
3381 1319 3506 1375 sub-

1864 1422 1867 1425 ·
1908 1412 2123 1460 vertere
2167 1405 2341 1474 magis
2400 1420 2561 1475 quam
2615 1406 2756 1461 tueri
2809 1406 3169 1464 defendereve
3219 1409 3508 1479 curabant,

1867 1538 1870 1559 ς
1907 1506 2274 1554 tractarentur
2293 1507 2348 1553 et
2370 1500 2836 1568 examinarentur,
2865 1501 2934 1557 ad
2967 1502 3289 1558 miserorum
3324 1503 3508 1573 utique

1905 1590 2316 1660 oppressionem
2358 1598 2410 1645 et
2459 1592 2700 1662 pecunia:
2728 1592 3087 1663 direptionem
3118 1595 3297 1665 potius
3343 1610 3507 1665 quam

1906 1677 1975 1732 ad
2003 1677 2229 1747 alicujus
2258 1681 2465 1751 peccati
2498 1681 2920 1738 correctionem.
2961 1681 3095 1738 Orta
3126 1693 3208 1740 est
3236 1698 3365 1757 ergo
3395 1694 3506 1739 tam

1905 1780 2055 1827 vasta
2085 1772 2305 1828 miseria
2335 1775 2644 1845 miseraque
2669 1775 2902 1831 vastatio
2928 1791 3024 1847 per
3053 1784 3222 1833 totum
3258 1792 3505 1849 regnum,

272 1863 491 1923 Interea
520 1867 669 1924 missi
713 1876 843 1924 sum
887 1884 917 1925 ιι
960 1882 1087 1942 νεεδ
1139 1871 1315 1927 nuntii
1357 1888 1481 1929 cum
1513 1872 1713 1930 ιίιιειιίε
1742 1873 1798 1931 in
1828 1855 1876 1917 Β
1905 1870 1967 1917 ut
2004 1862 2094 1933 qui
2144 1862 2288 1920 illius
2316 1865 2636 1922 recordatur
2688 1884 2873 1938 parem
2909 1884 2968 1925 se
3008 1868 3057 1925 ei
3089 1879 3217 1926 ante
3252 1870 3393 1926 hanc
3426 1870 3506 1927 vio-

202 1955 664 2017 Nortbmanniam
717 1962 787 2017 ad
826 1962 1104 2031 comitem,
1137 1964 1206 2020 ad
1252 1964 1562 2034 pontiﬁcem
1596 1966 1802 2025 Rotho-
1862 2022 1863 2025 η

202 2064 551 2122 magensem,
602 2053 671 2109 ad
721 2054 1019 2111 monachos
1066 2055 1389 2129 Beccenses,
1414 2067 1685 2129 quatenus
1716 2058 1801 2114 his

202 2158 328 2215 qua:
367 2144 426 2200 in
472 2144 667 2216 Anglia
710 2146 779 2202 de
820 2145 1017 2203 abbate
1053 2147 1312 2205 Beccensi
1358 2158 1510 2221 gesta
1563 2149 1797 2218 fuerant,

202 2233 406 2304 singuli
438 2245 704 2305 quantum
733 2251 831 2291 sua
872 2236 1134 2293 intererat
1160 2252 1442 2294 assensum
1472 2241 1797 2309 praeberent.

200 2323 313 2380 Sed
348 2326 521 2396 quid?
548 2326 787 2384 Plurima
831 2329 886 2385 in
918 2330 1063 2386 hunc
1092 2332 1313 2387 modum
1342 2340 1462 2388 acta
1489 2332 1626 2388 nihil
1655 2333 1799 2405 apud

199 2431 295 2473 eos
334 2418 719 2489 profecerunt.
754 2419 997 2479 Tandem
1041 2433 1223 2479 tamen
1254 2425 1561 2495 importuna
1589 2427 1799 2485 ratione

198 2523 263 2566 ac
285 2511 602 2568 rationabili
628 2513 1060 2584 importunitate,
1077 2515 1188 2571 Deo
1209 2516 1555 2587 disponente,
1575 2520 1797 2588 devicti,

195 2617 325 2674 quae
347 2605 417 2660 de
457 2605 717 2661 Anselmo
742 2615 923 2677 empta
951 2618 1128 2676 erant,
1165 2610 1354 2681 perﬁci
1387 2624 1796 2682 concesserunt,
1854 2662 1857 2669 ,

194 2706 248 2753 et
278 2710 352 2753 ne
374 2712 516 2753 onus
546 2697 858 2769 impositum
888 2703 1311 2775 subterfugeret,
1342 2705 1390 2760 ei
1424 2719 1523 2777 per
1540 2706 1800 2765 obedien-

194 2790 335 2846 tiam
366 2790 747 2863 injunxerunt.
775 2795 930 2853 Unde
964 2804 1021 2852 et
1047 2796 1243 2853 litterae
1263 2812 1293 2853 a
1321 2798 1550 2891 sing‘ulls
1572 2800 1797 2874 singula

193 2884 420 2952 scripta:
449 2891 638 2949 sunte,
666 2899 789 2955 quae
818 2885 871 2941 in
915 2900 1025 2942 uno
1071 2886 1372 2959 eodemque
1399 2884 1796 2949 concordantes

192 2984 299 3041 per
329 2971 554 3030 nuntios
602 2972 862 3031 Anselmo
910 2983 967 3032 et
998 2976 1111 3049 regi
1156 2987 1285 3034 sunt
1336 2982 1696 3049 transmissae,
1728 2983 1797 3040 de

193 3064 403 3136 quibus
429 3064 706 3133 omnibus,
736 3083 875 3125 unas
905 3068 1033 3126 huic
1057 3071 1319 3141 opusculo
1346 3071 1580 3130 inseram
1605 3084 1796 3146 quate-

191 3169 300 3211 nus
340 3156 396 3211 in
433 3156 563 3227 ipsis
608 3167 664 3214 et
704 3158 934 3215 aliarum
971 3174 1164 3217 sensus
1192 3162 1424 3219 eluceat.
1456 3162 1581 3220 Sint
1630 3166 1794 3237 igitur

192 3247 278 3305 ha:
318 3266 333 3304 :
371 3269 389 3303 ι
415 3248 608 3307 Frater
629 3251 956 3310 Guilielmus
977 3254 1426 3327 archiepiscopus
1446 3272 1546 3314 suo
1565 3259 1793 3317 Domino
1820 3247 1849 3295 ‘

191 3349 245 3395 et
304 3343 490 3399 amico
531 3343 811 3413 Anselmo,
842 3344 936 3402 Dei
971 3345 1404 3405 benedictionem
1433 3359 1490 3405 et
1532 3361 1795 3409 nostram.

191 3431 270 3489 De
305 3433 396 3491 his
420 3450 541 3506 qua:
561 3436 630 3493 de
654 3437 810 3494 vobis
840 3453 871 3493 a
893 3452 980 3493 me
1014 3454 1113 3495 rex
1141 3441 1494 3510 quaesivit,“
1509 3444 1575 3499 de
1597 3445 1796 3517 quibus
1844 3428 1847 3431 ἤ

192 3526 317 3597 ipse
354 3527 489 3584 mihi
522 3530 840 3601 scripsistis,
871 3530 1031 3588 sicuti
1079 3533 1146 3588 de
1173 3540 1335 3613 tanta.
1373 3550 1433 3591 re
1468 3535 1669 3597 decuit
1700 3538 1797 3593 hu-
1844 3588 1847 3597 .

190 3633 406 3690 cusqne
452 3620 542 3677 diu
599 3622 937 3695 multumque
1001 3627 1353 3696 pertractavi,
1402 3638 1458 3683 et
1493 3630 1791 3686 amicorum

188 3728 443 3770 meorum
459 3729 525 3772 ac
541 3725 769 3784 vestros,
787 3732 950 3790 super
960 3718 1085 3786 hoc,
1099 3718 1388 3775 consilium
1407 3721 1655 3791 quzesivi.
1686 3721 1790 3789 Qui
1844 3784 1847 3789 λ

189 3805 458 3876 utrinque
486 3805 810 3873 voluissent,
848 3808 893 3863 si
937 3808 1196 3879 possibile
1224 3800 1431 3874 fuisSet,
1476 3819 1533 3865 et
1555 3821 1793 3867 vestram

190 3914 436 3971 semper,
468 3909 529 3955 ut
572 3900 724 3969 olim,
752 3902 954 3959 habere
994 3903 1362 3974 praesentiam,
1394 3912 1451 3961 et
1477 3920 1583 3960 non
1614 3904 1795 3962 facere
1825 3897 1828 3899 λ

189 3992 341 4048 unde
388 3990 733 4049 offenderent
775 3994 1011 4050 divinam
1034 3994 1394 4051 voluntatem.
1423 3993 1529 4050 Sed
1557 3996 1682 4065 quia
1724 3998 1794 4052 ad

189 4087 297 4143 hoc
339 4102 431 4143 res
462 4087 610 4144 venit
667 4096 728 4143 ut
775 4097 1067 4160 utrumque
1109 4089 1321 4161 impleri
1364 4098 1618 4158 nequeat,
1651 4090 1795 4146 sicut

191 4180 420 4252 dignum
442 4190 551 4249 est,
575 4181 814 4237 divinam
830 4181 1162 4238 voluntatem
1184 4191 1386 4239 nostra:
1404 4182 1790 4253 praeponimus,

189 4280 246 4325 et
275 4281 527 4328 nostram
574 4273 908 4329 voluntatem
948 4274 1144 4329 divinae
1184 4274 1505 4342 subiicimus
1534 4283 1697 4345 atque
1723 4291 1791 4331 ex

193 4373 355 4436 parte
398 4364 495 4421 Dei
526 4374 581 4422 et
640 4367 817 4423 sancti
858 4352 1028 4436 Petri,
1080 4368 1434 4437 omniumque
1487 4368 1790 4425 amicorum

192 4471 447 4513 meorum
476 4474 541 4515 ac
568 4468 876 4515 vestrorum
902 4460 993 4532 qui
1016 4459 1315 4517 secundum
1337 4458 1505 4515 Deum
1534 4474 1631 4517 vos
1663 4461 1791 4517 dili-
1844 4524 1847 4531 ,

193 4558 331 4621 gnnt
350 4547 540 4619 jnbeo,
586 4561 649 4607 ut
672 4550 1000 4623 pastoralem
1031 4568 1220 4608 curam
1246 4552 1658 4610 Cantuariensis
1686 4555 1789 4610 Ec-

1905 1956 2050 2013 disse
2084 1956 2139 2013 in
2176 1957 2390 2031 Anglia,
2424 1960 2565 2017 sicut
2604 1961 2838 2029 :estimo,
2875 1978 2982 2047 non
3031 1964 3369 2020 recordetur.
3418 1960 3506 2019 Si-

1903 2048 2121 2119 quidem
2155 2064 2318 2106 omne
2348 2052 2546 2107 malum
2579 2054 2722 2124 quod
2772 2070 2867 2111 rex
2918 2053 3143 2122 fecerat,
3188 2055 3505 2128 priusquam

1858 2172 1862 2176 -
1904 2138 2089 2194 fuerat
2116 2139 2443 2211 inﬁrmatus,
2501 2144 2702 2200 bonum
2744 2144 2920 2201 visum
2968 2156 3073 2213 est,
3102 2148 3506 2218 comparatione

1905 2233 2173 2289 malorum
2201 2250 2325 2306 quae
2355 2234 2484 2291 fecit
2522 2236 2613 2293 ubi
2640 2247 2721 2293 est
2754 2239 2976 2295 sanitati
3022 2240 3336 2297 redonatus.
3370 2241 3504 2309 Qua:

1903 2325 1949 2381 si
1978 2326 2070 2395 qui
2099 2326 2243 2383 scire
2281 2327 2448 2383 velint
2475 2328 2544 2385 de
2580 2345 2687 2400 quo
2722 2329 2874 2386 fonte
2925 2332 3287 2399 manaverint,
3321 2347 3390 2388 ex
3438 2348 3506 2390 co

1900 2420 2239 2489 perpendere
2261 2430 2489 2492 possunt
2515 2422 2660 2494 quod
2692 2422 2807 2493 ipse
2840 2422 3098 2493 praedicto
3126 2422 3364 2479 Roﬁ‘ensi
3390 2425 3506 2495 cpi-

1902 2525 2082 2582 scopo,
2105 2528 2225 2568 cum
2253 2513 2426 2581 illum,
2452 2528 2772 2586 recuperata
2798 2516 3032 2570 sanitate
3053 2514 3309 2570 familiari
3336 2514 3506 2572 aﬁ‘atu

1900 2615 2191 2674 moneret,
2242 2618 2304 2663 ut
2355 2623 2413 2665 se
2461 2609 2694 2681 amplius
2759 2609 3154 2681 circumspecte
3203 2610 3506 2668 secundum

1900 2697 2071 2754 Deum
2105 2700 2159 2756 in
2195 2701 2449 2759 omnibus
2489 2702 2738 2769 haberet,
2789 2704 3117 2774 respondit:
3164 2721 3184 2756 ι
3245 2703 3424 2772 Scias,
3470 2720 3505 2759 ο

1853 2812 1857 2851 ς
1898 2791 2171 2865 episcope,
2205 2795 2349 2864 quod
2384 2811 2481 2865 per
2524 2805 2772 2852 sanctum
2809 2795 3015 2850 vultum
3049 2796 3116 2852 de
3146 2796 3318 2865 Luca,
3365 2813 3506 2852 nun-

1899 2898 2063 2954 quam
2114 2900 2200 2941 me
2232 2886 2376 2942 Deus
2404 2887 2604 2943 bonum
2638 2886 2859 2944 habebit
2891 2904 2990 2960 pro
3030 2887 3174 2944 malo
3200 2888 3343 2959 quod
3368 2888 3503 2946 mihi

1901 2976 2167 3035 intulerit.
2207 2999 2227 3034 ι
2286 2980 2411 3036 llaec
2437 2982 2504 3036 de
2537 2996 2662 3052 rege
2692 2982 2758 3037 ad
2790 2996 3033 3053 praesens
3061 2982 3337 3039 succincte
3388 2997 3503 3038 me-

1852 3112 1855 3115 ν
1900 3089 2145 3133 morasse
2198 3072 2450 3140 sufﬁciat,
2493 3074 2717 3145 jamque
2762 3074 2829 3128 ad
2866 3073 3195 3131 destinatum
3241 3074 3501 3130 narrandi

1897 3167 2144 3224 ordinem
2174 3180 2355 3223 sermo
2386 3174 2652 3222 recurrat.
2697 3166 2830 3222 Cum
2874 3166 3039 3236 igitur
3062 3166 3371 3233 Anselmns,
3414 3182 3500 3223 se-

1904 3260 2141 3321 cundum
2179 3258 2321 3330 quod
2347 3259 2774 3329 przelihavimus,
2810 3258 3021 3316 litteras
3046 3276 3076 3315 a
3106 3258 3500 3316 Northmannia

1900 3353 2205 3410 destinatas
2237 3352 2584 3423 suscepisset,
2618 3360 2675 3408 et
2710 3368 2806 3408 rex
2848 3352 2913 3408 de
2944 3351 3125 3409 Dofris
3153 3368 3184 3408 a
3226 3352 3500 3423 colloquio

1900 3446 2125 3504 Reberti
2178 3446 2397 3502 comitis
2449 3444 2721 3501 Flandrite
2763 3444 3185 3521 ‘Rovece'stram,
3224 3445 3314 3501 ubi
3373 3456 3501 3501 tunc

1900 3527 2015 3609 ipse
2059 3536 2349 3593 Anselmus
2383 3545 2534 3602 erat,
2584 3536 2849 3603 venisset,
2899 3537 2952 3592 in
3001 3547 3270 3593 secretum
3316 3536 3494 3592 locum

1896 3612 2188 3687 Anselmus
2228 3645 2409 3701 regem
2443 3629 2584 3696 tulit,
2606 3643 2840 3700 eumque
2872 3629 3052 3686 taliter
3078 3629 3344 3686 allocutus
3369 3638 3496 3686 est:

1904 3742 1923 3777 ι
1962 3724 2019 3779 In
2051 3734 2285 3795 utroque
2312 3723 2510 3781 dubius
2540 3723 2743 3795 pendet
2780 3724 2979 3792 adhuc,
3024 3725 3240 3780 domine
3270 3724 3341 3779 nti
3373 3739 3497 3794 rex,

1898 3817 2113 3873 animus
2142 3832 2317 3884 meus,
2363 3825 2548 3871 utrum
2595 3816 2849 3873 videlicet
2889 3815 3231 3887 acquiescam
3281 3814 3500 3885 pontiﬁ-

1897 3916 2079 3964 catum
2105 3908 2404 3979 suscipere,
2437 3922 2637 3963 annon.
2664 3906 2866 3963 Verum
2896 3908 2940 3962 si
2983 3921 3069 3961 me
3097 3906 3165 3961 ad
3194 3903 3500 3975 susceptio-

1897 4017 2019 4056 nem
2074 4000 2218 4057 illins
2252 4001 2392 4056 ratio
2430 4000 2769 4071 perduxerit,
2816 4000 2939 4055 volo
2987 3999 3138 4055 brevi
3188 4009 3496 4068 prmnoscas

1895 4094 2026 4164 quid
2052 4094 2213 4149 velim
2260 4092 2453 4148 facias.
2504 4092 2639 4148 Volo
2682 4092 2931 4163 equidem
2991 4102 3051 4147 ut
3088 4106 3278 4147 omnes
3318 4098 3494 4145 terras

1894 4202 2030 4259 quas
2081 4187 2325 4243 Ecclesia
2380 4185 2826 4253 Cantuariensis,
2872 4187 2941 4240 ad
2989 4200 3152 4256 quam
3200 4184 3495 4255 regendam

1893 4276 2099 4334 electus
2125 4292 2266 4340 sum,
2304 4285 2547 4345 tempore
2573 4276 2746 4332 beatae
2773 4276 3052 4331 memoria:
3090 4274 3377 4331 Lanfranci
3404 4290 3497 4330 ar-

1893 4370 2220 4442 chiepiscopi
2255 4369 2492 4436 tenebat,
2524 4369 2643 4426 sine
2681 4370 2826 4425 omni
2860 4369 3060 4440 placito
3086 4378 3141 4424 et
3169 4380 3491 4424 controver-

1892 4464 1975 4519 sia
2007 4463 2106 4535 ipsi
2154 4461 2410 4518 Ecclesiae
2455 4463 2731 4535 restituas,
2764 4450 2832 4519 et
2875 4462 2941 4518 de
2989 4462 3109 4517 aliis
3155 4462 3315 4518 terris
3351 4477 3491 4533 quas

1893 4524 2085 4613 eadem
2140 4554 2384 4611 Ecclesia
2431 4524 2567 4609 an.
2604 4570 2763 4610 suum
2815 4564 3028 4625 tempus
3077 4554 3343 4620 habebat,
3392 4553 3489 4608 sed

192 4642 381 4699 clesiaa
424 4652 481 4699 et
516 4643 887 4701 ecclesiastico
928 4660 1079 4701 more
1107 4645 1541 4704 benedictionem
1577 4630 1869 4717 episco-D
1895 4648 2140 4720 perditas
2195 4646 2437 4703 nondum
2494 4646 2857 4717 recuperavit,
2916 4645 3047 4700 mihi
3108 4644 3490 4701 rectitudinem

190 4735 373 4807 palam
390 4738 721 4809 suscipiatis,
744 4738 1035 4810 oviumque
1058 4750 1360 4797 vestrarum
1386 4741 1557 4809 vobis,
1587 4752 1646 4797 ut
1667 4757 1788 4799 cre-

190 4824 398 4894 dimus,
426 4828 691 4885 divinitus
720 4830 1132 4889 commissarum
1161 4833 1323 4889 saluti
1365 4833 1621 4907 deinceps
1646 4835 1789 4891 invi-

190 4918 396 4991 giletis.
429 4919 641 4989 Valete,
666 4923 876 4980 viscera
907 4940 1050 4982 mea.
1098 4946 1118 4978 ι

264 5032 401 5057 ﬁ

1890 4741 2268 4812 iudiciumque
2296 4739 2624 4797 consentias.
2675 4738 2759 4794 Ad
2803 4738 2919 4793 haec
2948 4736 3070 4793 volo
3100 4744 3161 4791 ut
3187 4736 3240 4792 in
3278 4734 3344 4791 iis
3370 4748 3493 4806 qua:

1899 4835 1967 4892 ad
1995 4836 2165 4891 Deum
2194 4844 2249 4891 et
2279 4833 2746 4890 (ibristianitatem
2775 4831 3067 4902 pertinent,
3124 4838 3175 4885 te
3223 4841 3345 4884 meo
3377 4842 3493 4899 pra:

1898 4925 2113 4983 caeteris
2148 4924 2377 4982 consilio
2409 4925 2622 4992 credas,
2659 4938 2723 4980 ac
2757 4922 2898 4979 sicut
2924 4936 3024 4992 ego
3075 4928 3127 4976 te
3162 4918 3285 4976 volo
3317 4929 3490 4975 terre.
3550 4992 3557 5011 ³

1523 5060 1949 5119 HENSCHEN“
1976 5059 2210 5118 NOTAE.

269 5170 715 5248 {Fuitgo‘anno
746 5176 901 5248 cyclo
920 5175 1062 5233 lunae
1090 5175 1179 5244 κε’,
1208 5175 1340 5234 solis
1375 5193 1427 5240 x,
1458 5176 1641 5235 littera
1673 5179 1781 5234 Do-

191 5241 437 5299 minicali
468 5243 531 5312 Β,
546 5244 755 5301 Pascha
780 5241 1116 5303 celebratum
1158 5241 1268 5303 xvu
1305 5248 1530 5317 Aprilis,
1562 5251 1677 5307 dies
1698 5250 1790 5307 Ci-

193 5328 394 5390 ne_rum_
419 5317 535 5390 sive
565 5317 777 5390 initium
809 5317 1247 5390 Quadragesimze
1276 5335 1311 5373 ιι
1336 5318 1536 5375 Martii.

264 5384 298 5426 ιι
332 5387 569 5459 Abbatia
594 5386 653 5459 ὃ.
690 5388 920 5453 Albani,
947 5390 1001 5445 in
1030 5384 1178 5459 'agro
1211 5389 1616 5457 Hertfordensi,
1664 5406 1796 5448 con-

189 5464 402 5531 structa
439 5458 508 5513 ab
543 5457 660 5514 Offa
696 5474 819 5531 rege
848 5457 1196 5526 Merciorum,
1226 5469 1282 5516 et
1316 5477 1346 5515 a
1382 5461 1685 5519 Lanfranco
1710 5478 1799 5519 ar-

190 5526 544 5615 shiepinscqpo
578 5526 966 5615 instaurata_et
981 5532 1431 5615 possessionibus
1476 5544 1660 5615 aucta.
1695 5533 1799 5615 (3o-

190 5594 336 5651 litur'
358 5597 422 5674 S._
441 5594 687 5656 Albanus
725 5618 839 5659 χιιι
870 5594 1050 5671 Junii,
1083 5619 1191 5674 quo
1218 5604 1307 5660 die
1341 5603 1678 5661 Diocletiano
1707 5614 1793 5660 est

189 5669 462 5730 martyrio
484 5681 796 5730 coronatus.

269 5748 296 5778 ε
335 5739 617 5820 Allodium
645 5754 732 5799 est
772 5746 1030 5820 praedium
1062 5746 1324 5815 liberum,
1363 5744 1496 5820 nulli
1541 5745 1792 5804 servituti

189 5809 529 5885 obnoxium,
574 5815 691 5871 sive
735 5809 805 5873 ex
854 5817 1027 5875 solido
1073 5809 1390 5875 concessum
1440 5818 1560 5876 sine
1604 5833 1791 5885 onere.

189 5880 348 5938 quod
375 5883 552 5946 ipsum
591 5885 799 5945 indicat
828 5890 979 5947 vocis
1006 5899 1229 5958 etymon
1268 5888 1467 5961 Al-od,
1497 5889 1642 5961 quod
1669 5880 1794 5958 est,

1890 5183 2051 5254 plane
2066 5194 2331 5254 vacuum.
2347 5177 2580 5236 Consule
2592 5175 2880 5234 Seldenum
2903 5162 2959 5230 et
2977 5172 3314 5239 Glossarium
3330 5168 3491 5243 Spel-

1896 5268 2339 5378 manu('iluudulfus
2376 5319 2646 5377 Roffensrs
2679 5332 2746 5373 ex
2794 5317 3043 5373 coenobio
3094 5314 3350 5373 Beccensi
3401 5327 3497 5370 as-

1842 5378 1847 5381 ,
1899 5403 2147 5464 sumptus
2177 5392 2378 5461 fuerat,
2415 5390 2771 5464 adnitenteB.
2798 5388 3108 5464 _Lantfat_tco
3136 5402 3204 5441 an
3234 5384 3404 5464 i077;
3436 5393 3495 5441 et

1902 5458 2282 5549 episcopatum
2303 5458 2509 5549 magna
2535 5477 2659 5519 cum
2689 5460 2847 5516 laude
2885 5461 3057 5517 tenul
3094 5458 3369 5530 usquead
3415 5470 3493 5513 vtt

1958 5535 2234 5591 artii'anni
2264 5535 2419 5592 “08.
3180 5554 3181 5557 η
3359 5602 3365 5609 ⁸

1970 5618 1994 5647 ε
2034 5606 2281 5663 Maurilio
2322 5604 2702 5677 Rotomagensi
2738 5602 3147 5677 archiepiscopo
3171 5614 3336 5672 supra
3378 5611 3495 5655 me-

1896 5686 2109 5735 morato
2142 5678 2256 5747 (qui
2290 5673 2603 5732 mandatum
2638 5675 2894 5731 Anselmo
2928 5673 3156 5747 dederat
3178 5686 3295 5747 non
3333 5684 3491 5726 recu-

1897 5750 2051 5805 sandi
2078 5741 2518 5818 quatttmcunque
2544 5762 2794 5818 magnam
2817 5744 3220 5818 prplaturam),
3251 5741 3493 5818 Joannes

1899 5810 2158 5877 successit
2183 5836 2273 5875 an.
2302 5810 2460 5884 1067',
2490 5810 2687 5891 Joauni
2707 5810 3027 5875 Gnil'lelmus
3052 5817 3141 5891 hic
3160 5810 3303 5872 anno
3327 5810 3489 5883 1079,

1899 5901 1958 5948 et
1990 5891 2133 5997 sedi:
2160 5906 2334 5966 usque
2358 5892 2424 5947 ad
2452 5890 2509 5944 tl
2527 5891 2608 5944 to.
