3890 6306
47 340 114 398 7'5
667 417 672 422 _
1131 347 1458 409 HISTORIA
1499 350 1856 412 NOVORUM.
1883 385 1948 398 .-
1983 353 2110 414 LIB.
2150 357 2191 414 1.

3195 349 3305 418 374

48 461 322 518 v'enlanus
346 461 649 534 episcOpus,
682 473 870 534 rogatu
896 461 1126 519 Mauritii
1153 475 1175 503 ⁸
1205 466 1438 536 episcopi
1465 464 1605 519 Lua.
1637 472 1685 530 Α
1714 470 1943 525 aliorum
1977 472 2170 527 ductus
2204 482 2428 538 terrore,
2481 487 2652 530 ovans
2694 474 2760 530 ad
2816 481 2961 530 tuam
3002 475 3314 546 benignita‘

48 555 296 611 miensis
325 555 479 625 cujus
510 557 611 613 hoc
640 555 870 612 ofﬁciunt
908 568 1012 622 est,
1053 557 1423 614 ecclesiastico
1458 575 1610 616 more

47 647 339 702 ectionem
367 650 624 721 scriptam
659 651 881 724 legeret,
939 668 1063 708 mox
1121 653 1172 708 in
1229 655 1403 725 primo
1451 668 1610 710 versu

47 742 258 798 homas
313 743 673 800 Eboracensis
726 747 963 816 graviter
1019 745 1256 804 oﬂ'ensus
1313 763 1433 803 eam
1503 765 1610 806 non

49 850 115 890 re
168 835 379 891 factam
437 849 764 909 conquestus
789 854 894 896 est.
946 839 1081 895 Nam
1137 857 1256 896 cmn
1291 842 1609 899 diceretur:

49 930 295 985 Fratres
323 940 378 985 et
404 932 709 1002 coepiscopi
743 934 871 999 mei,
909 943 1102 990 vestrae
1156 933 1486 990 fraternitati
1530 944 1613 991 est

47 1023 286 1093 gnitum
319 1035 580 1094 quantum
615 1028 875 1097 temporis
928 1037 1012 1083 est
1053 1042 1120 1082 ex
1152 1045 1279 1100 quo,
1310 1030 1614 1086 accidenti-

48 1132 96 1171 ts
143 1119 326 1172 variis
383 1119 848 1195 evetttibushhmc
898 1121 1328 1179 Dorobernensis
1374 1123 1612 1180 Ecclesia

55 1209 169 1264 tius
203 1209 510 1266 Britannize
553 1213 968 1283 metropolitana
1009 1230 1108 1270 suo
1146 1216 1217 1271 sit
1262 1216 1483 1271 viduata
1515 1233 1613 1288 pa-

48 1319 172 1365 ore,
211 1319 231 1354 »
291 1302 580 1359 subintulit
619 1304 850 1360 dicens:
884 1324 901 1358 ι
940 1304 1130 1370 Totins
1176 1307 1469 1362 Britanniae
1495 1323 1615 1362 me-

53 1393 389 1464 0politana?
417 1393 473 1450 Si
523 1396 687 1452 totius
714 1395 1012 1453 Britanniae
1044 1398 1477 1470 metropolitana,
1510 1399 1614 1454 Ec-

52 1494 172 1547 esia
231 1492 599 1550 Eboracensis
648 1508 769 1562 quae
800 1494 1212 1564 metropolitana
1268 1511 1389 1550 esse
1423 1494 1614 1560 scitur,

47 1585 442 1656 tetropolitana
494 1601 602 1641 non
649 1595 754 1644 est.
789 1585 856 1640 Et
885 1587 1099 1656 quidem
1137 1587 1433 1644 Ecclesiam
1479 1587 1618 1644 Can-

48 1675 352 1732 lariensem
390 1677 676 1748 primatem
716 1677 881 1732 totius
915 1675 1212 1735 Britanniae
1241 1695 1360 1734 esse
1393 1679 1616 1745 scimus,

48 1788 103 1826 )n
141 1771 654 1844 metropolitanam.
685 1791 703 1825 ι
733 1770 885 1839 Quod
917 1773 1160 1827 auditum
1198 1773 1408 1828 ratione
1435 1773 1620 1828 subni-

1715 573 1822 618 tem
1874 568 2299 634 recuperandam
2347 569 2657 640 quingentis
2705 585 2841 640 quas
2875 569 3033 626 oﬂ‘ert
3083 570 3314 632 totidem

1714 654 1880 710 libras
1927 657 2165 724 adjiciet.
2211 678 2229 712 ι
2273 659 2554 729 Siquidem
2595 662 2737 717 hunc
2790 645 2904 731 ipse
2953 678 3049 718 rex
3100 677 3313 720 morem

1714 763 1840 821 erga
1880 757 2104 804 cunctos
2136 749 2332 820 quibus
2361 752 2689 818 dominatur,
2749 755 3016 819 habebat,
3075 764 3134 810 ut
3179 769 3312 810 cum

1716 844 1837 913 quis
1859 858 2046 898 eorum
2072 843 2273 914 aliquid
2296 844 2344 898 ei
2369 845 2720 913 pecuniarum
2743 848 2908 902 etiam
2934 848 3102 904 solius
3119 848 3314 919 gratia!

1716 937 1938 992 obtentu
1992 935 2284 1003 offerebat,
2320 936 2582 1002 oblatum,
2627 939 2730 993 nisi
2768 940 3045 1009 quantitas
3073 941 3151 995 rei
3187 947 3315 996 voto

1718 1028 1862 1084 illius
1923 1038 2304 1090 concurreret,
2359 1040 2665 1099 sperneret.
2719 1029 2829 1086 Nec
2883 1031 3202 1086 offerentem
3258 1030 3315 1085 in

1719 1137 1870 1178 suam
1909 1122 2135 1177 ulterius
2162 1122 2461 1176 amicitiam
2492 1121 2836 1189 admittebat,
2873 1123 2920 1177 si
2957 1124 3024 1178 ad
3054 1122 3317 1180 determi-

1720 1214 1998 1268 nationem
2022 1229 2174 1268 suam
2203 1213 2442 1268 ohlatutn
2474 1229 2667 1267 munus
2695 1227 2800 1267 non
2827 1221 3071 1283 augeret.
3095 1210 3314 1281 Opinati

1720 1317 1846 1362 sunt
1876 1322 2004 1378 ergo
2041 1307 2116 1360 illi
2163 1305 2381 1376 maligni
2411 1306 2726 1361 Anselmum
2756 1320 2978 1376 quoque
3024 1304 3127 1359 hoc
3164 1317 3317 1358 more

1723 1405 2036 1459 terrendum
2095 1415 2257 1474 atque
2306 1404 2372 1458 ad
2420 1404 2746 1474 explendam
2795 1405 2938 1473 regis
2984 1403 3315 1457 voluntatem

1722 1507 1881 1552 aucta
1921 1498 2147 1566 pecunia
2193 1496 2336 1551 illico
2377 1498 2824 1568 promovendum.
2860 1495 3062 1550 Verum
3099 1493 3318 1548 mentita

1722 1600 1797 1646 est
1829 1591 2080 1661 iniquitas
2111 1591 2208 1644 sibi
2241 1589 2416 1662 (Psal.
2449 1605 2596 1655 xxvr,
2649 1589 2758 1659 l2).
2800 1588 2988 1658 Itaque
3029 1586 3320 1642 mandatur

1724 1683 1800 1739 illi
1846 1699 2028 1756 regem
2067 1683 2302 1739 oblatam
2351 1684 2637 1753 pecuniam
2679 1681 2951 1746 refutare,
2989 1691 3044 1736 et
3089 1679 3320 1736 miratus

1726 1785 1831 1831 est.
1865 1775 2136 1846 Aditoque
2175 1792 2324 1854 rege,
2354 1777 2664 1833 sciscitatus
2693 1785 2777 1832 est
2810 1784 2990 1830 utrum
3019 1774 3087 1829 ab
3117 1789 3182 1828 eo
3212 1771 3320 1827 tale

47 1883 135 1918 nm
163 1880 319 1928 esse.
345 1865 488 1936 quod
519 1865 732 1922 dicebat
756 1864 1087 1921 intellectum
1119 1875 1220 1920 est.
1256 1864 1408 1920 Tunc
1435 1865 1619 1920 statim
1654 1858 1699 1913 Β
1726 1869 2041 1923 mandatum
2080 1871 2433 1940 processerit,
2476 1887 2678 1927 annon.
2726 1869 2894 1924 Audit
2940 1881 3065 1922 vere
3095 1880 3318 1936 proces-

47 1959 291 2026 :riptura
349 1958 464 2030 ipsa
509 1968 714 2016 mutata
744 1967 851 2025 est,
904 1967 961 2014 et
1006 1975 1099 2028 pro
1133 1959 1296 2014 totius
1325 1957 1619 2014 Britannia:

47 2050 476 2123 tetmpolitana,
531 2051 698 2107 totius
753 2051 1047 2110 Britanniae
1099 2051 1302 2121 primas
1354 2052 1618 2121 scriptum

47 2158 117 2212 st,
161 2156 221 2202 et
250 2146 433 2202 omnis
464 2148 835 2203 controversia
861 2147 1193 2217 conquievit.
1227 2147 1411 2216 Itaque
1436 2162 1619 2203 sacra-

47 2241 84 2294 it
117 2254 248 2294 eum
287 2248 347 2293 ut
380 2239 541 2294 totius
579 2239 872 2296 Britanniae
919 2240 1228 2309 primatem.
1273 2239 1405 2295 Cum
1454 2241 1620 2311 igitur

47 2343 146 2386 llCl'
175 2331 536 2398 sacrandum,
586 2347 685 2403 pro
725 2332 828 2386 ritu
858 2331 1136 2396 Ecclesiae,
1167 2342 1342 2386 textus
1370 2332 1617 2404 Evange-

47 2425 59 2480 i
87 2439 256 2493 super
286 2439 413 2479 cum
442 2424 510 2479 ab
537 2424 811 2495 episcopis
840 2435 1083 2495 apertus,
1113 2434 1292 2480 tentus
1318 2434 1372 2478 et
1397 2435 1619 2496 peracta

47 2515 432 2570 onseeratione
486 2515 678 2574 fuisset
732 2517 1028 2588 inspectus,
1062 2517 1179 2573 hinc
1225 2519 1276 2572 in
1307 2520 1620 2574 summitate

48 2611 220 2680 aginae
247 2610 528 2666 sententia
572 2618 785 2680 reperta
819 2620 901 2667 est
931 2629 946 2664 ;
983 2629 1002 2663 ι
1037 2609 1266 2666 Vocavit
1294 2611 1511 2679 multos,
1567 2620 1624 2667 et

47 2703 158 2758 tisit
187 2718 418 2758 servum
445 2717 602 2762 suum
622 2702 759 2758 hora
785 2715 957 2758 caena:
978 2702 1158 2759 dicere
1179 2703 1422 2759 invitatis
1441 2713 1500 2757 ut
1529 2719 1624 2760 ve-

53 2797 211 2860 irent,
259 2795 392 2866 quia
434 2793 550 2865 jam
589 2804 779 2865 parata
809 2805 934 2850 sunt
964 2795 1184 2860 omnia;
1235 2804 1291 2851 et
1341 2806 1624 2866 coeperunt

47 2887 174 2942 intui
212 2902 418 2944 onmes
448 2901 736 2944 excusare.
768 2905 789 2941 ι
851 2886 1056 2943 Deinde
1097 2886 1210 2956 jam
1247 2897 1626 2944 consummato

50 2981 372 3038 rdinationis
432 2995 542 3034 suae
573 2980 662 3035 die
691 2990 910 3046 octavo,
957 2981 1306 3036 (Zantuariam
1338 2981 1625 3052 egrediens

48 3071 78 3125 d
109 3072 317 3127 curiam
357 3071 517 3141 regis
561 3086 657 3140 pro
699 3071 1020 3128 imminente
1067 3070 1364 3127 Nativitate
1413 3073 1624 3128 Domini

50 3164 176 3220 adit.
209 3164 328 3231 Quo
354 3163 718 3236 perveniens,
747 3163 992 3220 hilariter
1016 3179 1047 3220 a
1076 3177 1200 3236 rege
1226 3173 1446 3236 totaque
1467 3164 1622 3235 regni

53 3257 290 3314 obilitate
317 3257 650 3328 suscipitur.

85 3348 156 3402 Ea
197 3357 534 3422 tempestate
575 3364 668 3405 rex
697 3349 1156 3408 Northmanniam
1190 3350 1347 3407 fratri
1377 3365 1476 3406 suo
1509 3349 1623 3406 Ro-

53 3451 166 3497 erto
195 3451 307 3499 toto
348 3441 652 3499 conamine
702 3443 921 3500 auferre
973 3443 1250 3509 laborans,
1300 3442 1524 3500 multam
1568 3452 1627 3500 et

52 3550 333 3592 nntensam
365 3536 740 3607 undecunque
769 3537 1053 3594 collectam
1092 3538 1378 3608 pecuniam
1422 3539 1473 3592 in
1521 3538 1626 3592 hoe

55 3627 378 3695 xpendebat,
401 3628 550 3686 adeo
582 3636 640 3684 ut
667 3629 953 3685 nonnullas
979 3630 1142 3685 etiam
1168 3629 1510 3685 difﬁcultates
1532 3645 1627 3700 pa-

52 3728 251 3788 eretur,
282 3737 423 3792 quas
456 3721 659 3791 regiam
692 3723 802 3792 pati
835 3721 1216 3778 excellentiam
1259 3723 1516 3778 incedens
1545 3723 1628 3778 vi-

51 3807 276 3865 lebatur.
301 3810 511 3868 Suasus
532 3812 695 3884 igitur
718 3815 786 3869 ab
808 3813 1004 3870 amicis
1026 3813 1138 3869 suis
1165 3829 1336 3870 novus
1359 3813 1624 3885 pontifex,

53 3904 357 3975 [uiugentas
411 3907 622 3978 argenti
671 3907 838 3963 libras
879 3907 989 3978 regi
1039 3907 1254 3972 obtulit,
1313 3923 1540 3976 sperans
1574 3917 1634 3964 et

53 3994 413 4052 tollicentibus
470 3999 703 4054 credens
747 4015 868 4056 sese
920 4015 1018 4070 pro
1059 4001 1162 4055 hoc
1209 4000 1327 4071 ejus
1375 3999 1633 4070 deinceps

53 4088 262 4154 {ratiam
295 4089 529 4143 ﬁrmiter
555 4091 901 4161 adepturum,
929 4099 986 4146 et
1012 4107 1132 4162 quae
1171 4092 1263 4146 Dei
1297 4099 1422 4145 sunt
1453 4090 1634 4143 inten-

53 4177 160 4241 lere
186 4181 458 4234 volentem
481 4180 751 4238 fautorem
779 4184 832 4238 in
863 4185 1076 4239 cunctis
1101 4184 1433 4246 habiturttm,
1460 4195 1634 4237 necne

55 4275 196 4330 'ebus
227 4274 613 4332 ecclesiasticis
648 4277 791 4334 intus
819 4289 873 4335 et
916 4288 1071 4334 extra
1099 4294 1286 4350 pacem
1316 4278 1632 4334 tuitionem-

55 4382 137 4435 [ne
167 4367 311 4424 illius
341 4378 530 4425 contra
567 4386 756 4430 omnes
783 4372 1003 4428 aemulos
1049 4371 1464 4442 acquisiturum.
1517 4369 1632 4424 Rex

55 4471 165 4528 :rgo
198 4461 288 4514 tali
312 4461 587 4517 oblatione
609 4465 812 4528 audita,
830 4466 966 4520 bene
988 4479 1098 4520 rem
1120 4464 1337 4536 quidem
1363 4463 1633 4518 laudando

1723 1959 1880 2024 sisse,
1928 1969 1983 2014 et
2033 1961 2218 2016 statim
2275 1961 2558 2032 postulans
2603 1962 2716 2016 ait:
2755 1978 2774 2011 ι
2815 1957 2914 2024 Ne,
2962 1958 3031 2012 mi
3079 1955 3316 2020 domine,

1723 2067 1938 2122 precor,
1973 2053 2075 2108 hoc
2124 2052 2295 2109 facias
2347 2065 2405 2107 ut
2453 2056 2598 2124 quod
2642 2052 3113 2124 inpraesentiarum
3145 2046 3320 2103 oﬂero

1721 2145 2000 2214 suscipere
2030 2147 2258 2201 abnuas.
2283 2145 2438 2201 Licet
2461 2146 2605 2202 enim
2630 2146 2864 2216 primum
2889 2145 2981 2209 sit,
3005 2159 3112 2199 non
3139 2153 3324 2198 tamen

1722 2246 2027 2292 extremum
2075 2240 2468 2310 archiepiscopi
2510 2239 2585 2294 tui
2617 2241 2816 2296 donutn
2851 2240 2974 2294 erit.
3013 2239 3080 2292 Et
3124 2236 3322 2299 fateor,

1723 2329 1909 2384 utilius
1936 2329 2032 2386 tibi
2065 2340 2166 2395 est,
2205 2340 2259 2386 et
2299 2330 2583 2386 honestius
2611 2345 2642 2386 a
2670 2346 2756 2386 me
2784 2346 2954 2401 pauca
2991 2345 3114 2385 cum
3147 2328 3325 2383 antica

1723 2419 1998 2488 libertate,
2053 2431 2107 2474 et
2167 2437 2311 2492 sa-pe
2353 2422 2672 2490 suscipere,
2729 2435 2892 2491 quam
2939 2419 3177 2476 violenta
3231 2432 3330 2474 ex-

1725 2510 1941 2565 actione
1987 2511 2116 2565 mihi
2149 2512 2316 2566 multa
2344 2511 2505 2566 simul
2543 2511 2644 2567 sub
2667 2510 2851 2567 servili
2879 2509 3193 2565 conditione
3229 2524 3327 2564 au-

1726 2599 1891 2656 ferre.
1922 2603 2113 2658 Amica
2147 2619 2341 2671 nempe
2369 2603 2622 2659 libertate
2655 2619 2740 2658 tne
2772 2612 2828 2658 et
2870 2602 3056 2658 omnia
3099 2616 3221 2658 mea
3258 2600 3328 2654 ad

1726 2691 2014 2768 utilitatem
2049 2701 2192 2747 tuam
2232 2693 2432 2748 habere
2476 2694 2704 2764 poteris,
2737 2693 2920 2749 servili
2968 2703 3150 2749 autem
3186 2707 3325 2749 con-

1727 2783 1934 2839 ditione
1967 2800 2066 2839 nec
2115 2799 2200 2838 nte
2236 2801 2334 2840 nec
2372 2800 2490 2841 mea
2524 2785 2768 2840 habebis.
2803 2805 2820 2837 ι
2865 2786 2947 2840 Ad
2978 2801 3116 2854 quae,
3154 2785 3327 2840 iratus

1727 2889 1866 2930 rex:
1899 2895 1917 2926 ‹
1955 2875 2094 2943 Sitti,
2127 2875 2321 2946 inquit,
2373 2893 2497 2932 cum
2539 2875 2723 2948 jurgio
2758 2885 2843 2931 tua
2887 2877 3006 2943 tibi,
3061 2875 3329 2932 sullicient

1729 2982 1848 3021 mea
1877 2967 2028 3022 mihi.
2071 2966 2233 3023 Vade.
2274 2988 2293 3020 ›
2353 2967 2607 3023 Surrexit
2638 2984 2770 3038 ergo
2804 2979 2858 3023 et
2899 2968 3036 3022 exiit
3069 2979 3327 3038 reputans

1729 3060 1869 3130 apud
1903 3075 1982 3126 se,
2017 3059 2156 3118 forte
2186 3077 2290 3116 non
2323 3063 2440 3117 sine
2467 3061 2906 3132 praemonitione,
2933 3061 3106 3130 primo
3130 3059 3195 3113 ad
3238 3073 3330 3113 se-

1729 3154 1852 3209 dem
1885 3171 2036 3209 suam
2077 3157 2332 3211 introitus
2373 3155 2462 3210 Dei
2496 3155 2838 3227 evangelium
2877 3153 3078 3232 lectum
3115 3154 3278 3208 fuisse
3309 3171 3323 3208 :

1648 3215 1692 3274 ϐ
1733 3244 1904 3300 Nemo
1936 3257 2103 3317 potest
2133 3249 2336 3301 duobus
2375 3249 2601 3304 dominis
2633 3215 2825 3304 servire
2853 3224 3074 3320 (Metili.
3103 3263 3180 3312 vt,
3207 3247 3326 3320 24).

1729 3339 1798 3394 Et
1829 3339 2063 3395 alacrior
2093 3342 2144 3396 in
2172 3343 2344 3412 ipsmn
2377 3358 2667 3400 reversus:
2695 3362 2713 3395 ι
2752 3341 3079 3398 Benedictus
3107 3342 3198 3406 sit,
3231 3341 3326 3407 ait,

1729 3431 2073 3502 omnipotens
2109 3431 2273 3501 Deus,
2325 3435 2414 3504 qui
2449 3451 2536 3489 me
2586 3451 2682 3491 sua
2739 3434 3109 3488 misericordia
3140 3433 3330 3487 immu-

1729 3540 1853 3580 nem
1903 3525 2144 3582 servavit
2181 3527 2247 3582 ab
2279 3527 2426 3581 omni
2460 3525 2707 3581 infamia.
2763 3523 2820 3580 Si
2873 3524 3016 3579 enim
3049 3525 3162 3579 hzec
3209 3539 3337 3594 qua}

1727 3619 1900 3675 obtuli
1950 3636 2042 3675 rex
2093 3621 2332 3691 gratiose
2364 3623 2717 3692 suscepisset,
2750 3617 2997 3691 profecto
3021 3633 3050 3672 a
3077 3615 3330 3688 malignis

1732 3714 2070 3781 hominibus,
2102 3715 2193 3785 qui
2229 3715 2528 3784 exundant,
2567 3713 2680 3784 jam
2719 3723 2846 3768 ante
2886 3727 2986 3783 pro
3016 3711 3334 3781 episcopatu

1733 3806 2038 3879 promissa,
2098 3815 2152 3860 et
2199 3823 2342 3862 nunc
2392 3807 2493 3861 sub
2540 3806 2735 3863 callida
2787 3805 3064 3860 oblatione
3121 3801 3333 3857 reddita

1735 3897 1930 3954 fuisset
1971 3907 2242 3969 putatum.
2296 3898 2403 3954 Sed
2448 3901 2609 3954 modo
2639 3896 2767 3967 quid
2800 3895 2998 3968 agam?
3031 3893 3334 3963 Prtesigna-

1738 3999 1851 4045 tum
1877 3989 2064 4058 utique
2097 4006 2295 4044 munus
2322 4005 2418 4059 pro
2451 3989 2823 4059 redemptione
2847 3987 3042 4042 animae
3063 3999 3173 4040 suae
3193 3999 3330 4056 pau-

1736 4084 1958 4154 peribus
1987 4083 2188 4138 Christi
2217 4083 2376 4147 dabo,
2409 4097 2514 4135 non
2547 4081 2654 4146 illi;
2695 4090 2750 4135 et
2796 4095 2902 4150 quo
2932 4080 2980 4135 ei
3022 4094 3176 4136 suam
3208 4093 3334 4149 gra-

1742 4175 1872 4229 tiam
1905 4174 2174 4240 infundat,
2200 4188 2394 4244 meqne
2426 4175 2494 4230 ab
2522 4173 2669 4228 omni
2701 4173 2844 4230 malo
2868 4172 3140 4237 defendat,
3171 4171 3334 4227 devo-

1743 4278 1828 4323 tus
1870 4268 2055 4322 orabo.
2094 4286 2113 4319 ι
2167 4266 2402 4334 ρυωείιει
2445 4266 2640 4322 dehinc
2679 4281 2777 4336 per
2808 4263 3194 4329 internuntios,
3237 4260 3334 4318 sed

1741 4362 1868 4433 quia
1907 4360 2197 4432 pecuniam
2242 4360 2519 4430 duplicare
2566 4360 2759 4426 noluit,
2813 4359 3035 4414 minime
3065 4355 3335 4426 acquisita

1740 4455 1912 4527 gratia
1938 4455 2075 4524 ejus,
2106 4471 2134 4510 a
2166 4454 2341 4519 curia,
2386 4453 2679 4510 festivitate
2708 4438 2882 4519 finita,
2921 4450 3147 4507 recessit
3183 4447 3334 4504 solli-

55 4554 338 4622 respondit;
370 4555 464 4610 sed
503 4556 720 4625 quidam
757 4558 1006 4628 malignre
1037 4557 1234 4613 tuentis
1265 4557 1512 4612 homines
1544 4571 1630 4612 re-
1660 4582 1714 4643 υ
1739 4548 1880 4604 citus
1913 4564 2080 4619 agens
2107 4548 2285 4604 oblato
2315 4563 2559 4613 munere,
2610 4555 2667 4602 ut
2706 4555 3085 4619 proposuerat,
3127 4541 3334 4600 Christi

57 4657 179 4710 gem,
197 4655 254 4698 ttt
285 4645 401 4700 fieri
424 4645 578 4710 solet,
605 4647 670 4702 ad
698 4649 796 4702 hoc
812 4650 1180 4720 perduxerunt
1198 4646 1598 4718 quatenu'sohla
1621 4676 1634 4693 .-

57 4741 148 4787 tam
174 4739 454 4806 pecuniam
487 4741 795 4811 spernendo
833 4742 1074 4812 recipere
1101 4758 1208 4796 non
1237 4742 1631 4813 acquiesceret.

123 4844 138 4875 ο
180 4827 278 4896 Tu,
315 4832 588 4902 inquiunt,
627 4849 751 4889 eum
794 4850 904 4904 prie
954 4835 1166 4890 caeteris
1196 4834 1400 4904 Angliae
1432 4834 1633 4903 princi-

57 4914 198 4983 pibus
229 4921 531 4991 honorasti,
563 4926 768 4991 ditasti,
803 4926 1082 4993 exallasti;
1113 4933 1165 4981 ct
1201 4941 1342 4980 nunc
1388 4939 1510 4979 cum
1546 4933 1634 4978 tua

59 5017 369 5074 necessitate
395 5020 741 5076 considerata
768 5018 874 5074 duo
906 5019 1090 5080 millia,
1144 5017 1229 5073 vel
1264 5027 1434 5082 certe,
1467 5027 1525 5072 ut
1561 5017 1636 5094 le-

60 5101 266 5163 Vissitne
301 5111 535 5175 dicatur,
571 5113 718 5168 mille
748 5112 912 5167 libras
941 5128 1038 5184 pro
1065 5111 1288 5183 agendis
1321 5112 1641 5166 muniﬁcen-

63 5189 265 5254 titetute
310 5204 502 5272 gratiis
549 5204 646 5258 tibi
697 5204 832 5258 dare
865 5203 1105 5270 deberet,
1163 5205 1486 5275 quingentas
1517 5204 1640 5274 (pro

63 5285 288 5363 Pndor!)
333 5293 511 5352 olfert.
563 5293 672 5351 Sed
720 5294 995 5366 paululum
1050 5298 1280 5359 sustine,
1335 5296 1638 5363 faciemque

68 5379 204 5434 tuatu
248 5398 409 5456 super
453 5404 520 5445 eo
562 5398 858 5456 commuta,
891 5399 947 5444 et
967 5389 1173 5444 videbis
1202 5389 1344 5458 quod
1377 5395 1642 5443 consueto

1736 4654 2002 4710 pauperes
2030 4654 2295 4695 recreare.

1811 4729 2046 4787 Veniens
2076 4741 2255 4786 autem
2310 4733 2363 4785 in
2400 4732 2578 4786 villam
2612 4745 2790 4795 suam,
2836 4743 2955 4798 qua:
3004 4727 3180 4796 Herga
3229 4722 3328 4796 [αι.

1738 4823 1936 4897 Berga]
1966 4833 2212 4892 vocatur,
2238 4824 2506 4879 dedicavit
2535 4823 2643 4878 illic
2674 4820 2959 4875 ecclesiam
3007 4833 3170 4888 quam
3195 4815 3334 4869 Lan-

1740 4915 1961 4971 francus
1996 4916 2212 4986 quidem
2256 4915 2635 4978 fabricaverat,
2686 4913 2778 4967 sed
2821 4918 2995 4964 morte
3024 4915 3334 4978 prmveulus

1745 5024 1966 5064 sacrare
1999 5010 2337 5080 nequiverat.
2381 5009 2524 5062 Inter
2548 5021 2709 5076 quam
2747 5001 3139 5058 dedicationem
3173 5015 3335 5055 vene-

1745 5111 1872 5156 runt
1901 5101 2024 5156 illuc
2051 5102 2158 5155 duo
2180 5100 2428 5156 canonici
2459 5099 2522 5154 de
2548 5097 2750 5153 Sancto
2779 5093 2945 5148 Paulo
2978 5093 3046 5148 ab
3075 5093 3334 5164 episcopo

1747 5192 2040 5250 Londonite
2090 5195 2261 5260 missi,
2299 5195 2508 5248 litteras
2537 5207 2602 5246 ex
2631 5201 2782 5261 parte
2812 5188 3049 5261 episcopi
3087 5187 3335 5243 deferen-

1753 5300 1853 5356 tes,
1894 5290 1948 5344 in
1994 5289 2190 5358 quibus
2226 5298 2284 5342 ut
2316 5288 2486 5357 ipsam
2517 5283 2936 5350 dedicationem,
2975 5283 3146 5338 donec
3174 5278 3338 5336 simul

1750 5384 1876 5440 inde
1902 5384 2278 5456 loquerentur,
2319 5378 2581 5444 dilferret,
2611 5379 2934 5448 deprecatus
2961 5385 3068 5431 est.
3107 5373 3337 5429 Dicebat

1337 5518 1748 5578 HENSCHENII
1779 5517 2016 5577 NOTAE.

69 5642 152 5687 an.
173 5635 305 5713 ιοῖο
332 5642 397 5696 ad
425 5643 591 5708 l097,
637 5643 888 5698 laudatus
927 5639 1288 5713 praesul,_nisi
1335 5640 1477 5710 quod
1510 5656 1642 5713 erga

73 5658 305 5694 ιιιοιυῖυ
332 5658 397 5696 an
425 5658 554 5698 tuat
578 5684 591 5708 ,
639 5658 888 5698 laudatus
966 5658 1148 5708 raesut,
1186 5658 1288 5694 ms:
1335 5658 1477 5710 quoa
1510 5658 1639 5713 erga

73 5711 618 5784 monachosiniquior
651 5713 812 5770 fuerit
841 5733 854 5768 :
891 5658 1022 5770 aiibi
1053 5711 1404 5768 Walcbemus
1444 5714 1639 5770 scribi-

75 5778 156 5828 tur
174 5787 225 5832 et
251 5778 714 5840 forsitan‘melius.

141 5857 167 5886 ι
204 5847 476 5910 Mauritius
506 5853 884 5914 Londiniensls
918 5857 1204 5915 institutus
1225 5871 1314 5910 an.
1347 5854 1515 5922 1087,
1555 5854 1639 5910 vi-

1753 5641 1891 5714 ginti
1933 5637 2092 5694 annis
2142 5635 2324 5692 sedem
2378 5633 2568 5714 tenuit,
2620 5639 2676 5686 et
2725 5625 3047 5714 ecclesiatq
3182 5623 3339 5714 Bauli

1753 5695 2003 5768 exustam
2043 5719 2374 5769 restanrans,
2411 5695 2697 5772 fecitOpus
2729 5695 3058 5772 totaAnglia
3087 5695 3338 5750 famosis-

1754 5787 1974 5849 simum,
2001 5794 2206 5852 nupero
2237 5777 2487 5835 incendio
2514 5769 2864 5832 Londiniensi
2889 5773 3286 5836 consumptum.
