3890 6306
562 974 586 1030 ἕ

559 1029 584 1089 t

634 250 739 309 575

637 461 766 527 hoc,
788 459 913 514 licet
933 450 1001 513 in
1034 467 1176 514 terra
1203 460 1596 535 archiepiscopi
1624 464 1808 534 fuerit,
1832 467 2224 525 dedicationem

637 551 783 607 illius
810 551 875 605 ad
905 565 962 606 se
987 550 1282 622 pertinere.
1308 553 1550 610 Audiens
1578 556 1682 612 hoc
1715 558 2004 615 Anselmus
2034 569 2089 615 et
2124 576 2226 615 au-

636 652 963 698 tecessorum
988 658 1210 700 suorum
1236 645 1515 716 antiquam
1554 650 2000 706 consuetudinem
2025 652 2222 718 sciens,

634 744 788 792 ratus
817 746 901 792 est
929 738 1016 793 tab
1048 739 1165 808 ipso
1197 738 1502 795 ministerio
1534 755 1634 810 pro
1664 742 1942 798 hominum
1975 746 2225 814 precibus

630 842 736 883 non
768 822 1112 895 cessandum,
1159 845 1262 884 nec
1316 830 1461 887 fecit.
1499 830 1555 887 Si
1596 833 1815 903 quidem
1864 850 1981 890 mos
2014 845 2069 890 et
2098 851 2229 892 con-

632 921 863 976 suetudo
907 920 1442 990 archiepiscoporum
1486 924 1955 981 Cantuariensium
1989 927 2057 981 ab
2083 930 2226 984 anti-

628 1004 737 1082 quo
769 1013 869 1067 fuit
894 1022 950 1067 et
979 1025 1085 1080 est,
1114 1023 1173 1070 ut
1202 1016 1254 1069 in
1283 1015 1446 1070 terris
1490 1018 1605 1071 suis
1640 1016 1948 1088 ubicunque
1978 1034 2076 1088 per
2114 1022 2226 1075 An-

631 1103 795 1173 gliam
822 1105 953 1169 sint,
986 1104 1166 1162 nullus
1187 1108 1565 1178 episcoporum
1589 1118 1787 1179 praeter
1814 1125 1872 1165 se
1893 1112 1982 1182 jus
2010 1114 2226 1184 aliquod

631 1200 855 1267 habeat,
901 1194 992 1255 Sed
1025 1202 1257 1257 humana
1297 1202 1457 1259 simul
1485 1212 1540 1258 et
1568 1203 1745 1260 divina
1786 1208 1965 1261 omnia
1995 1209 2140 1263 velut
2170 1210 2223 1264 in

632 1293 856 1363 propria
889 1294 1111 1350 dioecesi
1160 1296 1212 1351 in
1253 1312 1351 1352 sua
1379 1295 1727 1366 dispositione
1758 1300 2076 1356 consistant.
2110 1301 2223 1357 An-

638 1384 844 1440 selmus
873 1394 1049 1440 tamen
1100 1386 1228 1441 nulli
1266 1389 1557 1459 quidquam
1601 1390 1944 1461 injttriarum,
1973 1393 2126 1461 quasi
2157 1392 2224 1448 li-

633 1467 768 1531 bera
810 1485 965 1532 utens
995 1486 1284 1548 potestate,
1313 1480 1492 1536 facere
1520 1481 1726 1547 volens,
1780 1482 2023 1553 diligenti
2075 1493 2225 1554 post-

632 1567 852 1622 modum
886 1568 1243 1640 inquisitione
1285 1572 1697 1628 consuetudinis
1743 1572 1904 1643 hujus
1942 1575 2227 1639 eertitudi-

629 1677 755 1717 nem
784 1664 989 1718 studuit
1018 1665 1343 1737 investigare
1373 1678 1642 1738 quatenus
1670 1670 1715 1725 si
1740 1685 1862 1726 eam
1916 1680 2089 1726 ratam
2116 1688 2221 1727 non
2254 1710 2300 1769 Β

627 1755 795 1811 fuisse
818 1766 1110 1826 constaret,
1139 1760 1335 1816 amodo
1360 1760 1429 1816 ab
1450 1776 1513 1816 ea
1546 1772 1896 1833 temperaret.
1926 1763 2223 1835 Supererat

627 1849 805 1904 adhuc
832 1850 1003 1905 beatae
1029 1853 1309 1908 memoriae
1336 1854 1627 1911 Volstanus
1658 1856 1946 1928 episcopus
1983 1875 2125 1914 unus
2167 1867 2224 1915 et

625 1940 775 1996 solus
809 1941 874 1997 de
920 1943 1162 2011 antiquis
1215 1942 1512 2015 Anglorum
1559 1944 1830 2015 Patribus,
1870 1949 1955 2003 vir
1980 1949 2033 2004 in
2074 1952 2221 2006 omni

626 2034 887 2106 religione
947 2037 1300 2107 conspicuus,
1352 2046 1406 2093 et
1443 2039 1790 2109 antiquarum
1832 2041 2040 2113 Anglia:
2095 2057 2223 2098 con-

622 2128 972 2182 suetudinum
1008 2130 1241 2185 scientia
1276 2131 1521 2202 apprime
1548 2134 1813 2189 eruditus.
1850 2134 2006 2189 Hunc
2029 2134 2221 2191 Ansel-

622 2234 747 2275 mus
771 2220 838 2275 de
873 2221 1089 2291 negotio
1121 2222 1416 2288 consuluit,
1436 2222 1509 2279 ‘et
1530 2239 1637 2294 quo
1664 2224 1963 2296 simplicem
1997 2225 2099 2281 sibi
2130 2226 2224 2284 ve-'

625 2316 845 2369 ritatem
880 2316 1266 2381 innotesceret,
1314 2316 1625 2388 postulavit.
1670 2319 1788 2386 Quo
1824 2320 1913 2377 ille
1949 2330 2221 2392 suscepto,

626 2406 853 2477 scripsit
884 2405 957 2460 illi
989 2407 1106 2463 hac
1137 2425 1150 2462 :

702 2516 722 2549 ι
771 2497 1246 2557 Reverendissimo
1281 2518 1346 2559 ac
1397 2502 1715 2560 beatissimo
1760 2504 1885 2560 vitae
1930 2506 2224 2563 sanctitate

625 2599 685 2646 et
728 2607 954 2650 summa:
985 2598 1132 2653 sedis
1173 2597 1435 2669 dignitate
1463 2597 1705 2669 praelato,
1731 2598 1985 2656 ANSELMO
2037 2600 2221 2656 archi-

629 2683 904 2757 episcopo,
937 2686 1315 2747 Worsona‘us
1334 2705 1617 2747 servorum
1642 2692 1736 2746 Dei
1780 2693 2061 2759 minimus,
2102 2692 2218 2748 Wio

623 2780 928 2847 gorniensis
989 2784 1246 2842 Ecclesiae
1310 2786 1598 2856 episcopus
1664 2788 1860 2843 merito
1926 2789 2221 2861 indignus,

616 2874 928 2932 orationum
978 2877 1262 2950 obsequia,
1320 2880 1615 2951 ﬁdeliaque
1659 2897 1728 2938 ex
1783 2882 2057 2941 charitate
2107 2899 2224 2942 ser-

614 2965 775 3022 vilia.

704 3076 723 3110 ι
758 3057 916 3115 Novit
954 3063 1246 3133 prudentia
1284 3073 1467 3122 vestra
1508 3065 1855 3138 quotidianos
1905 3066 2118 3125 labores
2169 3072 2293 3132 etC

616 3156 1006 3224 oppressiones
1038 3168 1245 3214 sancta:
1273 3159 1553 3228 Ecclesiae,
1602 3160 1853 3233 malignis
1882 3177 2003 3217 eam
2035 3164 2219 3236 oppri-

616 3247 895 3304 mentibus
934 3258 989 3305 et
1018 3250 1151 3321 ipsis
1188 3267 1326 3323 quos
1359 3263 1678 3325 oportuerat
1701 3270 1820 3311 eam
1848 3255 2006 3321 tueri,
2037 3267 2222 3315 aucto-

615 3338 774 3395 ribus
812 3342 1199 3400 existentibus.
1238 3346 1322 3401 Ad
1368 3347 1467 3402 hos
1519 3347 1881 3419 repellendos,
1923 3357 1977 3402 et
2029 3360 2218 3407 contra

620 3432 759 3488 tales
786 3444 1036 3491 sanctam
1072 3436 1371 3493 Ecclesiam
1409 3439 1721 3509 defendere,
1748 3443 2014 3499 sanctitas
2036 3428 2225 3500 vestra

618 3516 799 3579 locata
853 3527 1019 3582 estin
1053 3544 1263 3585 smmna
1311 3546 1454 3587 arce.
1496 3530 1575 3587 Ne
1623 3531 1789 3604 igitur
1839 3534 2072 3600 dubitet,
2112 3551 2217 3593 non

620 3631 743 3673 eam
786 3620 1069 3677 saecularis
1100 3624 1356 3693 potentia:
1404 3626 1569 3681 timor
1598 3627 1865 3695 humiliet,
1908 3645 2015 3685 non
2064 3628 2219 3684 favor

615 3709 865 3779 inclinet,
898 3714 989 3769 sed
1018 3714 1237 3770 fortiter
1266 3716 1514 3787 incipiat,
1548 3717 1765 3789 incepta
1795 3734 1918 3775 cum
1946 3720 2041 3777 Dei
2065 3720 2219 3791 adju-

614 3802 759 3859 torio
802 3796 1063 3873 perficiat;
1102 3806 1515 3879 insurgentibus
1557 3810 1813 3876 obsistat,
1849 3811 2217 3883 opprimentes

608 3899 893 3969 reprimat,
927 3909 1282 3971 sanctamque
1312 3912 1544 3958 matrem
1577 3912 1822 3959 nostram
1856 3913 2047 3959 contra
2081 3905 2216 3961 tales

610 3988 890 4047 defendat.
948 3994 1022 4048 De
1052 3992 1137 4048 his
1167 4002 1349 4049 autem
1394 3994 1539 4049 unde
1582 3994 1736 4049 nobis
1769 3994 2005 4065 dignitas
2033 4004 2214 4051 vestra

613 4080 857 4137 Scribere
893 4091 950 4137 et
997 4091 1199 4137 nostrae
1230 4082 1522 4153 parvitatis
1557 4084 1847 4141 consilium
1879 4094 1961 4141 est
1993 4085 2213 4157 dignata

607 4185 875 4243 qumrere,
905 4170 1165 4244 quantum
1212 4178 1487 4233 recordari
1534 4194 1848 4249 possumus,
1890 4179 2068 4235 dicere
2105 4195 2211 4237 non

608 4266 931 4321 omittimus.
991 4266 1141 4323 Hanc
1199 4269 1432 4339 denique
1480 4275 1625 4327 unde
1674 4271 1945 4328 consuluit
1990 4288 2208 4329 causam

610 4358 860 4413 ventilari
891 4373 1166 4429 nunquam
1191 4362 1517 4428 audivimus,
1552 4364 1678 4433 quia
1713 4364 1892 4419 nullus
1918 4365 2210 4433 aliquando

1646 241 1956 309 monent
1994 237 2554 310 CANTUARIENSIS
2588 245 2915 307 MONACHI.
3706 242 3751 319 ’π

636 368 783 423 enim
818 378 989 438 ipsam
1033 364 1317 449 ecclesiam
1358 368 1412 423 in
1458 382 1556 425 sua
1601 366 1861 441 parochia
1893 388 2035 439 esse,
2068 382 2121 429 et
2153 374 2224 431 ob
2252 354 2302 414 Α
2329 370 2470 426 hanc
2494 350 2832 441 spiritualem
2864 374 3190 441 potestatem
3229 365 3474 441 ejusdem
3507 378 3747 446 metropolim

2330 462 2567 533 episcopi
2594 477 2718 518 esse
2742 461 3064 519 scientibus.
3092 459 3363 519 Iudicium
3394 473 3556 520 tamen
3582 468 3666 523 hinc
3684 489 3715 539 ες
3736 508 3751 525 ,ς

2330 564 2467 619 tum,
2519 564 2613 611 aut
2642 556 2747 612 hoc
2780 571 2846 611 ex
2871 556 2995 627 jure
3029 555 3130 611 sibi
3165 553 3465 626 judicatum
3493 558 3701 629 aliquando
3722 584 3752 613 ε.

2328 646 2477 701 nime
2507 646 2832 711 audivimus,
2883 646 2977 701 sed
3022 645 3165 716 quod
3215 647 3265 702 in
3318 658 3501 703 nostra
3525 650 3751 711 diaereses

2329 738 2525 795 fecisse
2571 738 2741 794 libere
2785 737 3124 809 agnovimus,
3179 738 3231 794 in
3280 740 3506 796 aliorum
3537 744 3660 797 etiam
3683 746 3752 801 tam

2329 846 2487 901 posse
2517 831 2812 887 credimus.
2862 831 3004 887 Ecce
3033 841 3294 903 quantum
3349 834 3475 890 inde
3508 836 3702 893 reminisci
3725 856 3751 891 εις

2329 926 2470 980 scire
2509 924 2783 995 potuimus
2814 926 3117 994 prudentia:
3144 936 3340 982 vestra:
3384 927 3751 999 intimavimns,ja

2329 1013 2459 1083 quid
2490 1012 2797 1069 faciendum
2830 1017 2900 1069 sit
2932 1016 3044 1085 ipsa
3091 1017 3423 1074 consideret.
3460 1018 3619 1076 Valeat
3644 1032 3752 1091 palem-

2330 1108 2416 1158 tas
2443 1112 2648 1169 vestra,
2682 1113 2736 1159 et
2765 1116 2886 1162 oret
2918 1122 3015 1176 pro
3046 1107 3218 1164 nobis.
3260 1128 3278 1162 ›

2399 1194 2706 1252 Roboratus
2755 1198 2917 1268 igitur
2962 1198 3250 1256 Anselmus
3309 1215 3380 1258 ex
3430 1203 3570 1273 istis,
3611 1215 3751 1275 atque

2328 1284 2513 1340 multis
2534 1286 2785 1353 aliorum,
2817 1304 2957 1358 quos
3000 1290 3218 1363 longum
3251 1303 3339 1349 est
3384 1309 3671 1360 enumerare,
3696 1308 3751 1348 is.

2328 1381 2553 1449 moniis,
2591 1396 2784 1438 secure
2814 1384 3072 1455 deinceps
3100 1402 3325 1442 suorum
3359 1404 3555 1443 morem
3594 1399 3750 1443 annos:

2330 1488 2450 1527 rum
2501 1474 2878 1542 aemulabatur,
2926 1493 3031 1533 non
3081 1478 3255 1535 solum
3309 1482 3560 1538 ecclesias
3590 1483 3749 1537 iacens»..-

2329 1565 2597 1637 episcopis
2624 1583 2868 1633 saerans,
2901 1571 2997 1626 sed
3038 1579 3092 1627 et
3136 1587 3369 1644 quaeque
3420 1575 3583 1629 divina
3623 1565 3769 1644 olliciuj

2330 1659 2543 1714 cunctis
2572 1661 2733 1715 terris
2763 1661 2876 1716 suis
2893 1677 2990 1733 per
3013 1677 3073 1719 se
3099 1679 3297 1721 suosve
3323 1666 3631 1738 dispensans.

2398 1750 2642 1808 Evolutis
2686 1753 2884 1810 dehinc
2937 1754 3233 1826 aliquantis
3280 1758 3500 1824 diebus,
3544 1774 3598 1814 ex

2328 1844 2474 1915 regis
2523 1859 2711 1902 omnes
2760 1846 2874 1902 fere
2924 1849 3202 1919 episcopi,
3262 1866 3373 1906 una
3420 1867 3534 1908 cum
3576 1850 3747 1922 principia

2325 1936 2531 2008 Angliae
2575 1938 2643 1993 ad
2688 1939 2973 2012 Hastinges
3017 1941 3047 1982 ι)
3079 1954 3469 2009 convenerunt,
3512 1945 3649 2015 ipsum
3680 1954 3747 2009 reg?!

2327 2025 2382 2082 in
2419 2026 2873 2087 Northmanniam
2906 2032 3390 2091 transfretaturum
3420 2051 3511 2091 sua
3540 2032 3745 2090 benedicta

2327 2128 2384 2177 et
2430 2137 2695 2179 concursu
2745 2128 3040 2196 prosecuti.
3101 2125 3255 2184 Venit
3316 2137 3373 2185 et
3414 2128 3565 2183 Pater
3594 2124 3745 2180 Anselms

2326 2214 2439 2270 suis
2467 2231 2628 2285 quam
2662 2218 2898 2275 maxime
2927 2219 3269 2278 orationibus
3318 2236 3419 2291 per
3446 2219 3620 2277 marina
3641 2217 3746 2289 peds:

2326 2321 2510 2379 regem
2542 2312 2875 2381 protegendo
2925 2312 3205 2370 ducturus.
3253 2313 3451 2370 Morati
3503 2328 3608 2368 vero
3641 2308 3747 2365 sumi:

2325 2416 2421 2456 rex
2461 2403 2807 2475 etprincipes
2857 2404 2977 2477 plus
3032 2422 3140 2462 uno
3192 2422 3400 2473 mense,
3448 2415 3588 2462 vento
3608 2400 3745 2459 tramitti

2326 2492 2439 2565 regi
2472 2494 2814 2563 prohibente.
2852 2495 2909 2550 In
2940 2512 3043 2567 qua
3078 2512 3229 2554 mora
3258 2497 3539 2555 Anselmus
3560 2492 3747 2551 sacravit!

2325 2584 2550 2641 ecclesia
2581 2594 2785 2642 sanctae
2813 2588 2903 2643 Dei
2934 2589 3214 2659 genitricis
3247 2589 3434 2645 Maria:
3459 2602 3565 2659 qum
3595 2580 3745 2645 esum

2326 2676 2573 2743 castello,
2603 2677 2899 2734 Robertum
2932 2690 2954 2718 ο
3001 2679 3068 2735 ad
3116 2680 3360 2753 regimen
3410 2676 3627 2736 Ecclesia:
3656 2666 3747 2727 Lind“

2325 2770 2554 2838 niensis,
2586 2772 3019 2829 ministrantibus
3054 2774 3156 2829 sibi
3180 2775 3234 2830 in
3258 2775 3366 2831 hoc
3402 2772 3558 2829 ofﬁcio
3588 2760 3745 2839 seple

2326 2862 2687 2935 suﬂ'raganeis
2714 2853 2985 2938 episcopis
3016 2868 3132 2923 suis
3156 2865 3205 2922 δ.
3256 2868 3335 2924 De
3378 2883 3481 2940 qua
3512 2875 3647 2921 tamen
3666 2866 3746 2913 cari“

2326 2954 2572 3011 cratione
2625 2958 2843 3028 quidam
2897 2958 2964 3012 de
3020 2958 3292 3029 episcopis
3358 2969 3514 3029 atque
3569 2946 3745 3026 ρήιιοίινῖσ

2327 3045 2507 3102 conati
2537 3056 2664 3102 sunt
2712 3057 2901 3102 contra
2951 3046 3271 3103 Anselmum
3325 3045 3608 3106 scandalum
3637 3045 3747 3093 πισταὶ

2325 3140 2667 3197 intendentes
2695 3142 2763 3198 ad
2790 3142 2893 3197 hoc
2918 3150 2977 3197 ut
3021 3143 3272 3199 eumdem
3321 3143 3606 3215 episcopum

2324 3233 2527 3305 absque
2559 3234 2737 3290 debita
2768 3234 3107 3306 professione
3152 3244 3515 3293 consecraret.
3553 3226 3660 3298 Quod
3692 3224 3747 3273 ιιίὲ

2318 3325 2441 3397 jure
2468 3323 2582 3380 fulti
2604 3340 2666 3382 ea
2695 3325 3033 3383 solummodo
3058 3343 3119 3384 re
3145 3338 3273 3383 sunt
3301 3325 3552 3402 aggressi,
3573 3319 3660 3391 qui:
3684 3318 3746 3407 ιλαυῖ

2323 3417 2455 3472 bant
2494 3431 2552 3473 se
2579 3418 2761 3473 animo
2784 3418 2928 3488 regis
2954 3420 3157 3490 aliquid
3185 3436 3253 3477 ex
3290 3408 3747 3478 conturbationem

2323 3508 2397 3563 mi
2426 3508 2570 3564 unde
2614 3508 2894 3565 laetaretur
2924 3508 3149 3577 inferre,
3180 3511 3419 3568 scientes
3443 3523 3551 3564 eum
3575 3515 3645 3576 pro
3664 3504 3746 3561 ευρη·

2321 3601 2526 3671 scripta
2557 3615 2725 3657 causa
2755 3601 3019 3658 adversus
3041 3602 3216 3673 ipsum
3239 3618 3350 3659 non
3374 3615 3549 3676 parum
3567 3606 3651 3651 esse
3667 3583 3745 3639 ωηά
3768 3592 3769 3601 ³

2322 3701 2456 3749 tum.
2514 3693 2622 3750 Sed
2674 3695 2965 3752 Anselmus
3013 3712 3079 3752 ex
3117 3697 3201 3753 his
3242 3697 3383 3754 nihil
3430 3689 3631 3752 rancoris

2320 3786 2651 3857 concipiens,
2679 3787 2880 3858 placito
2915 3787 3063 3843 vultu
3090 3787 3235 3843 nulla
3261 3791 3471 3846 ratione
3496 3780 3695 3841 assensum
3717 3774 3745 3815 ιε

2317 3880 2582 3950 prtebere,
2616 3895 2717 3937 nec
2746 3881 3087 3953 episc0pum,
3122 3882 3226 3938 nisi
3259 3884 3438 3954 primo
3478 3881 3666 3943 suscell“l
3695 3869 3745 3930 ΡΨ

2318 3973 2554 4030 fessione
2604 3973 2673 4030 ab
2714 3990 2780 4031 eo
2824 3975 2891 4031 de
2939 3975 3275 4046 subjectione
3325 3984 3383 4033 et
3436 3959 3744 4059 obedientitSf‘

2318 4080 2537 4123 sacrare
2566 4067 2755 4123 voluit.
2787 4068 2901 4123 Rex
2926 4083 3164 4140 quoque,
3200 4069 3293 4125 ubi
3352 4067 3478 4141 quid
3506 4050 3678 4133 epistol)i
3702 4050 3748 4094 ηδ’

2318 4157 2591 4213 liebantur
2614 4160 2841 4226 audivit,
2868 4161 3099 4215 asseruit
3120 4175 3180 4217 se
3209 4160 3359 4217 nullo
3404 4166 3547 4233 pacto
3588 4143 3745 4204 constt“

2317 4267 2439 4306 rum
2468 4260 2525 4305 ut
2549 4266 2647 4322 pro
2670 4251 2953 4309 inimicitia
2999 4269 3162 4323 quam
3202 4262 3393 4311 contra
3442 4234 3745 4323 archiepisww

2318 4344 2579 4409 habebat,
2613 4347 2773 4399 matri
2825 4358 2935 4399 sua:
2987 4322 3242 4401 Ecclesia:
3294 4322 3745 4403 Cantuariensidc‘“

608 4447 819 4503 exstitit
839 4448 931 4519 qui
960 4449 1099 4505 hanc
1124 4448 1506 4507 Cantuariensi
1537 4452 1949 4524 archiepiscopo
1971 4463 2144 4523 potest

1764 4454 1949 4524 ίερορο
1971 4463 2210 4523 mles”-
2242 4439 2288 4499 D
2315 4434 2576 4505 dignitate
2601 4435 2729 4505 quid
2758 4437 2938 4506 quivis
2965 4435 3298 4493 detraheret.

608 4551 717 4596 tem
754 4542 996 4599 adimere
1021 4543 1199 4612 vellet,
1241 4555 1296 4601 et
1330 4561 1399 4600 ne
1426 4545 1821 4602 dedicationem
1864 4547 2205 4616 propriarum

606 4634 871 4692 duntaxat
924 4637 1297 4695 Ecclesiarum
1338 4638 1554 4711 publice
1596 4638 1819 4705 faceret,
1876 4637 2207 4698 defenderet.

605 4730 832 4787 Exstant
860 4731 1059 4803 quippe
1087 4742 1143 4787 et
1172 4733 1227 4788 in
1264 4741 1449 4787 nostra
1479 4731 1700 4787 dimcesi
1729 4731 1947 4798 altaria,
1976 4740 2029 4787 et
2061 4749 2209 4805 qua:-

603 4825 726 4882 dam
754 4827 917 4883 etiam
976 4827 1233 4883 Ecclesiae
1264 4827 1316 4881 in
1354 4826 1440 4882 his
1486 4826 1694 4882 scilicet
1740 4827 1884 4883 villis
1928 4844 2064 4900 quas
2092 4828 2206 4885 Sti-

603 4919 807 4990 gandus
830 4933 879 4986 α,
918 4930 1116 4977 vestrae
1166 4920 1502 4977 excellentiae
1531 4921 1920 4992 praedecessor,
1947 4923 2089 4978 haud
2127 4932 2207 4979 ta-

603 5026 731 5066 men
756 5013 881 5082 jure
904 5014 1293 5070 ecclesiasticae
1319 5015 1678 5082 haereditatis,
1702 5015 1796 5071 sed
1820 5032 1885 5071 ex
1911 5015 2052 5071 dono
2072 5030 2198 5086 pos-

602 5103 819 5159 sederat
847 5104 1123 5160 saacularis
1153 5106 1459 5176 potestatis,
1486 5107 1554 5162 ab
1576 5107 1692 5177 ipso
1721 5107 1966 5163 dedicata
1992 5107 2197 5163 nostris

601 5204 653 5250 at
677 5198 1048 5251 anteeessoris
1078 5198 1249 5252 nostri
1285 5198 1636 5269 temporibus,
1664 5201 1819 5257 nobis
1851 5200 2207 5269 inconsultis,

600 5304 698 5345 nec
758 5298 923 5346 antea
966 5304 1065 5346 nec
1111 5301 1296 5361 postea
1330 5293 1452 5349 inde
1495 5295 1971 5362 calumniantibus,
2002 5305 2193 5367 utpote

2387 4551 2464 4606 Eo
2514 4560 2755 4622 tempore
2791 4552 3014 4608 curialis
3051 4551 3310 4623 juventus
3355 4554 3516 4611 ferme
3555 4549 3635 4600 tota
3661 4528 3744 4585 ετίυδ

2313 4658 2439 4698 suos
2461 4642 2875 4714 juveneularnm
2903 4659 3054 4701 more
3073 4647 3382 4713 nutriebat;
3404 4626 3743 4722 etquotidifa‘

2312 4750 2376 4791 ac
2438 4735 2755 4808 irreligiosis
2824 4737 3046 4793 nutibus
3111 4740 3579 4810 circumspectans,
3618 4714 3743 4810 delia?

2308 4825 2577 4899 vestigiis,
2612 4836 2797 4884 tenero
2820 4828 3057 4897 incessu,
3090 4829 3444 4885 obambulare
3470 4822 3600 4882 solita
3624 4794 3743 4937 mli-E3

2492 4936 2495 4937 ν
2696 4922 2709 4936 .
2886 4922 2919 4937 .,
2984 4924 2997 4936 .
3037 4923 3048 4933 .
3135 4923 3168 4936 ..
3518 4917 3559 4937 ,Α
3582 4915 3674 4937 Mm.

2309 4896 2508 4991 quibus
2538 4937 2660 4978 cum
2695 4922 2746 4977 in
2781 4922 2957 4994 capite
2976 4923 3169 4992 jejunii
3197 4937 3493 4980 sermonem
3517 4917 3560 4972 in
3582 4896 3729 4994 Ρθνυίθέ

2305 4984 2530 5068 missam
2584 5027 2738 5068 suam
2788 4984 2935 5069 et.ad
2964 4984 3177 5070 cineres
3207 5014 3500 5071 confluente
3534 5001 3639 5059 idem
3667 4984 3743 5077 ΡξιιίῘ

2306 5102 2608 5169 habuisset,
2634 5103 2908 5176 cepiosam
2937 5104 3151 5159 turbam
3175 5118 3242 5160 ex
3291 5104 3396 5160 illis
3420 5103 3469 5157 in
3505 5073 3741 5200 ρωηίξῗξὲῗ

2302 5197 2436 5266 egit,
2461 5206 2515 5253 et
2536 5197 2769 5252 attonsis
2788 5196 3051 5262 crinibus,
3086 5197 3139 5252 in
3171 5197 3383 5254 virilem
3408 5194 3601 5251 formam

2299 5290 2425 5346 lllos
2447 5300 2628 5365 autem
2653 5305 2789 5361 quos
2809 5290 2876 5346 ab
2898 5289 3000 5346 hac
3027 5290 3324 5361 ignominia
3347 5290 3574 5346 revocare
3590 5270 3741 5329 Mm

1882 5384 2299 5443 HENSCHENII
2338 5383 2575 5442 NOTAE.

665 5490 693 5520 ι
709 5477 764 5531 St
776 5474 1002 5548 igandus
1012 5478 1193 5535 sedem
1206 5479 1652 5537 Cantuariensem
1666 5480 1861 5534 invasit
1875 5495 2015 5535 anno
2028 5482 2049 5534 l
2062 5479 2189 5547 052,

595 5556 649 5605 et
677 5550 745 5605 ab
768 5566 831 5605 ea
854 5550 1147 5619 depositus,
1176 5561 1422 5607 mortuus
1448 5563 1533 5608 est
1559 5552 1661 5605 sub
1684 5552 1844 5605 linem
1870 5551 1995 5605 anni
2028 5550 2188 5606 1070.

663 5621 692 5663 '0
728 5619 1009 5694 Ferrarius
1034 5639 1096 5694 ex
1121 5622 1433 5679 Cambdeno
1460 5631 1617 5694 putat
1646 5621 1788 5677 haud
1810 5620 1965 5694 longe
1984 5620 2191 5694 Carnea-

587 5694 788 5751 toduno
830 5693 998 5751 fuisse
1038 5693 1347 5766 Har-finges,
1391 5693 1744 5759 in’Essexia,
1798 5694 1887 5748 ubi
1914 5693 1918 5694 ⁷
1944 5693 2186 5750 ldumaui

586 5772 730 5830 ﬂuvii
771 5772 1165 5845 amplissimum
1203 5774 1518 5828 aestuarium
1561 5772 1895 5826 commodam
1944 5782 2183 5842 quantae.

2300 5479 2383 5535 vis
2404 5477 2567 5534 classi
2603 5476 2807 5549 praebet
2836 5478 3145 5535 stationem.

2374 5561 2398 5590 ε
2431 5549 2638 5622 Tenuit
2665 5549 2934 5606 Robertus
2963 5551 3332 5622 episcopatum

2299 5636 2388 5679 an.
2421 5620 2582 5675 “22.-

2368 5662 2397 5733 ἆ
2427 5656 2850 5750 Ἐῶῖίυατὶεηςίε
2885 5693 3147 5752 Ecclesia:
3186 5694 3521 5763 suﬂ'raganea’.
3557 5668 3663 5731 ἐδδ
3684 5656 3734 5705 Μ’

2297 5776 2579 5824 morantur
2600 5764 2892 5824 universim
2917 5767 3003 5822 Η.

3356 5525 3692 5604 Ιοίιιοοιιιὶειιςεω
3706 5494 3737 5556 ’δ

3202 5948 3285 5960 ιιι-ὒνπ
