4014 6304
172 335 278 398 377

1288 325 1612 389 HISTORIA
1649 323 2014 392 NOVORUM.
2054 360 2126 377 -—
2160 324 2291 388 LIB.
2328 327 2354 388 Ι

3342 314 3479 392 378‘

172 474 203 514 e
224 456 471 512 cinerum
496 442 863 518 susceptione,
890 451 946 504 et
967 458 999 503 a
1023 460 1133 504 sua:
1168 446 1526 505 absolutionis
1547 449 1763 505 benedi-

1886 489 2024 529 suum
2055 487 2151 527 rex
2175 472 2455 537 cohibere,
2496 468 2589 526 sed
2618 468 2818 542 Oppido
2869 464 3137 538 turbatus,
3178 484 3300 528 cum
3343 472 3453 527 ira-
3482 542 3487 549 '

172 551 353 607 ctione
403 545 708 617 suspendit.
754 542 888 597 Erat
927 551 1107 597 autem
1155 542 1208 596 in
1250 542 1332 597 his
1370 550 1425 597 et
1455 540 1760 612 hujusmodi

172 643 471 715 prudenter
516 654 581 696 ac
628 638 799 695 libere
850 649 1036 707 agens.
1101 635 1283 693 Necne
1325 636 1494 692 solius
1538 636 1764 705 jusutite

173 742 480 803 respectum
510 747 623 803 prae
643 729 813 786 oculis
840 730 889 781 in
912 730 1163 785 omnibus
1187 729 1411 793 habens,
1436 728 1674 800 qualiter
1695 729 1763 785 ad

170 825 267 883 Dei
294 826 578 882 servitium
594 825 967 899 justitiamque
986 823 1271 881 colendam
1301 838 1481 892 regem
1505 837 1768 893 provoca-
1792 852 1793 855 η

170 928 257 974 ret
285 921 588 975 studiosius
622 921 871 974 intendit.

240 1008 342 1063 Die
364 1008 530 1079 igitur
558 1012 795 1080 quadam
829 1009 897 1064 ad
940 1022 1063 1063 eum
1087 1023 1154 1063 ex
1186 1023 1337 1063 more
1378 1006 1495 1073 ivit,
1529 1015 1583 1063 et
1609 1007 1764 1077 juxta

168 1099 326 1157 illum
367 1100 584 1166 sedens,
624 1117 750 1157 eum
775 1102 860 1157 his
887 1099 1070 1155 verbis
1096 1099 1299 1170 alloqui
1332 1100 1493 1171 cmpit
1518 1114 1533 1153 :
1563 1118 1581 1151 t
1617 1098 1767 1155 Mare

171 1204 246 1259 te,
278 1194 502 1250 domine
544 1196 617 1250 mi
666 1209 781 1263 rex,
842 1194 1194 1250 transiturum
1221 1202 1275 1248 et
1318 1192 1766 1248 Northmanniam

171 1294 278 1339 tua:
333 1281 528 1339 ditioui
578 1282 990 1355 subjugaturum
1034 1282 1369 1355 diaposuisti.
1422 1281 1623 1337 Verum
1658 1297 1768 1353 quo

170 1378 290 1432 hac
333 1387 389 1433 et
437 1377 543 1431 alia
599 1392 719 1447 quae
765 1377 1045 1433 desideras
1097 1376 1191 1432 tibi
1242 1391 1500 1448 prospere
1530 1378 1767 1443 cedant;

171 1468 403 1526 obsecro
432 1470 666 1540 primum
698 1471 780 1526 fer
822 1485 980 1541 opem
1031 1479 1086 1526 et
1120 1470 1404 1526 consilium
1435 1470 1671 1540 qualiter
1714 1471 1770 1539 in

169 1564 271 1619 hoc
299 1578 472 1635 regno
497 1574 589 1619 tuo
615 1564 1021 1631 Cbristiauitas,
1073 1580 1195 1636 quae
1237 1563 1351 1633 jam
1402 1565 1515 1621 fere
1558 1575 1667 1622 tota
1717 1566 1769 1621 in

170 1657 357 1712 multis
381 1658 563 1728 periit,
590 1658 643 1712 in
661 1665 860 1713 statum
888 1672 1044 1713 suum
1068 1658 1237 1727 redigi
1262 1658 1451 1729 possit.
1477 1676 1496 1711 ι
1524 1657 1771 1730 Respon-

171 1748 287 1802 dit:
325 1766 345 1799 ι
379 1748 552 1817 Quam
579 1764 756 1817 opem,
805 1749 949 1819 quod
1009 1749 1343 1805 consilium?
1375 1748 1534 1818 .lubc,
1572 1753 1669 1817 ait,
1719 1753 1771 1808 si

1864 564 2057 623 cundia
2089 564 2261 620 dixit:
2304 584 2322 616 t
2358 563 2498 632 Quid
2519 564 2586 619 ad
2630 565 2718 620 te?
2770 564 3021 636 Nunquid
3066 564 3295 621 abbatis:
3344 582 3451 621 non

1865 667 1990 715 sunt
2018 658 2186 713 meae?
2216 656 2369 721 llem,
2407 667 2460 711 ιιι
2505 658 2646 726 quod
2698 659 2779 713 vis
2809 659 2924 730 agis
2956 660 3022 713 de
3053 659 3190 715 villis
3230 659 3364 725 tuis;
3397 668 3453 715 et

1866 767 1965 821 ego
2005 765 2110 807 non
2160 765 2316 821 agam
2339 749 2482 819 quod
2525 749 2646 806 volo
2673 750 2738 806 de
2770 751 3003 808 abbatiis
3032 754 3202 810 meis?
3235 773 3250 807 ι
3310 753 3447 809 Ait‘:

1873 864 1891 897 ι
1930 843 2058 899 Tute
2082 843 2298 912 quidem
2334 851 2461 897 sunt
2490 850 2549 896 ut
2598 842 2719 898 illas
2749 844 2903 914 quasi
2951 845 3242 901 advocatus
3266 844 3457 901 defen~

1868 938 1964 993 das
1991 946 2152 1008 atque
2178 936 2472 1002 custodias,
2500 951 2603 990 non
2641 945 2743 992 tuae
2777 948 2956 993 autem
3000 947 3058 993 ut
3090 939 3316 994 invadas
3357 944 3455 992 aut

1869 1028 2139 1083 devastes.
2173 1026 2265 1083 Dei
2294 1026 2495 1083 scimus
2522 1042 2617 1083 eas
2661 1042 2804 1094 esse,
2857 1038 2919 1083 ut
2947 1029 3029 1084 sui
3063 1030 3294 1084 ministri
3328 1029 3455 1086 inde

1868 1119 2076 1183 vivant,
2102 1132 2206 1172 non
2257 1131 2366 1188 quo
2392 1116 2767 1187 expeditiones
2796 1127 2849 1173 et
2876 1118 3014 1174 bella
3050 1119 3275 1175 tuainde
3305 1119 3457 1175 fiant.

1873 1212 2113 1282 Denique
2140 1210 2297 1265 villas
2328 1218 2385 1265 et
2414 1210 2765 1282 quamplures
2809 1213 3051 1268 redditus
3097 1212 3285 1277 babes,
3314 1214 3459 1271 unde

1871 1305 2105 1378 pleniter
2132 1300 2517 1358 administrare
2543 1312 2629 1358 tua
2671 1312 2843 1374 potes.
2887 1303 3162 1370 Ecelesiis,
3191 1304 3234 1359 si
3266 1304 3460 1375 placet,

1874 1412 1971 1452 sua
2003 1395 2233 1450 dimitte.
2268 1390 2373 1445 Pro
2403 1402 2573 1461 certo,
2626 1396 2823 1467 inquit,
2871 1396 3090 1451 noveris
3129 1394 3262 1449 milii
3306 1395 3461 1450 valde

1874 1490 2148 1545 contraria
2177 1504 2297 1548 esse
2326 1507 2447 1563 qua:
2482 1488 2639 1544 dicis.
2675 1486 2786 1543 Nec
2826 1489 2970 1543 enim
2998 1496 3314 1545 antecessor
3339 1496 3462 1542 tuus

1875 1581 2101 1636 auderet
2131 1582 2399 1637 ullatenus
2441 1581 2580 1652 patri
2619 1596 2739 1635 meo
2796 1580 2921 1635 talia
2955 1580 3137 1635 dicere
3185 1598 3198 1634 :
3246 1586 3300 1634 et
3331 1577 3466 1633 nihil

1875 1673 2070 1729 faciam
2104 1690 2205 1745 pro
2235 1686 2307 1729 te.
2341 1694 2360 1727 ι
2416 1673 2685 1729 lntellexit
2726 1687 2859 1744 ergo
2906 1672 3196 1729 Anselmus
3215 1687 3274 1729 se
3299 1672 3463 1727 verba

1878 1766 1930 1820 in
1956 1774 2173 1821 ventum
2197 1764 2462 1836 proferre;
2491 1775 2546 1821 et
2568 1778 2799 1836 surgens
2832 1764 2986 1820 abiit.

169 1836 373 1907 placet,
407 1839 639 1894 concilia
668 1854 735 1895 ex
759 1840 983 1910 antiquo
1002 1855 1103 1896 usu
1131 1841 1403 1910 renovari,
1424 1857 1544 1912 quae
1570 1857 1767 1913 perpe-

1945 1857 2226 1927 Reputans
2255 1868 2434 1912 autem
2470 1858 2522 1912 in
2552 1856 2857 1926 huiusmodi
2906 1855 3183 1928 responsis
3220 1851 3470 1911 nonnihil

171 1943 286 1983 ram
318 1936 443 1984 acta
474 1940 602 1985 sunt
632 1929 688 1985 in
713 1931 950 1986 medium
978 1933 1243 1995 revocari,
1271 1943 1523 1988 revocata
1557 1935 1769 1990 exami-

170 2020 314 2084 nari,
344 2021 657 2075 examinata
715 2021 988 2093 redargui,
1020 2021 1309 2095 redarguta
1345 2024 1549 2079 sedari.
1588 2024 1769 2081 Gene-

170 2108 283 2165 rale
336 2125 537 2181 nempe
590 2111 878 2167 concilium
928 2113 1343 2184 episcoporum,
1397 2131 1464 2170 cx
1520 2132 1627 2187 quo
1672 2132 1769 2173 rex

171 2203 350 2261 factus
384 2205 558 2272 fuisti,
590 2222 696 2262 non
745 2206 848 2263 fuit
896 2208 949 2263 itt
1004 2207 1192 2281 Anglia
1252 2208 1618 2283 celebratum}
1668 2227 1771 2268 nec

172 2300 470 2353 retroactis
491 2298 736 2370 pluribus
787 2300 945 2356 annis
975 2312 1026 2354 ι.
1072 2301 1415 2373 Quapropter
1457 2304 1621 2359 multa
1664 2306 1773 2361 cri-

171 2390 319 2447 mina
346 2401 707 2464 erupuerunt,
739 2400 795 2448 et
821 2393 970 2449 nullo
997 2395 1088 2466 qui
1116 2411 1177 2450 ea
1209 2397 1477 2453 recideret
1503 2397 1773 2455 existente

172 2482 223 2537 in
252 2485 494 2541 nimium
522 2487 688 2543 robur
716 2502 814 2557 per
853 2502 1076 2557 pravam
1110 2493 1555 2547 consuetudinem
1586 2507 1775 2549 excre-

170 2588 394 2634 verunt.
430 2596 449 2630 ›
476 2576 707 2634 Atille:
744 2598 762 2630 ι
799 2578 957 2647 Cum,
989 2580 1183 2651 inquit,
1228 2583 1357 2638 mihi
1407 2583 1581 2640 visum
1609 2582 1775 2640 fuerit

171 2670 236 2725 de
268 2669 359 2726 his
388 2684 568 2740 agam,
594 2686 699 2725 non
724 2671 793 2726 ad
822 2682 969 2727 tuam
992 2672 1086 2728 sed
1118 2674 1184 2729 ad
1211 2690 1383 2730 meam
1408 2676 1769 2734 voluntatem.

173 2759 283 2817 Sed
332 2762 388 2817 in
441 2762 544 2818 hoc
587 2762 734 2818 aliud
782 2774 998 2834 tempus
1048 2767 1407 2836 expendetur.
1438 2786 1458 2823 ι
1488 2768 1552 2823 Et
1577 2767 1777 2837 aujecit

172 2853 527 2912 subsannans
553 2872 567 2911 :
597 2875 617 2909 t
652 2855 731 2911 Tu
755 2870 886 2913 vero
930 2858 983 2913 in
1008 2858 1241 2914 concilio
1284 2860 1425 2916 unde
1453 2860 1723 2932 loqueris?
1749 2881 1771 2916 ο

172 2942 331 3001 Tunc
392 2944 528 3001 ille:
575 2964 596 2998 ι
633 2944 1095 3003 Nefandissimum
1151 2949 1404 3008 Sodoma:
1463 2952 1673 3019 scelus,
1716 2962 1777 3009 ut

174 3034 365 3093 illicita
422 3038 951 3110 consanguineorum
1001 3042 1303 3109 connubia,
1364 3050 1420 3097 et
1454 3042 1557 3097 alia
1607 3042 1777 3099 multa

172 3145 363 3186 rerum
414 3131 860 3188 detestandarum
906 3131 1214 3189 facinorosa
1265 3135 1478 3203 negotia
1537 3139 1811 3203 taceam,

174 3226 381 3292 scelus,
416 3225 660 3297 inquam,
702 3226 950 3284 Sodomae
979 3228 1194 3287 novitcr
1216 3230 1269 3286 in
1293 3231 1395 3286 bac
1423 3240 1567 3288 terra
1604 3233 1778 3289 divul-
1806 3200 1852 3259 Ο

175 3326 362 3387 gatum
412 3317 528 3389 jam
588 3318 884 3390 plurimum
930 3320 1243 3392 pulhtlavit,
1309 3324 1617 3396 multosque
1680 3342 1778 3383 sua

176 3413 529 3470 immanitate
558 3414 804 3472 foedavit.
829 3416 951 3482 Cui,
984 3416 1183 3485 fateor,
1215 3418 1319 3475 nisi
1345 3419 1647 3475 districtius
1670 3435 1701 3475 a
1728 3430 1781 3477 te

174 3507 442 3577 prodiens
489 3509 760 3564 sententia
798 3507 1029 3576 judicii,
1077 3520 1134 3565 et
1182 3509 1571 3567 ecclesiastica:
1626 3513 1781 3583 vigor

177 3599 485 3670 disciplina:
525 3598 754 3657 celerius
778 3600 980 3668 obviet,
1031 3610 1141 3658 tota
1173 3611 1316 3660 terra
1343 3619 1448 3659 non
1476 3604 1645 3660 multo
1661 3617 1785 3676 post

179 3689 422 3747 Sodoma
470 3692 583 3749 fiet.
635 3693 742 3750 Sed
790 3710 1052 3751 conemur
1102 3711 1232 3763 una,
1282 3713 1487 3769 quaeso,
1531 3708 1585 3754 ιιι
1632 3700 1784 3772 regia

178 3792 460 3856 potestate
487 3796 544 3840 et
567 3802 668 3858 ego
696 3787 990 3857 pontificali
1016 3790 1348 3846 auctoritate
1371 3801 1640 3861 quatenus
1678 3792 1785 3849 tale

178 3878 314 3949 quid
364 3878 493 3935 inde
536 3889 828 3948 statuatur,
876 3883 1021 3953 quod
1069 3902 1192 3942 cum
1238 3900 1337 3957 per
1395 3895 1564 3942 totum
1617 3886 1787 3942 fuerit

180 3984 416 4043 regnum
458 3971 820 4045 divulgatum,
867 3976 983 4032 solo
1036 3978 1200 4034 etiam
1253 3979 1437 4035 auditu
1474 3981 1787 4052 quicunque

181 4062 333 4120 illius
357 4064 544 4123 fautor
578 4076 683 4134 est,
710 4079 907 4141 paveat
930 4080 981 4127 et
1012 4072 1366 4144 deprimatur.
1412 4094 1431 4126 ι
1487 4073 1603 4131 Non
1630 4076 1787 4132 sede-

183 4167 317 4213 runt
344 4160 463 4216 haec
490 4161 675 4216 animo
704 4162 985 4233 principis,
1024 4173 1080 4219 et
1106 4166 1295 4236 paucis
1346 4167 1423 4221 ita
1467 4166 1783 4238 respondit:

188 4268 209 4303 ι
241 4250 317 4307 Et
339 4251 392 4306 in
417 4253 523 4309 hac
548 4268 609 4309 re
630 4254 760 4325 quid
797 4255 952 4311 ﬁeret
978 4271 1076 4328 pro
1104 4258 1189 4313 te?
1212 4258 1424 4324 Sinon,
1469 4258 1644 4330 inquit
1677 4260 1792 4314 An-

186 4345 420 4411 selmus,
446 4360 545 4417 pro
575 4362 682 4413 me,
704 4362 864 4419 spero
903 4348 1058 4405 ﬂeret
1083 4365 1183 4421 pro
1208 4350 1342 4416 Deo,
1372 4362 1428 4406 et
1456 4361 1526 4406 te.
1554 4350 1787 4419 Sufﬁcit,

186 4439 354 4507 dixit,
388 4439 516 4495 nolo
562 4439 689 4495 inde
737 4441 877 4497 ultra
918 4442 1179 4514 loquaris.
1217 4464 1237 4498 ι
1293 4442 1486 4501 Tacuit
1536 4445 1648 4512 ille,
1695 4446 1790 4501 sed

1873 1952 2161 2023 pristinam
2210 1951 2347 2005 iram
2402 1950 2663 2022 operari,
2724 1959 2780 2005 et
2837 1950 3192 2029 considerans
3261 1946 3468 2004 oﬂenso

1871 2043 2134 2115 principis
2156 2042 2339 2097 animo
2362 2058 2706 2113 nequaquam
2733 2057 2891 2114 posse
2916 2056 3105 2113 pacem
3132 2039 3296 2096 rebus
3315 2040 3466 2107 dari;

1873 2152 1981 2207 quo
2032 2145 2088 2191 et
2137 2134 2299 2189 rebus
2355 2133 2662 2190 consuleret
2704 2144 2759 2189 et
2816 2134 3058 2198 liberius,
3101 2131 3318 2189 favente
3357 2132 3466 2189 sibi

1875 2229 2040 2301 regali
2070 2228 2428 2299 providentia,
2464 2228 2573 2283 Deo
2605 2225 2979 2294 fructificaret,
3010 2226 3198 2282 humili
3230 2242 3327 2297 per
3359 2227 3473 2298 cpi-

1875 2336 2066 2391 scopus
2090 2336 2252 2393 prece
2283 2334 2466 2392 regem
2502 2319 2827 2391 deprecatus
2857 2328 2960 2385 est,
3005 2318 3141 2373 utin
3174 2318 3470 2373 amicitiam

1876 2413 1959 2468 sui
1992 2426 2111 2467 sese
2139 2412 2313 2484 gratis
2341 2411 2673 2467 admitteret.
2710 2430 2727 2462 t
2760 2410 2913 2478 Quod
2939 2410 3005 2476 si,
3036 2410 3133 2475 ait,
3160 2407 3470 2465 facerenon

1878 2504 2013 2568 vult,
2043 2518 2141 2560 cur
2167 2504 2301 2559 nolit
2331 2504 2543 2569 edicat;
2570 2511 2623 2558 et
2654 2502 2697 2559 si
2724 2501 2943 2566 oﬂ'endi,
2972 2501 3288 2557 satisfacere
3314 2514 3477 2570 para-

1880 2611 1968 2656 tus
1996 2614 2136 2654 sum.
2172 2616 2193 2650 ι
2224 2596 2411 2652 Relata
2439 2605 2564 2653 sunt
2594 2596 2695 2651 ista
2723 2596 2790 2651 ad
2841 2610 3044 2669 regem,
3075 2603 3130 2650 et
3156 2592 3473 2665 respondit:

1886 2712 1904 2744 ι
1942 2692 2017 2747 De
2052 2689 2194 2746 nulla
2224 2704 2281 2745 re
2312 2689 2461 2744 illum
2491 2687 2729 2759 inculpo,
2762 2702 2862 2744 nec
2914 2695 3095 2742 tamen
3143 2686 3194 2742 ei
3243 2686 3474 2758 gratiam

1882 2801 2084 2849 meam,
2104 2784 2231 2856 quia
2263 2798 2370 2839 non
2394 2782 2554 2838 audio
2584 2794 2774 2853 quare,
2798 2779 3078 2851 indulgere
3102 2777 3242 2835 volo.
3274 2798 3292 2831 ι
3324 2775 3480 2846 Quod

1882 2891 2006 2931 cum
2036 2874 2276 2946 episcopi
2304 2875 2423 2929 viro
2452 2872 2786 2940 retulissent,
2814 2878 3196 2942 percunctatus
3218 2877 3302 2925 est
3321 2868 3477 2939 quid-

1886 2985 2013 3024 nam
2048 2968 2181 3024 illud
2213 2976 2361 3024 esset
2398 2967 2571 3038 quod,
2616 2965 2744 3037 quia
2802 2980 2908 3020 non
2963 2964 3236 3030 audiebat,
3289 2973 3481 3033 preces

1886 3078 2015 3117 suas
2038 3061 2297 3118 exaudire
2329 3059 2567 3117 nolebat.
2606 3078 2625 3112 ι
2675 3057 2992 3130 Mysterium
3028 3055 3152 3123 hoc,
3204 3054 3479 3126 inquiunt,

1886 3156 2104 3227 planum
2136 3162 2241 3209 est.
2266 3153 2400 3208 Nam
2435 3154 2478 3207 si
2511 3166 2698 3224 pacem
2731 3149 2848 3219 ejus
2866 3149 2951 3205 vis
2977 3149 3197 3213 habere,
3229 3159 3482 3202 necessa-

1886 3251 1969 3305 rio
1999 3258 2051 3305 te
2082 3256 2298 3318 oportet
2349 3247 2398 3303 ei
2450 3246 2519 3302 de
2565 3246 2795 3320 pecunia
2834 3255 2922 3300 tua
2973 3243 3189 3314 copiose
3216 3242 3481 3313 praebere.

1884 3339 2005 3397 Jam
2035 3356 2208 3412 nuper
2237 3339 2480 3396 obtulisti
2526 3340 2575 3395 ei
2620 3338 2947 3410 quingentas
2977 3336 3176 3403 libras;
3226 3333 3321 3391 sed
3349 3349 3485 3405 quo-

1886 3436 2036 3490 niam
2084 3449 2278 3506 parum
2329 3432 2429 3489 sibi
2475 3432 2652 3487 visum
2693 3440 2800 3497 est,
2853 3429 3024 3486 noluit
3051 3427 3171 3483 illas
3216 3426 3481 3496 recipere.

1886 3524 2043 3581 Nunc
2070 3524 2113 3580 si
2146 3526 2230 3579 vls
2248 3531 2432 3580 nostro
2468 3521 2698 3579 consilio
2727 3520 2969 3587 credere,
2995 3528 3050 3575 et
3077 3518 3220 3591 quod
3245 3518 3298 3573 in
3321 3515 3487 3573 simili

1888 3616 2104 3689 negotio
2148 3615 2379 3671 facimus
2416 3626 2469 3670 te
2491 3630 2707 3685 quoque
2762 3612 2945 3671 facere
2969 3613 3297 3669 suademus:
3337 3611 3484 3683 ipsas

1889 3711 1937 3766 ei
1967 3710 2293 3781 quingentas
2328 3709 2493 3764 libras
2521 3708 2587 3762 ad
2630 3723 2869 3779 praesens
2908 3707 3002 3775 da,
3050 3716 3106 3762 ct
3151 3709 3487 3764 tantumdem

1890 3801 2138 3874 pecuniae
2187 3817 2349 3872 quam
2399 3802 2468 3857 ab
2514 3800 2824 3856 hominibus
2858 3800 2964 3856 tuis
2995 3800 3229 3871 accipies
3257 3798 3331 3854 illi
3353 3811 3484 3869 pro-

1891 3894 2081 3962 mitte;
2111 3904 2168 3950 et
2196 3894 2521 3949 confidimus
2569 3886 2714 3963 quod
2753 3901 2808 3947 et
2857 3891 2953 3949 tibi
3005 3890 3301 3948 amicitiam
3330 3904 3486 3945 suam

1892 3987 2165 4051 restituet,
2207 3993 2263 4040 et
2296 3995 2442 4040 tuam
2476 3994 2534 4039 ut
2562 3984 2708 4040 voles
2736 3998 2923 4055 pacem
2949 3981 3153 4039 habere
3183 3981 3481 4053 permittet.

1890 4079 2067 4134 Aliam
2097 4094 2201 4149 qua
2234 4093 2397 4133 exeas
2448 4079 2597 4132 viam
2638 4092 2744 4131 non
2767 4075 3041 4143 videmus;
3091 4088 3191 4131 nec
3221 4088 3321 4130 nos
3368 4072 3489 4145 pari

1893 4170 2141 4240 angustia
2169 4169 2337 4224 clausi
2390 4166 2552 4222 aliam
2599 4167 2830 4223 exeundi
2889 4166 3170 4224 habemus.
3210 4183 3231 4218 ι
3286 4166 3354 4220 At
3400 4163 3494 4219 ille

1895 4263 2155 4318 continuo
2186 4261 2493 4334 intelligens
2525 4261 2615 4332 qui
2650 4260 2863 4316 consilii
2895 4257 3054 4331 hujus
3081 4258 3307 4335 effectus
3347 4273 3492 4330 pra:-

1896 4354 2160 4418 tenderel,
2204 4353 2318 4408 ait:
2357 4352 2575 4408 tiAbsit
2604 4352 2691 4407 hic
2736 4352 2916 4408 exitus
2967 4366 2997 4407 a
3043 4353 3165 4407 me!
3200 4350 3336 4407 Nam
3369 4364 3491 4405 cum

1896 4449 2013 4518 ipse
2040 4447 2168 4503 mihi
2204 4446 2359 4517 juxta
2385 4446 2526 4516 quod
2557 4445 2756 4511 dicitis,
2784 4444 2989 4501 nullam
3016 4444 3245 4517 alicujus
3274 4441 3495 4500 offensa

188 4550 325 4591 mox
357 4535 526 4590 verba
557 4548 657 4590 sua
681 4536 847 4591 vertit
871 4538 939 4591 ad
967 4537 1073 4593 alia
1106 4538 1329 4594 dicens:
1359 4557 1378 4591 t
1418 4537 1512 4594 Est
1538 4547 1595 4593 et
1645 4536 1793 4594 aliud
1825 4557 1874 4617 ο
1899 4530 2231 4595 calumniam
2280 4538 2538 4607 imponat,
2582 4545 2639 4593 et
2686 4546 2870 4592 tamen
2920 4546 3129 4593 tantum
3180 4536 3353 4592 iratus
3410 4541 3498 4589 est

189 4628 279 4683 cui
310 4636 461 4682 tuam
489 4626 810 4683 industriam
842 4629 1126 4687 intendere
1147 4630 1363 4698 vellem,
1387 4641 1443 4687 et
1464 4632 1795 4688 intendendo
1824 4654 1825 4659 π

192 4722 414 4778 consilii
450 4724 526 4780 tui
552 4739 774 4780 manum
796 4726 1112 4781 extendere.
1155 4725 1401 4781 Abbati:e
1446 4725 1798 4795 quamplures

193 4825 331 4871 sunt
359 4816 415 4870 in
444 4815 547 4872 hac
582 4826 723 4873 terra
752 4817 867 4873 suis
894 4816 1205 4887 pastoribus
1254 4816 1549 4873 destitutae.
1596 4817 1797 4885 Quam-

195 4909 390 4965 obrem
416 4910 695 4976 monachi,
720 4910 913 4967 relicto
934 4910 1127 4966 ordine
1155 4926 1276 4977 suo,
1306 4925 1403 4982 per
1428 4910 1588 4966 luxus
1615 4911 1799 4967 saeculi

195 5004 429 5070 vadunt,
477 5012 535 5059 et
584 5005 704 5060 sine
751 5005 1096 5063 confessione
1144 5004 1211 5060 de
1260 5005 1365 5060 hac
1418 5004 1529 5058 vita
1577 5013 1797 5059 exeunt.

200 5094 363 5151 Unde
410 5096 660 5163 consulo,
711 5112 927 5168 precor,
977 5112 1198 5163 moneo,
1232 5104 1504 5167 quatenus
1554 5104 1701 5151 tanta
1743 5108 1804 5151 re

202 5187 503 5258 diligenter
533 5188 1142 5260 inspecta,_secundum
1192 5186 1528 5243 voluntatem
1554 5187 1672 5254 Dei,
1702 5187 1804 5241 ab-

200 5278 365 5336 batcs
393 5281 502 5336 illis
538 5283 810 5349 instituas,
841 5296 911 5337 ne
935 5281 987 5336 in
1016 5280 1390 5337 destructione
1413 5278 1805 5335 monasterium

202 5381 261 5423 et
294 5371 602 5439 perditione
632 5373 1026 5429 monachorum
1059 5371 1180 5437 tibi,
1211 5372 1355 5441 quod
1395 5370 1555 5436 absit,
1579 5370 1807 5426 damna-

1904 4633 2037 4689 mihi
2061 4642 2122 4687 ut
2150 4631 2365 4687 nonnisi
2397 4630 2544 4687 mille
2590 4630 2746 4687 libris
2804 4631 3014 4703 argenti
3047 4629 3230 4701 pacari
3279 4635 3442 4700 queat
3475 4643 3491 4681 :

1907 4726 2047 4781 forte
2076 4724 2121 4781 si
2153 4739 2297 4780 nunc
2348 4739 2522 4780 novus
2571 4723 2860 4794 episcopus
2920 4722 3022 4777 hac
3052 4736 3176 4776 eum
3205 4718 3497 4776 donatione

1905 4831 2181 4890 pacarem,
2211 4830 2278 4871 ex
2301 4814 2418 4886 ipso
2441 4830 2540 4871 usu
2567 4815 2673 4870 alia
2698 4815 2818 4869 vice
2866 4812 3116 4869 similiter
3141 4812 3497 4879 irasceretur,

1905 4919 1968 4966 ut
1995 4908 2111 4979 pari
2136 4916 2261 4964 voto
2286 4917 2595 4977 pacaretur.
2621 4907 2867 4978 Amplius
2891 4924 2905 4961 :
2936 4905 3197 4983 Homines
3224 4904 3351 4971 mei,
3377 4915 3501 4976 post

1908 4996 2118 5054 obitum
2158 4997 2482 5055 venerabilis
2513 4998 2789 5054 memoria:
2812 4995 3107 5052 Lanfranci
3139 4995 3505 5052 antecesseris

1908 5091 2344 5162 mei,depraedati
2377 5099 2506 5147 sunt
2530 5099 2585 5147 et
2610 5090 2849 5163 Spoliati,
2870 5099 2927 5146 et
2952 5104 3052 5161 ego
3071 5103 3193 5145 cum
3216 5090 3503 5159 hucusque

1909 5182 2046 5238 nihil
2072 5182 2153 5239 eis
2190 5182 2334 5238 unde
2364 5181 2615 5239 revestiri
2653 5180 2865 5253 possint
2891 5178 3240 5246 contulerim,
3264 5179 3378 5246 jam
3408 5174 3527 5233 eos‘

1912 5276 2087 5331 nudos
2115 5275 2430 5346 spoliarent,
2471 5281 2580 5331 tmo
2609 5274 2870 5346 spoliatos
2906 5272 3503 5349 excoriarem?‘Absitl

1914 5368 2095 5424 Nihilo
2127 5384 2346 5440 quoque
2376 5369 2554 5425 minus
2583 5370 2687 5426 hoc
2722 5368 2865 5425 absit
2900 5383 2932 5425 a
2966 5383 3075 5437 me,
3135 5382 3378 5424 amorem
3416 5367 3512 5423 do-

207 5463 424 5519 tionem
475 5465 752 5536 acquiras.
785 5485 805 5521 ι
864 5464 983 5523 Non
1040 5466 1218 5538 potuit
1266 5464 1498 5521 amplius
1554 5464 1808 5536 spiritum
1916 5460 2051 5516 mini
2078 5461 2185 5518 mei
2235 5460 2379 5519 facto
2407 5462 2695 5519 ostendere
2734 5461 2983 5518 venalem
3029 5475 3153 5519 esse
3224 5459 3413 5518 Fidem
3456 5458 3510 5516 ei

1490 5577 1904 5635 HENSCHENII
1945 5577 2181 5635 ΝΟΤΛΕ.

289 5705 319 5735 ⁸
358 5693 720 5766 Spelmannus
748 5696 804 5751 in
842 5695 1100 5766 Cata.ogo
1134 5692 1486 5752 conciliorum
1509 5735 1526 5761 ,
1562 5694 1812 5750 ultimum
1922 5692 2212 5766 Ethelreth
2239 5708 2365 5766 rege
2398 5692 2660 5751 indictum
2698 5692 2829 5766 fuit,
2862 5706 3004 5749 anno
3031 5690 3171 5766 1009
3198 5690 3344 5766 :hsub
3372 5697 3515 5742 novo

206 5766 474 5837 generale
501 5766 788 5823 concilium
819 5767 1009 5822 statuit
1030 5766 1394 5831 Enhamense,
1418 5770 1560 5836 quod
1596 5767 1812 5837 hortatu

211 5835 459 5909 Effeagi
496 5839 930 5895 Dorobernensis
963 5848 1018 5896 et
1046 5838 1320 5895 Wulstani
1360 5835 1719 5895 Eburacensis
1746 5836 1815 5893 ab

1917 5774 2097 5821 autem
2134 5761 2632 5821 Northtttanttorutti
2660 5765 2937 5821 dominatu
2978 5764 3115 5819 mire
3140 5761 3389 5831 collapsa}
3425 5770 3515 5831 res

1918 5836 2301 5896 ecclesiasticae
2355 5836 2743 5896 reformatione
2800 5850 2991 5909 magna
3067 5826 3316 5905 egebant.
3362 5826 3508 5885 Infra
