3890 6306
614 319 738 400 an

1620 321 1930 385 EADMERI
1965 321 2194 382 CANTU

2300 319 2523 382 IENSIS
2563 320 2868 381 HONACHI
3717 326 3763 386 εξ

613 430 788 493 debeo
813 444 868 493 et
897 436 1182 507 honorem,
1209 445 1262 496 et
1287 449 1389 510 ego
1419 435 1494 494 illi
1529 436 1634 494 hoc
1677 434 1912 493 dedecus
1942 435 2198 504 facerem,
2230 430 2280 486 A
2307 433 2424 502 Quo
2452 451 2548 490 rex
2578 435 2783 502 audito,
2817 433 2954 489 dixit
2987 433 3138 490 illum
3185 447 3285 504 pro
3314 434 3596 507 apostolico
3627 452 3672 494 se
3701 457 3762 493 no-r

613 532 823 588 scilicet
851 533 1080 605 gratiam
1113 547 1266 590 suam
1296 532 1450 603 quasi
1501 546 1704 602 equum
1733 531 1815 585 vel
1845 530 2058 586 asinum
2084 531 2204 586 vili-

612 626 717 682 bus
744 625 1038 682 nummulis
1091 626 1366 682 emerem?
1399 625 1651 696 Emptum
1703 623 1934 693 denique
1965 638 2203 679 amorem

611 720 729 792 ejus
771 721 955 792 utique
1013 721 1144 776 tanti
1177 722 1415 794 pendere
1461 726 1650 789 postea
1676 727 1940 788 quantum
1970 719 2202 788 pretium

611 829 710 884 pro
740 829 805 869 eo
834 815 1018 870 datum
1045 815 1396 870 aestimarem.
1425 811 1533 868 Sed
1565 811 1724 884 longe
1747 813 1818 868 sit
1844 827 1872 866 a
1914 827 2000 868 me
2033 813 2202 868 subli-

610 905 855 963 mitatem
891 915 1054 962 tanta:
1096 909 1177 963 rei
1220 907 1410 962 humili
1457 906 1632 978 pretio
1656 905 2002 976 {comparare
2035 904 2203 977 Magis

611 1011 790 1057 autem
822 1003 1076 1072 satagite,
1108 1016 1216 1072 quo
1245 1001 1413 1072 gratis
1449 1008 1505 1056 et
1533 1000 1758 1055 honeste
1795 1015 1883 1055 me
1921 999 2061 1056 sicut
2110 1015 2200 1055 ar-

608 1095 1016 1167 chiepiscopum
1049 1093 1503 1150 Cantuaricnsem
1540 1103 1594 1148 et
1625 1093 1840 1152 Patrem
1865 1109 2020 1150 suum
2045 1094 2202 1164 spiri—

609 1188 810 1243 tualem
835 1187 1046 1260 diligat,
1078 1197 1132 1243 et
1163 1204 1261 1260 ego
1294 1203 1362 1243 ex
1394 1202 1511 1243 mea
1555 1196 1709 1257 parte
1734 1187 1871 1245 dabo
1898 1204 2119 1260 operam
2145 1197 2203 1244 ut

607 1293 696 1334 me
725 1288 780 1335 et
831 1294 950 1334 mea
999 1280 1065 1336 ad
1118 1281 1398 1336 servitium
1434 1289 1488 1334 et
1540 1277 1867 1335 voluntatem
1905 1280 2022 1349 ejus
2045 1282 2200 1353 juxta

606 1369 750 1440 quod
787 1370 997 1428 debebo
1032 1373 1337 1428 exhibeam.
1375 1392 1393 1426 ›
1428 1372 1690 1431 Dixerunt
1719 1392 1731 1427 :
1770 1391 1788 1425 ι
1819 1373 2035 1430 Scimus
2056 1374 2201 1444 quod

606 1461 800 1517 saltem
828 1463 1036 1520 oblatas
1067 1465 1115 1520 ei
1156 1465 1479 1534 quingentas
1527 1467 1697 1523 libras
1742 1482 1850 1522 non
1887 1467 2133 1537 negabis.
2175 1487 2193 1520 ι

605 1552 908 1624 Respondit
945 1575 959 1611 :
1021 1576 1039 1609 ‹
1076 1555 1186 1612 Nec
1238 1558 1380 1628 ipsas
1425 1560 1611 1630 utique
1641 1560 1716 1616 illi
1767 1560 1994 1630 amplius
2037 1560 2198 1629 dabo,

607 1644 734 1713 quia
768 1659 890 1700 cum
923 1660 1018 1702 eas
1042 1647 1144 1702 sibi
1168 1645 1420 1703 otierrem
1445 1650 1723 1718 suscipere
1770 1651 1960 1716 noluit,
1999 1661 2052 1706 et
2087 1651 2199 1722 jam

604 1736 891 1808 plurimam
953 1751 1158 1810 partem
1215 1756 1400 1798 earum
1471 1752 1531 1798 ut
1588 1743 1810 1814 promisi
1874 1745 2203 1814 pauperibus

2309 529 2434 583 dum
2457 527 2751 598 accepisse,
2799 542 2901 583 nec
2947 542 3058 582 sua:
3096 526 3179 584 vel
3216 537 3456 598 paternae
3482 534 3762 588 consuetudini:

2306 631 2529 677 eatenus
2572 621 2873 687 exstitisse,
2923 629 2979 676 ut
3025 630 3223 692 praeter
3273 638 3426 678 suam
3473 623 3694 678 licentiam
3723 639 3762 680 aI

2305 713 2626 771 electionem
2661 713 2857 783 aliquis
2883 713 2935 769 in
2966 729 3134 784 regno
3160 715 3371 786 Anglice
3395 729 3578 786 papam
3619 718 3763 772 nonin

2304 815 2410 872 ret,
2433 815 2489 862 et
2532 807 2847 877 quicunque
2895 806 2996 863 sibi
3044 805 3205 877 hujus
3251 807 3524 879 dignitatis
3561 818 3762 879 potestates

2303 899 2466 955 vellet
2492 899 2817 970 praeripere,
2864 915 3028 953 unum
3069 898 3212 954 foret
3260 915 3324 956 ac
3367 899 3411 956 si
3441 915 3663 955 coronam
3689 917 3761 956 sua

2305 991 2406 1046 sibi
2440 1000 2732 1048 conaretur
2754 992 2992 1046 auferre.
3023 991 3103 1047 Ad
3147 1007 3268 1061 qua:
3303 992 3582 1048 Ansclmus
3600 993 3762 1047 admirati

2304 1084 2357 1140 in
2392 1087 2629 1141 medium
2659 1085 2884 1156 protulit
2919 1085 3063 1156 quod
3093 1101 3256 1155 supra
3284 1085 3581 1152 retulimus,
3617 1100 3661 1142 se
3687 1088 3760 1141 ua

2302 1180 2429 1236 licet
2457 1189 2746 1250 antequam
2775 1179 3062 1250 episcopus
3095 1179 3211 1234 tieri
3245 1179 3587 1241 consentiret,
3627 1179 3664 1232 ei
3695 1194 3760 1246 apt:

2302 1272 2687 1328 Rovecestram
2739 1273 2944 1332 dixisse
2995 1273 3139 1343 quod
3212 1273 3327 1342 ipse
3383 1271 3544 1327 abbas
3592 1271 3759 1327 Becuus

2303 1363 2546 1419 existens
2571 1362 2848 1419 Urbanum
2869 1378 2972 1434 pro
3001 1377 3135 1432 papa
3183 1363 3502 1434 susceperit,
3529 1377 3614 1418 nec
3629 1363 3677 1415 ab
3694 1362 3759 1415 illis

2302 1460 2611 1516 obedientia
2660 1469 2715 1515 et
2753 1457 3088 1527 subiectione
3140 1472 3384 1528 quoquer
3405 1457 3554 1512 modo
3600 1455 3758 1510 discedere

2302 1552 2555 1608 voluerit.
2591 1550 2798 1620 Quibus
2827 1551 2918 1606 ille
2947 1551 3164 1611 auditis,
3195 1549 3290 1605 ira:
3321 1547 3551 1604 stimulis
3579 1548 3757 1617 engines

2301 1656 2635 1719 protestatus
2686 1655 2769 1702 est
2801 1646 2950 1702 illum
2993 1658 3339 1715 nequaquam
3385 1641 3538 1698 ﬁdem
3572 1654 3690 1710 quam
3713 1638 3757 1692 sit

2308 1740 2539 1795 debebat
2570 1737 2728 1794 simul
2758 1746 2813 1792 et.
2835 1735 3146 1808 apostolica:
3174 1733 3323 1790 sedis
3344 1731 3688 1792 obedientiam,
3701 1744 3756 1782 tre

605 1830 751 1885 dedi.
789 1851 806 1885 ι
861 1831 1114 1890 Nuntiata
1173 1844 1302 1891 sunt
1349 1836 1450 1892 ista
1507 1812 1644 1908 regi,
1701 1848 1756 1894 ct
1785 1812 1949 1909 jussit
1981 1812 2104 1894 inec
2146 1838 2194 1893 ei

2310 1842 2396 1886 tra
2425 1847 2579 1886 suam
2616 1829 2972 1895 voluntatem,
3008 1843 3166 1899 posse
3192 1840 3437 1882 servare.
3481 1820 3754 1885 Anselmusip

601 1931 789 1979 contra
817 1924 1039 1984 referri:
1069 1947 1087 1980 ι
1121 1927 1248 1983 Heri
1277 1945 1476 2000 magno
1497 1971 1512 1996 ,
1548 1940 1603 1986 et
1634 1932 1793 1987 hodie
1823 1933 1972 1986 illum
2005 1931 2196 2002 majori

600 2013 724 2068 odio
756 2014 950 2086 habeo,
985 2027 1042 2073 et
1065 2018 1202 2074 sciat
1235 2034 1424 2074 revera
1462 2021 1606 2090 quod
1661 2037 1784 2078 cras
1830 2031 1884 2078 et
1938 2023 2196 2094 deinceps

602 2110 798 2165 acriori
823 2121 880 2168 et
908 2113 1179 2169 acerbiori
1211 2114 1337 2170 odio
1360 2129 1576 2186 semper
1618 2115 1849 2172 habebo.
1898 2116 2004 2172 Pro
2038 2116 2197 2173 Patre

601 2217 730 2260 vero
754 2206 836 2260 vel
862 2207 1272 2278 archiepiscopo
1308 2225 1654 2280 nequaquam
1703 2210 1852 2264 illum
1885 2210 2024 2264 ultra
2051 2220 2197 2266 tene-

599 2293 703 2361 bo,
750 2295 846 2351 sed
902 2294 1310 2354 benedictiones
1351 2308 1406 2356 et
1447 2300 1724 2356 orationes
1762 2297 1879 2368 ejus
1906 2316 2196 2357 exsccrans

601 2388 820 2458 penitus
847 2403 1062 2458 respuo.
1115 2390 1218 2446 Eat
1258 2407 1366 2462 quo
1396 2393 1529 2459 vult,
1556 2408 1655 2449 nec
1701 2409 1784 2449 me
1818 2396 2198 2450 transfretatu-

601 2495 722 2533 rum
775 2495 874 2550 pro
919 2481 1095 2536 danda
1152 2481 1529 2541 benedictione
1577 2486 1782 2542 diutius
1839 2495 2136 2558 exspectet.
2169 2506 2188 2540 ι

601 2570 970 2629 Festinantius
1021 2571 1187 2644 igitur
1233 2592 1262 2629 a
1317 2576 1468 2631 curia
1526 2578 1896 2646 discessimus,
1937 2586 1992 2633 et
2021 2578 2194 2649 ipsum

601 2662 871 2718 voluntati
904 2679 1013 2719 sua:
1049 2666 1390 2736 reliquimus.
1416 2668 1482 2724 Et
1507 2671 1623 2740 ipse
1661 2669 1878 2740 quidem
1911 2670 1964 2725 in
1997 2669 2195 2726 North-

600 2755 876 2810 manuiam
910 2758 1143 2824 transiit,
1167 2774 1512 2830 expensaque
1534 2762 1797 2818 immensa
1825 2765 2051 2834 pecunia
2074 2779 2193 2819 eam

601 2846 706 2902 sibi
731 2847 1038 2906 nullatenus
1061 2852 1317 2921 subigere
1340 2853 1534 2924 potuit.
1569 2854 1774 2912 lnlecto
1802 2857 1984 2928 itaque
2037 2871 2196 2930 nego-

601 2937 676 2998 tio
702 2940 754 2995 in
781 2940 1032 3014 Angliam
1067 2957 1318 3002 reversus
1341 2954 1444 3001 est.

670 3031 839 3100 Quem
875 3036 1261 3098 consistentem
1315 3038 1370 3092 in
1403 3038 1634 3109 quadam
1667 3040 1812 3107 villa,
1869 3057 1990 3114 quae
2022 3043 2194 3099 tribus

599 3126 848 3184 milliaris
879 3143 908 3182 a
934 3128 1304 3187 Sceftesheria
1334 3131 1543 3188 distans
1580 3133 1908 3203 llingheham
1948 3144 2190 3200 vocatur,

597 3216 890 3280 Anselmus
915 3221 1070 3288 adiit,
1094 3223 1256 3294 eique
1285 3239 1439 3280 suam
1470 3225 1800 3281 voluntatem
1835 3226 1886 3281 in
1938 3227 2040 3281 hoc
2075 3241 2196 3281 csse

601 3308 857 3379 innotuit,
889 3319 952 3365 ut
988 3312 1292 3370 Romanum
1323 3316 1634 3386 pontiﬁcem
1662 3334 1760 3388 pro
1789 3317 1940 3389 pallii
1987 3317 2070 3372 sui
2101 3333 2195 3387 pc-

601 3402 796 3460 titione
826 3405 1022 3462 adiret.
1050 3408 1130 3462 Ad
1154 3409 1297 3480 quod
1341 3425 1467 3466 rex:
1501 3429 1519 3464 (
1551 3411 1594 3467 A
1639 3427 1769 3482 quo,
1815 3411 2012 3483 inquit,
2057 3427 2192 3483 papa

598 3495 732 3551 illud
767 3498 1049 3574 requirere
1079 3503 1268 3572 cupis?
1297 3523 1315 3556 ι
1364 3504 1532 3560 Erant
1569 3507 1768 3577 quippe
1820 3506 1912 3562 illo
1951 3517 2193 3576 tempore

601 3587 708 3643 duo
738 3601 790 3657 α,
814 3599 874 3646 ιιι
896 3589 953 3646 in
978 3592 1168 3665 Anglia
1197 3592 1492 3660 ferebatur,
1510 3599 1601 3668 qui
1624 3598 1943 3654 dicebantur
1965 3599 2195 3658 Romani

599 3681 886 3752 pontiﬁces
921 3700 949 3739 a
980 3700 1039 3741 se
1069 3686 1302 3744 invicem
1351 3689 1754 3759 discordantes,
1812 3701 1867 3748 et
1896 3692 2194 3750 Ecclesiam

598 3772 697 3830 Dei
729 3775 870 3831 inter
915 3792 976 3833 se
1027 3779 1253 3836 divisam
1299 3792 1421 3854 post
1475 3798 1535 3839 se
1579 3785 1898 3841 trahentes:
1944 3785 2196 3842 Urbanus

599 3867 872 3958 videlicet,
919 3871 1022 3942 qui»
1065 3874 1240 3943 primo
1288 3887 1514 3935 vocatus
1555 3878 1671 3934 Odu
1709 3878 1886 3934 fuerat
1911 3879 2196 3950 episcopus

599 3959 899 4030 Ostiensis;
940 3973 995 4021 et
1024 3965 1295 4035 Clemens,
1320 3971 1410 4043 qui
1443 3971 1724 4030 Wibcrtus
1744 3972 2045 4043 appellatus
2079 3973 2197 4029 lue-

599 4063 703 4121 rat,
752 4058 1191 4130 archiepiscopus
1236 4055 1548 4120 Ravennas.
1590 4063 1721 4132 Quae
1753 4079 1841 4120 res
1883 4077 1942 4122 ut
1975 4065 2041 4122 de
2070 4065 2193 4122 aliis

599 4149 786 4206 mundi
817 4151 1063 4222 partibus
1084 4154 1295 4224 sileam,
1325 4173 1423 4229 per
1447 4159 1631 4227 plures
1662 4175 1836 4216 annos
1886 4160 2190 4218 Ecclesiam

600 4244 808 4313 Anglia:
849 4246 902 4302 in
951 4256 1158 4308 tantum
1205 4257 1512 4326 occupavit,
1541 4265 1600 4312 ut
1643 4273 1710 4313 ex
1739 4273 1845 4328 quo
1870 4259 2192 4316 venerandae

603 4337 882 4393 memoriae
905 4337 1218 4413 Gregorius,
1245 4346 1335 4415 qui
1361 4357 1519 4404 antea
1545 4349 1845 4406 vocabatur
1872 4349 2194 4406 Hildebran-

602 4423 724 4492 (lus,
759 4426 1040 4487 defunctus
1067 4433 1196 4502 fuit;
1234 4435 1386 4504 nulli,
1410 4436 1532 4494 loco
1570 4453 1744 4509 papae,
1787 4454 1961 4509 usque
1986 4451 2053 4496 au
2091 4441 2193 4496 hoc

2302 1933 2408 1988 tur,
2435 1924 2583 1979 salva
2617 1922 2828 1978 ratione
2852 1937 2972 1986 sua,
3005 1936 3170 1991 quam
3193 1920 3260 1975 de
3289 1917 3607 1987 subiectione
3636 1922 3672 1967 et
3697 1911 3753 1964 ot:-

2302 2018 2502 2072 dientia
2532 2017 2790 2073 Romanae
2831 2015 3086 2071 Ecclesia:
3115 2016 3170 2069 in
3201 2013 3439 2070 medium
3473 2010 3650 2070 tulerat,
3662 2007 3753 2077 petiit

2301 2108 2550 2164 inducias
2605 2109 2671 2163 ad
2729 2108 2883 2166 istius
2951 2108 3028 2162 rei
3079 2107 3564 2169 examinationem;
3607 2110 3752 2172 quam

2301 2203 2590 2273 episcopis,
2620 2201 2929 2268 abbatibus,
2979 2201 3304 2271 cunctisque
3359 2199 3505 2271 regni
3549 2193 3751 2267 principiis

2301 2310 2408 2349 una
2438 2294 2761 2350 coeuntibus
2791 2293 3064 2350 communi
3087 2308 3314 2348 assensu
3343 2291 3628 2347 deﬁuiretur
3647 2295 3749 2345 utne,

2301 2392 2448 2448 salva
2479 2392 2779 2447 reverentia
2811 2401 2868 2446 et
2891 2391 3202 2447 obedientia
3228 2390 3378 2445 sedis
3404 2387 3672 2460 apostolica,
3691 2394 3748 2450 por

2301 2494 2385 2539 set
2438 2484 2598 2540 tidem
2653 2494 2867 2540 terreno
2917 2485 3030 2553 regi
3081 2499 3335 2552 servare,
3385 2479 3582 2539 annon.
3616 2473 3746 2546 Orodi

2300 2578 2622 2647 probatum,
2674 2578 2879 2648 inquit,
2933 2577 3097 2633 fuerit
3141 2589 3440 2647 utrumque
3489 2574 3591 2631 fieri
3633 2569 3748 2625 minim

2300 2684 2489 2741 posse,
2515 2669 2711 2736 lateor,
2740 2669 2885 2724 malo
2912 2678 3114 2726 terram
3140 2678 3308 2735 tuam,
3342 2671 3508 2725 donec
3530 2661 3745 2737 opiniones

2301 2761 2593 2832 suscipias,
2624 2763 2873 2817 exeundo
2905 2762 3171 2828 devitarc,
3203 2778 3370 2832 quam
3401 2759 3532 2817 beati
3568 2756 3669 2812 Petri
3685 2750 3739 2819 ejus

2300 2869 2406 2922 que
2453 2854 2642 2910 vicarii
2687 2853 3055 2910 obedientiam
3102 2853 3187 2908 vel
3228 2853 3296 2908 ad
3347 2855 3526 2908 horam
3577 2848 3741 2912 abnegart

2300 2944 2509 3002 Dantur
2558 2962 2689 3019 ergo
2749 2946 3016 3012 induciae,
3061 2956 3228 3016 atque
3285 2961 3358 3002 ex
3413 2944 3547 3015 regia
3590 2936 3744 2996 sanctioai

2300 3036 2473 3094 l'erme
2507 3039 2674 3094 totius
2713 3038 2866 3109 regni
2907 3038 3166 3094 nobilitas
3193 3037 3390 3109 quinto
3429 3037 3539 3090 ldus
3570 3029 3771 3109 Manlii";

2300 3131 2651 3188 ventilatione
2677 3131 2832 3187 istius
2857 3145 3038 3186 causa:
3071 3130 3126 3185 in
3162 3145 3334 3184 unum
3365 3127 3500 3199 apud
3525 3118 3740 3186 Rochinglr-

2300 3222 2425 3279 ham
2456 3226 2586 3281 coit.
3692 3301 3695 3302 ν
3720 3299 3723 3302 _

2369 3317 2456 3372 Fit
2487 3318 2668 3388 itaque
2695 3325 2996 3375 conventus
3029 3316 3275 3372 omnium
3327 3314 3583 3371 Dominico
3618 3301 3739 3360 dicit!

2299 3409 2531 3466 ecclesia
2564 3425 2684 3480 quze
2711 3420 2794 3464 est
2825 3410 2880 3465 in
2904 3410 3022 3480 ipso
3048 3418 3232 3466 castro
3260 3409 3392 3464 sita
3421 3406 3484 3462 ab
3509 3405 3613 3459 hora
3642 3394 3739 3467 ρτίιιιίν

2301 3517 2429 3572 rege
2459 3511 2514 3556 et
2543 3502 2656 3557 suis
2708 3503 2974 3558 secretius
3024 3503 3074 3556 in
3129 3500 3448 3556 Anselmum
3503 3491 3739 3578 comsiliatﬁ

2299 3592 2543 3648 studiose
2596 3592 2925 3648 texentibus.
2987 3591 3282 3646 Anselmus
3345 3599 3516 3645 autem
3565 3581 3737 3652 epistoliiv

2302 3683 2590 3740 abbatibus
2621 3692 2675 3738 et
2701 3682 3041 3754 principibus
3077 3681 3144 3736 ad
3175 3697 3234 3738 se
3270 3696 3302 3736 a
3335 3680 3478 3752 regio
3524 3681 3675 3733 secreto
3699 3677 3738 3712 tr

2300 3776 2462 3840 catis,
2492 3789 2586 3830 eos
2615 3784 2670 3829 et
2693 3775 3044 3830 assistentem
3085 3773 3498 3835 monachorum,
3520 3762 3736 3848 clericonte

2299 3867 2562 3923 laicorum
2599 3881 2948 3922 numerosam
2981 3865 3390 3922 multitudinem
3421 3865 3512 3918 hac
3552 3869 3646 3912 voce
3679 3845 3738 3899 si!"

2299 3959 2527 4028 quitur:
2566 3978 2585 4012 ι
2621 3959 2847 4014 Fratres
2877 3958 3006 4026 mei,
3066 3957 3160 4014 lilii
3217 3956 3473 4014 Ecclesiae
3518 3949 3610 4012 Dei,
3645 3945 3737 3996 om”

2298 4051 2421 4107 dico
2449 4049 2541 4121 qui
2577 4049 2666 4106 hic
2711 4059 3026 4124 congregati
3073 4049 3203 4106 estis
3256 4049 3314 4104 in
3371 4046 3570 4105 nomine
3611 4037 3735 4124 Domiti,

2297 4158 2512 4215 precor,
2543 4142 2824 4207 intendite,
2859 4153 2915 4200 et
2941 4157 3121 4200 causa:
3162 4152 3386 4214 propter
3413 4152 3556 4212 quam
3590 4123 3737 4225 ventile-

2297 4241 2421 4298 dam
2448 4242 2669 4298 adunati
2694 4243 2846 4308 estis,
2899 4258 2997 4314 pro
3025 4241 3234 4298 viribus
3263 4256 3421 4312 opem
3457 4233 3596 4292 vestri
3629 4213 3734 4280 cmi“

2298 4333 2457 4406 ferte.
2488 4335 2619 4404 Quae
2644 4344 2827 4392 autem
2857 4313 2975 4406 ipsa
3004 4351 3170 4392 causa
3195 4337 3290 4401 sit,
3326 4332 3470 4390 brevi
3503 4325 3579 4399 qui
3608 4313 3735 4406 noni“

2295 4402 2527 4498 pleniter
2574 4429 2823 4496 audistis,
2877 4402 2922 4484 si
2980 4428 3176 4500 placet,
3204 4428 3409 4484 audite.
3441 4420 3589 4478 Verba
3605 4402 3734 4480 quandi“

601 4523 815 4588 tempus
839 4522 994 4579 subdi
1019 4525 1100 4581 vel
1127 4527 1350 4583 obedire
1382 4507 1703 4590 miniased
1732 4507 1954 4592 Urbano
1975 4530 2196 4601 jamdu-
2222 4533 2273 4594 1)
2297 4533 2417 4580 orla
2459 4533 2586 4580 sunt
2639 4524 2781 4580 inter
2827 4524 3106 4583 dominum
3163 4534 3409 4581 nostrum
3439 4528 3592 4589 τεθείη
3627 4507 3735 4601 ei,“

600 4611 727 4666 dum
775 4629 872 4685 pro
930 4618 1139 4675 vicario
1189 4619 1335 4677 beati
1385 4621 1529 4678 Petri
1590 4622 1660 4680 ab
1709 4623 1860 4680 ltalia
1907 4623 2191 4696 Galliaque

597 4717 836 4780 recepto,
866 4710 1156 4768 Anselmus
1180 4713 1347 4769 etiam
1369 4722 1558 4786 utpote
1579 4716 1746 4774 abbas
1772 4717 1837 4773 de
1863 4716 2190 4775 Nortbman-

597 4796 684 4852 nia
709 4813 832 4856 eum
863 4816 964 4872 pro
990 4816 1130 4874 papa
1158 4813 1460 4874 receperat,
1494 4815 1548 4862 et
1574 4806 1717 4863 sicut
1740 4808 1822 4866 vir
1861 4809 2188 4867 nominatis-

595 4889 784 4955 simus.
818 4908 921 4950 nec
942 4909 1048 4954 non
1076 4896 1401 4954 auctoritate
1424 4898 1614 4970 plenus
1633 4901 1750 4972 ejus
1773 4901 1985 4960 litteras
2007 4917 2190 4960 susce-

594 4995 773 5056 perat,
804 4985 968 5057 eique
993 4989 1142 5048 velut
1183 5005 1396 5048 summo
1437 5001 1638 5049 sanctae
1685 4994 1940 5052 Ecclesia:
1987 4996 2191 5065 pastori

597 5089 728 5139 suas
753 5078 1048 5137 direxerat.
1072 5081 1394 5152 Requisitus
1433 5099 1563 5156 ergo
1608 5101 1637 5142 a
1682 5101 1808 5159 rege
1856 5102 1887 5142 a
1912 5102 2022 5157 quo
2048 5102 2192 5157 papa

595 5183 755 5238 usum
784 5170 933 5242 pallii
957 5183 1144 5245 petere
1165 5175 1447 5246 voluisset,
1493 5178 1810 5252 respondit:
1838 5179 1919 5238 Ab
1944 5177 2188 5235 Urbano.

2299 4634 2420 4690 quae
2441 4617 2733 4688 quamdam
2755 4617 3008 4673 videntur
3023 4617 3411 4673 dissensionem
3427 4615 3647 4684 generare.
3659 4590 3735 4649 iiii“.

2299 4727 2422 4768 cum
2452 4726 2624 4782 nuper
2647 4711 2917 4767 licentiam
2950 4710 3184 4766 adeundi
3238 4708 3506 4766 Urbanum
3543 4692 3646 4754 sedis
3675 4690 3737 4747 ην

2300 4804 2507 4861 stolicte
2538 4806 2822 4876 praesulem
2849 4805 3004 4876 juxta
3058 4819 3268 4862 morem
3295 4785 3733 4859 antecessorummﬁ‘

2299 4915 2421 4955 rum
2447 4914 2546 4970 pro
2593 4899 2739 4971 pallii
2794 4899 2899 4956 mei
2947 4900 3236 4970 adeptione
3295 4898 3364 4954 ab
3399 4910 3461 4952 eo
3490 4879 3733 4974 postulasst'ii'

2301 4991 2437 5048 dixit
2469 5007 2530 5048 se
2565 4992 2840 5050 Urbanum
2873 4993 3048 5063 ipsum
3076 5006 3174 5062 pro
3197 5006 3336 5063 papa
3365 4985 3565 5044 necdum
3582 4971 3733 5063 ειιεεαξίῖ

2297 5098 2380 5151 se,
2413 5098 2468 5139 et
2503 5084 2627 5140 ideo
2658 5085 2802 5141 nolle
2825 5057 3004 5142 mead
3035 5057 3159 5140 eum
3194 5057 3336 5138 illius
3363 5077 3436 5135 rei
3479 5057 3734 5154 εῐθιίεβπδρξ

2296 5150 2443 5233 rare.
2505 5178 2817 5247 Quinetiam
2879 5179 2984 5246 ait,
3049 5177 3098 5236 si
3160 5177 3408 5237 eumdem
3449 5165 3660 5226 Urbem!m
3691 5150 3734 5192 πί

1883 5267 2303 5327 BENSCHENII
2343 5268 2552 5326 ΝΟΤᾸΕ

593 5368 777 5422 tamen
799 5355 962 5432 _libro
992 5375 1086 5430 ηπ,
1129 5377 1278 5428 num.
1317 5363 1374 5430 6,
1424 5364 1644 5421 videtur
1688 5362 1918 5420 indicari
1971 5361 2190 5432 aliquod

593 5428 850 5505 generale
875 5428 1158 5505 concilium
1201 5434 1300 5492 sub
1324 5428 1652 5492 Lanfranco.

667 5515 694 5544 ι
731 5501 983 5571 (Ζωρθι-ειι
1011 5503 1135 5559 illud
1168 5507 1402 5562 schisma
1433 5508 1534 5562 sub
1569 5506 1628 5559 S.
1659 5503 1919 5574 Gregorio
1959 5502 2081 5573 Vili,
2115 5503 2191 5558 uti

593 5574 806 5630 dicetur
829 5577 900 5645 ad
928 5574 1045 5645 ejus
1071 5576 1214 5632 diem
1252 5579 1488 5633 natalem
1511 5592 1621 5631 xxv
1645 5575 1792 5637 Maii,
1818 5585 2006 5630 contra
2029 5588 2191 5644 quem

592 5654 712 5717 erat
769 5644 1043 5704 Wibertus
1101 5648 1542 5716 archiepiscopus
1602 5647 1961 5717 Ravennati,
2000 5654 2192 5717 agente

589 5713 825 5789 Henrico
855 5717 1184 5789 imperatore
1215 5713 1362 5789 anno
1390 5713 1529 5789 1085
1557 5726 1774 5773 creatus
1793 5759 1808 5783 ,
1848 5726 1902 5774 et
1935 5713 2189 5789 Clemens

590 5788 788 5846 dictus.
818 5788 890 5842 At
917 5787 1130 5843 mortuo
1149 5788 1211 5844 S.
1238 5787 1499 5855 Gregorio
1520 5791 1784 5844 successit
1802 5791 1852 5845 ei
1879 5787 2188 5844 Desiderius

590 5859 762 5918 abbas
787 5857 1125 5918 Casinensis.
1148 5874 1238 5914 an.
1270 5857 1408 5916 l086
1434 5869 1488 5916 et
1519 5859 1706 5917 Victor
1736 5859 1800 5915 Ill
1835 5861 2010 5917 dictus
2037 5877 2050 5912 :
2098 5859 2186 5914 cui

2295 5324 2558 5418 successit
2588 5377 2732 5418 anno
2760 5360 2897 5420 1088
2932 5360 3050 5418 Odo
3084 5360 3368 5431 episcopus
3392 5341 3622 5412 Ostiensis.
3643 5324 3722 5386 Ui“

2297 5449 2398 5527 ""3
2427 5433 3262 5527 11399393.”.sxg..-.._----.....
3330 5511 3440 5527 -.....
3470 5486 3598 5527 νηιση
3634 5459 3731 5527 Domi:

2369 5486 2397 5546 ὖ
2430 5486 2723 5559 ⁷ὑόιῖἦιιὶίέὶὶ
2762 5486 3284 5573 ύ-Ουθιίταεθεῑηιω,
3329 5511 3440 5569 quae
3470 5486 3598 5556 vulB0
3634 5486 3732 5572 90"";

2369 5591 2412 5598 --
2447 5575 2717 5598 n..-_:---_:..
2754 5575 2950 5598 J:-2.--_
3010 5573 3193 5598 :..-:.I:.
3227 5585 3362 5598 --.ιη
3400 5560 3522 5598 ιηακ
3551 5569 3590 5598 ιη
3620 5546 3700 5598 dm"

2296 5577 2419 5652 nica
2446 5575 2719 5652 Passionis
2750 5560 2955 5652 dicitur
2963 5615 2992 5652 ,_
3010 5560 3197 5629 ἰιῗοίιιίι
3225 5560 3363 5652 anno

2296 5617 2422 5703 ἰὶἱῖιὲ
2446 5617 2993 5710 fitﬁii‘i'zfumij'ia
3011 5617 3118 5700 ἐξι
3146 5641 3345 5700 mensis
3373 5624 3578 5719 praedicﬁ
3599 5617 3730 5739 dgltrgi?

2305 5734 2359 5739 _-
2397 5717 2508 5739 ›-ε--
2543 5717 2742 5739 ημ.--ι.-
2777 5715 2872 5739 ι’..ει
2907 5713 3231 5739 --r_n.v.m.--_.
3263 5725 3366 5739 --.α
3401 5699 3598 5739 muniam
3653 5699 3730 5731 3"

2299 5699 2754 5774 a—cvdein‘Pascha
2775 5699 2875 5770 l'uit
2897 5699 3233 5774 celebratum
3260 5699 3598 5780 xxv'ejitsdem
3620 5699 3697 5739 '3"

2299 5791 2476 5846 littera
2508 5787 2828 5846 Dominicali
2859 5787 2925 5844 G.
