3988 6302
122 345 206 404 381

1197 323 1523 385 HISTORIA
1563 318 1927 381 NOVORUM.
1969 349 2037 363 —
2076 317 2206 376 LIB.
2244 315 2288 376 l.

3268 276 3378 364 m

120 438 391 533 quemlibet
436 450 600 507 alium
629 462 749 505 sme
790 461 907 504 mea
949 444 1217 502 electione
1260 453 1314 499 et
1364 440 1689 497 auctoritate
1717 439 1763 498 A
1791 457 1947 523 nobis
1990 456 2152 531 petis.
2196 467 2360 524 penes
2406 459 2458 508 ιε
2485 458 2596 523 est;
2637 460 2798 523 quem
2826 443 3149 517 prudentem
3180 441 3234 497 in
3264 440 3378 498 Deo

121 560 165 611 lu
194 563 349 619 regno
378 555 498 601 meo
520 560 617 615 pro
638 557 773 613 papa
789 540 1020 611 suscipis
1050 547 1143 594 aut
1169 543 1476 606 susceptum
1502 542 1677 596 tenes,

119 652 282 703 contra
318 640 475 693 tidem
512 652 674 707 quam
708 635 837 691 mihi
864 634 1029 690 debes
1058 632 1214 697 facis,
1248 646 1348 687 nec
1381 630 1435 684 in
1465 628 1569 683 hoc
1597 643 1683 682 me

118 738 277 795 minus
311 729 554 796 offendis,
584 745 745 803 quam
775 729 819 785 si
848 742 1105 785 coronam
1131 742 1306 783 meam
1337 724 1468 779 mihi
1490 722 1684 803 tollere

120 825 396 885 conareris.
454 822 609 880 Unde
670 823 809 879 scias
868 823 920 878 in
977 836 1142 891 regno
1208 833 1328 874 meo
1378 802 1583 871 null-um
1632 822 1684 869 te

116 922 437 997 participium
470 918 804 983 habiturum,
830 917 873 971 si
902 931 1007 973 non
1038 914 1243 986 apertis
1286 911 1682 968 assertionibus

117 1019 396 1090 probavero
423 1022 474 1069 te
504 998 1025 1068 omnisobedientim
1054 1005 1442 1076 subiectionem
1460 1001 1681 1060 Urbano

118 1110 292 1177 dequo
322 1106 523 1176 agitur,
552 1118 650 1173 pro
674 1111 797 1157 voto
820 1116 965 1165 meo,
1008 1108 1352 1171 negaturum.
1398 1093 1550 1162 Quod
1580 1107 1680 1161 ego

116 1184 336 1262 audiens,
371 1197 672 1251 admiratus
697 1210 838 1251 sum.
866 1192 1145 1263 Siquidem
1189 1191 1360 1245 abbas
1389 1203 1561 1254 eram,
1623 1195 1681 1239 ut

117 1294 281 1356 nostis,
317 1292 375 1345 in
414 1289 519 1345 alio
548 1305 716 1361 regno
745 1303 841 1359 per
871 1286 1301 1342 misericordiam
1332 1282 1421 1337 Dei
1451 1296 1679 1337 conver-

116 1395 243 1444 satus
271 1385 337 1440 ad
370 1399 561 1439 omnes
609 1384 727 1439 sine
771 1381 1012 1453 querela.
1068 1378 1223 1434 Nulla
1283 1393 1414 1433 vero
1451 1391 1545 1445 spe
1594 1373 1677 1427 vel

118 1475 357 1533 desiderio
392 1473 762 1545 pontificatus,
788 1473 880 1528 sed
907 1471 1231 1543 quibusdam
1262 1465 1678 1523 rationabilibus

116 1570 286 1633 causis,
333 1583 474 1640 quas
505 1568 817 1623 nullatenus
848 1567 1102 1622 omittere
1124 1575 1391 1635 pmeram,
1438 1562 1491 1615 in
1541 1560 1679 1614 hanc

116 1671 287 1717 terram
316 1676 443 1715 sum
483 1660 671 1714 venire
716 1666 957 1713 coactus.
986 1656 1108 1727 lpso
1149 1665 1327 1710 autem
1381 1667 1504 1724 rege
1530 1650 1680 1706 infir-

114 1763 257 1817 mato,
280 1767 478 1808 omnes
503 1753 593 1822 qui
632 1760 758 1806 tunc
790 1751 1028 1806 aderatis
1063 1749 1109 1805 ei
1157 1756 1219 1803 ut
1266 1744 1425 1801 matri
1475 1759 1587 1799 suae
1626 1750 1679 1796 et

1787 564 1852 604 ac
1878 546 2137 603 bonitatis
2162 555 2459 600 amatorem
2493 556 2614 597 esse
2658 535 3057 611 cognoscimus,
3090 544 3146 590 et
3178 533 3248 589 ob
3275 534 3379 589 hoc

1786 639 1839 694 in
1884 647 1994 693 tam
2023 636 2288 709 profunda
2315 650 2371 689 re
2402 633 2628 689 consilio
2657 640 2843 687 nostro
2876 644 2984 686 non
3014 624 3377 700 eges.Verum

1785 732 1852 797 si,
1885 740 2092 786 remota
2134 729 2280 783 omni
2322 727 2427 781 alia
2459 724 2788 788 conditione,
2818 721 3141 794 simpliciter
3185 718 3250 774 ad
3277 732 3378 774 vo-

1783 825 2047 879 luntatem
2097 822 2300 878 domini
2348 819 2523 876 nostri
2556 818 2700 890 regis
2746 815 2958 872 consilii
2994 814 3071 869 tui
3106 825 3375 876 Summam

1785 917 2081 973 transferre
2111 916 2299 981 velles,
2353 922 2598 986 prompta
2645 911 2743 966 tibi
2788 909 3088 973 voluntate,
3136 915 3196 962 ut
3221 905 3377 961 nobis

1784 1013 1938 1083 ipsis,
1985 1011 2416 1067 consuleremus.
2463 1009 2739 1073 Attamen,
2785 1007 2829 1061 si
2873 1003 3050 1076 jubes,
3094 1004 3256 1059 verba
3285 1011 3376 1057 tua

1785 1105 1883 1176 ipsi
1926 1104 2147 1159 domino
2188 1112 2378 1158 nostro
2421 1101 2750 1165 referemus,
2794 1106 2849 1153 et
2885 1112 3007 1152 cum
3046 1094 3379 1150 audierimus

1783 1199 1913 1269 quid
1953 1199 2076 1253 inde
2120 1199 2335 1262 sentiat,
2381 1196 2626 1251 dicemus
2675 1192 2795 1248 tibi.
2826 1212 2844 1244 ι
2889 1190 3094 1246 Annuit
3139 1189 3273 1261 ipse,
3323 1192 3380 1242 et

1783 1290 2033 1345 fecerunt
2072 1298 2130 1344 ut
2158 1290 2435 1344 dixerant.
2466 1286 2733 1358 Praecepit.
2779 1285 2963 1353 itaque
2988 1296 3080 1337 rex
3110 1290 3169 1336 ut
3196 1279 3379 1335 omnia

1784 1385 1837 1440 in
1869 1385 2191 1447 crastinum,
2216 1384 2341 1452 quia
2371 1381 2489 1436 dics
2521 1378 2804 1434 Dominica
2833 1384 2973 1441 erat,
3005 1373 3374 1436 differrentur;

1783 1488 1838 1534 et
1891 1476 2179 1532 Anseimus
2231 1476 2297 1529 ad
2354 1473 2648 1545 hospitium
2701 1486 2900 1533 suum,
2952 1468 3159 1523 curiam
3217 1477 3376 1519 mane

1784 1569 2136 1640 repetiturus,
2166 1574 2558 1621 reverteretur.
2590 1563 2814 1620 Factum
2847 1571 2931 1617 est
2963 1560 3056 1614 ita.
3088 1557 3155 1613 Et
3196 1572 3376 1621 mane,

1777 1659 1934 1731 juxta
1970 1659 2310 1722 condictum,
2345 1656 2550 1712 reversi
2603 1670 2809 1711 sumus.
2854 1652 3042 1723 Itaque
3090 1649 3379 1706 Anselmus

1786 1755 1840 1808 in
1880 1751 2058 1808 medio
2106 1765 2392 1822 procerum
2425 1758 2479 1805 et
2510 1748 2844 1818 conglobata:
2890 1742 3252 1799 multitudinis
3294 1754 3382 1794 se-

113 1856 285 1902 vestrae
320 1829 536 1901 scilic°et
561 1844 813 1900 Ecclesiae
856 1842 1237 1900 Cantuariensi
1266 1856 1362 1912 per
1385 1839 1678 1895 institutio-
1712 1823 1755 1883 Β
1783 1845 1939 1913 dens,
1974 1845 2049 1900 ita
2080 1858 2239 1899 orsus
2264 1850 2383 1898 est;
2418 1862 2434 1895 ι
2468 1841 2524 1896 Si
2552 1838 2706 1910 juxta
2731 1836 2875 1908 quod
2904 1852 2933 1891 ιι
2961 1834 3135 1899 vobis,
3171 1832 3376 1888 domini

112 1956 215 1997 nem
243 1940 519 2011 pontiﬁcis
548 1949 674 1995 ante
718 1950 949 1995 mortem
1001 1954 1151 1995 suam
1203 1936 1534 1997 consuleret,
1577 1949 1676 2006 pro

111 2042 216 2088 voto
238 2031 609 2087 consuluistis.
661 2030 799 2099 Quid
842 2029 1057 2085 dicam?
1109 2028 1376 2097 Suscepto
1428 2024 1675 2091 consilio,

112 2125 285 2196 placuit
314 2124 398 2179 illi
428 2134 483 2180 et
514 2126 664 2180 vobis
696 2114 745 2179 in
782 2125 887 2179 hoc
916 2139 1052 2194 opus
1102 2122 1303 2192 eligere
1350 2135 1459 2178 me.
1492 2116 1677 2189 Objcci

112 2217 336 2289 plurima,
374 2218 678 2273 subducere
714 2232 798 2271 me
820 2214 1128 2287 praesulatui
1157 2214 1409 2287 gestiens.
1450 2226 1549 2266 nec
1588 2223 1680 2264 ac-

111 2311 393 2382 qu’ievistis.
420 2308 706 2365 Professus
736 2324 854 2365 sum
881 2310 1023 2364 inter
1048 2308 1149 2363 alia
1183 2323 1269 2362 me
1297 2307 1443 2362 hunc
1469 2306 1535 2360 de
1571 2319 1691 2374 quo,

112 2418 231 2458 nunc
251 2402 478 2473 querela
504 2402 604 2456 ista
630 2401 937 2457 conseritur
962 2399 1238 2456 Urbanum
1262 2413 1361 2468 pro
1383 2395 1679 2467 apostolico

110 2494 414 2566 suscepisse,
445 2511 640 2566 meque
685 2494 753 2550 ab
802 2493 920 2563 ejus
970 2491 1301 2561 subjectione
1323 2492 1500 2562 quoad
1524 2490 1673 2544 vive-

110 2596 179 2643 ret
205 2588 279 2643 vel
325 2587 399 2641 ad
443 2587 633 2642 horam
684 2586 964 2641 discedere
1005 2585 1184 2648 nolle;
1240 2594 1294 2639 et
1336 2583 1427 2654 qui
1480 2582 1545 2637 ad
1578 2582 1679 2636 hoc

108 2690 216 2735 tunc
270 2679 535 2751 temporis
565 2678 695 2734 mihi
742 2677 1148 2734 contradicerct
1196 2691 1357 2732 nemo
1406 2673 1526 2730 fuit.
1567 2673 1676 2729 Sed

108 2772 246 2841 quid?
271 2770 554 2842 Rapuistis
584 2786 669 2826 me
705 2780 762 2825 et
799 2771 1054 2842 coegistis
1074 2784 1211 2824 onus
1236 2767 1479 2823 omnium
1507 2766 1679 2821 susci-

107 2858 215 2935 pere
230 2865 345 2936 qui,
361 2864 610 2934 corporis
632 2863 997 2920 imbecillitate
1019 2862 1287 2928 defessus,
1305 2861 1567 2930 meipsnm
1590 2859 1679 2913 vix

107 2968 325 3028 poteram
355 2956 523 3011 ferre.
559 2957 613 3012 ln
635 2972 743 3028 quo
780 2955 924 3011 facto
947 2955 1222 3027 putabatis
1248 2952 1430 3007 forsan
1456 2951 1584 3005 mihi
1610 2951 1677 3005 ad

108 3061 263 3105 votum
276 3050 506 3105 servire.
522 3048 627 3105 Sed
642 3058 902 3120 quantum
918 3048 1044 3103 illud
1056 3045 1500 3107 desideraverim,
1516 3056 1677 3111 quam

109 3156 293 3217 gratum
332 3144 645 3211 habuerim,
684 3156 949 3217 quantum
986 3144 1037 3198 in
1075 3143 1166 3198 illo
1204 3141 1506 3197 delectatus
1551 3138 1675 3203 sim,

1780 1934 2001 2001 fratres,
2034 1935 2295 1990 hesterno
2332 1933 2439 1994 die.
2485 1931 2774 1987 consilium
2820 1929 2885 1983 de
2923 1924 3178 1999 praesenti
3212 1938 3376 1979 causa

1780 2029 1971 2101 petivi,
2010 2028 2094 2083 vel
2148 2040 2289 2082 nunc
2320 2025 2450 2081 dare
2475 2024 2706 2091 velletis,
2739 2021 3067 2092 acciperem.
3098 2036 3117 2070 ι
3160 2017 3231 2071 At
3265 2014 3376 2070 Illi:

1787 2143 1806 2177 ι
1837 2122 1990 2191 Quod
2020 2122 2137 2178 beri
2170 2118 2573 2189 respondimus,
2604 2117 2765 2172 modo
2798 2113 3190 2183 respondemus
3221 2127 3234 2164 :
3266 2109 3377 2165 sci-

1781 2216 1941 2284 licet,
1986 2215 2030 2271 si
2078 2229 2216 2284 pure
2263 2213 2330 2268 ad
2374 2210 2710 2266 voluntatem
2742 2205 2947 2263 domini
2990 2202 3131 2274 regis
3164 2198 3379 2256 consilii

1784 2308 1860 2361 tui
1918 2320 2189 2360 summam
2247 2302 2550 2357 transferre
2596 2298 2879 2361 volueris,
2933 2300 3273 2366 promptum,
3325 2297 3383 2344 et

1781 2399 1925 2469 quod
1958 2397 2011 2452 in
2051 2395 2208 2451 nobis
2250 2395 2384 2464 ipsis
2413 2392 2546 2448 utile
2578 2392 2887 2452 didicimus,
2936 2401 2965 2440 a
3003 2384 3162 2441 nobis
3204 2379 3383 2438 cousi-

1782 2490 1916 2545 lium
1948 2497 2159 2544 certum
2212 2484 2457 2540 habebis.
2490 2484 2564 2555 ,Si
2596 2492 2779 2540 autem
2834 2478 3134 2537 secundum
3186 2474 3380 2542 Deum,

1783 2581 1928 2654 quod
1973 2579 2244 2634 ullatenus
2276 2575 2543 2631 voluntati
2580 2575 2723 2645 regis
2764 2571 2989 2629 obviare
3019 2569 3207 2642 possit,
3254 2581 3382 2621 con-

1784 2676 1961 2733 silium
2002 2691 2030 2731 a
2062 2674 2223 2730 nobis
2270 2678 2582 2741 exspectas,
2628 2668 2831 2724 frustra
2876 2665 3105 2732 niteris;
3153 2664 3278 2735 quia
3327 2661 3380 2717 in

1785 2770 2091 2842 hujusmodi
2124 2781 2400 2838 nunquam
2427 2763 2521 2819 tibi
2555 2776 2656 2817 nos
2687 2758 3067 2816 adminiculari
3098 2753 3328 2811 videbis.
3357 2774 3376 2807 ι

1784 2861 1991 2929 Quibus
2017 2859 2177 2914 dictis
2224 2854 2634 2917 conticuerunt,
2681 2858 2737 2908 et
2778 2850 2960 2920 capita
3003 2863 3098 2903 sua
3130 2844 3281 2918 quasi
3314 2844 3383 2900 ad

1784 2969 1848 3009 ea
1877 2967 1996 3025 quae
2027 2952 2142 3025 ipse
2177 2950 2427 3005 illaturus
2473 2953 2594 3000 erat
2639 2943 2990 2999 dimiserunt.
3029 2938 3183 2995 Tunc
3219 2937 3382 2992 Pater

1783 3046 2076 3101 Anselmus
2106 3042 2307 3099 erectis
2348 3040 2399 3093 in
2450 3038 2620 3093 altum
2652 3035 2949 3091 luminibus
2981 3032 3165 3089 vivido
3205 3030 3380 3096 vultu,

1786 3138 2082 3195 reverenda
2137 3151 2279 3191 voce
2320 3135 2422 3189 ista
2476 3130 2687 3186 locutus
2729 3138 2851 3187 est;
2914 3146 2933 3179 ι
2967 3126 3101 3183 Cum
3156 3140 3255 3181 nos
3289 3123 3383 3194 qui

109 3239 263 3295 dicere
290 3238 347 3293 in
379 3237 634 3309 praesenti
663 3238 903 3309 quidem,
931 3251 1052 3291 cum
1081 3232 1216 3289 nihil
1250 3233 1445 3305 prosit,
1491 3245 1682 3301 super-
1709 3206 1751 3264 (ἶ
1784 3231 2113 3290 Christiana:
2159 3227 2330 3303 plebis
2369 3238 2646 3300 pastores,
2699 3233 2755 3279 et
2793 3238 2889 3280 vos
2942 3221 3033 3288 qui
3062 3218 3382 3292 populorum

107 3346 311 3389 vacuum
343 3332 580 3393 aestimo.
609 3328 810 3386 Verum
845 3344 909 3382 ne
937 3326 1059 3399 quis
1090 3326 1143 3380 in
1176 3326 1279 3380 hac
1312 3340 1369 3379 re
1398 3322 1683 3379 conscien-

110 3426 218 3485 tiam
261 3441 441 3487 meam
494 3423 745 3480 nesciens
788 3421 1185 3479 scandalizetur
1234 3418 1286 3473 in
1337 3432 1465 3472 me:
1508 3415 1684 3470 fateor

106 3533 271 3573 verum
303 3517 434 3575 dico
462 3518 588 3587 quia
613 3516 760 3572 salva
794 3514 1095 3570 reverentia
1123 3511 1417 3567 voluntatis
1448 3509 1539 3565 Dei
1571 3522 1686 3562 ma-

106 3610 301 3667 luissem
334 3609 431 3666 ilia
460 3609 571 3675 die,
600 3611 643 3665 si
685 3609 833 3680 optio
871 3606 1002 3662 mihi
1045 3606 1286 3671 daretur,
1318 3602 1371 3657 in
1400 3601 1682 3657 ardentem

107 3720 273 3779 rogum
346 3703 757 3763 comburendus
822 3698 1191 3774 praecipitari,
1265 3711 1427 3767 quam
1503 3694 1733 3769 arcbi-_

107 3799 439 3871 episcopatus
500 3796 761 3867 dignitate
820 3790 1123 3848 sublimari.
1183 3787 1437 3842 Attamen
1497 3786 1684 3841 videns

108 3890 462 3963 importunam
486 3890 819 3946 voluntatem
844 3880 1326 3953 vestram,credidi
1351 3895 1439 3936 me
1458 3879 1608 3935 vobis
1631 3889 1685 3934 et

109 3985 299 4052 suscepi
336 4000 480 4040 onus
508 3982 651 4053 quod
688 3979 1053 4045 imposuistis,
1087 3974 1326 4033 confisus
1359 3989 1453 4045 spe
1495 3972 1684 4029 auxilii

107 4076 255 4130 vestri
289 4076 436 4146 quod
470 4073 695 4146 polliciti
734 4075 885 4128 estis.
925 4071 1078 4127 Nunc
1103 4087 1256 4144 ergo,
1306 4085 1434 4127 ecce
1474 4077 1685 4138 tempus

108 4167 241 4221 adest
270 4184 389 4240 quo
426 4182 550 4229 sese
578 4181 743 4223 causa
768 4164 982 4233 obtulit,
1013 4174 1072 4219 ut
1101 4179 1240 4219 onus
1270 4177 1448 4217 meum
1474 4158 1684 4215 consilii

106 4260 255 4315 vestri
314 4276 482 4316 manu
531 4259 740 4315 levetis.
785 4259 889 4313 Pro
929 4257 1086 4330 cujus
1136 4255 1345 4310 consilii
1400 4252 1685 4322 adeptione

107 4351 251 4418 petivi
285 4351 535 4407 inducias
585 4352 654 4408 ab
698 4366 764 4406 eo
810 4350 896 4404 die
936 4365 1042 4420 quo
1082 4348 1212 4403 mihi
1262 4344 1487 4417 prrefata
1521 4343 1685 4399 verba

108 4442 233 4495 dicta
269 4452 422 4512 sunt,
458 4441 511 4495 in
542 4441 688 4496 hunc
735 4442 911 4506 diem;
956 4448 1226 4510 quatenus
1271 4437 1323 4492 in
1358 4452 1521 4491 unutn
1556 4450 1686 4489 con-

108 4535 375 4601 veniretis,
416 4533 691 4590 communi
724 4533 949 4588 consilio
994 4530 1421 4600 investigaretis,
1473 4534 1686 4583 utram-
1719 4564 1767 4621 Β

108 4642 217 4681 nam
247 4628 480 4699 possim,
510 4627 659 4682 salva
689 4626 949 4681 fidelitate
992 4625 1155 4696 regis,
1185 4638 1404 4679 scrvare
1432 4622 1688 4679 obedien-

106 4720 225 4775 tiam
270 4718 588 4792 apostolicae
639 4719 801 4776 sedis.
847 4718 1042 4787 Petivi,
1070 4718 1312 4788 inquam,
1346 4715 1593 4771 inducias
1635 4722 1689 4770 et

106 4812 301 4883 accepi,
326 4821 379 4867 et
407 4828 539 4869 ecce
562 4812 735 4885 gratia
765 4810 857 4866 Dei
887 4811 1112 4867 adestis.
1140 4808 1341 4866 Omnes
1370 4810 1571 4880 itaque,
1596 4808 1689 4864 sed

105 4916 192 4957 vos
236 4900 776 4993 przecipueufratres
821 4911 875 4957 et
915 4900 1219 4974 coepiscopi
1249 4900 1377 4967 mei,
1409 4914 1601 4970 precor
1636 4906 1690 4953 et

104 5010 313 5062 moneo,
330 5008 601 5067 quatenus
636 4997 755 5053 istis
775 4996 1063 5070 diligenter
1085 4995 1344 5066 inspectis
1367 4993 1686 5059 studiosius,

104 5088 235 5143 sicut
276 5105 381 5145 vos
416 5089 594 5158 decet,
647 5106 754 5162 quo
802 5089 957 5147 inniti
1000 5104 1196 5160 queam
1237 5087 1367 5143 mihi
1402 5086 1687 5143 consilium

102 5179 260 5247 detis,
297 5186 373 5253 ita
405 5193 539 5242 utet
564 5194 753 5241 contra
786 5183 1147 5253 obedientiam
1174 5196 1327 5253 papa
1352 5180 1482 5237 nihil
1510 5196 1688 5251 agam,

102 5279 151 5325 et
184 5272 348 5332 (idem
391 5291 557 5351 quam
612 5274 832 5355 domino
879 5273 992 5347 regi
1044 5273 1212 5331 debeo
1261 5289 1366 5328 non
1395 5271 1687 5328 offendam.

102 5358 270 5419 Grave
301 5365 574 5437 siquidem
614 5365 747 5433 mihi
789 5372 872 5427 est
902 5364 1167 5421 vicarium
1201 5363 1346 5420 beati
1376 5362 1523 5419 Petri
1557 5378 1690 5418 con-

103 5456 393 5519 temnendo
440 5457 745 5533 abnegare;
790 5471 974 5543 grave,
1022 5455 1179 5525 fidem
1231 5471 1393 5528 quam
1437 5453 1553 5527 regi
1604 5467 1691 5508 me

100 5552 401 5609 secundum
476 5551 649 5631 Deum
717 5562 1061 5613 servaturum
1124 5552 1388 5625 promisi,
1445 5547 1687 5614 violare;

102 5656 265 5710 grave
318 5643 677 5725 nihilominus
724 5644 868 5714 quod
916 5643 1136 5723 dicitur,
1176 5642 1511 5714 impossibile
1556 5638 1690 5696 mihi

98 5729 216 5790 fore
254 5722 429 5799 unum
472 5720 688 5817 borum,
721 5752 830 5803 non
867 5720 1068 5793 violato
1103 5735 1293 5802 altero,
1332 5733 1630 5790 custodire.
1664 5754 1683 5787 ι

92 5820 179 5897 Μ
203 5824 333 5897 hac
370 5827 608 5901 episcopi
637 5828 1073 5902 responderunt:
1114 5825 1453 5899 tConsilium
1478 5828 1622 5901 quod
1656 5824 1690 5883 a

1786 3326 2061 3397 principes
2089 3322 2382 3388 vocatnini,
2410 3319 2695 3377 consilium
2741 3314 2873 3370 mihi
2916 3311 3150 3384 principi
3202 3318 3385 3365 vestro

1787 3418 2003 3474 nonnisi
2038 3418 2105 3473 ad
2136 3417 2295 3471 unius
2347 3414 2582 3470 hominis
2634 3410 2969 3465 voluntatem
3002 3406 3134 3461 dare
3184 3402 3380 3473 vultis}

1787 3527 1889 3585 ego
1927 3513 1994 3567 ad
2043 3526 2314 3566 summum
2354 3518 2654 3581 pastorem,
2687 3513 2741 3559 et
2775 3501 3079 3574 principem
3116 3498 3385 3561 omnium,

1788 3620 1888 3676 ego
1929 3604 1996 3657 ad
2026 3601 2203 3672 magni
2252 3599 2462 3655 consilii
2498 3596 2747 3671 angelum
2788 3607 3007 3649 curram
3055 3600 3109 3646 et
3150 3590 3202 3644 in
3236 3603 3384 3652 meo,

1788 3693 1900 3750 imo
1930 3693 1981 3747 in
2013 3708 2110 3747 suo
2140 3700 2194 3747 et
2223 3690 2480 3747 Ecclesiae
2518 3705 2626 3744 sum
2658 3685 2897 3757 negotio,
2922 3681 3209 3739 consilium
3239 3678 3383 3749 quod

1789 3802 1989 3857 sequar
2035 3786 2103 3838 ab
2144 3798 2210 3837 co
2254 3783 2541 3852 accipiam.
2577 3778 2721 3834 Dicit
2752 3773 3071 3841 beatissimo
3110 3769 3386 3843 apostolo-

1788 3899 1909 3938 rum
1958 3882 2164 3938 Petro:
2207 3879 2286 3934 Tu
2334 3895 2387 3933 es
2448 3874 2674 3940 Petrus,
2720 3883 2765 3928 et
2807 3888 2963 3943 super
3003 3871 3137 3923 hanc
3186 3876 3386 3935 petram

1789 3974 2061 4045 a’di/icabo
2119 3972 2412 4029 Ecclesium
2462 3985 2664 4033 meam;
2731 3974 2778 4019 et
2840 3972 3004 4035 porta:
3070 3956 3224 4026 infert
3282 3971 3384 4010 non

1787 4068 2142 4142 praeualebunt
2173 4068 2424 4123 adversus
2472 4080 2585 4118 eam
2605 4102 2621 4127 ,
2651 4069 2696 4115 et
2727 4058 2821 4113 tibi
2846 4057 2982 4111 dabo
3021 4054 3190 4109 claves
3237 4050 3382 4121 regni

1790 4161 2067 4226 caelorum;
2100 4170 2145 4214 et
2189 4158 2535 4231 quodcunque
2573 4150 2815 4223 ligaveris
2850 4164 3006 4218 super
3033 4157 3249 4211 terram,
3285 4143 3385 4196 erit

1789 4265 1837 4308 et
1868 4255 1943 4307 'in
1995 4253 2134 4307 caelis
2186 4250 2438 4323 ligatum;
2480 4256 2528 4303 et
2581 4244 2926 4318 quodcunque
2970 4237 3183 4295 solveris
3234 4240 3389 4306 ευμεν

1790 4355 2006 4409 terram,
2029 4343 2257 4399 solutum
2288 4351 2334 4396 et
2365 4342 2420 4394 in
2449 4338 2586 4394 caelis
2605 4336 2817 4410 (Matth.
2844 4331 3061 4398 “1.18,
3090 4330 3199 4401 i9).
3220 4328 3378 4383 Com-

1790 4438 2031 4494 muniter
2072 4438 2238 4492 etiam
2286 4432 2547 4506 apostolis
2589 4429 2879 4485 euntibus:
2926 4425 3030 4494 Qui
3078 4440 3164 4479 vos
3212 4421 3384 4486 audit,

1791 4531 2080 4597 ntexrudit;
2110 4538 2156 4583 et
2185 4527 2275 4599 qui
2306 4544 2394 4580 vos
2419 4524 2749 4595 speruit,me
2778 4520 2975 4593 spernit
2999 4515 3154 4581 (Luc.
3188 4532 3241 4581 x,
3272 4513 3384 4583 16);

1795 4638 1842 4679 et
1871 4625 1959 4696 qui
1987 4621 2153 4694 tangit
2182 4598 2292 4687 uos,
2322 4620 2452 4674 sicut
2472 4598 2563 4683 qui
2603 4616 2769 4686 tangit
2814 4610 3070 4684 pupillam
3115 4606 3255 4663 oculi
3286 4606 3387 4659 mei

1795 4715 1981 4789 (Zuch.
2031 4732 2096 4779 ιι,
2125 4714 2201 4785 8).
2253 4713 2378 4769 Haec
2410 4712 2551 4767 sicut
2594 4704 3163 4791 principaliterxbeato
3201 4698 3385 4760 Petro,

1794 4822 1851 4867 et
1889 4811 1941 4865 in
1985 4810 2102 4880 ipso
2148 4807 2361 4864 czeteris
2413 4803 2675 4877 apostolis
2728 4800 2873 4856 dicta
2920 4790 3256 4866 accipinnts,
3312 4790 3386 4843 ita

1794 4903 2170 4976 principaliter
2205 4900 2416 4957 vicario
2446 4898 2592 4954 beati
2634 4894 2804 4961 Petri,
2850 4900 2905 4949 et
2934 4905 3030 4962 per
3069 4889 3242 4960 ipsum
3277 4899 3385 4939 cm-

1796 4998 1931 5053 teris
1960 4997 2253 5069 episcopis,
2283 4994 2376 5065 qui
2407 4993 2555 5048 vices
2584 4996 2749 5063 agunt
2776 4983 3167 5059 apostolorum,
3196 4978 3385 5035 eadem

1795 5090 1939 5146 dicta
1970 5101 2255 5155 tenemus;
2318 5102 2424 5142 non
2463 5083 2686 5139 cuilibet.
2720 5075 3057 5150 imperatori,
3092 5089 3195 5129 non
3227 5071 3387 5126 alicui

1795 5186 1934 5256 regi,
1980 5201 2086 5240 non
2124 5182 2269 5248 duci,
2312 5197 2419 5237 non
2467 5176 2677 5236 comiti.
2708 5177 2764 5231 In
2796 5190 2902 5247 quo
2933 5182 3115 5229 tamen
3155 5168 3390 5225 terrenis

1794 5275 2133 5348 principibus
2166 5272 2321 5328 subdi
2373 5287 2436 5327 ac
2468 5269 2783 5325 ministrare
2824 5264 3120 5321 debeamus
3153 5261 3305 5315 docet
3338 5266 3391 5313 et

1797 5366 2020 5424 instruit
2048 5365 2190 5422 idem
2240 5367 2353 5437 ipse
2406 5362 2586 5436 magni
2614 5358 2825 5416 consilii
2870 5357 3126 5429 Angelus,
3158 5353 3389 5427 dicens:

1796 5459 2020 5514 Reddite
2053 5476 2171 5531 quw
2210 5468 2331 5514 sunt
2369 5456 2598 5514 Ca'saris
2630 5450 2856 5522 Censori,
2897 5461 2944 5507 et
2981 5465 3100 5522 qua:
3142 5456 3260 5502 sunt
3293 5444 3391 5501 Dei

1794 5550 1906 5608 Deo
1936 5551 2153 5625 (Matth.
2183 5568 2321 5618 xxu,
2352 5550 2468 5621 ει).
2513 5547 2639 5603 Haec
2671 5547 2858 5612 verba,
2894 5543 3011 5601 haec
3037 5540 3263 5599 consilia
3293 5536 3390 5594 Dei

1797 5654 1942 5700 sunt.
1976 5644 2100 5699 Haec
2124 5645 2398 5714 approbo,
2427 5641 2542 5696 inec
2570 5640 2830 5711 suscipio,
2861 5638 2974 5692 haec
3003 5634 3147 5691 nulla
3178 5632 3390 5688 ratione

1800 5736 1982 5792 exibo.
2021 5737 2200 5804 Quare
2232 5735 2414 5792 cuneti
2458 5734 2720 5791 noveritis
2749 5734 2801 5788 in
2829 5728 3129 5793 communi,
3160 5724 3302 5797 quod
3334 5722 3389 5777 in

1732 5909 1755 5916 ,
1801 5830 1891 5890 hi5
1916 5845 2036 5905 quae
2062 5831 2157 5891 Dei
2184 5842 2313 5891 sunt
2336 5830 2545 5901 vicario
2573 5829 2714 5889 beati
2742 5825 2888 5884 Petri
2916 5824 3299 5893 obedientiam,
3332 5823 3390 5876 ct

2558 5988 2629 5998 ...υ
2746 5990 2856 6001 ...με
