3988 6302
1066 354 1107 363 ..κ
1140 352 1154 367 με
1163 352 1175 365 .-

563 356 670 459 333

1557 368 1865 454 mm:
1903 390 2457 454 CANTUARIENSIS
2493 386 2799 454 MONACHI

3729 372 3828 448 584

567 521 621 575 in
654 520 741 574 ius
767 532 886 588 quae
924 523 1156 573 terrenae
1186 511 1389 571 domini
1426 514 1531 569 mei
1565 516 1708 586 regis
1750 514 1999 585 dignitati
2022 514 2146 585 jure
2173 514 2221 572 A
2248 514 2526 581 desistere,
2577 515 2780 571 reversi
2827 511 2893 568 ad
2944 526 3123 583 regem
3170 516 3553 582 persuaserunt
3581 507 3827 567 inducias

562 617 877 679 competunt
915 616 969 663 et
1005 608 1161 664 fidele
1189 607 1476 663 consilium
1507 617 1562 662 et
1596 608 1856 662 auxilium
1894 624 1992 678 pro
2022 623 2146 663 sen—

562 717 653 757 sus
699 701 802 756 mei
849 700 1150 772 capacitate
1199 700 1526 768 impendant.
1591 700 1833 755 Finierat
1881 700 2042 756 Pater
2091 701 2144 756 in

564 791 704 847 istis.
735 792 933 848 Omnes
967 792 1130 862 igitur
1166 791 1469 848 assidentes
1517 793 1713 863 oppido
1762 792 1983 860 turbati,
2019 808 2143 849 cum

559 880 904 938 festinatione
951 893 1007 938 et
1063 898 1261 954 magno
1316 884 1544 938 tumultu
1594 893 1984 949 surrexerunt,
2029 893 2144 939 tur-

565 972 841 1030 bationem
889 991 1043 1030 suam
1092 974 1335 1031 confusis
1378 976 1601 1031 vocibus
1649 976 2040 1045 exprimentes.
2086 984 2147 1032 ut

561 1078 655 1119 eos
696 1063 845 1119 illum
887 1081 1009 1121 esse
1058 1082 1210 1121 reum
1252 1067 1445 1121 mortis
1493 1082 1595 1122 una
1629 1066 1865 1122 clamare
1898 1077 2139 1138 putares.

566 1155 939 1227 Conversique
988 1158 1054 1213 ad
1103 1157 1292 1233 illum,
1334 1174 1456 1213 cum
1502 1157 1721 1229 jurgio:
1780 1178 1798 1210 ι
1830 1158 2007 1225 Scias,
2056 1160 2142 1214 in-

558 1248 769 1317 quiunt,
802 1265 901 1306 nos
936 1250 1050 1307 haec
1096 1252 1257 1306 verba
1305 1260 1395 1306 tua
1439 1250 1661 1307 minime
1692 1252 1909 1307 domino
1956 1261 2143 1308 nostro

564 1351 654 1398 tua
700 1343 817 1398 vice
860 1354 1242 1415 portaturos”
1275 1343 1481 1412 Quibus
1526 1345 1686 1401 dictis
1727 1346 1793 1400 ad
1825 1360 2007 1418 regem
2058 1362 2144 1402 re-

563 1436 707 1491 versi
738 1446 882 1494 sunt.
915 1437 1051 1505 Quia
1086 1453 1215 1510 ergo
1244 1453 1403 1493 nemo
1441 1436 1525 1492 cui
1563 1439 1726 1494 verba
1774 1454 1873 1495 sua
1911 1440 2023 1512 regi
2051 1440 2141 1496 de-

554 1526 775 1585 fere‘bda
820 1538 935 1588 tuto
979 1531 1365 1595 committeret,
1410 1546 1532 1586 cum
1564 1531 1819 1587 Anselmo
1847 1532 2139 1597 remansit;

557 1622 815 1693 ipsemet,
866 1624 932 1679 ad
979 1639 1158 1696 regem
1210 1623 1552 1696 ingrediens,
1604 1640 1724 1695 qua:
1771 1625 1984 1680 dixerat
2021 1627 2140 1681 viva

558 1728 691 1769 voce
737 1715 1007 1782 innotuit,
1054 1701 1307 1786 illicoque
1351 1732 1605 1773 reversus
1643 1728 1744 1773 est.
1777 1717 1856 1772 Ad
1897 1733 2015 1787 quae
2044 1731 2140 1773 rex

553 1808 902 1864 vehementer
926 1810 1118 1877 iratus,
1146 1826 1269 1865 cum
1298 1810 1567 1882 episcopis
1591 1821 1751 1881 atque
1778 1811 2137 1883 principibus,

2251 608 2396 662 nulla
2427 606 2981 673 rationedandas,sed
3010 620 3171 661 causa
3200 604 3404 660 recenti
3426 602 3826 659 examinatione

2248 703 2516 769 discussa,
2566 718 2899 773 supremam,
2952 702 2996 756 si
3046 701 3159 756 suis
3190 701 3539 771 acquiescere
3586 699 3826 755 consiliis

2247 796 2436 862 nollet,
2469 797 2521 852 in
2552 812 2673 851 eum
2724 811 2849 851 mox
2873 793 3062 867 judicii
3110 794 3436 850 sententiam
3467 793 3651 848 invehi
3683 791 3827 848 iube-

2249 894 2353 942 ret.
2387 887 2519 942 Erat
2546 895 2723 942 autem
2759 887 2916 957 quasi
2943 887 3149 956 primus
3178 894 3233 941 et
3258 885 3572 957 prolocutor
3603 885 3747 955 regis
3778 884 3827 939 in

2245 978 2350 1034 hoc
2401 980 2619 1050 negotio
2667 978 3009 1043 Willhelmns
3056 993 3218 1049 supra
3266 978 3582 1033 nominatus
3631 976 3828 1032 Duncl-

2246 1071 2448 1127 mensis
2480 1072 2787 1143 episcopus,
2824 1073 2988 1128 homo
3013 1071 3211 1143 lingua:
3233 1070 3572 1127 volubilitate
3601 1072 3825 1137 facetus,

2244 1176 2406 1231 quam
2437 1177 2572 1232 pura
2604 1163 2871 1235 sapientia
2904 1162 3183 1233 praeditus.
3212 1160 3385 1230 Hujus
3409 1176 3628 1233 quoque
3666 1162 3829 1217 disci-

2245 1252 2319 1307 dii
2347 1253 2488 1323 quod
2520 1254 2661 1309 inter
2691 1270 2875 1326 regem
2908 1263 2963 1310 et
2990 1254 3304 1310 Anselmum
3335 1254 3680 1319 versabatur,
3714 1263 3829 1310 erat

2245 1354 2435 1400 auctor
2465 1347 2668 1417 gravis,
2712 1356 2767 1402 et
2804 1347 3074 1412 incentor,
3110 1348 3331 1419 regique
3372 1348 3743 1419 spoponderat
3772 1364 3829 1405 se

2243 1436 2535 1506 facturum,
2564 1448 2623 1493 ut
2648 1439 2938 1496 Anselmus
2962 1448 3057 1495 aut
3088 1439 3317 1497 Romani
3345 1441 3617 1512 pontificis
3648 1440 3827 1497 fundi-

2246 1536 2331 1581 tus
2377 1527 2741 1583 obedientiam
2783 1531 3119 1601 abnegaret,
3167 1541 3262 1587 aut
3308 1532 3827 1603 archiepiscopatui,

2245 1617 2459 1673 reddito
2494 1619 2686 1675 baculo
2716 1628 2768 1675 et
2799 1622 3016 1686 annulo,
3050 1622 3474 1680 abrenuntiaret.
3516 1625 3632 1691 Qua
3666 1640 3828 1695 spono

2244 1713 2397 1768 sione
2426 1714 2597 1770 fretus
2628 1730 2746 1781 rex,
2787 1716 3147 1787 applaudebat
3174 1717 3274 1772 sibi
3306 1732 3533 1788 spenans
3572 1717 3723 1773 illum
3749 1717 3830 1774 vel

2244 1807 2494 1877 abjurato
2523 1809 2818 1879 apostolico
2840 1808 3095 1864 infamem
3115 1824 3401 1866 remanere
3430 1810 3484 1864 in
3513 1825 3685 1880 regno
3714 1824 3829 1866 suo.

551 1901 910 1960 intentissime
949 1919 1192 1975 quaerere
1230 1907 1399 1975 coepit
1437 1905 1564 1975 quid
1607 1906 1765 1961 dictis
1824 1906 1940 1975 eius
1996 1904 2135 1973 obji-
2167 1886 2215 1949 Β
2242 1897 2308 1951 El
2355 1897 2456 1953 ista
2497 1899 2714 1968 quidem
2744 1899 2959 1955 volebat
2988 1908 3271 1971 propterea
3319 1899 3462 1969 quod
3492 1914 3712 1955 omnem
3742 1916 3831 1955 au-

549 2007 675 2050 cere
703 2003 913 2072 posset,
946 2011 1046 2051 nec
1071 1996 1296 2051 invenit.
1329 1996 1690 2051 Scandalizati
1730 2012 1859 2066 ergo
1887 1997 2026 2050 inter
2053 2010 2135 2063 sc,

551 2087 619 2141 ab
660 2087 894 2142 invicem
940 2096 1068 2143 sunt
1096 2088 1149 2142 in
1187 2096 1372 2158 partes
1419 2087 1611 2153 divisi;
1661 2098 1717 2143 et
1758 2089 1851 2143 hic
1899 2088 2134 2159 duo,[ibi
2176 2157 2180 2165 '

557 2184 692 2245 tres,
737 2178 845 2234 illic
873 2188 1106 2249 quatuor
1148 2180 1199 2234 in
1238 2195 1401 2234 unum
1448 2179 1896 2247 cousiliabantur,
1925 2181 2134 2236 studio-

552 2267 767 2323 sissime
806 2269 1171 2340 disquirentes
1218 2270 1261 2324 si
1303 2283 1412 2338 quo
1454 2268 1612 2323 modo
1654 2278 1877 2340 possent
1918 2269 2134 2340 aliquod

551 2373 874 2429 responsum
902 2371 1093 2415 contra
1120 2360 1235 2416 haec
1261 2375 1611 2433 componere,
1659 2360 1802 2431 quod
1842 2369 1896 2415 et
1929 2360 2133 2432 regiam

553 2451 961 2508 animositatem
986 2452 1259 2519 deliniret,
1291 2462 1345 2510 et
1370 2453 1679 2523 praelibatas
1705 2455 2002 2510 sententias
2037 2453 2134 2511 Dei

553 2544 780 2599 adversa
828 2543 1004 2601 fronte
1052 2562 1157 2601 non
1207 2546 1566 2616 impugnaret.
1620 2544 1782 2600 Solus
1830 2545 1973 2600 inter
2018 2545 2134 2601 haec

549 2637 835 2693 Anselmns
862 2638 1082 2695 sedebat
1110 2647 1319 2693 tantum
1361 2637 1671 2693 innocentia
1716 2638 1898 2693 cordis
1933 2638 2037 2704 sui,
2078 2645 2134 2692 et

549 2746 600 2784 tn
630 2730 1001 2786 misericordia
1036 2729 1367 2793 DominiDei
1397 2729 1645 2785 liduciam
1670 2729 1900 2785 habens.
1927 2728 2135 2784 Adver-

550 2822 716 2877 sariis
749 2838 878 2879 vero
912 2821 1028 2893 ejus
1058 2820 1415 2893 conciliabula
1453 2835 1550 2876 sua
1591 2820 1644 2877 in
1691 2819 1911 2891 longum
1951 2828 2135 2891 prole.

550 2912 811 2980 lantibus,
842 2915 957 2987 ipse
1005 2916 1072 2971 ad
1112 2915 1376 2987 parietem
1408 2929 1466 2970 se
1498 2912 1770 2970 reclinans
1800 2913 1904 2969 leni
1941 2929 2133 2971 somno

545 3004 879 3073 quiescebat.
920 3004 1087 3060 Facta
1134 3006 1319 3074 itaque
1356 3003 1512 3075 longa
1550 3018 1725 3072 mora,
1768 3004 1995 3060 redeunt
2021 3004 2135 3075 epi-

544 3090 690 3161 scopi
723 3105 845 3145 cum
883 3090 1155 3146 nonnullis
1192 3089 1532 3161 principibus
1580 3104 1611 3144 a
1659 3104 1809 3161 rege,
1857 3089 1971 3146 hare
2014 3089 2132 3145 viro
2180 3164 2181 3169 η

548 3182 836 3238 dicentes:
889 3201 908 3235 ‹
944 3172 1069 3238 Vult
1109 3182 1359 3239 dominus
1384 3190 1568 3237 noster
1606 3196 1702 3237 rex
1745 3181 1963 3239 omissis
2010 3181 2131 3238 aliis

2238 1990 2548 2048 ctoritatem
2606 1993 2925 2049 exercenda:
2971 1992 3399 2048 Christianitatis
3460 1992 3533 2047 illi
3590 1993 3831 2050 adimere

2239 2085 2513 2156 cupiebat.
2552 2082 2661 2139 Nec
2696 2084 2842 2138 enim
2874 2084 3021 2154 regia
3053 2085 3313 2155 dignitate
3354 2084 3567 2155 integre
3602 2100 3665 2140 se
3694 2085 3827 2156 poti-

2240 2186 2351 2233 tum
2382 2176 2784 2247 suspicabatur,
2818 2176 3056 2245 quandiu
3087 2175 3284 2246 aliquis
3314 2175 3367 2231 in
3401 2185 3509 2232 tota
3545 2185 3721 2239 terra,
3747 2173 3827 2231 vel

2235 2272 2399 2325 etiam
2458 2272 2755 2326 secundum
2808 2268 2999 2335 Deum,
3057 2269 3160 2325 nisi
3210 2285 3307 2341 per
3351 2285 3475 2324 eum
3528 2270 3827 2340 quidquam

2236 2366 2436 2421 habere
2467 2365 2617 2436 (nota
2646 2363 2789 2435 dico)
2821 2361 2904 2418 vel
2927 2378 3083 2433 posse
3107 2361 3413 2418 dicebatur.
3445 2362 3622 2429 Quam
3648 2362 3830 2417 cordis

2236 2458 2382 2513 illius
2436 2456 2771 2511 voluntatem
2833 2452 3214 2510 Dunclmensis
3279 2452 3622 2524 intelligens,
3683 2453 3831 2510 omni

2235 2549 2452 2621 ingenio
2471 2549 2757 2619 satagebat
2778 2546 2822 2603 si
2839 2562 2946 2617 quo
2970 2544 3127 2600 modo
3145 2543 3456 2600 Anselmum
3477 2541 3832 2599 calumniosis

2234 2640 2629 2710 objectionibus
2676 2638 2957 2709 fatigatum
2988 2652 3154 2708 regno
3194 2635 3521 2703 eliminaret,
3559 2643 3739 2704 ratus,
3775 2641 3833 2690 ut

2236 2733 2540 2796 dicebatur,
2561 2732 2679 2802 ipso
2705 2732 3037 2795 discedente,
3066 2743 3125 2783 se
3152 2726 3667 2798 archiepiscopatus
3699 2726 3832 2810 solio

2235 2825 2656 2881 sublimandum.
2685 2822 2822 2879 Cum
2851 2822 3017 2893 igitur
3038 2821 3153 2893 regi
3180 2820 3550 2891 persuasisset
3577 2819 3833 2890 quaesitas

2235 2916 2483 2973 inducias
2551 2916 2813 2971 Anselmo
2872 2929 2978 2969 non
3046 2926 3167 2969 esse
3227 2913 3471 2979 dandas,
3537 2910 3833 2966 comitatus

2236 3006 2652 3077 quampluribus
2681 3005 2773 3075 qui
2815 3004 2982 3059 verba
3013 3017 3111 3059 sua
3143 3016 3242 3057 suo
3285 3000 3541 3057 fulcirent
3585 2999 3832 3056 testimo«

2236 3099 2359 3166 nio,
2400 3099 2465 3153 ad
2498 3100 2674 3153 virum
2709 3095 3056 3168 ingrediens,
3098 3094 3213 3149 ait:
3263 3110 3283 3146 ι
3315 3092 3514 3149 Audivi
3556 3091 3833 3163 querimo-

2236 3192 2383 3246 niam
2439 3190 2581 3262 regis
2635 3197 2826 3245 contra
2887 3196 2957 3243 te.
3018 3185 3159 3242 Dicit
3216 3185 3360 3256 quod
3417 3192 3688 3254 quantum
3742 3191 3832 3238 tua

545 3275 724 3331 verbis
754 3284 859 3330 ate
889 3276 989 3331 sub
1019 3274 1298 3331 celeritate
1326 3274 1650 3329 sententiam
1686 3274 1906 3339 audire;
1940 3273 2007 3329 de
2042 3273 2131 3330 bis
2158 3253 2203 3317 ο
2238 3253 2642 3351 ἱιιιθνθει,νειιηι
2677 3298 2776 3338 sua
2819 3281 3083 3352 dignitate
3118 3253 3385 3351 spoliasti,
3418 3253 3548 3333 dum
3581 3276 3830 3333 Odonem

546 3366 797 3423 videlicet
827 3384 946 3438 qua:
993 3369 1137 3425 inter
1171 3367 1318 3424 illum
1348 3378 1404 3424 et
1452 3377 1505 3425 te
1545 3369 1693 3424 dicta
1734 3367 1954 3423 fuerunt
1991 3368 2133 3439 apud

545 3460 916 3531 llingbeham,
978 3462 1119 3519 unde
1171 3462 1353 3534 petisti
1402 3461 1648 3519 inducias
1694 3462 1748 3516 in
1795 3461 1941 3516 hunc
1989 3460 2130 3517 diem

545 3558 927 3628 respondendi.
957 3556 1067 3614 Res
1101 3568 1233 3627 nota.
1272 3567 1376 3625 est,
1409 3569 1463 3614 et
1489 3556 1832 3630 expositione
1859 3572 1964 3613 non
1994 3557 2132 3612 indi-

543 3659 652 3721 get.
700 3652 1081 3708 Verumtamen
1125 3652 1343 3709 noveris
1384 3660 1558 3708 totum
1610 3667 1833 3724 regnum
1872 3651 2129 3722 conqueri

543 3744 830 3802 adversum
870 3755 922 3803 te
959 3746 1102 3817 quod
1128 3756 1315 3803 nostro
1360 3745 1637 3803 communi
1668 3745 1887 3800 domino
1915 3744 2134 3800 conaris

543 3836 708 3893 decus
736 3838 945 3908 imperii
975 3838 1058 3893 sui
1093 3854 1352 3895 coronam
1379 3836 1617 3893 auferre.
1640 3836 1959 3907 Quicunque
1986 3836 2131 3892 enim

543 3928 708 3998 regiae
750 3929 1030 4001 dignitatis
1074 3929 1123 3985 ei
1177 3929 1599 3995 consuetudines
1647 3928 1813 3995 tollit,
1869 3942 2131 3984 coronam

545 4021 704 4077 simul
745 4033 800 4077 et
828 4038 1052 4095 regnum
1091 4022 1247 4080 tollit.
1289 4022 1465 4080 Unum
1509 4023 1709 4093 quippe
1747 4022 1867 4077 sine
1899 4020 2005 4077 alio
2034 4020 2130 4075 de-

545 4126 731 4172 center
769 4116 959 4172 haberi
994 4118 1113 4172 'non
1159 4132 1317 4189 posse
1359 4117 1675 4190 probamus.
1719 4114 1823 4171 Sed
1869 4113 2128 4184 recogita,

545 4225 800 4280 rogamus
824 4219 895 4275 te,
920 4218 977 4264 et
1004 4208 1209 4266 Urbani
1236 4210 1379 4266 illius
1405 4209 1497 4281 qui
1525 4208 1731 4265 offenso
1761 4208 1980 4264 domino
2006 4220 2132 4277 rege
2164 4279 2169 4285 ι

544 4300 681 4354 nihil
714 4301 807 4356 tibi
846 4304 1127 4374 prodesse,
1155 4317 1256 4357 nec
1283 4302 1398 4373 ipso
1441 4311 1665 4372 peccato
1698 4300 1791 4356 tibi
1837 4300 2131 4370 quidquam

548 4393 693 4448 valet
736 4394 960 4462 obesse,
1008 4394 1372 4450 obedientiam
1413 4394 1605 4463 abjice,
1654 4392 2006 4462 subjectionis
2043 4389 2132 4460 ju-

544 4502 670 4556 gum
697 4495 914 4553 excute,
936 4494 989 4542 et
1017 4486 1173 4551 liber,
1203 4496 1262 4541 ut
1284 4485 1751 4556 archiepiscopum
1776 4482 2128 4538 Cantuarien-

2236 3378 2544 3448 episcopum
2569 3375 2874 3432 Ostiensem
2922 3373 3039 3428 sine
3084 3371 3167 3427 sui
3198 3369 3525 3427 auctoritate
3567 3367 3831 3440 praecepti

2235 3484 2432 3540 papam
2467 3469 2520 3524 in
2570 3485 2668 3523 sua
2702 3466 2894 3537 Anglia
2926 3465 3093 3532 facis,
3141 3473 3196 3519 et
3235 3464 3314 3520 sic
3356 3462 3650 3535 spoliatum
3692 3463 3833 3533 petis

2238 3561 2331 3616 tibi
2382 3560 2630 3616 inducias
2669 3559 2799 3614 dare
2828 3573 2936 3630 quo
2965 3556 3143 3629 possis
3171 3555 3417 3613 eamdem
3447 3555 3831 3627 spoliationem

2236 3652 2347 3708 tuis
2375 3650 2848 3706 adinventionibus
2884 3647 3088 3719 justam
3123 3662 3244 3705 esse
3273 3648 3676 3703 demonstrare.
3720 3646 3830 3702 Re-

2232 3744 2371 3800 vesti
2432 3758 2555 3799 eum
2619 3743 2819 3814 primo,
2884 3741 2928 3797 si
2976 3740 3178 3811 placet,
3229 3740 3410 3797 debita
3474 3740 3693 3810 imperii
3748 3739 3829 3796 sui

2237 3835 2524 3907 dignitate,
2563 3842 2616 3888 et
2652 3844 2779 3888 tunc
2810 3832 3029 3888 demum
3057 3832 3124 3888 de
3152 3831 3384 3887 induciis
3413 3846 3534 3903 age.
3567 3830 3828 3902 Alioquin

2235 3928 2454 3983 noveris
2500 3926 2647 3981 illum
2679 3926 2782 3981 sibi
2820 3926 2918 3995 ipsi
2948 3924 3130 3979 odium
3161 3924 3256 3980 Dei
3287 3922 3681 3995 omnipotentis
3729 3923 3831 3977 im-

2234 4022 2492 4092 precari,
2555 4035 2761 4091 nosque
2820 4019 3005 4075 fideles
3050 4017 3169 4088 ejus
3221 4017 3598 4091 imprecationi
3656 4017 3830 4088 ipsius

2234 4111 2590 4167 conniventes
2636 4109 2961 4175 acclamare,
3013 4110 3058 4164 si
3112 4107 3195 4164 vel
3238 4107 3305 4163 ad
3341 4108 3531 4163 horam
3580 4106 3829 4161 inducias

2234 4205 2468 4269 dederit,
2496 4219 2633 4274 quas
2667 4201 2762 4258 tibi
2791 4202 2846 4256 in
2877 4202 3174 4257 crastinum
3202 4201 3319 4257 dari
3348 4200 3614 4273 precaris.
3646 4199 3830 4268 Quare

2228 4301 2340 4373 jam
2369 4315 2513 4356 nunc
2534 4298 2797 4369 evestigio
2820 4297 2886 4352 ad
2910 4296 3114 4351 domini
3148 4296 3318 4351 nostri
3356 4295 3502 4350 dicta
3535 4295 3823 4365 responde,

2232 4404 2327 4450 aut
2358 4393 2681 4449 sententiam
2714 4400 2817 4446 tute
2854 4390 3125 4445 vindicem
3172 4388 3611 4461 praesumptionis
3661 4388 3829 4443 dubio

2233 4487 2419 4559 procul
2469 4487 2524 4542 in
2559 4484 2812 4557 praesenti
2841 4483 3141 4553 experiere.
3180 4480 3291 4538 Nec
3325 4479 3508 4551 jocum
3540 4481 3829 4537 existimes

542 4594 655 4634 sem
700 4580 873 4647 decet,
920 4581 973 4635 in
1014 4580 1224 4636 cunctis
1260 4581 1469 4637 actibus
1506 4580 1611 4635 tuis
1658 4577 1986 4633 voluntatem
2034 4574 2127 4632 do-
2160 4608 2207 4665 Ι)
2232 4593 2353 4633 esse
2384 4577 2527 4648 quod
2558 4576 2756 4647 agitur,
2790 4574 2898 4630 imo
2925 4574 2978 4629 in
3011 4574 3131 4629 istis
3155 4573 3336 4645 magni
3362 4572 3564 4628 doloris
3591 4572 3827 4629 stimulis

542 4672 734 4727 minini
783 4672 947 4744 regis,
980 4681 1036 4727 et
1072 4671 1370 4741 jussionem
1417 4680 1715 4742 exspecta:
1764 4684 1934 4725 necne
1981 4667 2126 4738 quod

538 4780 698 4821 secus
743 4766 901 4834 egisti
947 4765 1160 4837 culpam
1208 4780 1471 4838 agnosce,
1518 4780 1584 4819 ac
1631 4772 1690 4818 ut
1737 4762 1833 4818 tibi
1882 4764 2127 4831 ignoscat

538 4865 665 4912 voto
694 4856 837 4913 illius
865 4859 920 4913 in
960 4859 1106 4929 quod
1134 4874 1165 4914 a
1197 4868 1264 4921 te~
1290 4859 1413 4915 inde
1439 4856 1662 4929 petierit
1686 4856 1946 4927 sapientis
1977 4870 2127 4912 more

539 4965 824 5019 concurre,
853 4963 1122 5018 quatenus
1152 4951 1356 5007 inimici
1382 4951 1481 5017 tui,
1507 4949 1598 5020 qui
1616 4949 1831 5004 casibus
1855 4947 1962 5003 tuis
1983 4962 2127 5003 nunc

541 5041 833 5109 insultant,
870 5048 984 5100 visa
1025 5043 1304 5116 dignitatis
1337 5052 1442 5098 tute
1482 5040 1886 5106 sublevatione,
1932 5040 2125 5095 erube-

540 5143 717 5190 scant.
748 5134 891 5203 Hauc,
918 5135 1160 5208 inquam,
1186 5136 1302 5191 haec
1328 5149 1601 5206 rOgamus,
1628 5134 1743 5190 haec
1765 5132 2126 5200 consulimus,

538 5222 657 5279 haec
686 5224 779 5278 tibi
812 5226 1024 5296 tuisque
1052 5224 1362 5281 necessaria
1393 5239 1513 5281 esse
1553 5225 1812 5290 dicimus,
1842 5233 1897 5279 et
1927 5223 2130 5280 contir-

538 5332 772 5385 mamus.
812 5337 830 5371 ι
874 5317 1215 5390 Respondit:
1252 5338 1270 5372 ι
1303 5317 1432 5386 Quae.
1476 5318 1657 5374 dicitis
1685 5316 1867 5384 audio,
1910 5317 2023 5382 sed,
2066 5323 2128 5370 ut

539 5406 607 5462 ad
652 5406 755 5463 alia
791 5411 1323 5479 taceam,abnegare
1349 5408 1713 5464 obedientiam
1741 5407 1941 5463 domini
1975 5421 2129 5478 papze

538 5501 847 5558 nullatenus
872 5503 1014 5560 volo.
1043 5501 1164 5558 Jam
1191 5503 1307 5558 dies
1335 5502 1568 5558 declinat
1599 5502 1653 5558 in
1684 5514 1991 5572 vesperam.
2015 5498 2129 5554 Dif-

534 5590 770 5663 feratur,
802 5596 847 5650 si
876 5596 1071 5666 placet,
1097 5596 1149 5649 in
1174 5596 1477 5649 crastinum
1512 5608 1675 5650 causa
1708 5594 1845 5658 ista;
1874 5608 1982 5663 quo
2018 5601 2129 5647 tra-

539 5696 695 5744 ctans
748 5703 991 5755 mecum,
1054 5688 1411 5757 respondeam
1465 5686 1608 5758 quod
1662 5684 1804 5739 Deus
1860 5684 2129 5755 inspirare

540 5777 871 5849 dignabitur.
908 5797 927 5832 ι
980 5778 1252 5850 Suspicati
1283 5793 1413 5850 ergo
1455 5778 1602 5834 illum
1642 5785 1733 5833 aut
1763 5776 1892 5849 quid
1923 5777 2128 5832 diceret

538 5869 683 5926 ultra
717 5870 957 5941 nescire,
987 5882 1083 5929 aut
1113 5881 1257 5928 metu
1290 5871 1563 5928 addictum
1588 5871 1701 5944 jam
1734 5871 1919 5928 statim
1951 5877 2130 5941 coepto

2232 4684 2507 4739 urgemur.
2540 4667 2652 4723 Nec
2681 4669 2898 4723 mirum.
2936 4664 3091 4734 Quod
3134 4666 3579 4745 enim‘dominus
3610 4674 3742 4720 tuus
3771 4674 3829 4721 et

2230 4772 2418 4818 noster
2472 4762 2524 4816 in
2575 4760 2724 4815 omni
2757 4758 3124 4816 dominatione
3153 4773 3248 4812 sua
3293 4756 3629 4827 praecipuum
3659 4757 3827 4812 babe-

2232 4856 2342 4923 bat,
2395 4863 2450 4911 ct
2489 4871 2599 4926 quo
2637 4868 2760 4909 eum
2813 4852 3024 4908 cunctis
3076 4850 3293 4923 regibus
3319 4858 3582 4922 praestare
3611 4859 3825 4907 certum

2229 4959 2371 5018 erat,
2405 4949 2508 5004 hoc
2549 4948 2597 5003 ei
2630 4954 2890 5017 quantum
2926 4946 2978 5000 in
3012 4953 3065 4999 te
3095 4953 3178 5001 est
3214 4944 3401 5014 inique
3432 4942 3598 5008 tollis,
3632 4942 3829 4999 tollens

2234 5042 2397 5097 fidem
2442 5055 2569 5096 cum
2604 5046 2949 5094 sacramento
2978 5038 3121 5105 quod
3159 5034 3207 5091 ei
3255 5034 3466 5090 feceras
3509 5033 3743 5106 polluis,
3772 5041 3829 5089 et

2227 5148 2418 5188 omnes
2447 5132 2654 5187 amicos
2684 5129 2801 5201 ejus
2828 5142 3023 5197 magna
3062 5126 3116 5182 in
3143 5127 3247 5182 hoc
3289 5124 3606 5182 confusione
3632 5123 3809 5181 invol-

2227 5223 2329 5278 vis.
2364 5242 2383 5275 ι
2432 5208 2672 5277 Audiens
2721 5221 2837 5275 haec
2886 5212 3189 5275 Anselmus
3218 5217 3493 5289 patienter
3539 5216 3827 5273 sustinuit.

2230 5330 2465 5385 moxque
2505 5313 2571 5367 ad
2618 5320 2783 5367 tantae
2809 5309 3098 5366 calumniae
3126 5307 3277 5364 nefas
3308 5308 3385 5362 ita
3415 5306 3567 5363 brevi
3600 5321 3827 5377 respon-

2229 5408 2307 5463 dit
2358 5424 2371 5461 :
2440 5426 2459 5458 ι
2505 5406 2606 5473 Qui
2677 5413 2964 5475 propterea
3022 5401 3166 5472 quod
3230 5398 3560 5455 venerabilis
3621 5406 3827 5455 sancta

2231 5499 2491 5556 Romana:
2560 5497 2818 5553 Ecclesia:
2870 5492 3067 5550 summi
3124 5490 3399 5563 pontificis
3452 5489 3823 5546 obedientiam

2232 5592 2503 5661 abnegare
2531 5588 2677 5654 nolo,
2709 5586 2819 5642 vult
2849 5586 3083 5658 probare
3118 5596 3207 5639 me
3236 5581 3397 5638 ﬁdem
3427 5590 3483 5638 et
3509 5596 3824 5637 sacramen-

2234 5690 2344 5735 tum
2389 5681 2593 5738 violare
2635 5679 2777 5750 quod
2822 5688 3042 5733 terreno
3085 5676 3197 5747 regi
3222 5675 3415 5740 debeo,
3466 5674 3644 5741 adsit,
3684 5674 3821 5731 etin

2233 5774 2455 5829 nomine
2484 5772 2693 5826 Domini
2737 5785 2822 5825 me
2850 5778 3099 5841 paratum
3129 5767 3370 5823 inveniet
3394 5765 3444 5821 ei
3472 5765 3615 5821 sicut
3648 5766 3822 5822 debeo

2236 5878 2292 5925 et
2322 5868 2413 5924 ubi
2437 5866 2608 5924 debeo
2634 5864 2983 5936 respondere.
3012 5882 3032 5918 ι
3064 5860 3272 5931 Quibus
3297 5858 3518 5928 auditis,
3549 5860 3822 5933 aspicien-
