3988 6302
176 328 290 390 385
1116 386 1125 393 ,
1272 329 1594 389 HISTORIA
1634 327 1997 388 NOVORUM.
2036 356 2109 374 -
2145 329 2274 387 LIB.
2313 331 2356 388 l.
3346 339 3455 399 586

176 460 261 507 tes
290 463 415 507 sese
443 448 511 504 ad
555 443 955 515 invicem,'nec
990 444 1326 501 invenientes
1365 445 1494 516 quid
1542 445 1609 500 ad
1637 445 1759 504 .ista
1788 447 1838 506 Α
1861 443 2059 510 dicam.
2085 444 2276 512 lateor,
2306 448 2506 505 nescio.
2541 448 2677 506 Nam
2703 464 2830 507 cum
2860 453 3007 508 omni
3036 453 3215 510 studio
3243 468 3339 528 per
3370 465 3453 517 to.

177 544 474 609 referrem,
506 541 572 596 ad
607 542 886 613 dominum
915 555 1071 595 suum
1102 538 1306 595 reversi
1331 548 1475 594 sunt.
1509 538 1765 595 Protinus
1872 547 1987 594 tum
2039 538 2181 594 diem
2227 539 2369 595 inter
2415 558 2514 597 nos
2558 542 2649 599 illa
2693 544 3058 613 conferimus,
3099 556 3155 603 et
3182 557 3453 618 quatenus

175 638 327 693 enim
353 636 737 693 intellexerunt
761 634 904 705 quod
930 634 1084 705 prius
1105 648 1211 688 non
1239 632 1761 700 animadverterunt,
1868 629 2051 700 aliquo
2082 630 2242 686 modo
2270 632 2371 687 sibi
2398 633 2706 691 cohaereant
2734 636 3063 701 conferendo
3094 639 3450 715 conferimus,

174 744 281 785 nec
338 730 516 799 ipsum
566 729 850 784 advertere
898 741 1057 797 posse
1107 733 1469 797 putaverunt,
1518 724 1767 780 videlicet

174 821 650 892 archiepiscopum
691 818 1141 875 Cantuariensem
1184 833 1213 872 a
1261 817 1409 873 nullo
1458 817 1761 883 hominum,

178 914 283 970 nisi
325 929 357 968 a
407 913 526 971 solo
568 928 729 984 papa,
758 911 991 980 judicari
1032 925 1189 984 posse
1229 910 1314 966 vel
1350 911 1627 977 damnari;
1662 925 1763 966 nec

175 1008 243 1062 ab
284 1007 471 1078 aliquo
502 1006 616 1076 cogi
659 1020 759 1077 pro
805 1004 997 1076 quavis
1041 1003 1312 1059 calumnia
1356 1003 1647 1073 cuiquam,
1696 1018 1761 1059 eo

174 1109 426 1169 excepto,
452 1110 643 1156 contra
668 1114 825 1154 suum
846 1098 931 1155 vel
960 1097 1307 1168 respondere.
1334 1095 1525 1153 Ortum
1550 1096 1758 1153 interea

172 1207 423 1247 murmur
465 1200 550 1247 est
607 1192 773 1247 totius
828 1188 1193 1245 multitudinis
1235 1203 1335 1259 pro
1376 1186 1572 1257 injuria
1622 1190 1756 1244 tanti

172 1283 269 1339 viri
298 1283 572 1339 submissa
602 1283 745 1338 inter
772 1299 833 1339 se
860 1296 992 1338 voce
1022 1281 1321 1352 querentis.
1349 1279 1519 1335 Nemo
1561 1279 1758 1353 quippe

173 1374 345 1445 palam
396 1390 500 1447 pro
535 1362 600 1430 eo
644 1375 791 1445 loqui
846 1374 1079 1431 audebat
1135 1374 1205 1430 ob
1259 1383 1464 1430 metum
1517 1374 1754 1447 tyranni.

171 1465 563 1521 Verumtamen
605 1465 759 1522 miles
807 1481 949 1521 unus
996 1466 1062 1521 de
1108 1465 1450 1521 multitudine
1500 1466 1756 1535 prodiens

175 1572 289 1611 rtro
330 1557 509 1611 astitit
548 1556 700 1612 ﬂexis
735 1572 920 1613 coram
954 1571 1020 1613 eo
1046 1558 1299 1629 genibus,
1332 1557 1558 1613 dicens:
1604 1576 1622 1610 ι
1652 1559 1755 1614 Do.

172 1649 313 1705 mine
340 1647 530 1715 Pater,
558 1660 751 1722 rogant
779 1658 830 1706 te
857 1665 955 1721 per
983 1665 1069 1705 me
1114 1650 1384 1722 supplices
1420 1650 1511 1706 lilii
1561 1652 1636 1706 tui
1685 1666 1753 1707 ne

170 1742 417 1799 turbetur
445 1760 542 1800 cor
588 1754 736 1800 tuum
785 1761 850 1800 ex
892 1746 960 1803 iis
1005 1760 1125 1816 qua:
1156 1746 1385 1812 audisti;
1419 1749 1513 1802 sed
1543 1763 1752 1803 memor

166 1844 277 1890 esto
304 1835 452 1891 beati
483 1835 584 1891 Job
611 1837 877 1893 vincentis
915 1836 1190 1892 diabolum
1226 1838 1277 1892 in
1306 1838 1663 1908 sterquilinio,
1694 1848 1749 1894 et

166 1927 493 1982 vindicantis
520 1928 694 1983 Adam
725 1944 888 1999 quem
930 1928 1044 1999 ipse
1083 1927 1290 1983 vicerat
1334 1928 1386 1983 in
1421 1929 1691 2000 paradiso.
1722 1948 1739 1983 ι

168 2020 293 2087 Quae
322 2022 491 2076 verba
522 2021 647 2077 dum
682 2020 842 2076 Pater
867 2020 1010 2077 comi
1052 2020 1204 2076 vultu
1233 2021 1555 2092 accepisset,
1586 2022 1745 2078 intel-

164 2111 291 2168 lexit
319 2113 569 2169 animum
611 2113 808 2185 populi!
835 2114 890 2168 in
936 2128 1035 2169 sua
1081 2128 1264 2169 secum
1304 2114 1585 2169 sententia‘
1604 2129 1741 2169 esse.

163 2204 342 2261 Gavisi
379 2221 513 2278 ergo
552 2207 749 2262 exinde
790 2220 980 2262 sumus
1024 2214 1080 2261 et
1119 2206 1540 2278 animaequiores
1567 2205 1743 2261 eﬂecti

163 2296 520 2363 conﬁdentes,
543 2296 698 2367 juxta
727 2298 1094 2368 Scripturam,
1130 2312 1318 2354 vocem
1345 2297 1527 2368 populi
1559 2312 1744 2354 vocem

162 2403 276 2445 esse
323 2389 443 2444 Dei.
478 2389 617 2456 Quid
660 2390 850 2460 agam?
892 2388 950 2445 Si
997 2390 1205 2456 minas,
1254 2390 1298 2444 si
1344 2388 1665 2461 Opprobria',
1698 2389 1742 2445 si

163 2481 549 2549 contumelias,
596 2482 641 2537 si
688 2482 971 2538 mendacia
1015 2483 1135 2539 viro
1173 2482 1383 2552 objecta
1433 2481 1742 2551 singulatim

163 2574 470 2629 describere
493 2574 741 2641 voluero,
779 2576 945 2631 timeo
990 2575 1190 2630 nimius
1220 2574 1476 2643 judicari.
1505 2574 1634 2643 Quae
1664 2583 1745 2630 ta-

161 2682 277 2723 men
314 2667 499 2722 omnia
535 2683 636 2739 pro
673 2667 932 2723 ﬁdelitate
971 2667 1285 2738 apostolica:
1328 2667 1472 2722 sedis
1504 2667 1744 2736 aequani-

162 2760 311 2814 miter
343 2760 684 2829 sustinebat,
734 2769 791 2815 et
824 2761 1051 2831 juvante
1104 2760 1214 2815 Deo
1265 2759 1465 2814 invicta
1515 2774 1743 2830 qumque

162 2853 363 2909 ratione
393 2852 731 2920 destruebat,
755 2852 1051 2908 ostendens
1076 2852 1257 2923 potius
1283 2852 1337 2907 in
1363 2851 1598 2907 veritate
1624 2867 1743 2908 sese

158 2945 451 3000 consistere
501 2955 664 3015 atque
718 2945 773 3000 in
823 2946 1033 3001 cunctis
1093 2959 1214 3017 qua:
1276 2945 1473 3016 negotii
1529 2960 1738 3001 summa

163 3037 479 3105 respiciebat
504 3035 673 3091 Deum
702 3046 983 3093 auctorem
1009 3036 1231 3092 habere.
1258 3034 1394 3091 Cum
1419 3035 1533 3092 haec
1558 3038 1739 3092 omnia

160 3140 246 3180 rex
292 3127 637 3197 agnovisset,
681 3142 855 3197 usque
912 3127 979 3181 ad
1024 3126 1346 3193 divisionem
1390 3126 1613 3197 spiritus
1655 3127 1736 3182 sui

1867 720 1982 791 ipse
2015 722 2149 777 nihil
2195 722 2321 778 mali
2360 736 2582 782 econtra
2612 729 2860 796 cogitans
2888 730 3108 796 dormit,
3150 742 3205 788 et
3237 734 3447 804 prolata

1866 827 2051 869 coram
2089 830 2154 871 eo
2183 818 2365 873 statim
2405 834 2510 875 uno
2546 820 2812 876 labiorum
2856 837 3075 879 suorum
3106 824 3262 896 pulsu
3288 828 3446 899 quasi

1868 905 2002 961 telas
2041 922 2254 963 aranea:
2294 910 2517 981 rumpit.
2547 929 2565 961 ›
2600 910 2669 966 Et
2708 927 2826 979 vos,
2866 916 3102 987 episcopi
3150 918 3276 988 mei,
3313 920 3446 992 quid

1864 1001 2078 1057 dicitis?
2118 1002 2421 1059 Dixerunt:
2460 1024 2477 1057 ι
2507 1004 2758 1061 Dolemns
2799 1009 2942 1077 quod
2984 1010 3166 1066 animo
3202 1020 3315 1079 tuo,
3347 1014 3446 1070 do-

1863 1092 2029 1154 utine.
2044 1092 2359 1149 satisfacere
2382 1095 2773 1177 nonvalemus.
2798 1097 3011 1155 Primas
3039 1111 3124 1157 est
3150 1120 3255 1159 non
3282 1107 3443 1163 modo

1862 1182 2018 1238 istius
2049 1184 2221 1255 regni,
2251 1186 2344 1241 sed
2373 1195 2427 1240 et
2456 1185 2653 1244 Scotize
2683 1197 2737 1244 et
2766 1188 3061 1258 Hiberniae,
3094 1209 3265 1251 necne
3293 1196 3443 1268 adja-

1858 1275 2098 1332 centium
2147 1278 2469 1347 insularum,
2515 1296 2724 1352 nosque
2762 1280 3089 1355 sull‘raganei
3116 1287 3254 1357 ejus.
3290 1286 3442 1347 Unde

1858 1378 2006 1441 patet
2045 1385 2143 1427 nos
2174 1372 2569 1430 rationabiliter
2612 1390 2736 1432 eum
2764 1376 3014 1445 judicare
3052 1381 3139 1437 vel
3179 1383 3442 1443 damnare

1859 1461 2168 1521 nullatenus
2213 1481 2393 1536 posse,
2438 1467 2653 1525 etiamsi
2701 1469 2881 1541 aliqua
2916 1472 3073 1544 culpa
3106 1475 3159 1530 in
3191 1492 3277 1543 eo,
3322 1493 3442 1550 quae

1856 1556 2017 1611 modo
2037 1570 2142 1612 non
2170 1558 2332 1623 valet,
2363 1569 2549 1631 posset
2574 1563 2810 1619 ostendi.
2842 1582 2861 1617 ι
2892 1564 2981 1621 Ait
3006 1582 3021 1621 :
3056 1585 3075 1618 ι
3105 1567 3248 1635 Quid
3274 1568 3441 1641 igitur

1838 1650 2058 1705 restat?
2086 1650 2146 1706 Si
2173 1666 2296 1706 eum
2326 1652 2573 1722 judicare
2611 1672 2717 1711 non
2756 1658 3004 1728 potestis,
3044 1675 3221 1717 nonne
3244 1662 3437 1719 saltem

1853 1742 2030 1798 onmis
2064 1743 2385 1800 obedientia:
2411 1745 2571 1801 ﬁdem
2618 1763 2684 1804 ac
2713 1748 2965 1806 fraternas
2993 1753 3273 1809 societatis
3299 1755 3434 1808 ami-

1783 1806 1826 1862 B
1853 1832 2036 1889 citiam
2076 1835 2126 1890 ei
2155 1837 2427 1909 abnegare
2454 1839 2711 1907 potestis?
2740 1840 2851 1896 lloc
2880 1842 3124 1912 quidem,
3157 1844 3430 1915 inquiunt,

1850 1925 2108 1994 quoniam
2149 1927 2309 1998 jubes
2339 1928 2520 1986 facere
2559 1946 2868 2002 possumus.
2908 1933 3204 2007 Properate
3243 1935 3469 2009 igitur“

1848 2027 1904 2076 et
1945 2019 2088 2090 quod
2127 2020 2307 2077 dicitis
2351 2022 2515 2079 citius
2554 2023 2737 2090 facile,
2781 2035 2839 2082 ut
2878 2042 2998 2082 cum
3046 2028 3245 2085 viderit
3291 2046 3351 2086 se
3404 2048 3436 2088 a

1846 2113 2061 2168 cunctis
2105 2112 2419 2184 despectum
2457 2124 2513 2170 et
2550 2115 2882 2185 desolatum,
2926 2121 3350 2187 verecundetur,
3381 2130 3437 2177 et

1850 2202 2175 2272 ingemiscat
2219 2215 2278 2258 se
2312 2203 2589 2260 Urbanum
2627 2222 2712 2262 me
2742 2207 2962 2262 domino
2990 2225 3089 2265 suo
3121 2221 3433 2282 contempto

1846 2304 2113 2350 secutum.
2156 2295 2222 2349 Et
2257 2310 2365 2364 quo
2395 2296 2499 2351 ista
2531 2297 2779 2354 securius
2820 2298 3055 2368 faciatis,
3085 2317 3152 2356 en
3190 2317 3291 2373 ego
3316 2305 3431 2375 pri-

1848 2401 1992 2440 nmm
2021 2386 2073 2440 in
2105 2386 2336 2456 imperio
2361 2402 2481 2443 meo
2506 2389 2723 2458 penitus
2752 2389 2804 2445 ei
2837 2406 3050 2447 omnem
3084 2394 3432 2463 securitatem

1845 2486 1899 2533 et
1924 2477 2175 2534 ﬁduciam
2206 2478 2311 2533 mei
2352 2478 2501 2544 tollo,
2538 2493 2603 2535 ac
2629 2480 2886 2552 deinceps
2918 2483 2972 2537 iu
3004 2482 3096 2538 illo
3130 2484 3212 2540 vel
3246 2485 3311 2541 de
3342 2486 3433 2543 illo

1844 2565 1992 2621 nulla
2027 2566 2080 2621 in
2108 2582 2272 2623 causa
2301 2567 2600 2632 conlidere.
2623 2570 2709 2626 vel
2737 2586 2860 2627 eum
2893 2588 2991 2644 pro
3022 2576 3433 2650 archiepiscopo

1844 2668 1937 2713 aut
1968 2668 2120 2729 patre
2145 2660 2416 2730 spirituali
2450 2670 2634 2718 tenere
2656 2664 2798 2719 volo.
2832 2683 2851 2716 ι
2884 2665 3040 2721 Actis
3065 2682 3128 2722 ex
3165 2669 3291 2725 hinc
3312 2670 3433 2740 plu-

1845 2750 1995 2806 ribus
2017 2766 2080 2805 ae
2102 2750 2333 2807 diversis
2360 2764 2550 2809 contra
2574 2758 2751 2812 virum
2777 2758 3290 2826 machinationibus,
3309 2779 3431 2834 quae

1842 2845 1910 2901 ab
1946 2846 2157 2915 incepta
2186 2848 2265 2901 sui
2300 2849 2563 2918 propositi
2591 2864 2781 2905 norma
2810 2864 2935 2905 eum
2975 2858 3298 2921 aveherent,
3327 2871 3428 2912 nec

1840 2938 1897 2995 in
1930 2938 2111 3009 aliquo
2145 2939 2579 3010 proﬁcientibus,
2611 2942 2830 2999 tandem
2868 2945 3089 3001 sociatis
3116 2947 3217 3003 sibi
3256 2949 3427 3005 abba-

1844 3031 2009 3098 tibus,
2048 3032 2286 3104 episcopi
2336 3033 2641 3089 retulerunt
2684 3034 2831 3089 Patri
2875 3037 3018 3106 quod
3062 3038 3278 3095 dixerat
3307 3056 3426 3108 rex,

1841 3138 1996 3179 suam
2022 3141 2121 3196 pro
2152 3136 2277 3181 voto
2310 3124 2454 3180 illius
2491 3124 2907 3193 abnegationem
2940 3142 3099 3198 quam
3128 3130 3428 3200 praelibavi-

158 3194 504 3275 exacerbatus
527 3194 793 3291 episcopis
822 3218 996 3275 dixit:
1035 3238 1052 3272 ι
1082 3217 1221 3286 Quid
1253 3227 1336 3275 est
1367 3194 1509 3274 hoc?
1539 3218 1731 3274 Nonne
1764 3194 1814 3259 θ
1846 3234 1965 3275 mus
1993 3194 2321 3288 ingerentes.
2351 3219 2558 3288 Quibus
2585 3219 2671 3276 ille
2696 3194 3051 3294 respondens,
3089 3194 3162 3279 ait
3194 3242 3206 3279 :
3244 3244 3264 3277 ι
3292 3226 3424 3295 Quae

158 3314 282 3370 mibi
310 3314 533 3383 polliciti
562 3314 700 3369 estis
725 3313 867 3383 quod
896 3327 1019 3367 eum
1048 3311 1270 3367 omnino
1291 3312 1358 3366 ad
1389 3311 1523 3366 velle
1550 3327 1728 3366 meum

157 3406 485 3471 tractaretis,
522 3404 870 3474 iudicaretis,
915 3403 1283 3458 damnaretis?
1322 3422 1341 3454 ι
1394 3402 1492 3457 Cui
1533 3402 1730 3458 Dunel-

157 3501 354 3555 mensis
388 3501 461 3554 ita
493 3498 763 3569 imprimis
812 3497 989 3567 tepide
1020 3506 1076 3552 et
1125 3496 1350 3552 silenter
1395 3512 1490 3567 per
1519 3497 1727 3566 singula

156 3592 489 3664 loquebatur,
545 3601 606 3648 ut
649 3591 828 3647 omnis
887 3591 1135 3645 humanae
1180 3589 1478 3659 prudentiae
1527 3589 1728 3645 inscius

154 3693 203 3739 et
228 3700 421 3754 expers
443 3692 742 3755 putaretur.
776 3683 844 3738 Et
868 3681 1064 3751 adjecit
1096 3699 1109 3736 :
1143 3700 1160 3733 ι
1191 3681 1307 3736 Nox
1335 3690 1435 3737 est.
1466 3680 1727 3738 Jubeatur

156 3776 215 3829 ad
241 3776 531 3846 hospitium
581 3776 677 3840 ire,
731 3784 787 3830 et
831 3789 932 3830 nos
970 3772 1087 3843 jam
1121 3772 1279 3844 plene
1306 3774 1486 3843 agnita
1518 3775 1725 3830 ratione

155 3883 241 3923 sua
264 3868 620 3937 cogitabimus
642 3883 740 3938 pro
770 3876 844 3931 te,
878 3880 1050 3937 usque
1072 3880 1250 3922 mane.
1273 3884 1292 3917 ι
1329 3866 1464 3921 Hinc
1492 3867 1559 3921 ad
1584 3868 1725 3937 regis

153 3968 466 4029 praeceptum
520 3958 871 4030 repetivimus
917 3956 1208 4027 hospitium
1255 3965 1519 4013 nostrum.
1570 3956 1722 4012 Mane

154 4059 325 4106 autem
364 4051 592 4118 reversi,
623 4050 863 4106 sedimus
906 4050 961 4105 in
1008 4049 1167 4105 solito
1194 4048 1313 4105 loco
1345 4055 1722 4120 exspectantes

154 4143 453 4199 mandatum
501 4144 666 4216 regis.
714 4144 785 4198 At
831 4142 919 4197 ille
954 4158 1078 4197 cum
1110 4142 1223 4196 suis
1248 4142 1558 4198 omnimodo
1593 4159 1718 4213 per-

154 4238 384 4308 quirebat
410 4238 541 4309 quid
577 4239 629 4293 in
678 4237 1078 4292 damnationem
1124 4235 1363 4291 Anselmi
1395 4250 1720 4305 componere

152 4340 341 4401 posset,
365 4346 465 4387 nec
490 4329 820 4386 inveniebat.
862 4328 1179 4397 Requisitus
1205 4327 1567 4383 Willbielmus
1611 4327 1719 4382 Du-

154 4422 426 4481 nelmensis
471 4422 599 4492 quid
642 4422 758 4492 ipse
798 4437 866 4475 ex
908 4420 1159 4477 condicto
1190 4428 1350 4475 noctu
1376 4422 1546 4491 egerit
1576 4420 1718 4491 apud

153 4527 223 4577 se,
254 4513 525 4584 respondit
551 4530 565 4567 :
601 4530 619 4563 ι
643 4510 787 4567 Nihil
818 4510 1043 4567 rationis
1068 4526 1226 4580 posse
1253 4509 1436 4565 aﬁ’erri
1464 4510 1533 4565 ad
1560 4526 1717 4565 ener-
1741 4548 1795 4612 Β

154 4605 407 4660 rationem
442 4605 671 4660 rationis
712 4604 973 4671 Anselmi,
1022 4604 1320 4683 praasertim
1349 4618 1471 4657 cum
1515 4604 1712 4668 otnnis,

154 4694 328 4765 inquit,
361 4698 499 4753 ratio
522 4696 640 4765 ejus
665 4696 931 4752 innitatur
963 4696 1145 4751 verbis
1172 4694 1294 4761 Dei,
1322 4704 1378 4750 et
1405 4694 1715 4751 auctoritati

152 4786 281 4843 beati
306 4787 468 4845 Petri.
491 4788 694 4845 Verum
719 4788 850 4843 mihi
882 4787 1135 4845 violentia
1165 4787 1380 4843 videtur
1405 4788 1717 4858 Opprimcn-

154 4878 289 4935 dus:
331 4889 383 4935 et
426 4881 472 4936 si
513 4881 674 4952 regis:
718 4879 989 4935 voluntati
1036 4895 1142 4934 non
1190 4878 1300 4943 vult
1343 4878 1711 4949 acquiescere,

152 4968 316 5025 ablato
343 4970 535 5026 baculo
564 4979 620 5025 et
648 4969 869 5033 annulo,
902 4971 969 5029 de
1006 4983 1170 5041 regno
1206 4969 1507 5039 pellendus.
1540 4990 1561 5024 ι
1597 4970 1713 5027 Non

150 5060 451 5131 placuerunt
470 5064 589 5118 haec
617 5064 777 5118 verba
802 5062 1155 5133 principibus.
1184 5062 1248 5118 Et
1268 5063 1346 5117 ait
1367 5079 1491 5120 rex:
1521 5083 1539 5117 ι
1574 5064 1713 5132 Quid

152 5153 329 5224 placet,
353 5156 397 5211 si
437 5155 555 5212 hac
582 5170 689 5211 non
735 5154 986 5225 placent?
1017 5155 1153 5211 Dum
1187 5155 1328 5223 vivo,
1361 5172 1546 5227 parem
1580 5156 1712 5213 mihi

152 5246 199 5301 in
230 5263 384 5319 regno
418 5263 544 5305 meo
577 5247 763 5318 utique
799 5246 1071 5303 sustinere
1102 5246 1248 5303 nolo.
1274 5247 1341 5302 Et
1366 5248 1411 5303 si
1455 5248 1714 5304 sciebatis

151 5354 258 5395 eum
292 5350 438 5396 tanto
467 5340 531 5409 in,
566 5354 727 5395 causa
755 5353 854 5394 sua
886 5338 1081 5395 robore
1105 5336 1323 5405 fultum,
1373 5354 1541 5410 quare
1584 5354 1712 5411 per-

151 5431 356 5489 misistis
381 5448 467 5489 me
488 5432 729 5502 incipere
754 5428 1009 5502 placitum
1037 5429 1182 5485 istud
1206 5440 1394 5486 contra
1424 5429 1585 5485 eum?
1610 5429 1710 5496 Ite,

150 5521 233 5590 Ite,
259 5522 654 5588 consiliamini;
693 5522 817 5593 quia
849 5536 947 5593 per
974 5521 1181 5577 vultum
1219 5520 1313 5577 Dei
1354 5520 1399 5578 si
1432 5537 1530 5578 vos
1560 5522 1708 5577 illum

151 5617 209 5671 ad
232 5618 555 5674 voluntatem
607 5630 785 5672 meam
834 5630 940 5670 non
973 5614 1380 5679 damnaveritis,
1422 5630 1520 5686 ego
1556 5615 1709 5670 dam-

149 5709 273 5764 nabo
299 5724 416 5765 vos.
440 5708 567 5785 {Ad
596 5722 716 5778 quae
742 5703 1014 5761 Robertus
1033 5705 1253 5775 quidam
1282 5704 1382 5775 ipsi
1412 5704 1525 5777 regi
1554 5705 1708 5761 valde

120 5797 408 5871 familiaris
439 5800 514 5859 ita
549 5797 865 5873 respondit:
904 5815 923 5853 ‹
954 5797 1030 5856 De
1063 5797 1307 5859 consiliis
1337 5798 1539 5860 nosu'is
1577 5799 1705 5873 quid

1835 3310 2015 3366 dicitis
2064 3310 2246 3366 audio.
2299 3310 2407 3366 Sed
2465 3326 2589 3366 cum
2656 3322 2945 3383 propterea
3006 3314 3149 3384 quod
3211 3331 3301 3372 me
3353 3318 3423 3374 ad

1833 3399 1976 3454 beati
2026 3398 2173 3456 Petri
2216 3399 2475 3471 principis
2516 3400 2903 3479 apostolorum
2934 3402 3322 3473 subjectionem
3366 3414 3421 3463 et

1831 3492 2141 3549 ﬁdelitatem
2187 3503 2362 3549 teneo.
2401 3493 2526 3550 Mihi
2560 3510 2771 3551 omnem
2811 3496 3218 3567 subjectionem,
3260 3499 3418 3555 ﬁdem

1830 3593 1884 3639 et
1914 3584 2230 3651 amicitiam,
2258 3600 2421 3656 quam
2444 3585 2663 3656 primati
2692 3594 2871 3642 vestro
2898 3597 2951 3643 et
2983 3590 3122 3659 patri
3153 3590 3422 3661 spirituali

1828 3676 2057 3742 debetis,
2081 3676 2379 3748 abnegatis,
2404 3691 2509 3732 non
2533 3687 2683 3733 recte
2704 3679 3018 3749 proceditis.
3049 3680 3206 3737 Absit
3239 3690 3421 3738 tamen

1827 3782 1857 3823 a
1887 3785 1972 3825 me
1996 3769 2225 3824 similem
2257 3769 2409 3825 vobis
2438 3769 2610 3825 vicem
2640 3771 2961 3842 rependere.
2990 3772 3188 3828 Verum
3220 3772 3419 3830 frater-

1826 3877 1949 3916 nam
1996 3871 2382 3932 paternamque
2416 3860 2568 3919 vobis
2601 3862 2924 3919 charitatem
2959 3864 3220 3921 exhibens
3250 3866 3417 3933 nitar,

1825 3956 1869 4012 si
1898 3956 2006 4027 pati
2035 3971 2141 4011 non
2175 3955 2440 4027 refugitis,
2470 3970 2567 4012 vos
2609 3965 2668 4011 ut
2708 3956 2906 4014 fratres
2934 3972 3000 4012 ac
3036 3957 3176 4014 ﬁlios
3218 3967 3418 4014 sanctze

1824 4050 2016 4104 matris
2042 4048 2298 4105 Ecclesiae
2337 4049 2768 4114 Cantuariensis,
2800 4050 2869 4105 ab
2897 4050 3001 4106 hoc
3040 4049 3094 4104 in
3133 4066 3239 4122 quo
3279 4050 3415 4122 lapsi

1822 4140 1954 4195 estis
1995 4140 2205 4210 trepido
2249 4156 2437 4197 errore
2481 4150 2822 4206 convertere,
2854 4152 2910 4197 et
2953 4157 3049 4212 per
3090 4150 3415 4214 potestatem

1822 4231 1952 4287 mihi
1977 4248 2007 4285 a
2038 4232 2264 4288 Domino
2288 4232 2472 4288 datam
2504 4234 2570 4289 ad
2602 4234 2745 4288 viam
2771 4234 3116 4291 rectitudinis
3137 4251 3413 4295 revocare.

1821 4322 1953 4395 Regi
1982 4334 2162 4379 autem
2192 4325 2284 4395 qui
2313 4326 2443 4381 mihi
2484 4340 2701 4383 omnem
2736 4327 2788 4382 in
2823 4342 2990 4400 regno
3027 4345 3125 4385 suo
3153 4330 3417 4386 securita-

1822 4424 1926 4471 tem
1957 4417 2168 4482 adimit,
2194 4432 2386 4489 meque
2414 4434 2511 4488 pro
2534 4412 2939 4491 archiepiscopo
2960 4421 3043 4477 vel
3071 4432 3225 4491 patre
3254 4423 3416 4493 spiri-

1822 4508 1952 4563 tuali
1984 4508 2187 4565 habere
2215 4525 2275 4564 se
2305 4510 2501 4567 amodo
2525 4510 2664 4566 nolle
2690 4511 2841 4577 dicit,
2869 4527 3087 4568 omnem
3119 4527 3242 4568 cum
3269 4512 3413 4569 ﬁdeli

1820 4603 2046 4658 servitio
2092 4602 2462 4669 securitatem,
2494 4613 2753 4674 quantum
2799 4620 2917 4660 mea
2965 4606 3210 4665 interest,
3252 4620 3414 4675 spon-

1821 4695 1952 4761 deo;
1987 4702 2045 4750 et
2082 4705 2310 4765 paterno
2341 4709 2491 4750 more
2526 4695 2879 4767 diligentiam,
2916 4696 3115 4751 animat
3150 4696 3289 4751 illius
3317 4712 3411 4749 cu-

1820 4799 1960 4851 ram,
2002 4784 2046 4839 si
2097 4784 2241 4840 ferre
2285 4784 2615 4856 dignabitur,
2672 4786 2879 4855 habeo,
2936 4795 3143 4842 retenta
3196 4800 3412 4856 semper

1817 4878 1958 4947 apud
2001 4890 2086 4931 me
2128 4876 2220 4931 Dei
2268 4875 2511 4942 servitio,
2550 4885 2838 4947 potestate,
2874 4877 3093 4932 nomine
3137 4886 3191 4933 et
3234 4874 3411 4932 ollicio

1818 4966 2162 5039 pontiﬁcatus
2188 4968 2619 5035 Cantuariensis,
2662 4969 3025 5039 qualicunque
3058 4971 3408 5042 Oppressione

1815 5060 2002 5116 vexari
2034 5060 2311 5131 contingat
2335 5075 2422 5116 res
2445 5062 2763 5118 exteriores.
2791 5081 2809 5113 ι
2837 5062 2915 5116 Ad
2940 5063 3052 5117 haec
3072 5062 3158 5117 ille
3185 5078 3409 5134 respon-

1816 5142 1940 5207 dit:
1979 5169 1997 5202 ‹
2037 5150 2272 5206 Omnino
2323 5151 2644 5207 adversatur
2686 5152 2868 5207 animo
2909 5168 3029 5209 meo
3072 5158 3212 5225 quod
3252 5155 3404 5223 dicit,

1815 5259 1917 5299 nec
1956 5258 2109 5298 meus
2147 5244 2251 5298 erit
2295 5244 2541 5314 quisquis
2578 5245 2747 5325 ipsius
2790 5262 2909 5303 esse
2948 5247 3223 5322 delegerit.
3258 5252 3406 5320 Qua-

1812 5344 2034 5407 propter
2067 5351 2163 5391 vos
2210 5336 2299 5406 qui
2351 5337 2500 5407 regni
2546 5339 2649 5394 mei
2690 5340 2962 5412 principes
3004 5343 3159 5409 estis,
3186 5360 3402 5402 omnem

1813 5430 2061 5503 ﬁdemet
2091 5430 2407 5498 amicitiam,
2434 5432 2574 5488 sicut
2604 5433 2842 5506 episcopi
2876 5435 3138 5503 fecerunt,
3163 5439 3210 5494 ei
3237 5438 3405 5495 dene-

1812 5533 1956 5595 gate,
1993 5532 2261 5591 quatenus
2309 5536 2569 5595 appareat
2608 5527 2735 5597 quid
2780 5526 3018 5584 lucretur
3064 5531 3117 5585 in
3164 5545 3227 5585 ea
3275 5531 3399 5598 ﬁde,

1812 5632 1972 5688 quam
1999 5617 2202 5673 offensa
2230 5616 2507 5674 voluntate
2534 5636 2650 5676 mea
2679 5633 2861 5678 servat
2886 5624 3193 5694 apostolicae
3220 5625 3393 5680 sedi.»

1809 5711 2071 5767 Dixerunt
2102 5729 2115 5764 :
2156 5729 2173 5762 ι
2195 5710 2302 5767 Nos
2328 5728 2605 5785 nunquam
2639 5714 2839 5770 fuimus
2862 5717 3111 5772 homines
3138 5716 3271 5786 ejus,
3296 5731 3397 5772 nec

1809 5804 2122 5865 ﬁdelitatem
2161 5821 2322 5880 quam
2351 5806 2400 5866 ei
2431 5822 2537 5867 non
2580 5808 2808 5868 fecimus
2844 5809 3097 5883 abjurare
3130 5809 3391 5868 valemus.

2307 5900 2447 5914 -.ος.»ρς
