3890 6306
612 353 721 420 387

1624 351 1938 412 EADMERI
1979 348 2538 416 CANTUABIENSIS
2578 354 2885 415 HONACHI
3823 364 3856 422 1

622 471 1091 543 Arcﬂepiscopus
1134 472 1319 526 noster
1361 475 1475 536 est;
1507 467 1971 525 Christianitatem
2011 468 2063 522 in
2113 469 2204 525 hat

2322 471 2485 529 nendi
2513 472 2729 528 animus
2759 471 2930 543 ipsius
2956 468 3266 538 ﬂuctuaret,
3294 485 3427 530 ecce
3452 471 3759 545 principes
3784 490 3806 527 λ
3835 477 3856 532 it

621 563 766 624 terra
808 565 1110 638 gubernare
1149 564 1335 630 hahet,
1363 571 1418 618 et
1463 577 1528 618 ea
1571 575 1634 618 re
1669 576 1770 617 nos
1795 563 1885 632 qui
1919 562 2210 617 Christiani

616 671 808 716 mimus
836 656 956 728 eius
982 656 1350 727 magisterium
1381 654 1509 709 dum
1549 655 1638 708 hic
1675 654 1903 709 vivimus
1939 654 2214 710 declinare

618 755 727 807 non
772 754 1078 822 possumus,
1117 746 1421 819 praesertim
1461 761 1586 801 cum
1622 745 1822 800 nullius
1848 743 2066 802 offensa:
2096 762 2212 804 ma-

617 827 740 914 cula
783 843 935 900 illum
981 841 1257 913 reSpiciat,
1295 855 1415 911 quia:
1465 855 1560 895 vos
1604 853 1762 895 secus
1809 841 1873 895 de
1915 840 2005 895 illo
2053 855 2242 910 agere.

613 939 924 1011 surripellat.
963 955 984 991 ι
1019 935 1175 1005 Quod
1206 936 1323 1006 ipse
1349 948 1594 1005 repressa
1625 933 1882 989 sustinuit
1909 934 1986 988 ira
2015 935 2212 990 rationi

614 1037 803 1089 eurum
859 1028 1073 1102 palam,
1124 1041 1193 1083 ne
1243 1027 1407 1082 nimis
1458 1021 1890 1090 oﬂenderentur,
1938 1025 2212 1081 contraire

611 1138 945 1196 priscavens.
993 1120 1164 1193 igitur
1199 1119 1438 1192 episcopi
1476 1119 1592 1173 haec
1621 1117 1866 1175 videntes
1893 1117 2210 1174 cnnfusion'c

611 1215 802 1271 Vultus
839 1215 921 1270 sul
959 1215 1134 1285 operti
1170 1221 1314 1278 sunt,
1349 1210 1706 1283 intelligentes
1744 1211 1986 1267 omnium
2023 1210 2208 1268 oculos

619 1306 676 1362 in
717 1321 776 1361 se
812 1305 1081 1369 converti,
1111 1315 1166 1362 et
1203 1303 1531 1375 apostasiam
1580 1318 1736 1358 suam
1782 1317 1891 1358 non
1937 1301 2135 1371 iniuste
2177 1318 2208 1356 τι

615 1398 832 1454 cunctis
863 1396 1142 1452 detestari.
1178 1395 1410 1450 Audires
1438 1394 1581 1450 enim
1610 1393 1654 1449 si
1684 1393 1926 1460 adesses,
1959 1409 2102 1450 nunc
2142 1393 2211 1450 ab

615 1491 743 1556 isto,
772 1504 916 1544 nunc
946 1489 1016 1545 ab
1049 1489 1138 1544 illo
1167 1488 1328 1544 istum
1365 1488 1447 1542 vel
1491 1487 1639 1542 illm
1681 1488 1994 1559 episcopum
2027 1487 2210 1558 aliquo

613 1581 940 1652 cognomine
976 1595 1098 1635 cum
1139 1576 1518 1647 interiectione
1558 1577 1891 1648 indignantis
1927 1579 2206 1645 deuotari;

614 1671 873 1727 videlicet
895 1670 1046 1728 ludar
1071 1671 1386 1742 proditoris,
1414 1669 1573 1725 Pilati
1599 1668 1686 1724 vel
1714 1667 1962 1734 Herodis,
1991 1667 2211 1724 horum-

613 1780 718 1836 que
748 1763 1026 1821 similium.
1067 1763 1168 1832 Qui
1207 1761 1370 1835 paulo
1400 1771 1522 1834 post
1556 1761 1866 1833 singulatim
1900 1760 2144 1830 requisiti
2173 1775 2205 1815 a

2316 574 2434 622 tere
2470 567 2613 636 regis
2662 579 2822 620 mane
2863 564 3100 620 directi:
3144 581 3162 615 ι
3197 565 3392 636 Rogat,
3438 565 3630 632 aiunt,
3681 567 3856 624 domist

2313 668 2502 714 noster
2555 673 2647 712 rex
2683 669 2735 712 te
2762 656 2949 713 venire
2980 657 3054 714 ad
3094 672 3172 715 se.
3211 676 3230 710 ι
3271 657 3678 724 Ascendimus,
3745 659 3856 716 iris-4

2311 761 2367 805 et
2398 764 2709 821 supremam
2754 749 2819 804 de
2872 748 3091 819 negotio
3139 756 3329 805 nostro
3373 749 3738 804 sententiam
3789 766 3855 804 an

2312 844 2522 909 audire,
2549 843 2603 898 in
2635 858 2744 913 quo
2780 841 2926 899 soliti
2968 856 3190 899 eramus
3226 841 3347 912 loco
3384 842 3780 899 consedimus.
3817 844 3856 898 Μ

2312 948 2499 999 mera,
2538 933 2762 989 veniunt
2798 932 2864 988 ad
2905 931 3124 992 Patrem
3171 941 3418 994 nostrum
3458 947 3750 1005 proceres
3783 952 3856 1004 reg

2313 1024 2591 1082 nonnullis
2619 1025 2888 1095 episcopis
2915 1025 3184 1092 comitati,
3206 1026 3327 1082 haec
3351 1025 3400 1082 ei
3426 1025 3741 1081 dicentes:
3773 1046 3790 1077 ι
3812 1032 3856 1081 tr

2311 1119 2462 1189 tiqua
2509 1117 2584 1173 tui
2629 1116 2870 1172 amicitia
2914 1116 3048 1176 moti
3091 1115 3336 1188 dolemus
3373 1116 3738 1182 discordiam
3776 1119 3856 1172 ista

2313 1213 2456 1268 inter
2493 1211 2772 1266 dominum
2819 1224 3001 1281 regem
3051 1217 3109 1266 et
3157 1218 3209 1267 te
3254 1225 3379 1274 esse
3422 1219 3728 1264 exortam.
3760 1210 3856 1274 Qui

2312 1303 2593 1374 cupientes
2613 1302 2670 1357 in
2691 1301 2979 1371 pristinam
3003 1301 3349 1358 concordiam
3366 1316 3463 1358 vos
3478 1316 3781 1367 revocare,

2313 1395 2545 1464 vidimus
2577 1395 2630 1448 in
2667 1394 2921 1463 praesenti
2955 1393 3088 1450 utile
3135 1392 3251 1452 fore
3279 1393 3541 1448 inducias
3579 1393 3856 1461 uuinqura

2313 1488 2531 1560 negatio
2556 1486 2696 1552 dari,
2728 1496 2995 1557 quatenus
3025 1487 3154 1542 hinc
3189 1499 3364 1556 usque
3399 1485 3467 1552 ad
3503 1484 3798 1541 deﬁnitum
3819 1501 3855 1535 ιη

2313 1580 2454 1651 quod
2491 1588 2703 1650 tempus
2735 1579 2876 1634 inter
2907 1594 3002 1635 vos
3025 1593 3158 1650 pace
3190 1586 3420 1645 statuta,
3455 1592 3576 1632 nec
3601 1593 3638 1632 a
3671 1586 3730 1630 te
3827 1577 3856 1628 :5

2311 1671 2446 1738 suis,
2470 1685 2570 1726 nec
2594 1671 2662 1725 ab
2685 1685 2751 1726 eo
2781 1671 2877 1726 tibi
2909 1670 2990 1725 vel
3019 1670 3129 1725 tuis
3155 1670 3454 1740 quidquam
3478 1667 3618 1738 ﬁat,
3638 1671 3778 1740 quod
3795 1686 3856 1722 ca-

2311 1765 2511 1821 cordite
2541 1775 2712 1820 metas
2737 1773 3010 1836 erumpat.
3036 1763 3172 1832 Hoc,
3203 1764 3452 1834 inquam,
3480 1763 3634 1818 utile
3664 1764 3772 1818 fore
3788 1780 3855 1832 pf:-

615 1873 740 1932 rege
785 1866 965 1913 utrum
1007 1873 1225 1914 omnem
1277 1855 1668 1924 subiectionem
1714 1867 1769 1912 et
1813 1855 2200 1921 obedientium,
2237 1855 2283 1915 Β
2310 1857 2638 1922 vidimus,et
2659 1856 2910 1915 volumus
2929 1857 3080 1914 dicas
3101 1871 3171 1911 an
3197 1856 3330 1916 velis
3355 1856 3410 1922 in
3439 1855 3564 1912 hoc
3584 1859 3855 1926 aequitas:

611 1952 755 2006 nulla
785 1951 1096 2007 conditione
1137 1951 1479 2021 interposita,
1513 1963 1580 2004 an
1627 1949 1771 2006 illam
1812 1949 1984 2004 solam
2025 1947 2208 2018 stibis-

609 2043 844 2100 ctiunem
869 2053 923 2098 et
949 2042 1337 2106 obedientiam,
1360 2057 1522 2112 quam
1546 2041 1908 2112 praetenderet
1927 2055 1994 2096 ex
2022 2049 2208 2096 aucto-

608 2134 774 2192 ritate
801 2136 1030 2192 Βοωδηί
1059 2135 1353 2207 pontiﬁcis,
1385 2133 1644 2190 Anselmo
1678 2135 2057 2204 denegassent,
2083 2147 2206 2188 cum

608 2229 830 2299 quidam
853 2244 980 2294 uno,
1009 2230 1228 2299 quidam
1253 2227 1361 2285 alio
1383 2227 1545 2283 modo
1565 2242 1624 2281 se
1646 2227 1746 2282 hoc
1771 2226 1965 2281 fecisse
1989 2241 2210 2295 respon-

610 2319 830 2386 derent;
861 2321 959 2375 hos
983 2319 1226 2392 quidem,
1245 2321 1340 2391 qui
1364 2319 1508 2375 nulla
1530 2318 1841 2376 conditione
1867 2318 2205 2388 interposita,

610 2411 860 2468 funditus
891 2411 940 2465 ei
975 2409 1236 2482 quidquid
1268 2410 1491 2480 praelato
1535 2427 1633 2466 suo
1669 2409 1942 2468 debebant
1966 2427 2024 2468 se
2054 2407 2208 2467 abiu-

613 2517 767 2559 rasse
803 2502 1028 2572 professi
1064 2511 1212 2567 sunt,
1232 2503 1387 2571 iuxta
1416 2517 1477 2558 se
1506 2505 1646 2560 sicut
1683 2505 1871 2560 ﬁdeles
1909 2512 1963 2560 et
2004 2506 2208 2563 amicos

613 2612 742 2653 suos
792 2595 1091 2654 honoriﬁce
1136 2595 1328 2654 sedere
1372 2597 1663 2670 praecepit;
1698 2598 1822 2655 illos
1853 2615 1984 2656 vero
2015 2600 2107 2670 qui
2151 2600 2205 2656 in

613 2690 718 2746 hoc
751 2688 867 2744 solo
907 2691 1050 2758 quod
1098 2690 1418 2760 praeciperet
1456 2705 1523 2746 ex
1565 2697 1718 2761 parte
1758 2691 2042 2761 apostolici
2087 2705 2208 2750 sese

613 2780 1002 2850 subiectionem
1043 2789 1099 2838 et
1143 2780 1512 2837 obedientiam
1559 2781 1634 2837 illi
1687 2783 1988 2853 abnegasse
2027 2783 2208 2841 dicere

609 2874 729 2929 ausi
776 2883 926 2941 sunt,
959 2883 1016 2929 ut
1064 2875 1299 2946 perﬁdos
1347 2890 1413 2930 ac
1459 2889 1572 2930 sua:
1617 2874 1910 2932 voluntatis
1955 2875 2207 2934 inimicos

609 2967 798 3038 procul
843 2967 896 3023 in
938 2967 1137 3039 angulo
1165 2967 1356 3023 domus
1391 2967 1719 3024 sententiam
1752 2983 1869 3024 suae
1900 2969 2204 3026 damnatio-

608 3060 696 3115 nis
740 3061 819 3114 ira
856 3069 1139 3130 permoms
1165 3059 1330 3128 iussit
1374 3059 1700 3129 praestolari.
1746 3061 1944 3117 Territi
1983 3078 2111 3135 ergo
2150 3073 2207 3120 et

610 3151 933 3209 confusione
984 3166 1148 3222 super
1197 3151 1572 3208 confusionem
1624 3152 1793 3210 induti
1848 3155 1900 3210 in
1947 3155 2204 3225 angulum

2313 1950 2489 2005 nobis.
2529 1969 2548 2003 ι
2582 1949 2881 2019 Respondit
2906 1965 2921 2002 :
2959 1965 2978 1998 ι
3009 1947 3203 2003 Pacem
3232 1956 3400 2020 atque
3431 1948 3787 2024 concordiam
3805 1963 3855 1998 si.

2313 2042 2529 2112 ahiicio.
2577 2043 2962 2098 Verumtamen
3001 2041 3186 2097 videor
3221 2040 3354 2094 mihi
3391 2039 3600 2104 videre
3633 2042 3759 2110 quid
3785 2041 3848 2091 is.

2311 2148 2474 2206 quam
2501 2133 2728 2199 oll‘ertis,
2759 2149 2864 2204 pax
2895 2133 3094 2189 habeat
3122 2131 3176 2187 in
3198 2146 3279 2188 se.
3313 2130 3394 2196 Ne
3420 2139 3627 2186 tamen
3655 2130 3724 2190 ab
3749 2132 3855 2196 ac»

2304 2226 2519 2298 iudicer
2566 2228 2739 2299 magis
2780 2227 2921 2284 velle
2965 2241 3086 2283 meo
3125 2225 3310 2301 sensui
3357 2239 3539 2296 quam
3599 2224 3802 2280 alium:
3833 2238 3848 2272 ς·

2312 2320 2432 2376 istis
2459 2320 2686 2376 credere
2704 2361 2723 2388 ,
2769 2319 3009 2376 concedo
3033 2317 3318 2389 suscipere
3346 2317 3501 2387 quod
3538 2317 3759 2372 donum

2309 2425 2367 2470 et
2409 2414 2563 2470 vobis
2602 2413 2782 2484 placet
2807 2428 2908 2483 pro
2940 2411 3093 2483 pacis
3125 2409 3370 2467 custodia
3409 2408 3730 2474 secundum
3757 2408 3850 2462 Da:

2309 2515 2568 2577 statuere,
2600 2505 2751 2566 salva
2783 2519 3000 2575 semper
3029 2503 3172 2574 apud
3201 2519 3290 2558 me
3318 2501 3506 2558 debita
3539 2502 3852 2559 revertens.

2308 2605 2615 2661 ohedientia
2635 2599 2838 2659 domini
2866 2595 3072 2659 Urbani
3097 2596 3245 2652 sedis
3269 2594 3607 2666 apostolicae
3628 2595 3848 2666 prasini»:

2308 2698 2551 2754 Probant
2574 2697 2805 2765 dictum;
2832 2706 2886 2753 ot
2909 2697 3154 2754 referunt
3188 2692 3256 2750 ad
3294 2689 3445 2763 regis
3473 2689 3750 2762 auditum.
3776 2687 3848 2740 bar

2311 2801 2399 2847 tur
2447 2807 2581 2863 ergo
2635 2791 2870 2846 inducia
2907 2803 3083 2860 usque
3121 2788 3196 2844 ad
3225 2795 3456 2842 octavas
3484 2785 3836 2843 Ρειιιθεωιεέε

2309 2897 2375 2940 ac
2417 2885 2563 2955 regia
2613 2883 2718 2939 ﬁde
2755 2882 3002 2938 sancitur
3049 2889 3319 2950 quatenus
3365 2895 3439 2934 ex
3488 2892 3734 2956 utraque
3763 2890 3844 2946 pars

2310 2974 2526 3028 interim
2568 2973 2774 3040 omnia,
2805 2983 2866 3028 ut
2903 2971 3110 3027 dictum
3154 2979 3294 3038 erat,
3325 2979 3526 3026 essent
3571 2970 3634 3025 in
3677 2965 3846 3042 pacet.

2307 3081 2404 3122 rex
2440 3085 2454 3122 :
2493 3087 2512 3119 ε
2550 3067 2606 3123 Si
2645 3066 2965 3138 integritas,
3015 3064 3221 3134 inquit,
3266 3063 3536 3136 perfecte
3577 3066 3729 3133 pacis
3757 3065 3842 3115 ista

2309 3175 2430 3232 quin
2453 3160 2597 3215 inter
2619 3173 2717 3215 nos
2737 3167 2822 3214 est
2840 3157 3269 3214 controversiam
3290 3167 3419 3212 ante
3441 3157 3604 3214 hunc
3637 3156 3842 3212 [.0le

609 3243 806 3298 domus
845 3250 1213 3299 secesserunt.
1259 3241 1368 3298 Sed
1422 3253 1640 3315 reperto
1674 3246 1857 3302 statim
1902 3247 2106 3303 salubri
2150 3256 2208 3303 et
2233 3243 2278 3305 C
2315 3268 2424 3309 non
2462 3253 2754 3317 sedaverit,
2786 3253 3008 3306 omnino
3058 3249 3236 3319 qualis
3278 3251 3384 3305 hac
3433 3250 3529 3305 die
3573 3261 3687 3316 est,
3714 3249 3842 3303 inlisa

610 3351 723 3406 quo
765 3335 861 3389 niti
909 3333 1158 3390 solebant
1197 3333 1496 3391 domestico
1532 3337 1782 3406 consilio,
1812 3338 1915 3395 hoc
1943 3348 2050 3407 est,
2079 3341 2204 3396 data

608 3427 826 3498 copiosa
871 3426 1124 3496 pecunia,
1159 3426 1211 3481 in
1258 3427 1554 3482 amicitiam
1607 3428 1751 3500 regis
1803 3431 2004 3500 recepti
2056 3442 2202 3485 sunt.

609 3518 901 3574 Anselmus
931 3527 1111 3574 autem
1147 3519 1325 3575 sciens
1357 3535 1578 3575 onmem
1617 3521 1719 3577 sibi
1751 3521 1803 3576 in
1835 3522 2026 3593 Anglia
2056 3538 2208 3578 secu-

611 3611 831 3665 ritatem
859 3625 888 3663 a
918 3623 1045 3682 rege
1080 3609 1372 3676 sublatam,
1398 3611 1672 3666 mandavit
1699 3613 1748 3667 ei
1777 3613 1907 3667 dare
1935 3613 2036 3669 sibi
2071 3629 2204 3670 con-

610 3703 830 3760 ductum
877 3717 984 3773 quo
1037 3715 1160 3759 cum
1211 3703 1326 3759 suis
1377 3713 1593 3775 portum
1647 3706 1814 3762 maris
1860 3713 1974 3761 tuto
2019 3715 2208 3776 petens

608 3807 778 3869 regno
820 3797 1140 3859 decederet,
1181 3796 1354 3853 donec
1399 3797 1541 3852 Deus
1589 3806 1753 3852 tanta:
1807 3799 2204 3869 perturbationi

605 3889 826 3944 modum
859 3887 1146 3961 dignanter
1180 3887 1507 3959 imponeret.
1542 3887 1660 3955 Quo
1697 3889 1810 3959 ipse
1842 3891 2027 3946 audito
2055 3891 2205 3963 gravi

605 3981 787 4038 cordis
827 3980 1074 4036 molestia
1114 3978 1372 4052 elanguit.
1411 3979 1548 4035 Nam
1593 3981 1720 4037 licet
1757 3982 2058 4040 discessum
2088 3985 2206 4054 eius

603 4085 950 4142 summopere
981 4065 1342 4137 desideraret,
1375 4070 1598 4128 nolebat
1624 4080 1802 4129 tamen
1835 4088 1959 4128 eum
1989 4075 2205 4145 pontiﬁ-

605 4171 760 4220 catus
801 4162 1066 4234 dignitate
1111 4162 1359 4220 salsitum
1400 4164 1702 4231 discedere,
1740 4181 1809 4222 ne
1847 4167 2202 4222 novissimum

601 4259 944 4324 scandalum,
994 4259 1136 4331 quod
1192 4259 1318 4315 inde.
1369 4267 1585 4331 poterat
1631 4261 1784 4327 oriri,
1837 4261 1991 4333 peius
2052 4262 2206 4318 ﬁeret

605 4353 812 4424 priore.
843 4351 914 4407 Ut
942 4365 1072 4408 vero
1100 4352 1419 4423 pontiﬁcatu
1460 4352 1608 4408 illum
1639 4354 1962 4420 dissaisiret,
2005 4355 2204 4425 impos-

605 4448 763 4505 sibile
808 4443 908 4504 sibi
947 4447 1250 4505 videbatur.
1293 4447 1566 4506 Turbatus
1599 4451 1800 4521 itaque,
1833 4461 1887 4506 et
1917 4455 2200 4523 episc0po-

605 4561 726 4601 rum
747 4544 973 4602 consilio
994 4559 1094 4616 per
1113 4545 1256 4616 quod
1285 4544 1337 4600 in
1364 4546 1463 4600 has
1491 4548 1772 4616 angustias
1802 4561 1862 4602 se
1889 4548 2198 4606 devolutum

601 4638 933 4710 querebatur
963 4638 1189 4700 omisso,
1221 4652 1344 4693 cum
1374 4637 1709 4708 principibus
1738 4639 2023 4694 consilium
2047 4641 2199 4710 iniit;

599 4733 730 4804 quid
763 4733 904 4788 facto
935 4746 1074 4802 opus
1103 4737 1249 4786 esset
1286 4729 1586 4798 inquisivit.
1639 4727 1853 4802 Rogant
1891 4731 1965 4786 illi
2007 4742 2199 4804 quate-

599 4839 703 4881 nus
753 4824 835 4880 vir
872 4838 997 4880 cum
1049 4835 1260 4876 summa
1310 4835 1444 4890 pace
1479 4829 1765 4877 moneatur
1797 4822 1862 4878 ad
1903 4824 2198 4896 hospitium

598 4933 758 4973 suum
798 4915 998 4980 redire,
1037 4927 1357 4982 responsum
1406 4913 1552 4984 regis
1589 4929 1751 4985 super
1795 4915 2057 4985 petitione
2101 4931 2198 4971 sua

598 5023 761 5064 mane
794 5013 1132 5076 recepturus.
1164 5001 1248 5058 Fit
1272 5003 1427 5074 iuxta
1463 5005 1686 5061 verbum
1722 5005 1960 5074 illorum,
1991 4991 2054 5063 et.
2076 5023 2198 5079 per-

597 5099 835 5158 turbatis
864 5099 1029 5154 etiam
1067 5097 1366 5154 curialibus
1409 5096 1676 5168 plurimis,
1710 5099 2002 5170 hospitium
2043 5114 2200 5171 repe-

597 5193 870 5252 davimus.
902 5187 1026 5246 Rati
1053 5200 1179 5247 sunt
1204 5191 1404 5264 quippe
1447 5191 1723 5248 hominem
1764 5207 1796 5248 a
1832 5203 1972 5249 terra
2021 5193 2200 5250 disce-

597 5289 758 5352 dere;
789 5296 843 5341 et
879 5285 1277 5358 ingemuerunt.
1305 5284 1376 5340 At
1406 5285 1492 5341 ille
1518 5284 1671 5341 ltetus
1703 5295 1760 5344 et
1797 5285 1980 5342 alacer
2009 5302 2198 5358 spera-

597 5381 690 5438 bat
719 5394 775 5435 se
804 5377 1242 5448 perturbationes
1280 5387 1336 5433 et
1365 5391 1529 5435 onera
1567 5379 1771 5445 saeculi,
1805 5381 1946 5452 quod
1979 5393 2198 5453 semper

597 5473 840 5544 optabat,
892 5481 1124 5528 transnto
1169 5469 1328 5539 mari,
1373 5473 1626 5529 evadere.
1666 5471 1802 5527 Cum
1849 5473 2012 5542 igitur
2053 5475 2194 5530 inter

595 5581 750 5641 spem
783 5583 812 5623 a
843 5579 1012 5639 regno
1037 5566 1367 5635 discedendi,
1399 5575 1454 5623 et
1497 5574 1702 5622 metum
1735 5567 1788 5621 in
1821 5581 1986 5638 regno
2017 5581 2192 5622 rema-

2311 3345 2577 3420 νηιηηίῑο
2607 3343 2840 3398 termino
2870 3342 3214 3397 induciarum
3243 3339 3566 3398 deﬁnienda
3603 3342 3660 3396 in

2311 3446 2620 3493 revocetur.
2657 3454 2676 3487 i

2382 3527 2480 3584 llis
2521 3529 2621 3585 ista
2664 3526 2852 3597 gestis,
2885 3535 3162 3596 aceepta-a
3206 3539 3336 3596 rege
3377 3524 3642 3594 licentia,
3672 3529 3733 3582 ad

2309 3620 2597 3677 Anselmus
2631 3621 2856 3677 revertit
2885 3619 3090 3685 sedem,
3122 3621 3419 3690 presciens
3457 3622 3616 3692 apud
3645 3637 3705 3678 se
3729 3633 3838 3692 pars

2308 3723 2364 3770 et
2410 3713 2653 3769 inducias
2698 3713 2819 3768 illas
2864 3713 3023 3768 inane
3068 3723 3124 3770 et
3170 3722 3630 3770 momentaneum
3679 3717 3838 3770 vehat:

2309 3821 2432 3864 esse
2463 3807 2573 3862 odii
2597 3815 2652 3862 et
2682 3807 3050 3878 oppressionis
3077 3821 3200 3863 mox
3230 3806 3450 3870 futura.
3483 3808 3653 3876 Quod
3679 3811 3729 3864 ia
3757 3807 3836 3863 hic:

2308 3900 2654 3973 postmodum
2684 3901 2880 3970 patuit.
2927 3899 3208 3970 Siquidem
3236 3901 3472 3956 evolutis
3502 3905 3703 3973 paucis
3726 3903 3838 3957 diali:

2307 3993 2605 4050 Balduinus
2634 3994 2988 4059 monachum,
3018 3993 3075 4049 in
3104 3995 3247 4064 quod
3274 4009 3404 4064 pars
3427 3995 3618 4064 maior
3635 3998 3838 4053 cossim

2307 4089 2545 4145 Auselmi
2595 4086 2897 4160 pendebat,
2941 4097 2996 4144 et
3039 4089 3177 4144 duos
3221 4089 3456 4145 clericos
3495 4091 3836 4160 qiusrexitﬂ-

2307 4180 2608 4252 prtescripti
2649 4179 2861 4234 discidii
2891 4193 3076 4244 causa,
3109 4179 3179 4235 ab
3205 4179 3396 4250 Anglia
3433 4183 3677 4252 pepulit,
3706 4194 3748 4238 et
3777 4181 3834 4232 At

2307 4272 2536 4329 selmum
2566 4271 2619 4326 in
2652 4272 2755 4326 hoc
2795 4272 2940 4327 facto
2966 4273 3142 4328 atroci
3172 4273 3427 4328 maeroris
3455 4275 3698 4332 verbere
3720 4286 3834 4347 μετ’*

2306 4365 2388 4422 lit.
2435 4365 2576 4435 Quid
2619 4363 2851 4422 referam
2892 4366 3256 4422 camerarium
3303 4365 3424 4436 eius
3463 4366 3522 4422 in
3562 4384 3665 4424 sua
3699 4379 3834 4425 eam

2308 4473 2434 4517 ante
2463 4476 2591 4517 suos
2632 4460 2818 4516 oculos
2841 4469 3084 4531 captum,
3114 4459 3249 4515 alios
3281 4460 3537 4517 homines
3564 4463 3686 4532 eius
3711 4459 3834 4530 iniu

2300 4551 2510 4622 iudicio
2540 4553 2952 4617 condemnatos,
2998 4551 3355 4621 deprmdatos,
3400 4551 3713 4610 innumeris
3743 4547 3834 4605 nuli

2304 4643 2562 4701 allllctos?
2605 4644 2672 4698 Et
2718 4645 2838 4710 haec
2877 4643 3058 4700 omnia
3113 4643 3253 4698 infra
3298 4643 3418 4698 dies
3460 4643 3834 4701 inducimus

2303 4737 2540 4809 praeﬁxae
2569 4736 2737 4808 pacis,
2769 4736 2966 4807 regalis
2995 4736 3301 4793 constantia
3335 4735 3461 4791 ﬁdei
3502 4749 3702 4794 eoum
3725 4737 3831 4790 vim

2304 4829 2615 4894 exercebat.
2654 4828 2819 4884 Passa
2868 4836 2952 4882 est
2989 4827 3156 4897 igitur
3195 4843 3257 4883 ea
3283 4837 3620 4898 tempestate
3662 4825 3830 4885 Both!

2303 4919 2713 4977 Cantuariensis
2745 4919 2799 4973 in
2826 4919 3080 4974 omnibus
3107 4918 3222 4974 suis
3249 4928 3356 4973 tam
3379 4934 3588 4975 saevam
3615 4927 3829 4988 terimur

2305 5021 2444 5079 tem,
2467 5019 2525 5066 ut
2555 5011 2671 5067 fere
2713 5010 2952 5066 universi
2981 5010 3392 5066 conclamarent
3421 5011 3627 5068 melius
3649 5012 3740 5068 sibi
3762 5011 3830 5060 alr

2305 5119 2412 5176 que
2440 5111 2659 5172 pastore
2683 5103 2796 5174 iam
2828 5102 2958 5157 olim
2985 5101 3181 5167 fuisse,
3212 5117 3375 5174 quam
3408 5119 3567 5160 nunc
3591 5105 3692 5160 sub
3715 5099 3830 5165 hic

2303 5197 2447 5252 modi
2477 5206 2695 5268 pastore
2732 5209 2872 5251 esse.
2902 5195 2949 5250 Α
2980 5193 3134 5264 cuius
3159 5197 3507 5266 tempestatis
3537 5196 3830 5265 Δανα-μα

2303 5298 2673 5360 temperantes
2709 5288 2925 5343 modum
2955 5288 3210 5358 pra-senti
3243 5288 3505 5344 volumini
3535 5289 3828 5360 impone-6

2301 5387 2556 5439 caventes
2586 5397 2655 5437 ne
2680 5371 2889 5452 prolixa
2922 5379 3148 5436 fatuitas
3171 5391 3228 5437 et
3263 5381 3414 5438 fatua
3454 5383 3731 5453 prolixius
3751 5388 3828 5431 on-

2301 5475 2463 5531 tionis
2493 5474 2734 5547 legentes
2757 5473 2844 5530 vel
2877 5475 3182 5543 audientes,
3211 5476 3258 5533 si
3292 5473 3438 5532 [orte
3477 5475 3646 5548 aliqui
3667 5470 3828 5530 fictili-

2297 5568 2468 5623 uimio
2493 5568 2649 5624 taedio
2675 5565 2892 5626 alliciat.

1873 5679 2292 5740 llENSCHENll
2326 5681 2562 5739 ΝΟΤᾸΞ.

664 5788 697 5825 ι
731 5775 953 5839 Festum
988 5775 1374 5842 Pentecostes,
1419 5772 1612 5833 eodem
1649 5788 1824 5845 anno,
1854 5774 1908 5831 in
1950 5774 2094 5831 diem
2127 5791 2190 5833 Ill
2223 5775 2352 5836 Maii
2379 5776 2634 5848 cadebat,
