3890 6306
34 326 150 384 389

50 476 722 502 Μ

1154 323 1476 382 HISTORIA
1510 324 1875 384 ROVORUM.
1913 350 1985 367 -—
2019 324 2154 383 LIB.
2181 326 2248 384 ll.

3226 335 3338 395 590

1224 612 1582 702 LIBER
1653 609 2307 702 SECUNDUS.

1485 806 1858 826 ———-———‘

110 939 255 994 Cum
303 936 550 992 datarum
593 935 710 991 dies
758 936 1096 991 induciarnm
1133 935 1558 1008 praestolaretur,
1588 943 1641 990 et
1670 922 2099 1007 Aoppressione
2155 942 2455 1005 reperient,
2511 944 2602 1004 qu.
2658 949 2758 1006 pro
2815 938 3173 1008 adipiscendae
3227 959 3343 1004 sum

26 1030 171 1085 hinc
204 1028 331 1085 inde
361 1029 495 1085 ﬁdes
520 1037 897 1096 utrorumque,
926 1027 1185 1084 Willelmi
1214 1029 1463 1084 videlicet
1496 1031 1643 1100 regis

26 1134 91 1181 et
127 1123 373 1179 Anselmi
410 1121 829 1193 archiepiscopi,
859 1124 1021 1178 certis
1046 1123 1258 1179 indiciis
1292 1124 1640 1193 panderetur,

24 1217 190 1286 regis
223 1216 434 1271 scilicet
459 1214 637 1270 omnia
678 1230 799 1284 qua:
830 1214 1193 1285 spoponderat
1222 1215 1275 1269 in
1306 1215 1639 1271 contrarium

24 1309 428 1381 pervertendo,
458 1318 514 1364 et
544 1309 815 1379 pontiﬁcis
854 1323 947 1363 sua
980 1308 1273 1379 sponsione
1306 1318 1515 1364 servata
1549 1324 1644 1379 pa-

27 1405 250 1458 tienter
298 1403 563 1475 irrogatas
606 1398 836 1471 injurias
890 1400 1266 1471 perpetiendo;
1320 1401 1643 1457 Albanensis

27 1495 339 1564 episcopus
366 1505 424 1559 α,
477 1492 751 1549 Walteius
787 1495 1004 1548 nomine
1030 1493 1091 1558 δ,
1127 1494 1194 1550 ab
1241 1492 1457 1549 Urbano
1500 1494 1645 1549 sedis

25 1588 363 1658 apostolicae
415 1586 659 1657 praesulis
706 1587 877 1641 Roma
930 1586 1128 1641 missus
1177 1587 1422 1657 Angliam
1471 1588 1641 1653 venit,

23 1683 439 1737 adducentibus
463 1695 585 1737 eum
604 1680 811 1736 duobus
828 1680 1063 1745 clericis,
1089 1680 1321 1734 Girardo
1353 1679 1561 1735 scilicet
1588 1688 1646 1735 et

25 1775 343 1841 Willelmo,
371 1776 460 1844 qui
496 1776 561 1831 de
592 1774 797 1843 capella
837 1774 980 1844 regis
1011 1782 1189 1826 erant.
1215 1773 1494 1843 Siquidem
1529 1772 1644 1840 ipse

25 1883 138 1922 rex
169 1868 262 1923 ubi
295 1868 465 1921 sensit
494 1868 808 1921 Ansclmum
845 1880 955 1921 sua:
996 1865 1258 1919 voluntati
1300 1866 1351 1919 in
1395 1866 1645 1934 praescri-

25 1968 134 2031 pto
188 1960 411 2030 negotio
460 1960 601 2014 nolle
645 1962 1055 2028 obtemperare,
1100 1958 1237 2013 clam
1288 1968 1339 2013 et
1384 1958 1642 2015 Anselino

30 2052 355 2121 ignorante,
393 2052 611 2105 eosdem
643 2050 873 2105 clericos
906 2051 1131 2105 Romam
1171 2050 1410 2114 miserat,
1443 2050 1643 2106 [toma—

25 2161 125 2198 ηερ
153 2154 358 2200 statum
393 2144 651 2200 Ecclesia:
681 2159 777 2215 per
796 2160 890 2198 eos
912 2144 1100 2199 volens
1122 2154 1273 2198 certo
1300 2144 1637 2215 dignoscere.

25 2236 213 2292 Erant
245 2252 481 2306 namque
515 2238 698 2292 llouue
735 2239 787 2292 in
832 2237 936 2292 illis
978 2238 1187 2302 diebus,
1218 2237 1358 2292 sicut
1390 2237 1639 2307 pra-dixi-

26 2346 182 2393 mus,
220 2331 322 2384 duo
356 2330 662 2400 pontiﬁces,
691 2330 779 2399 qui
807 2344 834 2383 a
859 2330 1090 2385 diversis
1121 2330 1397 2400 apostolici
1438 2345 1641 2383 nuneu-

24 2422 344 2493 pabautur;
401 2422 496 2478 sed
548 2422 669 2491 quis
716 2437 904 2477 eorum
957 2424 1256 2485 canonice,
1306 2423 1430 2492 quis
1483 2436 1643 2477 secus

25 2516 209 2569 fuerit
240 2514 540 2581 institutus,
575 2514 643 2569 ab
680 2512 874 2584 Anglis
904 2528 1077 2583 usque
1107 2515 1157 2569 id
1193 2514 1449 2585 temporis
1487 2513 1640 2584 igno—

22 2607 289 2662 rabatur.
336 2606 492 2661 Scire
532 2606 711 2676 itaque
758 2606 1042 2660 veritatem
1082 2604 1241 2674 hujus
1288 2605 1364 2659 rei
1412 2604 1639 2659 Romam

24 2702 198 2756 missi
236 2708 360 2754 sunt
398 2700 451 2754 hi
496 2700 603 2755 duo
641 2700 845 2766 clerici,
877 2714 1050 2769 eaque
1080 2699 1316 2770 cognita,
1346 2698 1481 2768 jussi
1516 2710 1639 2754 sunt

23 2794 219 2849 sacris
247 2792 695 2862 promissionibus
724 2791 959 2847 illectum
990 2792 1056 2846 ad
1091 2792 1193 2846 hoc
1224 2791 1267 2845 si
1299 2800 1515 2860 possent
1544 2808 1641 2861 pa-

24 2904 169 2961 pain
206 2886 522 2956 perducere,
566 2894 625 2940 ut
662 2886 762 2953 ipsi
810 2885 921 2955 regi
967 2885 1033 2939 ad
1071 2901 1207 2954 opus
1248 2886 1639 2955 archiepiscopi

23 2978 452 3036 Cantuariensis
516 2978 771 3048 pallium,
841 2976 1007 3030 tacita
1070 2990 1301 3046 persona
1364 2975 1638 3042 Anselmi,

24 3072 375 3137 destinaret,
415 3070 557 3141 quod
603 3072 716 3140 ipse
758 3082 886 3134 rex,
939 3068 1195 3123 Anselmo
1243 3085 1269 3121 a
1321 3068 1639 3137 pontiﬁcatu

28 3164 209 3222 simul
236 3174 289 3219 et
313 3180 480 3236 regno
502 3163 731 3229 dejecto,
753 3162 1009 3217 cuivellet
1035 3178 1158 3217 cum
1183 3162 1497 3233 pontiﬁcatu
1522 3164 1639 3219 vice

26 3257 323 3329 apostolici
354 3256 693 3326 postmodum
725 3256 898 3310 daret.
925 3254 1039 3311 Hoc
1071 3256 1267 3327 quippe
1297 3259 1639 3330 disposuerat

26 3348 184 3419 apud
212 3363 302 3414 se;
337 3348 441 3401 hoc
480 3347 789 3417 suspicatus
812 3353 895 3401 est
922 3360 1028 3400 non
1063 3346 1258 3417 injuria
1282 3349 1381 3403 sibi
1413 3350 1633 3405 concedi

26 3457 229 3514 posse;
264 3440 366 3496 hoc
394 3442 696 3495 indubitato
722 3441 835 3495 ﬁeri
862 3439 1209 3511 promittebat
1230 3444 1470 3513 cpiuioui
1502 3461 1633 3502 sum.

114 3534 379 3588 Praefatus
413 3549 543 3605 ergo
571 3536 858 3604 episcopus
891 3534 1138 3602 Angliam
1180 3536 1425 3601 veniens,
1451 3553 1631 3593 secum

1746 1044 1924 1087 causae
1953 1028 2275 1084 rectitudine
2302 1042 2408 1083 non
2441 1028 2639 1083 habent
2668 1030 2811 1100 quod
2833 1032 2995 1088 deut?
3031 1052 3049 1088 ι

1818 1121 2067 1177 Sentiens
2119 1121 2301 1190 itaque
2376 1135 2471 1175 rex
2529 1121 2843 1192 episcopum
2899 1138 2965 1178 ex
3024 1134 3178 1195 parte
3235 1129 3345 1187 Ur-

1746 1214 1873 1270 bani
1913 1221 2105 1268 cuncta
2150 1226 2261 1268 suae
2294 1211 2558 1268 voluntati
2601 1214 2946 1269 conniventia
2984 1218 3253 1282 nuntiare,
3290 1229 3344 1277 et

1747 1322 1833 1371 ea,
1866 1304 1912 1361 si
1945 1306 2118 1376 ipsum
2161 1302 2435 1359 Urbanum
2468 1319 2565 1376 pro
2594 1319 2730 1376 papa
2764 1307 2815 1360 in
2851 1323 2949 1362 suo
2976 1324 3143 1381 regno
3169 1313 3343 1368 susci-

1747 1408 1921 1469 peret.
1972 1398 2108 1453 velle
2152 1397 2447 1464 apostolica
2478 1398 2803 1453 auctoritate
2833 1399 2940 1455 sibi
2969 1400 3096 1455 dum
3134 1404 3343 1459 viveret

1748 1493 1800 1547 in
1826 1491 2167 1563 privilegium
2197 1491 2560 1563 promulgare,
2595 1494 2865 1563 acquievit
2894 1493 3114 1563 placito,
3146 1497 3341 1567 praeci-

1747 1585 1902 1655 piens
1935 1583 2209 1640 Urbanutn
2248 1583 2301 1639 in
2342 1584 2488 1638 omni
2531 1584 2759 1654 imperio
2790 1600 2888 1640 suo
2917 1600 3017 1656 pro
3045 1590 3342 1657 apostolico

1749 1677 1936 1733 baberi
1993 1677 2153 1744 eique
2173 1676 2289 1731 vice
2316 1676 2455 1732 beati
2484 1675 2629 1731 Petri
2660 1678 2712 1732 in
2743 1678 3053 1735 Christiana
3086 1682 3342 1753 religione

1747 1772 1977 1827 obediri.
2003 1772 2125 1842 Egit
2150 1780 2273 1841 post
2300 1772 2415 1827 hac
2441 1772 2639 1841 quibus
2669 1772 2841 1827 modis
2865 1783 3079 1844 poterat
3106 1790 3218 1844 ipse
3245 1790 3339 1831 rex

1747 1878 1869 1918 cum
1912 1864 2189 1934 episcopo,
2221 1873 2491 1934 quatenus
2532 1863 2763 1921 Romani
2800 1866 3071 1935 pontiﬁcis
3100 1868 3339 1923 auctori—

1750 1966 1859 2014 tate
1885 1958 2200 2013 Anselmum
2233 1960 2300 2012 ab
2335 1959 2674 2029 episcopatu,
2707 1958 2869 2029 regali
2903 1960 3141 2029 potentia
3176 1960 3339 2017 fultus

1748 2052 2064 2120 deponeret,
2095 2052 2369 2122 spondens
2407 2053 2731 2106 immensum
2774 2053 3020 2122 pecunia:
3051 2054 3261 2125 pondus
3289 2054 3341 2110 ei

1745 2154 1801 2200 et
1838 2146 2093 2201 Ecclesiae
2130 2146 2388 2200 Romanae
2426 2146 2653 2215 singulis
2700 2148 2861 2202 annis
2901 2148 3175 2214 daturum,
3208 2150 3252 2205 si
3284 2151 3338 2206 in

1748 2236 1849 2289 hoc
1881 2252 1980 2291 suo
2011 2236 2282 2291 desiderio
2318 2237 2677 2292 satisfaceret.
2716 2237 2914 2293 Verum
2945 2253 3068 2293 cum
3105 2239 3155 2294 id
3194 2240 3336 2294 nulla

1749 2328 1959 2383 ratione
2010 2327 2127 2382 ﬁeri
2180 2342 2371 2397 posse,
2418 2329 2646 2382 docente
2690 2329 2978 2399 episcopo,
3024 2330 3334 2395 didicisset;

1744 2419 2033 2478 deﬁciebat
2062 2419 2264 2484 animo,
2306 2430 2565 2491 reputans
2591 2421 2731 2490 apud
2766 2436 2823 2477 se
2859 2422 2993 2476 nihil
3025 2421 3076 2477 in
3112 2423 3336 2493 requisi-

1746 2504 1892 2568 tione
1913 2512 1995 2568 vel
2020 2513 2362 2581 susceptione
2391 2511 2619 2567 Romani
2645 2514 2907 2569 antistitis
2933 2530 2993 2570 se
3017 2514 3332 2584 profecisse.

1742 2610 1995 2663 Attamen
2048 2604 2383 2661 immutabile
2419 2604 2773 2661 considerans
2806 2609 2949 2676 quod
2981 2606 3183 2662 factum
3214 2606 3335 2663 fue-

1745 2713 1866 2769 rat,
1895 2701 2123 2757 consilio
2155 2716 2275 2755 cum
2308 2701 2419 2755 suis
2459 2701 2590 2755 inito
2619 2702 2895 2770 quaerebat
2923 2703 3175 2772 qualiter,
3220 2718 3334 2757 ser-

1743 2804 1862 2850 vata
1897 2794 2156 2865 singulari
2186 2793 2524 2847 celsitudinis
2554 2809 2665 2847 sua:
2687 2794 2969 2863 dignitate,
2999 2797 3117 2849 viro
3143 2795 3332 2849 saltem

1742 2890 1922 2958 specie
1948 2896 2105 2942 tenus
2135 2900 2377 2941 amorem
2415 2900 2571 2939 suum
2616 2886 2886 2950 redderet,
2916 2887 3001 2942 cui
3041 2887 3334 2943 cretlulitcr

1743 2984 1912 3039 iratus
1964 2982 2097 3038 nihil
2143 2990 2359 3053 poterat
2404 2982 2602 3053 cupitze
2649 2981 3016 3037 damnationis
3060 2996 3159 3054 pro
3205 2990 3332 3039 voto

1742 3078 1969 3134 inferre.

1811 3176 2048 3229 Instante
2098 3173 2262 3241 igitur
2297 3172 2411 3236 die,
2458 3172 2511 3226 in
2558 3186 2718 3241 quem
2766 3169 2996 3226 inducite
3033 3171 3172 3225 datae
3208 3176 3332 3226 sunt

1739 3264 1882 3319 inter
1926 3264 2103 3332 ipsos,
2159 3265 2473 3322 mandatum
2521 3269 2603 3326 est
2640 3260 2897 3314 Anselmo
2949 3268 3072 3314 tunc
3114 3259 3167 3313 in
3208 3258 3330 3314 villa

1740 3375 1857 3422 sua,
1888 3372 2007 3427 qua:
2036 3356 2295 3411 Murtelac
2321 3356 2538 3423 dicitur,
2573 3356 2914 3419 consistenti,
2944 3363 3000 3410 et
3026 3355 3100 3411 ibi
3132 3355 3329 3411 solem-

1740 3450 1963 3503 nitatem
2005 3448 2354 3503 Penlecostes
2404 3447 2723 3515 celebranti,
2757 3458 3025 3517 quatenus
3061 3449 3126 3503 ad
3168 3449 3329 3502 aliam

1740 3543 1921 3597 villam
1968 3558 2156 3608 suam,
2201 3557 2321 3613 qua:
2380 3543 2541 3597 lleisa
2591 3553 2840 3606 vocatur,
2874 3543 3182 3607 accederet,
3240 3541 3328 3595 ubi

23 3628 539 3698 archiepiscopatus
570 3628 763 3683 stolam
797 3642 932 3697 papa
969 3629 1218 3683 mittente
1258 3629 1503 3686 clanculo
1540 3633 1632 3687 dc-
1658 3656 1704 3720 ο
1737 3635 1907 3691 nuntii
1966 3635 2108 3703 regis
2155 3634 2363 3688 curiam
2414 3646 2568 3686 suam
2608 3633 2659 3686 in
2704 3634 2815 3702 ipsa
2861 3632 3155 3687 festivitate
3190 3629 3328 3701 apud

28 3719 181 3775 tulit.
210 3719 275 3772 Et
308 3718 532 3773 silenter
558 3718 850 3772 Cantuaria
882 3718 1104 3772 civitate
1132 3720 1477 3787 pertransita,
1521 3722 1632 3775 Ai:-

25 3814 317 3881 selmoque
362 3814 633 3878 devitato,
678 3814 744 3867 ad
792 3827 972 3883 regem
1020 3814 1345 3885 properabat
1396 3816 1523 3871 nulli
1568 3820 1633 3874 de

25 3906 203 3977 pallio
253 3905 393 3975 quod
448 3906 657 3960 ferebat.
709 3905 1003 3975 quidquam
1056 3906 1272 3971 dicens,
1322 3908 1526 3963 nullum
1578 3911 1628 3966 in

24 3997 283 4053 absentia
334 3996 624 4051 ductorum
668 4011 888 4051 suorum
938 3997 1281 4053 familiariter
1328 4001 1626 4071 alloquens.

25 4091 153 4145 Rex
184 4089 413 4158 denique
442 4098 773 4159 praeceperat
816 4090 888 4145 ita
923 4090 1060 4155 ﬁeri,
1091 4091 1277 4146 nolens
1307 4084 1627 4164 mysterium

23 4180 251 4239 consilii
294 4183 374 4237 sui
412 4182 697 4252 publicari.
730 4182 822 4236 llle
861 4182 1026 4251 igitur
1065 4197 1186 4237 cum
1218 4187 1488 4242 nonnullis
1516 4188 1631 4242 die-

21 4277 139 4333 bus
183 4284 307 4330 ante
346 4274 704 4330 Pentecosten
746 4277 812 4330 ad
854 4290 1037 4347 regem
1087 4278 1343 4347 venisset,
1371 4289 1425 4336 et
1470 4282 1517 4337 ei
1561 4283 1628 4337 ad

22 4365 245 4437 singula
292 4380 412 4436 quae
458 4381 569 4421 sine
618 4367 884 4422 voluntati
934 4380 1157 4442 accepta
1210 4372 1322 4427 fore
1366 4373 1626 4429 didicerat

20 4461 189 4515 bonae
232 4459 341 4526 spei
392 4459 584 4515 ﬁducia
631 4461 1032 4531 respondisset,
1077 4463 1212 4519 nihil
1256 4466 1469 4534 penitus
1522 4466 1623 4535 ipsi

22 4567 132 4625 pro
158 4551 411 4607 Anselmo
437 4562 651 4608 iocutus
675 4564 777 4619 est,
806 4555 952 4625 quod
987 4571 1176 4627 pacem
1206 4559 1348 4615 inter
1371 4575 1464 4614 eos
1491 4576 1622 4615 con-

24 4648 263 4710 ciliaret,
301 4647 445 4716 quod
496 4648 871 4705 tribulationes
904 4650 958 4705 in
1002 4653 1199 4721 quibus
1234 4668 1331 4724 pro
1368 4654 1625 4709 ﬁdelitate

24 4740 181 4794 sedis
213 4739 520 4808 apostolica:
557 4741 854 4796 desudabat
886 4743 1176 4815 mitigaret,
1211 4746 1351 4816 quod
1389 4760 1511 4801 eum
1554 4748 1622 4803 ad

23 4830 422 4886 sublevandam
450 4831 502 4885 in
531 4832 721 4903 Anglia
756 4833 1084 4891 Christianae
1109 4838 1386 4909 religionis
1415 4838 1621 4895 cultum

23 4923 332 4975 roboraret.
381 4920 555 4991 Super
598 4938 707 4992 quo
755 4926 907 4979 multi
956 4928 1046 4997 qui
1085 4927 1234 4996 prius
1271 4944 1337 4983 cx
1384 4930 1619 4985 adventu

22 5010 200 5080 ipsius
228 5011 407 5081 magni
433 5025 529 5082 spe
559 5012 681 5067 boni
719 5016 1056 5081 tenebantur,
1088 5020 1283 5089 oppido
1313 5020 1565 5075 admirati
1602 5039 1615 5076 :

24 5124 42 5155 ‹
81 5102 266 5171 Papa,
290 5102 559 5174 inquiunt,
585 5106 713 5176 quid
738 5107 1015 5164 dicemus?
1045 5111 1099 5166 Si
1128 5128 1321 5168 aurum
1348 5122 1400 5167 et
1425 5130 1621 5186 argen-

22 5202 142 5246 tum
197 5190 365 5249 Roma
419 5197 686 5266 prmponit
728 5192 1169 5273 justitiaa,quid
1220 5204 1617 5273 subventionis,

1737 3726 2132 3780 Windlesoram
2161 3725 2420 3789 tenentis,
2450 3724 2516 3778 ad
2550 3738 2673 3778 eum
2705 3724 2890 3780 venire
2910 3732 2963 3779 et
2995 3723 3154 3777 verba
3188 3722 3329 3793 regis

1734 3819 1810 3873 illi
1844 3828 1899 3873 et
1931 3817 2071 3872 illius
2095 3827 2317 3888 possent
2362 3818 2471 3886 regi
2508 3817 2745 3873 deferre.
2787 3817 2984 3872 lvimus
3014 3832 3141 3888 ergo
3178 3816 3324 3881 illuc,

1734 3923 1787 3969 et
1809 3913 2052 3983 sequenti
2084 3913 2169 3965 die
2196 3911 2419 3967 veniunt
2444 3913 2510 3965 ad
2538 3912 2685 3965 illum
2714 3926 2851 3982 pene
2876 3926 3065 3967 omnes
3090 3910 3326 3981 episcopi

1730 4002 1958 4074 Anglus,
1978 4003 2090 4073 qui,
2111 4002 2390 4072 praemissa
2408 4015 2540 4070 pace
2561 4002 2664 4067 sui,
2692 4002 3018 4072 pedetentim
3040 4000 3328 4069 explorare

1733 4096 1969 4166 aggressi
2008 4102 2135 4148 sunt
2175 4104 2357 4146 utrum
2398 4093 2581 4162 aliquo
2620 4093 2783 4149 modo
2810 4092 2956 4147 illum
2993 4094 3059 4147 ad
3091 4093 3191 4148 hoc
3221 4092 3326 4148 illi-

1732 4200 1857 4241 cere
1889 4196 2129 4256 possent,
2164 4193 2225 4240 ut
2254 4184 2499 4256 ipseiam
2526 4192 2603 4240 tot
2631 4200 2695 4241 ac
2722 4187 2886 4241 tantis
2908 4187 3328 4244 adversitatibus

1732 4292 1904 4344 actus,
1938 4280 2019 4338 vel
2064 4289 2210 4347 tunc,
2242 4282 2366 4335 data
2408 4280 2663 4351 pecunia,
2698 4280 2839 4352 regis
2879 4280 3176 4336 amicitiam
3221 4280 3325 4339 sibi

1731 4374 2063 4430 conciliaret.
2096 4374 2179 4430 Ad
2224 4374 2368 4447 quod
2403 4364 2533 4431 cum
2562 4374 2713 4430 illum
2743 4389 2898 4432 more
2931 4375 3089 4432 solito
3120 4374 3325 4432 inﬂexi-

1728 4467 1891 4522 bilem
1943 4468 2304 4537 reperissent,
2348 4470 2569 4524 tandem
2620 4470 2995 4541 hujuscemodi
3041 4472 3324 4541 questibus

1728 4574 1855 4614 eum
1903 4560 2251 4637 interpellare
2307 4561 2668 4628 destiterunt,
2720 4560 3107 4633 subjungentes
3152 4563 3322 4619 haec:

1732 4670 1751 4704 ι
1793 4650 1851 4706 Si
1884 4666 2014 4722 ergo
2050 4666 2149 4721 pro
2189 4651 2536 4722 adipiscenda
2585 4652 2825 4708 amicitia
2879 4652 3047 4721 ipsius
3085 4651 3325 4708 nibilﬁe

1729 4743 1836 4798 tuis
1856 4743 1986 4799 dare
2012 4742 2126 4809 vis;
2160 4744 2263 4805 dic,
2292 4758 2546 4814 rogamus
2576 4753 2649 4811 te,
2684 4747 3067 4816 compendioso
3098 4761 3160 4801 ac
3185 4745 3320 4801 sim-

1726 4836 1850 4907 plici
1883 4834 2046 4893 verbo
2066 4837 2195 4907 quid
2222 4836 2389 4891 velis?
2426 4858 2446 4888 ο
2488 4837 2581 4891 Ait
2609 4855 2621 4890 :
2655 4854 2675 4889 ι
2707 4837 2823 4892 Dixi
2858 4836 3010 4892 vobis
3031 4835 3144 4904 jam
3176 4836 3319 4907 quod
3346 4850 3368 4899 ί

1725 4944 1999 4999 nunquam
2028 4929 2249 4984 d0.uin0
2280 4944 2401 4983 meo
2428 4928 2569 4983 hanc
2596 4928 2979 4983 contumeliam
3010 4928 3225 4992 faciam,
3261 4937 3318 4983 ut

1729 5022 1874 5079 facto
1916 5024 2139 5094 probem
2175 5023 2468 5077 amicitiam
2515 5021 2631 5091 ejus
2676 5038 2797 5078 esse
2838 5021 3104 5077 venalem.
3137 5020 3240 5105 Se.d
3271 5020 3315 5077 si

1728 5134 1816 5175 me
1840 5118 1983 5174 sicut
2013 5117 2173 5173 debet
2204 5115 2420 5171 Patrem
2453 5134 2612 5173 suum
2644 5117 2760 5173 vult
2792 5116 2960 5187 gratis
2990 5116 3234 5188 diligere,
3265 5124 3317 5172 ct

1726 5219 1787 5266 ut
1815 5225 1966 5266 more
1997 5210 2389 5282 archiepiscopi
2421 5209 2847 5275 Cantuariensis,
2880 5211 2979 5265 sub
3007 5210 3315 5266 obedientia

22 5286 157 5357 quid
203 5288 432 5355 consilii,
471 5292 615 5360 quod
668 5291 949 5349 solaminis
986 5296 1059 5351 ibi
1112 5297 1365 5369 deinceps
1415 5299 1469 5353 in
1518 5313 1614 5355 sua
1646 5334 1702 5395 Β
1727 5301 1931 5359 domini
1974 5315 2127 5373 papae
2161 5299 2365 5357 Urbani
2420 5302 2473 5357 in
2520 5301 2709 5374 Anglia
2747 5301 2925 5357 vivam
2966 5302 3311 5373 permittere;

1311 5494 1719 5551 HENSCHENII
1748 5494 1981 5552 ΝΟΤιΕ.

99 5620 768 5715 τμὲἓῆειέφίεβοοιθείω
796 5628 1083 5715 ερὶεφνυε
1127 5646 1382 5715 "quaex.
1401 5640 1609 5715 εθριςξιι

22 5691 696 5776 collaterelibus,_sunimo
733 5691 1287 5775 pontiﬁci'propriori
1331 5691 1611 5776 dignitatis
1646 5758 1653 5761 .

22 5765 199 5832 gradu
225 5768 515 5829 subsenit.

1790 5634 1818 5716 ξι
1852 5634 2097 5716 ννθμιελτρ
2117 5638 2254 5693 huic
2300 5639 2801 5716 legatoeardinali,
2843 5649 2976 5699 tunc
3018 5643 3081 5716 in,
3114 5641 3307 5716 Anglia

1712 5706 1991 5787 existenti,
2027 5706 2521 5787 binas_scrip§ij_8.
2562 5706 2856 5787 Anselmus
2883 5716 3027 5787 apud
3052 5706 3311 5787 gayuiu-

1716 5776 1843 5837 ἀπα
1871 5778 1966 5837 lib.
1991 5795 2076 5849 ut,
2105 5776 2459 5869 epistolis”
2479 5791 2541 5841 et
2563 5784 2655 5865 $6.
2919 5776 2934 5787 ’
3070 5778 3095 5801 ⁸
