3890 6306
532 332 630 394 Μ
1518 331 1824 391 EADMEBI
1863 326 2424 393 CANTUARIENSIS
2458 335 2772 395 MONACHI
3770 344 3863 399 sae

534 450 775 523 gratiose
810 449 1121 521 suscipiam,
1151 462 1311 521 etque
1337 462 1472 520 pace
1502 464 1569 505 ac
1596 436 1893 510 securitate
1919 464 2129 525 potitus
2158 448 2207 508 Α
2231 451 2615 508 auctoritatem
2644 469 2660 506 :
2692 451 2839 507 unde
2872 464 2998 506 cum
3029 465 3222 509 omnes
3242 452 3467 510 silentio
3492 451 3709 524 pressi
3742 471 3857 511 cau-

535 542 679 598 sicut
705 540 921 596 domino
960 550 1015 595 et
1044 540 1157 612 regi
1188 555 1309 597 meo
1340 541 1573 599 fideliter
1608 553 1662 602 et
1692 554 1999 616 opportune
2031 547 2128 604 de-
2240 543 2544 610 ticuissent,
2602 552 2870 600 statutum
2915 552 3004 600 est
3042 553 3102 599 ut
3135 560 3167 599 a
3209 560 3319 614 quo
3362 545 3606 617 pallium
3660 547 3725 601 in
3754 550 3856 603 An-

536 632 791 689 serviam.
830 630 885 688 Si
933 632 1036 689 hoc
1069 647 1177 689 non
1208 633 1342 699 vult,
1374 635 1526 690 scitis
1552 638 1698 707 quod
1729 636 1783 692 in
1813 638 1959 694 hunc
1986 638 2129 696 diem
2233 636 2338 708 glia
2366 636 2606 693 delatum
2651 645 2757 704 est,
2805 638 2875 693 ab
2923 637 3115 693 eodem
3160 636 3526 693 Cantuariam
3560 654 3761 709 super
3784 640 3854 694 ab

534 731 787 776 convenit
816 721 958 778 inter
988 738 1105 778 nos.
1137 723 1253 779 'Dst
1279 722 1493 781 scilicet
1519 725 1651 781 mihi
1680 727 2007 783 conductum
2034 730 2133 784 do-
2234 738 2353 787 tare
2383 729 2686 805 Salvatoris
2710 728 3037 796 deferretur,
3061 740 3117 785 et
3141 730 3266 786 inde
3288 731 3360 786 ab
3383 730 3682 786 Anselmo
3707 748 3851 803 qua

533 828 635 869 nec
663 813 732 868 ad
755 829 907 869 mare
932 816 1272 887 perveniam,
1297 825 1353 873 et
1382 818 1726 889 postmodum
1764 820 1905 890 quod
1935 821 2132 877 intelli-

531 921 653 980 gam
685 921 771 962 me
812 906 997 965 facere
1039 907 1239 964 debere
1290 910 1508 966 faciam.
1542 910 1686 967 Nihil
1728 928 1799 967 ne
1832 914 2013 980 nobis,
2046 915 2129 970 in-

529 999 744 1071 quiunt,
780 1000 930 1057 aliud
969 1001 1155 1058 dices?
1186 1020 1205 1055 ι
1245 1001 1435 1060 Refert
1469 1022 1482 1058 :
1518 1023 1537 1057 ‹
1575 1004 1733 1071 Hine,
1761 1005 1916 1070 nihil,
1956 1007 2131 1064 domi-

529 1104 634 1146 nus
665 1104 802 1161 papa
844 1090 1121 1156 Urbanus,
1153 1092 1324 1159 aiunt,
1355 1102 1543 1164 rogatu
1592 1096 1794 1152 domini
1830 1098 2001 1153 nostri
2034 1114 2096 1154 re

531 1183 613 1255 gis
654 1184 848 1242 stolam
895 1183 971 1240 illi
1017 1185 1515 1257 archiepiscopatus
1558 1203 1654 1259 per
1687 1189 1998 1259 episcOpum
2034 1190 2127 1260 qui

531 1280 599 1337 de
641 1279 815 1335 Roma
846 1279 1017 1345 venit,
1052 1280 1270 1336 direxit.
1313 1281 1487 1337 Tuum
1532 1282 1697 1354 igitur
1734 1283 1839 1339 erit
1874 1285 2126 1340 conside-

528 1387 656 1428 rare
706 1372 835 1443 quid
886 1382 1034 1430 tanto
1084 1372 1346 1431 beneficio
1401 1376 1620 1447 dignum
1672 1376 1788 1450 regi
1841 1378 2124 1448 rependas.

528 1465 686 1535 Quod
729 1466 873 1541 enim
914 1469 1031 1523 sine
1074 1467 1257 1523 multis
1296 1468 1552 1539 periculis
1597 1485 1904 1542 magnoque
1939 1470 2128 1528 labore

528 1568 692 1630 atque
720 1560 1060 1617 constamine
1085 1573 1110 1602 ⁸
1161 1562 1410 1618 obtinere
1438 1578 1545 1620 non
1577 1580 1790 1636 posses,
1814 1585 1943 1626 ecce
1978 1569 2127 1626 nullo

528 1649 925 1706 interveniente
963 1655 1301 1722 gravaminc,
1339 1654 1385 1709 si
1428 1654 1481 1710 in
1523 1664 1579 1710 te
1623 1672 1730 1712 non
1780 1662 2124 1729 remanserit,

527 1742 716 1799 habes.
755 1762 775 1797 ι
820 1743 1001 1800 Sensit
1047 1745 1102 1800 in
1147 1745 1233 1802 his
1269 1748 1561 1805 Anselmus
1596 1751 1761 1809 nimis
1802 1754 2120 1827 implicitum

2234 826 2302 878 de
2330 838 2492 878 manu
2534 821 2686 879 beati
2733 819 2881 877 Petri
2927 836 3026 892 pro
3066 822 3289 889 summi,
3330 838 3444 893 quo
3482 822 3850 894 fungebatur.

2230 913 2590 984 pontificatus
2656 914 2906 981 honore,
2964 923 3293 970 sumeretur.
3359 915 3695 985 Acquierit
3752 918 3849 975 ista

2231 1004 2521 1062 multitudo
2559 1006 2775 1073 omnis;
2824 1014 2883 1063 et
2909 1005 2965 1061 in
2990 1020 3101 1078 quo
3131 1006 3209 1063 ita
3236 1006 3417 1075 fieret,
3453 1007 3752 1079 pmﬁxns
3782 1023 3849 1065 es:

2229 1099 2366 1157 dies.
3158 1159 3171 1168 .

2305 1192 2435 1247 Post
2467 1192 2582 1247 hare
2626 1190 2947 1247 Anselmum
3000 1207 3032 1247 a
3069 1192 3220 1253 curia
3251 1193 3656 1251 discedentem
3690 1198 3846 1254 set-Ii

2233 1292 2363 1339 sunt
2416 1283 2655 1355 episcopi
2706 1285 2813 1339 duo
2857 1282 3133 1339 Robertus
3184 1284 3657 1344 Herefordiensis
3704 1291 3759 1355 δ,
3802 1302 3843 1345 ct

2234 1375 2546 1432 Osmondus
2588 1385 2610 1415 ο
2648 1374 3040 1443 Serberiensis,
3072 1375 3451 1446 ptenitentiatn
3501 1380 3669 1449 apud
3714 1381 3841 1437 ilka

2227 1477 2454 1540 agentes
2478 1483 2577 1540 pro
2604 1468 2759 1539 culpa
2790 1484 2904 1525 sua:
2931 1468 3331 1542 ahnegationis,
3356 1485 3537 1540 quam
3565 1487 3719 1527 cum
3744 1474 3844 1530 alii

2229 1563 2571 1635 coepiscopis
2644 1562 2762 1619 suis
2832 1562 3082 1619 fecerant
3144 1564 3289 1635 apud
3350 1563 3837 1636 Rochinghehan

2229 1655 2331 1725 Qui
2379 1657 2637 1713 misertus
2679 1670 2873 1713 eorum
2920 1655 3153 1713 absolvit
3182 1672 3278 1713 eos
3302 1658 3356 1713 in
3384 1660 3652 1729 quadam
3688 1661 3838 1716 eccle-

2228 1750 2390 1815 siola,
2415 1764 2537 1820 quae
2560 1765 2620 1805 se
2644 1749 2804 1806 nobis
2847 1747 3047 1804 obtulit
3094 1747 3516 1805 ambulantibus
3558 1752 3837 1820 proposita

525 1835 800 1906 negotium
850 1836 1131 1895 actitatum
1180 1848 1368 1894 contra
1418 1855 1499 1907 se,
1541 1850 1596 1898 et
1636 1818 1892 1902 anxiatus
1930 1848 2124 1917 spiritu
2157 1818 2201 1874 Β
2230 1840 2336 1895 \‘ia-
2368 1818 2447 1909 lbi
2473 1841 2638 1895 etiam
2693 1837 2925 1895 Vilft'ido
2955 1836 2984 1878 ἀ
3009 1838 3264 1909 episcopo
3315 1838 3513 1894 Sancti
3561 1818 3759 1896 'Dav'id
3788 1841 3837 1895 de

523 1926 677 1983 dixit.
712 1947 731 1981 ‹
768 1928 812 1985 0
840 1926 1195 1986 beneficium!
1245 1932 1400 2001 cujus
1439 1934 1729 1991 aestimatio
1766 1953 2012 2009 quaenam
2053 1941 2126 1997 sit

524 2021 692 2091 apud
725 2036 839 2087 me,
907 2024 1059 2079 novit
1117 2023 1381 2081 Dominus
1441 2026 1716 2097 inspector
1780 2033 2127 2089 conscientia!

520 2127 677 2169 trteae.
720 2132 739 2167 ι
788 2116 1053 2172 Dixerunt
1094 2134 1107 2170 :
1155 2136 1173 2169 ι
1219 2118 1720 2191 Quomodocunque
1772 2122 1903 2179 facti
1966 2125 2127 2195 hujus

522 2209 806 2266 exsecutio
832 2210 1018 2267 sedeat
1045 2210 1227 2267 animo
1255 2220 1365 2278 tuo,
1398 2212 1681 2270 laudamus
1711 2225 1767 2272 et
1793 2218 2127 2277 consulimus

523 2311 586 2357 ut
609 2303 803 2358 saltem
828 2304 971 2374 quod
996 2304 1050 2359 in
1083 2304 1167 2360 via
1200 2307 1554 2377 expenderes,
1578 2309 1621 2364 si
1645 2325 1745 2380 pro
1764 2310 1867 2367 hoc
1895 2312 2125 2369 Romam

522 2395 657 2463 ires,
689 2397 802 2468 regi
832 2396 950 2463 des,
982 2414 1075 2464 ne,
1098 2399 1142 2454 si
1179 2398 1311 2454 nihil
1345 2399 1561 2466 feceris,
1590 2401 1819 2472 injurius
1842 2405 2122 2476 judiceris.

524 2487 639 2546 Nec
677 2489 781 2547 hoc
822 2491 1063 2562 quidem,
1102 2492 1199 2557 ait,
1232 2506 1333 2548 nec
1371 2495 1594 2551 omnino
1632 2496 1792 2568 lmjus
1831 2499 1908 2554 rei
1950 2500 2126 2571 gratia

524 2583 820 2656 quidquam
846 2584 919 2639 illi
944 2585 1084 2641 dabo
1111 2584 1195 2641 vel
1224 2584 1443 2642 faciam.
1473 2587 1555 2641 Ad
1587 2588 1816 2644 nihilum
1854 2590 2121 2657 tenditur,

526 2672 721 2743 sinite.
747 2693 764 2727 ι
807 2674 1078 2732 Przeterca
1118 2692 1239 2747 qua:
1282 2688 1554 2747 quantave
1601 2694 1765 2749 super
1814 2681 1934 2737 istis
1979 2681 2126 2739 facta

525 2774 674 2832 sunt,
703 2782 964 2823 enarrare
994 2769 1158 2840 piget.
1195 2768 1327 2825 Post
1363 2785 1485 2841 qua:
1522 2773 1704 2828 omnia
1742 2788 1855 2836 rex,
1886 2786 1947 2829 ut
1982 2774 2125 2830 dixi-

528 2874 676 2925 mus,
716 2858 1031 2932 principum
1070 2876 1292 2925 suorum
1337 2863 1566 2919 consilio
1611 2880 1770 2929 usus,
1815 2866 2125 2936 posthabita

521 2953 701 3009 onmis
750 2954 1012 3025 praeteriti
1060 2954 1275 3010 discidii
1322 2969 1521 3022 causa,
1580 2956 1840 3013 Anselmo
1892 2958 2124 3030 gratiam

522 3060 677 3103 suam
732 3047 903 3119 gratis
962 3047 1237 3113 reddidit,
1287 3056 1342 3102 et
1397 3049 1851 3117 quemadmodum
1916 3060 2135 3123 patrem,

524 3137 675 3211 regni
702 3137 1046 3210 spiritualem
1069 3146 1127 3194 et
1148 3138 1463 3209 episcopum
1488 3140 1957 3211 Cantuariensem,
1979 3145 2123 3215 quod
2151 3186 2196 3215 ,η

522 3230 604 3286 sui
640 3229 799 3287 ofﬁcii
833 3230 978 3286 foret
1018 3229 1165 3285 illum
1207 3246 1421 3302 quaque
1467 3247 1564 3303 per
1586 3233 1835 3307 Angliam
1866 3251 2141 3304 exercere,

527 3326 819 3381 concessit.
851 3324 1008 3392 Quod
1040 3341 1161 3381 eum
1195 3326 1356 3389 Pater
1398 3327 1670 3398 gratiosus
1712 3330 2035 3400 accepisset,
2066 3339 2123 3387 et

527 3419 745 3485 donatis
789 3419 917 3474 hinc
958 3419 1083 3475 inde
1132 3420 1422 3476 retroactis
1456 3422 1722 3490 querelis,
1769 3423 1933 3479 curiae
1979 3424 2122 3483 illius

524 3514 667 3585 apud
725 3512 1122 3570 Windlesoram
1180 3528 1240 3570 se
1289 3525 1699 3584 praesentasset,
1751 3532 1817 3574 ac
1870 3518 2121 3576 familiari

525 3606 765 3678 alloquio
793 3607 847 3662 in
878 3616 1168 3678 conspectu
1200 3623 1483 3679 procerum
1516 3617 1571 3665 et
1594 3608 1911 3667 coadunatte
1943 3613 2126 3669 multi-

526 3700 729 3756 tudinis
767 3700 942 3771 ipsum
975 3700 1313 3765 detinuisset,
1347 3715 1475 3757 ecce
1500 3700 1776 3758 Walterus
1804 3703 1893 3759 ille
1918 3703 2122 3761 Roman

524 3805 630 3846 nus
675 3791 916 3848 advenit.
970 3791 1357 3864 ingressusque
1404 3790 1570 3859 :En,
1628 3794 1803 3864 inquit
1850 3795 2118 3865 alludens,

521 3900 679 3955 quant
726 3884 918 3940 bonum
950 3896 995 3939 et
1031 3902 1190 3956 quant
1219 3884 1524 3955 jucundum
1565 3885 1802 3941 habitare
1840 3888 2031 3956 fratres
2066 3891 2123 3944 in

524 3994 684 4033 unum
716 3978 892 4052 (Psal.
924 3994 1132 4045 cxxxtt,
1158 3978 1233 4047 1).
1280 3977 1349 4032 Ει
1387 3977 1585 4035 sedens
1619 3979 1687 4035 de
1714 3995 1847 4050 pace
1876 3983 2121 4053 quaedam

522 4084 591 4125 ex
614 4069 910 4126 Dominicis
942 4070 1123 4127 verbis
1153 4068 1400 4141 protulit,
1432 4070 1657 4128 laudans
1685 4087 1806 4128 eam
1836 4073 1979 4131 inter
2004 4075 2123 4133 illos

523 4162 818 4229 revexisse,
837 4178 1001 4234 quam
1025 4162 1498 4221 verecundabatur
1532 4178 1631 4222 sua
1655 4164 1922 4224 industria
1947 4180 2120 4225 satam

527 4252 583 4308 in
618 4254 698 4309 eis
729 4270 838 4310 non
872 4254 1059 4310 fuisse.

596 4344 731 4402 Cum
756 4356 940 4400 autem
971 4346 1036 4400 de
1065 4342 1213 4417 pallii
1246 4349 1598 4419 susceptione
1623 4359 1896 4421 ageretur,
1925 4361 1981 4408 et
2000 4354 2120 4425 qui-

525 4436 651 4493 dam
693 4451 793 4507 pro
818 4437 1087 4507 captanda
1119 4439 1263 4511 regis
1286 4441 1462 4511 gratia
1490 4440 1667 4499 virum
1694 4444 1764 4499 ad
1792 4444 1895 4499 hoc
1918 4445 2118 4504 ducere

2228 1930 2437 1998 Gualis,
2466 1932 2558 2003 qui
2603 1931 2764 2002 vulgo
2804 1930 2955 1991 Devri
2994 1938 3238 1994 vocatur,
3276 1930 3395 2001 ipsa
3424 1930 3578 1988 hora
3616 1932 3835 1987 reddit-ﬁ

2226 2024 2533 2096 episcopale
2560 2022 2816 2089 ofﬁcium,
2848 2038 2880 2078 a
2906 2038 3033 2094 quo,
3066 2022 3320 2094 exigente
3367 2023 3541 2096 culpa
3566 2023 3725 2095 ejus,
3746 2024 3835 2094 ja-

2229 2127 2388 2176 antea
2416 2118 2644 2187 ipsemet
2671 2116 2821 2172 illum
2849 2115 3233 2186 suspenderat.

2300 2208 2501 2265 Deinde
2551 2207 2938 2266 Doroberniam
2985 2210 3427 2283 properavimus,
3486 2209 3611 2267 illic
3646 2211 3836 2267 adven-

2230 2313 2344 2357 tum
2385 2301 2617 2357 Romani
2669 2302 2912 2375 episcopi
2962 2303 3355 2375 praestolaturi.
3398 2301 3515 2370 Qui
3550 2305 3833 2375 episcopus

2222 2394 2378 2465 juxta
2428 2395 2759 2460 condictum,
2809 2395 2919 2455 die
2944 2395 3249 2461 Dominiea,
3280 2411 3427 2466 ‘qua:
3469 2406 3607 2451 erat
3647 2408 3833 2467 quarto

2227 2486 2351 2543 ldus
2371 2486 2518 2543 Junii
2548 2488 2718 2554 venit,
2744 2487 2971 2560 pallium
2995 2489 3050 2544 in
3084 2497 3343 2561 argentea
3373 2490 3623 2560 capsula
3661 2492 3835 2547 deca-

2231 2578 2438 2634 tissime
2477 2577 2753 2635 deferens.
2814 2579 3063 2651 itumque
3104 2589 3189 2636 est
3235 2579 3453 2635 obviam
3493 2599 3530 2635 a
3560 2583 3833 2638 [nonam

2229 2672 2284 2729 in
2316 2673 2431 2742 ipsa
2488 2672 2774 2745 metropoli
2811 2674 2941 2730 sede
2983 2674 3215 2730 Domino
3252 2672 3475 2729 Christo
3518 2673 3829 2731 famulanti-

2228 2764 2332 2821 bns
2369 2765 2638 2821 associato
2664 2766 2771 2822 sibi
2813 2765 3046 2822 fratrum
3098 2776 3372 2822 conventu
3412 2766 3631 2823 vicina:
3666 2770 3827 2825 beata-

2229 2869 2350 2909 rum
2374 2855 2744 2925 apostolorum
2799 2855 2946 2912 Petri
2978 2864 3034 2912 et
3075 2854 3228 2912 Pauli
3271 2856 3539 2925 abbatiae,
3577 2875 3714 2914 cum
3742 2875 3825 2913 uu-

2230 2963 2447 3005 merosa
2503 2949 2829 3006 clericorum
2882 2964 2985 3007 nec
3039 2966 3150 3006 non
3226 2951 3499 3007 immensa
3567 2952 3825 3007 bicorn-

2229 3039 2432 3096 diversi
2463 3056 2626 3098 sexus
2650 3041 2831 3100 aetatis
2854 3040 3204 3098 multitudine
3247 3053 3294 3096 ε.
3332 3041 3503 3099 Pater
3529 3046 3709 3101 etiam
3734 3047 3825 3117 ipse

2229 3134 2521 3205 episcopis,
2552 3135 2644 3205 qui
2677 3134 2746 3190 ob
2771 3134 2876 3191 hoc
2904 3133 3259 3191 Cantuariam
3292 3145 3597 3201 venerant,
3645 3138 3825 3193 dextra

2231 3225 2475 3296 laevaque
2530 3225 2762 3296 stipatus
2808 3241 2875 3282 ac
2917 3234 3275 3295 sustentatus,
3318 3242 3480 3283 sacro
3520 3228 3681 3285 beati
3712 3245 3825 3301 apo-

2228 3317 2490 3374 stolorum
2523 3317 2787 3389 principis
2809 3318 3022 3374 muneri
3057 3318 3220 3374 nudis
3265 3318 3523 3388 pedibus,
3549 3320 3658 3375 sed
3685 3321 3823 3375 indu-

2228 3418 2314 3465 tus
2338 3411 2510 3466 sacris
2536 3411 2785 3467 vestibus
2808 3411 3037 3469 devotus
3066 3412 3328 3469 occurrit.
3358 3411 3483 3467 Tali
3512 3412 3823 3469 devotionis

2232 3506 2405 3572 cultu,
2458 3506 2679 3575 pallium
2731 3522 2897 3578 super
2945 3506 3118 3563 altare
3168 3506 3405 3563 delatum
3447 3508 3525 3564 ab
3571 3510 3819 3565 Anselmo

2228 3608 2569 3670 assumptum
2601 3607 2704 3665 est,
2731 3610 2895 3671 atque
2938 3602 3012 3656 ab
3058 3600 3315 3657 omnibus
3362 3617 3461 3672 pro
3513 3606 3815 3659 reverentia

2227 3694 2406 3749 sancti
2454 3693 2600 3749 Petri
2653 3694 2970 3767 suppliciter
3012 3694 3409 3752 deosculatum.
3465 3695 3715 3755 lndutus
3762 3714 3815 3755 eo

2224 3786 2473 3859 pontifex
2500 3787 2700 3845 dehinc
2750 3803 3000 3845 summus
3026 3789 3114 3863 ad
3162 3788 3490 3847 celebranda
3530 3794 3815 3850 missarum

2225 3880 2512 3949 solemnia,
2538 3896 2735 3953 magno
2755 3896 2880 3939 cum
2910 3883 3117 3939 honbre
3143 3884 3433 3952 adductus,
3457 3884 3667 3943 altario
3696 3904 3817 3959 pra.b

2224 3982 2493 4030 sentatur.
2538 3974 2621 4031 Ad
2670 3990 2835 4046 qttatn
2880 3975 3103 4031 missam
3135 3976 3363 4032 recitata
3394 3986 3477 4032 est
3512 3993 3618 4048 pro
3655 3980 3813 4036 cilicio

2225 4066 2395 4136 ipsius
2439 4067 2545 4125 diei
2592 4067 2682 4123 illa
2718 4068 2998 4141 Evangelii
3038 4069 3223 4137 lectio,
3251 4085 3415 4142 quam
3447 4071 3506 4126 in
3540 4088 3813 4131 consecra-

2227 4160 2374 4216 tione
2437 4161 2680 4229 ejusdem
2737 4161 3012 4232 pontificis
3059 4162 3299 4219 diximus
3345 4178 3517 4234 super
3564 4168 3811 4223 verticem

2145 4313 2147 4316 ,
2225 4250 2343 4323 ejus
2374 4251 2671 4318 inventam,
2694 4253 2797 4311 hoc
2835 4263 2920 4311 est
2952 4271 2966 4309 :
2999 4252 3169 4310 Homo
3203 4256 3423 4326 quidam
3459 4257 3590 4327 fecit
3622 4276 3809 4315 ccum-

2230 4359 2501 4414 ntagttam,
2544 4353 2592 4398 et
2641 4346 2840 4400 vocavit
2879 4345 3095 4413 multos,
3152 4357 3200 4402 et
3239 4347 3380 4402 misit
3408 4364 3625 4404 servum
3675 4369 3811 4405 ςκηι

2228 4434 2363 4490 liora
2392 4451 2551 4490 neme
2578 4435 2750 4490 dicere
2782 4436 3017 4492 invitatis
3044 4447 3100 4491 ut
3130 4438 3388 4505 venirent,
3427 4441 3561 4511 quia
3581 4442 3705 4511 jam
3730 4461 3809 4513 pr

527 4531 875 4605 molirentur,
908 4540 968 4586 ut
998 4546 1098 4602 pro
1137 4532 1302 4605 regite
1337 4532 1642 4604 majestatis
1676 4534 2113 4607 honorificentia,
2142 4554 2195 4615 ι)
2224 4538 2345 4586 rata
2373 4538 2494 4584 ειιηι
2531 4530 2730 4584 00min-
2758 4528 2826 4584 Εἰ
2849 4541 3111 4601 miletum
3146 4532 3307 4588 simul
3349 4549 3534 4590 omnes
3567 4553 3810 4592 aretur:

527 4623 660 4681 illud
707 4639 806 4695 per
846 4640 1068 4681 manum
1117 4625 1261 4697 regis
1298 4626 1641 4697 susciperet;
1680 4643 1789 4684 non
1820 4630 2112 4701 acquievit,

532 4717 933 4787 rationabiliter
976 4719 1273 4775 ostendens
1318 4720 1423 4776 hoc
1451 4719 1651 4777 donum
1681 4736 1787 4777 non
1815 4724 1881 4779 ad
1911 4724 2115 4797 regiam

529 4805 870 4878 dignitatem,
901 4811 995 4866 sed
1026 4809 1094 4866 ad
1125 4807 1459 4880 singularem
1492 4809 1638 4866 beati
1668 4808 1816 4867 Petri
1839 4813 2117 4883 pertinere

2225 4623 2379 4697 (Luc.
2415 4639 2530 4692 XIV,
2569 4624 2683 4696 16),
2714 4632 2823 4680 etc.
2853 4624 3008 4692 Quod
3039 4624 3120 4681 sic
3141 4626 3390 4682 evenisse
3414 4630 3703 4686 nonnullis
3727 4632 3809 4686 ad-

2225 4719 2503 4775 mirationi
2537 4718 2656 4785 fuit,
2694 4719 2999 4790 prazsertim
3043 4733 3167 4773 cum
3204 4719 3309 4776 hoc
3344 4720 3494 4775 nullo
3534 4726 3810 4794 praemedi-

2228 4821 2400 4878 tante,
2446 4810 2595 4868 nullo
2650 4810 3051 4881 praeordinante
3077 4812 3388 4869 constiterit
3419 4822 3632 4873 actum.
3662 4819 3805 4874 Atta-

1803 4947 2215 5008 HENSCHENII
2243 4945 2477 5006 ΝΟΤᾸΞ.

602 5065 628 5096 ι
664 5056 962 5114 Teutonice
997 5057 1177 5111 koslen
1199 5098 1215 5124 ,
1252 5056 1419 5114 Gallis
1460 5058 1673 5123 cmiter;
1720 5058 1955 5115 barbare
1990 5076 2119 5115 con-

528 5139 670 5184 stare
696 5129 895 5184 dicitur
923 5145 938 5183 :
988 5128 1115 5184 hinc
1150 5139 1474 5194 constamen,
1502 5143 1758 5198 expensas
1787 5140 1841 5185 et
1869 5139 2118 5195 sumptus

528 5200 781 5255 faciendi.

606 5269 633 5310 δ
675 5268 734 5326 S.
764 5268 1048 5328 Wulstano
1076 5270 1429 5328 cbarissimns
1454 5269 1557 5326 fuit
1588 5271 1677 5329 hic
1709 5272 1979 5328 Robertus
2013 5271 2119 5329 Ile-

531 5341 873 5398 rifordiensis
930 5342 999 5398 ab
1043 5357 1237 5413 eoque,
1286 5358 1429 5397 anno
1470 5341 1606 5398 1097
1660 5353 1905 5407 mortuo,
1953 5344 2117 5399 etiam

532 5414 647 5485 ipse
682 5413 990 5471 admonitus
1035 5414 1102 5468 de
1153 5413 1679 5485 prepinqua‘juorte
1722 5415 1989 5485 sua,_hoc
2021 5430 2119 5470 suo

530 5481 684 5557 lapsu
736 5485 1030 5541 declaravit
1078 5481 1621 5557 quam'sifdiﬂicile
1672 5497 1780 5538 non
1827 5483 2116 5555 aliquando

534 5555 650 5614 Iaidi
678 5572 799 5612 eum
830 5557 920 5626 qui
945 5556 1143 5627 pendet
1165 5555 1233 5627 ab
1262 5555 1405 5627 aula.

606 5639 629 5667 ο
667 5628 815 5684 Alias
844 5622 1260 5683 Safisauriemis
1297 5624 1414 5679 sive
1454 5622 1833 5681 Slterbonensis
1865 5644 1879 5680 :
1920 5625 2117 5683 colitur

530 5709 714 5755 autem
748 5698 1062 5756 Osmundus
1102 5705 1161 5753 ut
1187 5705 1408 5752 sanctus
1447 5711 1505 5751 tn
1538 5696 1871 5753 Decembris.
1922 5698 2113 5755 Caeteri

531 5778 713 5832 autem
737 5766 1129 5837 advemdecim,
1156 5767 1246 5842 qui
1269 5767 1355 5827 sui
1383 5767 1777 5844 archiepiscopi
1795 5768 2118 5833 obedientite
2154 5806 2157 5809 λ

2140 5859 2261 5891 tu:

1264 5926 1338 5939 ουρ·

2224 5059 2689 5123 renuntiaverant,
2729 5058 2816 5113 ubi
2841 5058 3005 5113 sunt?
3035 5057 3100 5114 Hi
3135 5058 3345 5117 scilicet
3367 5061 3475 5119 duo
3503 5064 3607 5121 viri
3642 5069 3805 5125 sancti

2223 5133 2458 5206 primum
2504 5130 2855 5206 emendandae
2892 5144 3047 5186 noxae
3087 5132 3431 5188 occasionem
3471 5138 3671 5206 cupide
3707 5157 3807 5193 am.

2224 5200 2366 5273 pleri
2395 5211 2551 5267 sunt;
2595 5200 2761 5257 ceteri
2801 5215 2963 5272 quam
2988 5216 3196 5273 parum
3235 5214 3494 5260 curarent
3531 5200 3803 5265 censuram

2226 5272 2631 5352 eommeritam,
2683 5273 2802 5343 ipso
2848 5272 3212 5329 absolutionis
3270 5276 3520 5345 petenda:
3570 5282 3804 5352 neglectu

2318 5363 2327 5373 -
2433 5344 2456 5396 f
2487 5358 2513 5397 c
2554 5358 2578 5397 r
2617 5382 2631 5397 .
3272 5343 3285 5345 ⁷
3643 5343 3675 5352 ⁷

2223 5343 2855 5470 paimp]uiiceVialilfridum
2886 5414 3265 5472 Menevensem
3297 5416 3352 5471 in
3382 5415 3685 5476 Wallorum
3712 5425 3803 5479 An-

2222 5485 2457 5570 nalibus.
2486 5482 2684 5571 Gai/Iri
2725 5485 3053 5571 appellatum
3097 5486 3304 5571 scribit.
3339 5486 3675 5571 Godovvinus
3734 5493 3800 5549 De

2222 5557 2491 5641 episcopis
2524 5556 2732 5638 angliae
2761 5573 2774 5611 :
2809 5557 2945 5640 obiit
2987 5573 3131 5614 anno
3166 5559 3304 5643 ius
3334 5577 3351 5616 :
3396 5561 3476 5644 de_
3500 5561 3616 5631 ejus
3655 5574 3799 5646 abso—

2222 5628 2427 5706 lutione
2472 5627 2603 5698 qutd
2643 5637 2919 5684 censuerit
2956 5626 3236 5688 Paschalis
3272 5631 3314 5687 ll
3361 5632 3632 5690 indicatur
3672 5636 3797 5706 mira

2351 5714 2517 5832 iam"
2544 5783 2708 5845 ⁵¹³Ρτ²
2730 5768 3167 5869 ίξὶάίοδιεζᾹ-οὲὕ,
3188 5773 3375 5869 littera
3400 5776 3717 5869 Dominicali
3734 5776 3793 5837 ϐ.
