3890 6306
494 300 610 357 395

1516 282 1817 340 EADMERI
1857 277 2407 338 CANTUANENSIS
2446 278 2749 336 MONA‘Clll

3685 275 3787 331 395

508 423 664 479 nant,
697 427 765 467 ne
794 426 902 483 quo
928 421 1011 474 se,
1038 403 1180 478 quod
1216 403 1318 459 sibi
1348 417 1453 456 non
1487 411 1677 470 prosnt,
1719 397 1928 469 peccati
1969 395 2083 449 vul-
2114 382 2160 439 Λ
2193 396 2392 450 bonum
2428 395 2480 449 in
2511 394 2769 464 gradibus
2808 390 3035 462 singulis
3079 390 3128 461 (1
3166 390 3299 443 Tim.
3329 404 3413 457 tn,
3441 386 3587 461 2-7).
3630 387 3785 442 llnnc

506 521 638 563 nere
674 505 890 560 lzedant.
940 500 1060 570 Ipso
1103 510 1315 567 quoque
1357 501 1600 563 tempore
1626 491 1873 545 eamdem
1906 488 2086 543 Eccle-

503 601 641 658 sium
672 613 757 653 res
779 611 903 651 suas
927 594 980 647 in
1011 591 1201 662 majori
1241 602 1403 659 quam
1438 584 1651 640 solebat
1684 582 1960 646 libertate,
1987 594 2084 635 sua

506 691 784 747 sanctione
809 688 1063 756 deinceps
1089 682 1365 755 possidere
1390 676 1693 741 constituit,
1726 683 1780 729 et
1804 673 1907 727 alia
1939 686 2087 743 quae-

506 784 627 835 dam
658 795 775 849 qua:
800 778 1176 832 antecesseres
1196 773 1314 843 ejus
1339 771 1393 825 in
1419 767 1658 825 dominio
1683 780 1782 820 suo
1808 767 2082 827 tenebant,

496 874 607 941 ipsi
662 869 918 926 Ecelesiee
967 875 1231 938 perpetuo
1264 863 1388 934 jure
1431 858 1756 931 possidenda
1786 854 2081 911 concessit.

492 965 601 1019 .llis
628 963 778 1016 brevi
804 977 901 1032 per
929 972 1238 1023 excessum,
1263 954 1381 1017 sed,
1412 961 1471 1006 ttt
1501 965 1646 1014 reor,
1678 964 1785 1003 non
1819 945 2085 1015 superflue

492 1053 684 1116 .dictis,
723 1051 790 1105 ad
820 1051 964 1120 quod
994 1047 1259 1117 coepimus
1287 1051 1645 1098 revertamur.
1707 1039 1874 1109 lgitttr
1920 1044 2086 1107 pacto

496 1146 649 1205 inter
682 1142 901 1209 fratres,
934 1153 1117 1210 regem
1145 1135 1397 1191 videlicet
1424 1131 1795 1187 Willhelmum
1826 1140 1882 1183 et
1916 1128 2086 1183 comi.

508 1246 616 1291 tem
662 1234 985 1297 Robertum,
1025 1230 1091 1284 de
1119 1226 1345 1298 praefato
1383 1223 1597 1293 negotio
1626 1225 1802 1285 facto,
1847 1218 2087 1273 Willhel-

498 1345 629 1383 mus
656 1342 803 1381 mare
832 1323 1067 1388 transiit,
1090 1329 1145 1376 et
1168 1319 1421 1374 traditam
1443 1315 1545 1371 sibi
1571 1329 1602 1368 a
1625 1313 1864 1368 Roberto
1891 1311 2086 1365 North-

498 1417 787 1472 manniam
819 1430 929 1469 suae
953 1411 1145 1467 ditioni
1174 1409 1406 1479 subegit.

587 1507 706 1575 Quo
751 1522 873 1561 cum
920 1506 1315 1567 demoraretur,
1356 1513 1450 1554 rex
1478 1494 1774 1559 Hiberniae,
1808 1491 2089 1546 Murcher—

496 1599 703 1655 tachus
731 1596 967 1662 nomine,
991 1602 1046 1649 et
1074 1590 1369 1646 Dofnaldus
1396 1601 1423 1630 α
1455 1588 1746 1658 episcopus
1778 1598 1903 1639 cum
1927 1590 2088 1637 caete-

504 1691 588 1745 ris
617 1687 904 1759 episcopis,
952 1695 1005 1740 et
1028 1684 1230 1753 quique
1253 1680 1460 1737 nobiles
1487 1693 1610 1733 cum
1638 1675 1785 1731 clero
1810 1683 1865 1728 et
1890 1671 2087 1743 populo

504 1781 679 1851 ipsius
707 1778 893 1832 insulae
922 1772 1189 1830 miserunt
1229 1771 1448 1826 nuntios
1504 1784 1567 1824 ac
1609 1767 1818 1821 litteras
1863 1765 1931 1819 ad
1975 1764 2088 1816 An-

506 1871 757 1931 selmum,
798 1870 1198 1922 innotescentes
1224 1864 1274 1919 ei
1309 1862 1586 1917 civitatem
1618 1857 1933 1929 quamdam,
1963 1853 2089 1909 Wa-

510 1958 846 2015 tafcrdiamb
878 1957 1116 2020 nomine,
1166 1955 1221 2009 in
1270 1970 1373 2009 una
1423 1965 1644 2007 suarum
1687 1946 2088 2019 provinciarum

507 2067 671 2116 esse;
739 2050 823 2104 cui
872 2048 955 2103 .ob
1010 2059 1370 2102 numerosam
1429 2042 1632 2097 civium
1680 2037 2086 2093 multitudinem

500 2144 786 2214 expediret
832 2141 1145 2211 cpiscOpum
1196 2136 1435 2200 institui,
1505 2132 1778 2201 simulque
1841 2139 2089 2202 petentes

507 2238 624 2307 ipse
660 2243 929 2303 quatenus
979 2232 1245 2301 primatus
1296 2242 1455 2297 quem
1503 2239 1667 2293 super
1717 2238 1811 2277 eos
1868 2222 2090 2291 gerebat

506 2335 798 2397 potestate,
830 2333 886 2379 et
911 2337 1019 2392 qua
1044 2319 1368 2391 fungebatur
1391 2318 1529 2372 vicis
1557 2314 1869 2385 apostolicae
1898 2321 2090 2367 aucto-

511 2418 691 2480 ritate,
722 2422 922 2470 sancta:
950 2410 1345 2467 Christianitati
1390 2423 1451 2463 ac
1495 2406 1817 2462 necessaria:
1846 2402 2087 2473 plebium

508 2509 728 2564 utilitati
770 2505 1102 2561 instituendo
1131 2503 1210 2558 eis
1239 2501 1549 2572 pontificem
1586 2497 1925 2554 subveniret.
1950 2494 2086 2550 ‘Jam

502 2603 657 2657 enim
689 2599 883 2655 saecula
915 2597 1081 2652 multa
1140 2595 1492 2657 transierant,
1546 2592 1598 2647 in
1626 2591 1847 2661 'quibus
1892 2588 2084 2643 eadem

508 2691 704 2745 civitas
738 2688 940 2757 absque
982 2684 1319 2756 providentia
1355 2692 1409 2738 et
1445 2697 1574 2737 cura
1615 2677 1908 2750 pontiﬁcali
1950 2692 2087 2733 cono

507 2783 737 2846 sistens,
795 2793 890 2848 per
946 2776 1158 2832 diversa
1218 2774 1575 2830 tentationnnt
1626 2770 1868 2842 pericula
1909 2769 2088 2839 jacta-

506 2873 687 2928 batur.
737 2870 1028 2940 Elegerant
1068 2875 1249 2922 autem
1293 2865 1433 2920 idem
1482 2864 1585 2934 ipsi
1617 2863 1669 2917 in
1708 2864 1808 2917 hoc
1846 2860 2083 2915 cilicium

507 2961 797 3033 quemdam
868 2972 979 3013 sua:
1053 2954 1231 3025 gentis
1322 2954 1538 3017 virum,
1632 2950 1892 3006 vocabulo
1949 2948 2082 3003 Mal-

2190 488 2349 542 nobis
2391 487 2627 557 petimus
2655 501 2683 539 a
2712 493 2896 540 vestra
2920 483 3253 554 paternitate
3274 483 3520 538 ordinari
3557 482 3786 553 pontii—

2194 594 2336 644 cem,
2386 587 2654 648 quatenus
2700 576 3023 648 regulariter
3074 574 3233 630 nobis
3258 589 3491 645 praeesse
3522 574 3707 629 valeat
3730 586 3787 628 ct

2188 672 2465 740 prodesse,
2479 678 2535 723 et
2560 684 2657 724 nos
2680 669 2778 723 sub
2798 669 2915 736 ejus
2934 666 3199 736 regimine
3227 665 3525 721 salubriter
3545 666 3785 719 Domino

2192 765 2431 819 militare
2485 762 2775 833 possimus.
2830 760 2900 816 Ut
2931 768 3114 815 autem
3160 760 3408 814 omnium
3462 770 3787 813 nostrorum

2188 865 2311 909 vota
2350 855 2403 909 in
2443 855 2586 909 hanc
2627 852 2948 908 electionem
2999 850 3293 905 convenire
3342 848 3606 913 noseatis,
3653 848 3781 901 huic

2190 942 2410 998 decreto
2463 939 2728 997 canonico
2785 938 3193 1009 promptissima
3243 937 3524 991 voluntate
3574 937 3782 1007 singuli

2191 1032 2442 1088 manibus
2491 1031 2728 1102 propriis
2776 1030 3099 1084 roborantes
3152 1027 3604 1096 subscripsimus.
3676 1026 3785 1095 Ego

2190 1123 2637 1179 Murchertachus
2682 1136 2776 1177 rex
2826 1108 3100 1177 Hibernia;
3151 1118 3468 1190 subscripsi.
3510 1118 3630 1189 Ego
3664 1117 3793 1171 Der-

2190 1216 2339 1269 meth
2373 1215 2502 1280 dux,
2550 1214 2721 1269 frater
2747 1212 2913 1284 regis,
2953 1211 3278 1280 subscripsi.
3331 1211 3441 1281 Ego
3493 1210 3793 1265 Dofnaldns

2188 1309 2475 1377 episcopus
2529 1306 2632 1362 SS.
2684 1306 2796 1377 Ego
2843 1306 3050 1361 ldunan
3098 1306 3389 1375 episcopus
3437 1304 3629 1358 Midiae
3686 1302 3784 1357 SS.

2190 1398 2302 1467 Ego
2333 1396 2553 1452 Samuel
2586 1397 3002 1453 Dunneltnensis
3031 1397 3319 1466 episcopus
3349 1394 3450 1449 SS.
3506 1394 3632 1467 Ego
3664 1394 3791 1450 Fer-

2189 1490 2531 1544 dumnachus
2564 1488 2966 1560 Laginiensium
2989 1489 3278 1559 episcopus
3308 1488 3407 1544 SS.

2262 1580 2717 1650 Subscripserunt
2748 1580 2832 1635 his
2860 1581 3034 1635 multo
3064 1580 3272 1649 plures,
3304 1595 3442 1650 quos
3470 1594 3571 1633 nos
3604 1580 3784 1633 brevi-

2196 1671 2293 1725 tati
2321 1674 2606 1727 studentes
2628 1682 2821 1727 notare
2849 1688 2956 1727 non
2987 1674 3358 1728 necessarium
3391 1673 3665 1727 duximus

2260 1763 2427 1834 Igitur
2479 1764 2767 1820 Anselmus
2812 1766 3167 1820 considerans
3213 1772 3270 1819 et
3316 1764 3632 1835 intelligens
3697 1778 3787 1818 eos

2186 1856 2341 1926 justa
2376 1866 2428 1912 et
2453 1858 2603 1911 utilia
2633 1868 2837 1928 petere,
2863 1858 3114 1927 petitioni
3138 1872 3328 1912 eorum
3355 1857 3532 1911 libens
3562 1855 3785 1909 annuit.

2190 1948 2431 2004 Electum
2461 1964 2589 2019 ergo
2617 1947 2932 2019 pontificem
2963 1948 3252 2019 diligenter
3278 1947 3331 2001 in
3368 1948 3453 2002 bis
3479 1962 3612 2017 quae
3636 1960 3787 2000 sacra

2185 2039 2338 2110 jubet
2388 2042 2687 2097 auctoritas
2738 2042 3152 2105 examinatum,
3201 2055 3266 2095 ac
3310 2039 3611 2094 multorum
3672 2054 3790 2094 cum

2189 2136 2313 2188 vitm
2340 2148 2451 2187 sua:
2493 2133 2836 2199 testimonio,
2884 2134 3107 2202 dignum
3155 2133 3470 2202 episcopatu
3519 2146 3788 2200 compre-

2188 2227 2404 2291 batnm,
2452 2235 2667 2296 sumpta
2699 2223 2769 2280 ab
2802 2237 2867 2279 eo
2896 2239 2965 2279 ex
3000 2238 3152 2279 more
3186 2224 3253 2278 de
3286 2222 3653 2291 subiectionis
3682 2236 3789 2275 sua

2190 2315 2500 2371 obedientia
2554 2313 2931 2385 professione,
2987 2313 3230 2368 sacravit
3287 2328 3410 2369 eum
3462 2312 3789 2367 Cantuariz

2186 2411 2385 2481 quinto
2413 2410 2497 2467 ΚΙ.
2529 2408 2796 2475 Januarii,
2844 2408 3236 2464 assistentibus
3261 2416 3317 2461 et
3350 2406 3790 2475 cooperantibus

2190 2501 2294 2557 sibi
2344 2500 2396 2555 in
2442 2500 2546 2555 hoc
2603 2498 2908 2554 ministerio
2948 2512 3048 2553 suo
3098 2497 3310 2551 duobus
3332 2494 3608 2566 episcopis
3650 2494 3788 2560 suis,

2188 2593 2428 2651 Radulfo
2494 2592 2706 2650 scilicet
2755 2591 3091 2648 Cicest’rensi
3152 2598 3208 2645 et
3263 2588 3601 2658 Gundulpho
3656 2587 3785 2643 Bcf—

2186 2691 2349 2747 fensi.

2258 2783 2388 2839 Post
2426 2783 2524 2838 hos
2568 2782 2685 2838 dies
2732 2795 2848 2846 rex,
2885 2777 3279 2834 Northmannia
3322 2777 3426 2833 sibi
3471 2776 3537 2831 ad
3600 2785 3788 2831 votum

2188 2877 2410 2932 subacta
2455 2883 2619 2944 atque
2660 2872 2944 2943 disposita,
2977 2870 3228 2941 Angliam
3257 2867 3420 2933 redit,
3446 2882 3510 2922 ac
3531 2866 3790 2935 interpo-

2188 2966 2293 3021 sito
2317 2966 2470 3036 parvi
2524 2964 2782 3034 temporis
2832 2962 3036 3032 spatio,
3094 2974 3262 3029 super
3311 2956 3636 3021 Walenses,
3702 2956 3787 3023 qui

506 3057 692 3121 Clllllll,
740 3064 973 3119 eumque
1019 3047 1343 3103 sacrandum
1394 3061 1517 3102 eum
1552 3043 1826 3101 communi
1867 3044 2083 3099 decreto
2111 3084 2156 3144 Ο
2188 3066 2378 3112 contra
2418 3070 2542 3110 cum
2581 3059 2960 3116 wrrexeranl,
3000 3051 3305 3106 exercitia“
3349 3048 3519 3112 ducit,
3572 3059 3783 3115 eosqu.

506 3146 573 3199 ad
604 3141 920 3199 Anselmum
949 3138 1307 3193 transierunt.
1332 3136 1619 3190 Decretum
1646 3144 1827 3188 autem
1854 3133 1956 3188 hoc
1976 3142 2079 3188 est:

585 3256 604 3287 ι
632 3232 909 3296 Anselmo,
962 3229 1057 3285 Dei
1099 3228 1274 3299 gratia
1321 3227 1614 3297 Anglorum
1655 3226 2085 3295 archiepiscopo,

508 3330 688 3388 clerus
735 3336 791 3381 et
842 3322 1071 3395 populus
1118 3321 1300 3391 oppidi
1352 3318 1722 3383 Wataferdite,
1776 3334 1901 3374 cum
1954 3332 2082 3388 rege

502 3417 944 3481 Mcrchertacho,
1005 3422 1060 3468 et
1107 3412 1360 3482 episcopo
1408 3409 1693 3475 Dofnaldo,
1745 3408 1980 3464 salutem
2030 3408 2085 3463 in

497 3510 763 3571 Domino.
814 3532 817 3533 ν

586 3627 606 3659 ι
645 3606 807 3663 Pater
835 3619 892 3660 sa
906 3614 1051 3667 ncte,
1080 3601 1295 3656 ctecitas
1328 3599 1648 3670 ignorantiae
1678 3612 1776 3652 nos
1804 3595 1894 3651 diu
1922 3593 2091 3650 detri-

508 3710 692 3758 menta
729 3698 923 3753 salutis
968 3705 1167 3749 nostra:
1213 3693 1481 3747 sustinere
1512 3691 1709 3761 coegit,
1738 3688 1881 3757 quod
1914 3684 2088 3755 magis

502 3795 756 3863 eligimus
803 3788 1077 3845 serviliter
1122 3786 1404 3841 Dominico
1435 3785 1568 3854 jngo
1595 3782 1730 3839 colla
1764 3780 2091 3836 subtrahere

508 3901 671 3955 quam
695 3880 993 3936 liberaliter
1014 3875 1273 3947 pastorali
1299 3874 1624 3930 obedientia:
1649 3870 1894 3926 subesse.
1932 3867 2089 3923 Nunc

508 3988 689 4037 autem
734 3982 997 4045 quantum
1048 3968 1300 4041 proﬁciat
1341 3975 1621 4037 pastorum
1670 3978 1836 4019 causa
1871 3961 2091 4033 agnovi-

508 4086 648 4135 mus,
678 4084 799 4123 cum
838 4066 1069 4120 aliarum
1115 4075 1297 4117 rerum
1339 4057 1729 4114 similitudines
1754 4055 1821 4109 ad
1852 4063 2087 4109 tuentem

509 4174 852 4225 revocamus,
904 4155 1032 4224 quia
1078 4154 1197 4209 sine
1243 4150 1529 4221 regimine,
1560 4164 1661 4204 nec
1679 4147 1955 4204 exercitus
1979 4144 2090 4201 bel-

508 4253 642 4317 lum,
670 4265 769 4305 nec
803 4247 959 4302 navis
981 4245 1249 4299 marinum
1278 4243 1440 4298 audet
1464 4250 1740 4295 attentare
1763 4237 2087 4308 periculunt.

506 4342 764 4400 Navieula
816 4354 948 4407 ergo
994 4345 1203 4399 nostra,
1259 4334 1549 4390 mundanis
1583 4333 1767 4387 dedita
1807 4330 2085 4393 fluctibus,

2190 3155 2311 3216 post
2368 3146 2639 3202 modicum
2694 3146 2749 3199 in
2827 3143 3158 3199 deditionem
3218 3140 3485 3211 suscipit,
3542 3149 3611 3195 et
3667 3152 3791 3210 paea

2190 3240 2429 3309 undique
2478 3238 2683 3309 potitus
2730 3245 2834 3292 est.
2879 3235 2985 3292 Sed
3020 3235 3197 3305 quid?
3246 3236 3383 3290 Cum
3438 3234 3555 3303 jam
3626 3232 3779 3287 multi

2191 3337 2474 3399 sperarent
2493 3327 2635 3398 quod
2655 3328 2771 3383 haec
2792 3342 2896 3398 pax
2918 3326 3140 3381 servitio
3160 3325 3253 3380 Dei
3271 3324 3500 3380 deberet
3521 3324 3786 3383 militare,

2190 3430 2244 3477 et
2268 3421 2460 3475 attenti
2487 3428 2873 3490 exspectarent
2910 3416 3116 3487 aliquid
3156 3417 3339 3487 magni
3381 3431 3479 3485 pro
3515 3419 3784 3472 emenda-

2187 3515 2337 3571 tione
2365 3512 2819 3577 Christianitatis,
2850 3525 2919 3565 ex
2948 3511 3092 3580 regis
3130 3525 3381 3574 assensu,
3419 3508 3785 3578 archiepisco-

2192 3622 2319 3677 pum
2371 3603 2741 3673 promulgare,
2784 3616 2911 3658 ecce
2939 3602 3054 3671 spei
3086 3600 3246 3670 hujus
3272 3608 3327 3655 et
3352 3600 3781 3669 exspectationis

2193 3694 2524 3750 turbatorias
2566 3693 2801 3749 littteras
2840 3708 2959 3757 rex,
2996 3708 3025 3747 a
3062 3691 3250 3747 Gualis
3286 3706 3563 3753 reversus,
3609 3692 3783 3745 archi-

2192 3784 2445 3855 episcopo
2479 3783 2715 3837 destinat
2748 3781 3014 3836 mandans
3054 3781 3110 3835 in
3141 3780 3249 3835 illis
3284 3793 3344 3835 se
3385 3795 3487 3849 pro
3522 3780 3781 3834 militibus

2192 3890 2328 3946 quos
2371 3876 2426 3930 in
2474 3873 2875 3945 expeditionem
2927 3887 3080 3927 suam
3124 3871 3353 3926 miserat
3392 3870 3579 3925 nullas
3606 3872 3661 3925 ei
3686 3870 3781 3925 nisi

2194 3971 2362 4026 malas
2400 3971 2604 4041 gratias
2652 3968 2873 4031 habere,
2915 3982 2981 4021 eo
3026 3966 3169 4035 quod
3218 3980 3318 4019 nec
3358 3966 3776 4029 convenienter,

2192 4063 2332 4119 sicut
2370 4063 2569 4129 aiebat,
2623 4061 2898 4125 tnstructi,
2955 4074 3054 4115 nec
3097 4058 3164 4112 ad
3221 4057 3364 4113 bella
3413 4057 3645 4112 fuerant
3692 4070 3779 4127 pro

2199 4152 2405 4221 negotii
2464 4150 2727 4223 qualitate
2778 4149 2977 4204 idonei.
3028 4147 3401 4217 Praecepitque
3453 4159 3515 4201 ut
3567 4157 3779 4217 paratus

2192 4252 2334 4299 esset
2362 4244 2428 4298 de
2482 4243 2587 4309 his,
2641 4240 2795 4311 juxta
2848 4240 3114 4309 judicium
3167 4240 3333 4293 curia:
3375 4252 3513 4302 sua),
3567 4237 3775 4291 sibimet

2192 4336 2571 4391 rectitudinem
2624 4332 2823 4399 facere,
2881 4330 3321 4399 quandoeunque
3380 4328 3488 4382 sibi
3549 4328 3775 4398 placeret

422 4488 438 4505 ,
507 4436 625 4491 sine
656 4440 873 4501 pastore
918 4436 1107 4481 contra
1154 4425 1408 4481 callidum
1463 4424 1672 4477 hostem
1720 4436 1827 4492 qua
1879 4422 2097 4475 ratione
2122 4425 2166 4479 D
2195 4429 2319 4484 inde
2345 4443 2469 4484 eum
2493 4425 2785 4497 appellare,
2814 4424 2895 4479 Ad
2917 4438 3038 4493 qua;
3061 4421 3347 4476 Ansetmus
3380 4439 3391 4473 ε
3431 4439 3451 4471 ι
3486 4422 3773 4491 Exspecta-

511 4520 803 4594 pugnabit?
842 4519 1138 4588 Propterea
1180 4532 1276 4570 nos
1306 4524 1361 4569 et
1390 4530 1481 4568 rex
1517 4521 1701 4567 noster
1746 4511 2085 4566 Murcherta-

508 4617 664 4678 chus,
708 4621 762 4668 et
797 4611 1082 4682 episcopus
1126 4607 1441 4673 Dofnaldus,
1474 4614 1530 4661 et
1562 4605 1821 4659 Dermelh
1855 4605 1959 4658 dux
1989 4619 2086 4657 nn-

509 4716 623 4762 ster
653 4704 822 4758 frater
868 4702 1030 4773 regis,
1086 4700 1338 4771 eligimus
1366 4700 1511 4754 hunc
1541 4694 1920 4767 presbyterum
1951 4694 2085 4749 Mal-'-

508 4796 693 4859 chum,
725 4791 1009 4847 Walkelini
1049 4789 1428 4845 Wintonensis
1473 4787 1711 4857 episcopi
1761 4785 2083 4840 monachum

511 4884 665 4940 nobis
687 4881 1136 4939 sullicientissime
1159 4879 1457 4950 cognitum,
1478 4876 1746 4931 natalibus
1768 4884 1825 4931 et
1848 4878 2086 4933 moribus

509 4973 764 5041 nobilem,
790 4971 1085 5043 apostolica
1115 4979 1170 5023 et
1203 4967 1573 5023 ecclesiastica
1602 4964 1883 5036 disciplina
1908 4966 2085 5021 imbu-

507 5076 646 5133 tum,
662 5067 764 5122 fide
786 5063 1051 5120 catholica
1076 5062 1416 5132 prudentem,
1434 5058 1675 5114 moribus
1700 5067 2082 5128 temperatum,

506 5160 616 5215 vita
639 5154 1158 5220 castum,sobrium,
1207 5152 1487 5218 humilem,
1537 5148 1826 5218 affabilem,
1870 5151 2083 5205 miseri-

504 5249 746 5310 cordem,
800 5245 1124 5306 litteratum,
1167 5242 1514 5314 hospitalem,
1567 5257 1679 5297 sua:
1727 5242 1910 5297 domui
1948 5242 2084 5296 bene

503 5340 874 5412 praepositum,
896 5352 1002 5393 non
1024 5336 1374 5405 neophytum,
1402 5337 1685 5392 habentem
1712 5337 2080 5392 testimonium

2195 4520 2393 4583 vimus,
2444 4516 2637 4587 inqttit,
2686 4529 2897 4586 pacem,
2932 4523 2988 4566 et
3035 4528 3141 4568 non
3184 4523 3267 4567 est
3296 4512 3539 4577 bonum;
3578 4522 3772 4581 tempus

2195 4610 2521 4676 curationis,
2568 4618 2623 4663 et
2657 4622 2783 4662 ecce
2823 4606 3082 4660 turbatio.
3114 4624 3131 4655 ι
3168 4604 3318 4660 Licet
3343 4604 3491 4658 enim
3520 4602 3632 4672 jam
3652 4602 3771 4657 olim

2193 4704 2414 4759 sciverit
2439 4717 2519 4767 se,
2544 4700 2733 4755 eodem
2763 4712 2890 4769 rege
2911 4696 3225 4767 superstite,
3252 4695 3304 4748 in
3338 4696 3537 4765 Anglia
3564 4694 3770 4751 Christo

2194 4810 2300 4851 non
2362 4794 2497 4849 adeo
2559 4791 3053 4854 l'rnctificatnrum,
3121 4796 3299 4841 tamen
3355 4788 3503 4857 quod
3564 4794 3768 4855 rogatus

2191 4888 2256 4941 de
2284 4885 2647 4942 snbventione
2680 4880 3110 4937 Christianitatis
3152 4893 3550 4948 nonnunquam
3576 4876 3766 4933 solebat

2189 4978 2519 5047 respondere
2546 4991 2604 5029 se
2636 4983 2860 5045 propter
2889 4974 3072 5028 hostes
3108 4987 3247 5042 quos
3276 4970 3515 5026 infestos
3539 4972 3766 5026 citrum-

2188 5083 2402 5138 qnaque
2434 5065 2667 5120 habebat
2699 5078 2765 5118 eo
2795 5064 3081 5118 intendere
3116 5079 3221 5119 non
3252 5062 3467 5129 valere,
3501 5062 3613 5131 jam
3645 5068 3765 5115 tunc

2190 5158 2337 5212 illum
2376 5171 2507 5227 pace
2530 5156 2763 5227 potitum
2801 5155 3138 5225 cogitaverat
3167 5170 3330 5224 super
3362 5155 3467 5209 hac
3501 5170 3561 5209 re
3580 5165 3763 5208 conve-

2192 5250 2329 5312 nire,
2359 5257 2414 5302 et
2437 5248 2627 5302 saltem
2658 5248 2725 5303 ad
2775 5261 3101 5301 consensum
3142 5245 3377 5314 alicujus
3399 5246 3532 5302 boni
3566 5246 3764 5301 fruetus

2191 5340 2522 5410 exsequendi
2547 5339 2747 5410 quibus
2769 5337 2942 5393 modis
2968 5346 3152 5409 posset
3176 5339 3504 5395 attrahenda
3527 5334 3761 5393 delinire.

1826 5445 2230 5505 llENSCllENlI
2266 5448 2497 5505 ΝΟΤᾸΞ.

577 5557 604 5584 ι
643 5544 756 5599 lmo
788 5541 1130 5609 Domnaldus,
1165 5543 1446 5614 episcopus
1476 5542 1883 5614 Ardmaehanus
1906 5540 2080 5614 etglli-

502 5614 706 5671 herniae
727 5615 944 5681 primas,
973 5614 1039 5667 ab
1062 5611 1358 5669 anno'lOM
1397 5614 1462 5666 ad
1496 5628 1587 5665 an.
1622 5611 1779 5672 “05’,
1804 5626 1911 5681 quo
1942 5612 2081 5665 obiit

499 5680 982 5812 juxtaoColganum
1024 5684 1077 5738 in
1112 5685 1289 5741 indice
1344 5683 1668 5752 Cltronolog.
1711 5683 1779 5737 ad
1822 5680 2075 5737 Triatlem

498 5768 633 5815 sane
697 5771 811 5811 tum

2258 5544 2285 5583 ι)
2332 5542 2554 5617 Rectius
2593 5540 2957 5617 ll'aterfodia,
2979 5543 3107 5617 _sub
3143 5542 3471 5617 Casscliensi
3504 5538 3759 5610 archiepi-

2184 5629 2348 5684 scopo
2378 5614 2507 5667 urbs
2534 5613 2855 5681 epiScOpalis
2886 5613 2939 5667 in
2976 5613 3241 5667 Momonia
3263 5655 3278 5677 ,
3317 5625 3539 5684 propter
3576 5620 3757 5684 portus

2182 5681 2621 5765 {somnioditate‘m
2651 5683 2812 5765 hodie
2842 5693 2960 5765 post
2990 5684 3299 5765 Dublinium
3318 5681 3443 5741 fere
3467 5681 3626 5756 prima
3665 5681 3755 5735 llic

2186 5754 2405 5820 bernizn,
2442 5753 2508 5809 ad
2540 5752 2706 5808 Siurii
2738 5751 2974 5810 fluminis
3004 5753 3221 5811 omium.
