3890 6306
74 334 169 383 387

72 547 187 592 orta
210 546 294 593 est
319 538 577 594 instinctu
603 538 844 608 maligni,
876 556 1038 610 quam
1063 540 1193 605 dixi,
1220 556 1382 596 causa
1408 541 1642 607 discidii,

1166 327 1495 390 HISTORIA
1528 322 1893 390 NOVORUM.
1920 362 1990 371 —
2031 326 2157 387 LlB.
2190 316 2258 385 ll.
2332 334 2333 337 “

75 446 176 500 Sed
208 459 272 500 ne
301 444 485 501 cordis
510 444 628 517 ejus
654 444 879 503 aﬁ'ectus
926 448 1236 518 perveniret
1267 449 1334 504 ad
1362 447 1638 512 effectum,
1672 451 1719 511 Α

3224 326 3326 387 898

1819 447 2126 518 Insequenti
2157 456 2338 502 autem
2380 460 2571 501 mense
2623 448 2863 519 Augusto
2896 461 3018 503 cum
3080 447 3147 504 de
3183 457 3331 505 statu

1749 540 1895 611 regni
1925 548 2144 595 acturus
2172 554 2265 593 rex
2293 539 2592 609 episcopos,
2622 539 2866 605 abbatcs,
2894 548 2951 595 et
2977 554 3220 610 quosque
3244 555 3333 595 re-

70 628 253 699 utique
283 644 389 684 non
420 645 487 685 ex
515 630 592 685 rei
622 632 852 687 veritate
880 632 1160 700 producta,
1200 632 1294 685 sed
1331 632 1398 687 ad
1428 646 1644 686 omnem
1746 633 1833 702 gni
1866 646 2117 702 proceres
2148 632 2200 686 in
2228 647 2390 685 unum
2421 630 2673 702 praecepti
2701 634 2781 685 sui
2807 632 3088 687 sanctione
3110 632 3334 703 egisset,

70 738 168 795 pro
203 724 311 778 Deo
348 723 600 795 loquendi
644 723 852 779 aditum
891 724 1154 779 Anselmo
1180 724 1643 780 intercludendum

71 815 337 870 malitiose
360 816 680 885 composita.
706 816 858 882 Quod
882 816 969 871 ille
992 816 1338 885 dignoscens,
1353 824 1408 870 et
1429 815 1648 885 insuper

68 916 261 961 cuncta
326 907 522 976 regalis
574 906 738 962 curia:
800 907 1001 974 judicia
1053 907 1289 976 pendere
1338 907 1404 960 ad
1458 914 1647 960 nutum

68 1002 230 1072 regis,
270 1000 510 1069 nihilque
535 1000 588 1054 in
623 1000 755 1069 ipsis
794 1000 899 1053 nisi
928 999 1103 1054 solum
1131 999 1269 1055 velle
1302 999 1444 1053 illius
1468 998 1649 1054 consi-

68 1093 242 1146 derari
292 1091 599 1146 cestissime
656 1090 861 1155 sciens,
913 1090 1169 1145 indecens
1215 1090 1507 1145 aestimavit
1548 1102 1649 1160 pro

78 1183 225 1237 vcrbi
262 1182 529 1236 calumnia
580 1181 955 1251 placitantium
1004 1194 1157 1236 more
1201 1184 1552 1244 contendere,
1594 1189 1650 1235 et

66 1276 313 1331 veritatis
344 1290 455 1329 sua:
480 1290 700 1330 causam
730 1273 918 1329 curiali
944 1271 1150 1340 judicio
1171 1274 1314 1342 quod
1348 1273 1491 1327 nulla
1530 1278 1645 1337 lex,

67 1367 210 1420 nulla
249 1367 499 1435 mquitas,
535 1365 679 1419 nulla
708 1366 848 1420 ratio
887 1365 1188 1427 muniebat,
1229 1365 1646 1420 examinandum

67 1459 433 1512 introducere.
487 1456 682 1511 Tacuit
738 1471 872 1524 ergo
940 1471 1037 1511 nec
1104 1456 1398 1525 quidquam
1458 1456 1649 1512 nuntio

64 1547 388 1617 respondit,
461 1555 715 1615 reputans
775 1547 877 1602 hoc
936 1561 1109 1616 genus
1168 1547 1403 1601 mandati
1460 1550 1526 1603 ad
1585 1564 1648 1603 ea

62 1640 537 1710 perturbationum
580 1654 779 1709 genera
837 1640 1113 1708 pertinere
1171 1656 1293 1709 qua:
1339 1641 1453 1711 jam
1517 1640 1647 1695 olim

64 1746 211 1801 stepe
240 1730 343 1785 sibi
382 1729 772 1786 recordabatur
807 1730 979 1796 illata,
1013 1739 1069 1785 et
1098 1731 1221 1786 ideo
1249 1733 1353 1787 hoc
1383 1733 1557 1787 solum
1590 1742 1649 1787 ut

1746 732 1821 789 et,
1850 723 2126 793 dispositis
2149 723 2232 778 his
2260 737 2381 793 qua:
2410 722 2756 777 adunationis
2779 722 2989 777 illorum
3018 738 3197 779 causae
3223 722 3339 778 fue-

1751 824 1896 880 rant,
1926 814 2055 869 dum
2081 815 2314 884 quisque
2365 814 2416 867 in
2451 829 2547 869 sua
2575 813 2835 883 repedare
2871 816 3177 884 sategisset,
3218 814 3334 868 An-

1750 905 1969 972 selmus,
2004 915 2196 976 coepta:
2226 906 2503 976 petitionis
2540 922 2651 961 suae
2678 921 2783 961 non
2818 906 3105 962 immemor
3127 948 3142 972 ,
3185 922 3339 978 roga—

1750 998 1828 1051 vit
1879 1012 2061 1069 regem
2106 1009 2375 1068 quatenus
2404 998 2687 1069 qumsilam
2725 996 2838 1067 jam
2885 999 3012 1054 olim
3062 1000 3337 1055 licentiam

1751 1090 1835 1145 vel
1860 1099 1988 1146 tunc
2015 1092 2254 1160 repetitis
2276 1092 2527 1161 precibus
2565 1108 2669 1146 non
2698 1103 2942 1163 negaret.
2973 1092 3079 1147 Sed
3103 1093 3340 1149 secundo

1752 1191 1936 1251 negat,
1967 1183 2107 1236 sicut
2132 1184 2309 1252 primo
2336 1193 2583 1253 negarat.
2611 1182 2805 1237 Postea
2844 1192 3112 1237 conventu
3142 1184 3342 1252 soluto,

1753 1274 1805 1327 in
1833 1290 2019 1329 mense
2039 1273 2255 1330 Octobri
2290 1275 2579 1330 Wiutouiae
2628 1276 2694 1329 ad
2744 1290 2924 1346 regem
2977 1292 3042 1330 ex
3093 1276 3347 1331 condicto

1752 1370 2018 1425 venimus.
2037 1369 2330 1424 Instantius
2352 1369 2531 1436 itaque
2562 1376 2669 1421 tam
2696 1382 2793 1437 per
2814 1383 2873 1423 se
2899 1384 3060 1438 quam
3081 1383 3180 1439 per
3208 1367 3346 1423 alios

1752 1477 1933 1532 regem
1962 1461 2200 1531 pontifex
2238 1469 2377 1525 orat,
2407 1469 2674 1528 quatenus
2705 1461 2846 1515 bono
2875 1460 3056 1514 animo
3087 1460 3187 1515 sibi
3215 1472 3350 1514 con-

1753 1554 1911 1609 cedat
1939 1554 2082 1622 quod
2137 1568 2194 1609 se
2226 1555 2337 1621 jam
2381 1552 2543 1607 tertio
2594 1551 2870 1621 postulare
2912 1551 3213 1607 necessitas
3247 1566 3347 1605 sua

1754 1645 1999 1716 cogebat.
2026 1645 2162 1700 Hinc
2209 1645 2295 1699 ille
2345 1645 2502 1700 tmdio
2540 1642 2763 1698 ati‘ectns
2792 1685 2806 1709 ,
2844 1643 3025 1713 itaque
3066 1651 3351 1713 permotus

1758 1737 1874 1791 ait:
1915 1757 1932 1789 ι
1963 1736 2265 1792 Conturbat
2293 1749 2397 1800 me,
2454 1745 2510 1789 et
2543 1733 2931 1803 intelligentem
2989 1748 3092 1787 non
3148 1746 3347 1787 conce-

66 1822 218 1877 Deus
280 1821 405 1875 talia
479 1821 696 1877 sedaret
767 1820 993 1890 supplici
1063 1822 1231 1876 corde
1302 1823 1645 1893 precabatur.
1684 1794 1989 1883 Bdendum
2044 1827 2159 1882 fore
2196 1828 2338 1898 quod
2386 1794 2664 1896 postulat,
2719 1794 2815 1880 sua
2859 1824 3099 1896 graviter
3147 1823 3351 1892 impor-

62 1914 345 1969 Praeterea
425 1912 617 1969 videns
685 1912 947 1969 ecclesias
1000 1920 1058 1967 et
1117 1915 1445 1969 monasteria
1494 1915 1651 1969 solito

63 2008 221 2061 intus
254 2014 309 2060 et
330 2014 486 2060 extra
541 2005 654 2060 suis
706 2004 867 2058 rebus
933 2002 1173 2073 spoliari,
1221 2018 1436 2059 omnem
1475 2006 1526 2059 in
1572 2007 1653 2062 eis

62 2096 388 2167 religionem
424 2094 806 2161 exterminari,
863 2108 1109 2163 quosque
1153 2095 1494 2151 saecularium
1543 2108 1652 2151 tam

59 2187 305 2256 majores
367 2200 527 2255 quam
599 2184 838 2238 minores
908 2192 1182 2252 corruptae
1247 2186 1371 2239 vitae
1432 2187 1655 2242 semitas

58 2288 266 2333 tenere
306 2276 527 2341 multas,
584 2274 724 2329 mala
768 2274 969 2343 ubique
988 2273 1133 2337 fieri,
1174 2283 1230 2327 et
1258 2275 1357 2328 ista
1388 2276 1456 2331 de
1488 2278 1573 2332 die
1601 2278 1655 2332 in

56 2370 239 2436 diem,
266 2376 515 2425 cessante
542 2366 850 2436 disciplina,
905 2364 1257 2433 multiplicari
1282 2368 1653 2439 roborarique,

57 2463 373 2518 verebatur
402 2475 470 2516 ne
496 2461 613 2516 haec
644 2460 737 2515 Dei
761 2459 966 2529 judicio
998 2454 1104 2512 sibi
1145 2457 1344 2514 damno
1370 2460 1583 2528 fierent,
1611 2461 1657 2517 si

56 2559 273 2627 quibus
310 2556 484 2611 modis
534 2562 717 2624 posset
761 2553 841 2608 eis
895 2552 1119 2610 obviare
1171 2568 1277 2608 non
1330 2554 1655 2610 intenderet.

52 2651 168 2706 Sed
201 2648 431 2705 obviare
473 2646 579 2702 sibi
627 2645 958 2716 impossibile
1007 2646 1245 2709 videbat,
1304 2646 1446 2715 quod
1495 2648 1659 2704 totius

51 2742 222 2814 regni
280 2738 577 2811 principem
618 2747 713 2793 aut
759 2753 825 2794 ea
849 2739 1052 2801 facere,
1077 2748 1170 2793 aut
1203 2739 1283 2793 eis
1328 2738 1510 2793 favere
1538 2755 1663 2807 per-

47 2836 318 2905 spicuum
342 2841 480 2887 erat.
517 2829 698 2885 Visum
733 2830 914 2899 itaque
945 2830 1047 2885 sibi
1088 2838 1171 2885 est
1200 2830 1578 2886 auctoritatem
1607 2842 1665 2887 et

45 2922 398 2981 sententiam
420 2920 727 2992 apostolicae
739 2921 881 2975 sedis
903 2935 1063 2990 super
1078 2920 1427 2990 hisoportere
1442 2921 1660 2990 inquiri.

122 3018 279 3073 Cum
313 3015 474 3087 igitur
509 3013 562 3068 in
590 3012 909 3068 Pentecoste
950 3024 1000 3079 ι,
1041 3011 1350 3067 festivitatis
1380 3014 1553 3083 gratia
1579 3028 1664 3068 re~

1753 1919 1983 1973 tunitate
2009 1918 2218 1987 fatigat.
2243 1917 2583 1987 Quapropter
2606 1914 2767 1982 jubeo
2796 1923 2856 1967 ut
2897 1913 3128 1982 amplius
3154 1913 3222 1967 ab
3250 1912 3352 1965 ltu-

1751 2010 1980 2079 jusmodi
2005 2010 2257 2080 precibus
2282 2020 2477 2072 cesset,
2507 2016 2561 2061 et
2584 2005 2673 2074 qui
2701 2004 2911 2075 mejam
2942 2020 3081 2074 saepe
3105 2002 3348 2066 vexavit,

1755 2112 1915 2172 prout
1955 2102 2287 2173 iudicabitur
2346 2102 2474 2156 mihi
2529 2102 2801 2157 emendet.
2840 2118 2859 2151 ›
2935 2098 3017 2153 Ad
3067 2098 3183 2151 haec
3213 2096 3346 2163 ille}:

1761 2213 1781 2245 ς
1824 2196 2079 2248 Paratum
2145 2210 2230 2249 me
2297 2194 2479 2263 potius
2549 2192 2689 2247 sciat
2768 2190 2978 2245 ratione
3056 2187 3351 2243 ostendere

1760 2286 1902 2355 quod
1947 2284 2095 2354 justa
2147 2295 2315 2355 peto,
2370 2295 2426 2341 et
2476 2283 2618 2356 quod
2665 2282 2780 2352 ipse
2834 2280 2967 2335 mihi
3026 2280 3078 2334 in
3111 2279 3196 2333 his
3240 2293 3350 2333 non

1760 2377 1948 2432 debeat
1975 2375 2119 2445 iuste
2157 2374 2553 2432 contradicere.
2604 2395 2622 2427 ι
2664 2371 3001 2443 Respondit:
3039 2387 3057 2420 ι
3091 2368 3351 2423 Rationes

1761 2483 1887 2524 suas
1910 2482 2016 2523 non
2050 2468 2303 2532 admitto;
2337 2467 2432 2522 sed
2454 2467 2499 2523 si
2548 2466 2728 2529 iverit,
2777 2479 2875 2533 pro
2931 2470 3080 2517 certo
3138 2458 3354 2515 noverit

1761 2560 1907 2631 quod
1949 2568 2118 2614 totum
2167 2558 2689 2628 archiepiscopatum
2720 2555 2775 2611 in
2832 2554 3127 2610 dominium
3172 2565 3356 2606 meum

1764 2654 2005 2723 redigam
2026 2667 2126 2706 nec
2148 2651 2297 2705 illum
2311 2665 2409 2719 pro
2428 2648 2832 2718 archiepiscopo
2859 2646 2999 2700 ultra
3024 2644 3303 2714 recipiam.
3327 2663 3348 2697 ι

1765 2745 1895 2802 Orta
1922 2744 2194 2813 estigitur
2218 2757 2284 2797 ex
2317 2742 2403 2797 his
2426 2742 2673 2812 qutcdam
2715 2753 2907 2809 magna
2942 2746 3236 2806 tempestas
3267 2735 3354 2796 dio

1766 2837 1941 2895 versis
1963 2836 2189 2891 diversa
2210 2834 2349 2903 parti
2374 2829 2823 2888 acclamantibus.
2848 2826 3211 2895 Quamobrem
3234 2825 3357 2895 qui-

1768 2931 1890 2984 dam
1920 2927 2147 2999 permoti
2193 2933 2483 2981 suaserunt
2528 2924 2581 2978 in
2618 2922 2910 2978 crastinam
2959 2934 3073 2973 rem
3114 2916 3353 2984 differri,

1769 3027 2052 3089 sperantes
2074 3032 2193 3073 eam
2216 3016 2323 3069 alio
2348 3016 2507 3069 modo
2528 3013 2724 3069 sedari.
2750 3011 3046 3067 Assensum
3078 3018 3163 3064 est
3183 3010 3358 3064 utrin-

44 3111 154 3181 gim
183 3108 366 3165 curiae
395 3121 454 3162 se
485 3114 884 3178 prmsentasset,
917 3103 1192 3169 etmodo,
1220 3104 1363 3159 inter
1390 3103 1663 3175 pranden-
1691 3137 1737 3199 ρ
1770 3122 1875 3181 que
1906 3109 1959 3163 in
1994 3106 2143 3169 istis,
2171 3114 2226 3160 et
2268 3102 2423 3159 divisi
2468 3103 2759 3172 hospitium
2806 3102 3026 3157 inimus.
3060 3099 3216 3154 Mane
3262 3114 3359 3153 au-

46 3202 186 3254 dum
215 3239 234 3263 ,
294 3198 455 3252 modo
486 3196 619 3252 alias
643 3236 659 3263 ,
700 3195 1154 3265 quemadmodum
1190 3197 1568 3264 opportunitas
1606 3209 1665 3251 se

40 3290 358 3353 offerebat,
384 3296 585 3343 statum
617 3286 781 3340 animi
806 3284 1003 3355 regalis
1048 3286 1170 3355 quis
1216 3300 1343 3357 erga
1383 3285 1665 3342 colendam

44 3382 394 3454 :cquitatem
418 3388 566 3435 esset
595 3376 839 3434 studiose
872 3377 1250 3446 perquisisset,
1292 3392 1528 3449 eumque
1570 3380 1666 3449 qui

37 3474 184 3532 olim
217 3472 402 3527 fuerat
427 3468 739 3526 omnimodo
767 3467 1096 3537 reperisset,
1130 3467 1266 3521 nihil
1314 3468 1430 3537 spei
1468 3469 1536 3523 de
1574 3467 1661 3525 fu-

37 3576 175 3621 tura
217 3562 396 3632 ipsius
419 3559 797 3615 emendat-ioue
823 3558 879 3613 in
914 3574 978 3613 eo
1011 3558 1150 3613 ultra
1197 3559 1479 3614 remansit.
1522 3559 1658 3615 Per-

31 3657 196 3712 actis
228 3653 399 3722 igitur
424 3648 791 3705 festivioribus
817 3646 1026 3712 diebus,
1056 3647 1392 3703 diversorum
1427 3650 1669 3720 negotio-

32 3765 172 3804 rum
212 3760 404 3803 causae
430 3743 482 3799 in
509 3741 743 3796 medium
768 3740 889 3796 duci
919 3755 983 3795 ex
1013 3755 1161 3796 more
1188 3748 1491 3809 coeperunt.
1514 3740 1669 3807 Qual-

30 3844 298 3896 rebatur
326 3838 487 3892 etiam
527 3850 635 3905 quo
681 3834 898 3906 ingenio
950 3833 1229 3903 praelibata
1272 3848 1435 3888 causa
1479 3842 1671 3887 contra

29 3934 393 3992 Anselmum
424 3931 504 3986 sic
545 3938 837 3999 ageretur,
886 3935 944 3980 ut
986 3925 1161 3993 culpa:
1207 3925 1453 3979 addictus
1475 3933 1565 3978 aut
1590 3924 1671 3978 in-

28 4040 291 4099 gentem
320 4022 431 4090 regi
450 4020 732 4091 pecuniam
752 4018 1032 4087 penderet,
1055 4026 1149 4071 aut
1182 4016 1249 4071 ad
1274 4016 1668 4084 implorandam

30 4114 508 4173 misericordiam
539 4112 655 4179 ejus
683 4116 842 4179 caput
869 4106 1099 4177 amplius
1125 4122 1233 4160 non
1287 4106 1582 4171 levaturus,
1612 4120 1673 4160 se

24 4221 245 4266 totum
276 4204 634 4273 impenderet.
661 4201 871 4255 Interea
896 4198 1184 4254 Attselmus
1211 4237 1226 4263 ,
1274 4196 1557 4252 accersitis
1604 4196 1672 4251 ad

24 4316 96 4354 se
129 4312 293 4367 quos
346 4292 557 4348 volebat
586 4290 650 4345 de
679 4290 1010 4358 principibus
1041 4287 1201 4359 regis,
1254 4286 1532 4341 mandavit
1576 4300 1674 4356 per

23 4407 134 4446 eos
184 4387 312 4459 regi
353 4400 414 4441 se
445 4398 651 4439 summa
689 4380 1012 4436 necessitate
1039 4378 1558 4436 constrictum-velle
1576 4394 1672 4449 per

1770 3212 1877 3256 tem
1912 3199 2143 3271 regressi
2173 3211 2294 3253 cum
2322 3196 2374 3250 in
2403 3194 2522 3251 loco
2549 3203 2675 3265 apto
2702 3193 3049 3258 sedissemus,
3080 3207 3209 3249 ecce
3237 3190 3359 3262 qui-

1767 3294 1893 3347 dam
1918 3289 2158 3361 episcopi
2189 3302 2311 3344 cum
2358 3286 2630 3342 nonnullis
2678 3283 3011 3355 principibus
3057 3286 3122 3337 ad
3165 3283 3361 3338 Ansel-

1768 3400 1916 3440 mum
1941 3382 2221 3438 venientes
2248 3378 2511 3437 sciscitati
2541 3386 2664 3434 sunt
2686 3377 2814 3448 quid
2834 3391 3017 3432 secum
3043 3377 3110 3430 ab
3140 3376 3254 3431 heri
3286 3376 3353 3431 de

1768 3493 1931 3534 causa
1962 3475 2298 3533 tractaverit.
2333 3472 2480 3529 Dixit
2513 3486 2527 3526 :
2564 3489 2586 3523 ‹
2622 3468 2739 3526 Νοη
2766 3480 2826 3524 ea
2864 3483 2922 3524 re
2956 3468 3199 3524 concessi
3230 3482 3359 3523 cau-

1768 3586 1882 3628 sam
1908 3571 1975 3626 de
1999 3584 2104 3640 qua
2132 3566 2291 3638 agitis
2317 3567 2577 3621 hesterno
2607 3559 2898 3623 induciarl.
2941 3559 3096 3630 quasi
3142 3559 3361 3630 ignora-

1768 3662 1940 3718 verim
1976 3659 2107 3731 quid
2151 3656 2314 3713 hodie
2356 3656 2480 3711 inde
2528 3664 2888 3723 responsurus
2917 3649 3146 3718 fuerim,
3169 3652 3261 3705 sed
3290 3664 3362 3705 ne

1767 3755 1984 3811 viderer
2011 3759 2218 3807 tantum
2247 3763 2367 3805 meo
2387 3746 2568 3804 sensui
2595 3746 2838 3810 credere,
2865 3751 2925 3799 ut
2949 3758 3047 3798 nec
3068 3752 3173 3797 dna
3201 3750 3362 3798 nocte

1767 3847 1834 3900 ad
1852 3844 1933 3901 sul
1956 3843 2346 3899 dlscussionem
2371 3841 2623 3911 dignarer
2643 3838 2871 3892 aliorum
2895 3834 3123 3890 consilio
3145 3836 3359 3890 cedere.

1771 3934 1925 3990 Nunc
1956 3951 2084 4004 ergo
2112 3933 2321 3987 sciatur
2352 3929 2493 3999 quod
2526 3929 2578 3982 in
2610 3926 2906 3987 sententia,
2939 3938 3044 3992 qua
3078 3923 3176 3987 fui,
3214 3938 3357 3986 sum,

1771 4035 1826 4083 et
1851 4026 1971 4080 ideo
1994 4038 2190 4093 precor
2212 4022 2497 4076 Dominum
2525 4033 2700 4073 meum
2725 4024 2993 4087 quatenus
3017 4016 3155 4069 bona
3178 4023 3364 4069 mente

1771 4124 1826 4171 et
1848 4114 2016 4169 alacri
2045 4111 2217 4176 vultu,
2255 4120 2314 4165 ut
2343 4123 2464 4165 eum
2499 4109 2673 4170 decet,
2708 4104 2839 4159 mihi
2884 4102 3153 4157 licentiam
3197 4118 3363 4173 quam

1773 4206 1985 4277 postulo
2033 4204 2154 4267 det,
2209 4201 2577 4258 indubitanter
2614 4198 2791 4253 sciens
2832 4195 2972 4266 quod
3023 4210 3185 4251 causa
3226 4210 3364 4250 mete

1773 4296 1979 4361 salutis,
2011 4304 2065 4349 et
2086 4308 2247 4349 causa
2273 4300 2475 4347 sanctae
2502 4287 2945 4353 Christianitatis,
2971 4296 3024 4342 et
3040 4301 3169 4343 vere
3194 4301 3360 4341 causa

1774 4387 1854 4441 sui
1886 4386 2110 4440 honoris
2137 4399 2202 4438 ac
2230 4380 2536 4452 profectus,
2577 4378 2621 4433 si
2649 4377 2869 4433 credere
2898 4376 3047 4441 velit,
3077 4375 3154 4431 ire
3180 4377 3335 4446 (Περο

24 4481 351 4537 licentiam
378 4477 545 4545 ipsius
561 4474 789 4529 Romam
814 4472 1008 4526 irc.Ad
1032 4472 1174 4541 quod
1205 4471 1293 4525 ille
1315 4471 1666 4541 stupefactus,
1700 4492 1748 4556 ι)
1776 4495 1864 4535 no.
1909 4496 1927 4531 ι
1961 4467 2224 4531 Dixeruni
2256 4488 2268 4527 :
2308 4492 2326 4524 ‹
2360 4472 2416 4527 Si
2448 4471 2551 4526 alia
2581 4485 2699 4539 quae
2728 4469 2876 4524 dicas
2923 4468 3122 4527 babes,
3157 4466 3360 4537 profer.

24 4592 48 4625 σ
90 4571 510 4639 Nequaquam,
536 4571 628 4623 ait.
666 4568 776 4624 Nec
802 4570 945 4624 enim
971 4569 1119 4623 illum
1146 4569 1304 4624 alicui
1330 4569 1419 4622 tali
1448 4578 1670 4639 peccato

23 4660 369 4719 obnoxium
393 4660 687 4724 credimus,
735 4668 792 4714 ut
820 4674 1039 4714 necesse
1070 4660 1267 4713 habeat
1320 4658 1443 4712 inde
1479 4659 1665 4728 singu-

23 4756 237 4811 larem
260 4750 547 4820 apostolici
576 4750 966 4806 absolutionem
986 4758 1188 4819 petere,
1220 4763 1319 4803 nec
1356 4749 1428 4801 ita
1454 4747 1668 4815 cujusli-

23 4851 128 4902 bet
167 4842 409 4899 consilii
445 4851 721 4911 expertem
750 4852 809 4896 ut
852 4857 959 4896 non
1010 4842 1181 4909 magis
1227 4840 1376 4894 illum
1428 4841 1665 4894 sciamus

23 4936 373 5011 apostolico
407 4950 569 5004 quam
595 4934 951 5003 apostolicum
976 4933 1078 4987 sibi
1113 4933 1165 4985 in
1216 4931 1392 4985 dando
1435 4929 1663 4985 consilio

23 5048 217 5105 posse
252 5042 599 5084 succurrere.
638 5045 657 5078 ι
717 5025 907 5081 Relata
966 5034 1093 5079 sunt
1142 5022 1396 5078 Anselmo
1426 5023 1541 5077 lucc
1563 5062 1577 5085 ,
1610 5030 1665 5076 et

23 5122 358 5199 'espondit
392 5139 408 5175 :
447 5137 467 5172 ι
498 5119 747 5175 Potestas
775 5120 827 5172 in
854 5131 1019 5171 manu
1072 5129 1168 5169 sua
1194 5124 1297 5179 est,
1350 5114 1481 5167 dicit
1523 5115 1666 5182 quod

23 5223 131 5279 tibi
166 5216 397 5288 placet.
429 5212 499 5266 At
535 5212 579 5267 si
628 5210 786 5264 modo
821 5224 927 5262 non
958 5206 1073 5261 vult
1097 5206 1416 5267 concedere,
1473 5218 1667 5258 conce-

24 5316 115 5370 tet
151 5304 418 5364 forsitan
441 5303 545 5356 alia
580 5302 723 5356 vice.
754 5298 862 5369 Ego
886 5311 1072 5368 preces
1102 5293 1491 5361 multiplicabo.
1525 5310 1544 5342 ι
1573 5290 1670 5347 llis

23 5421 123 5464 iro
158 5395 415 5456 licentia
437 5393 619 5459 dictis,
649 5392 831 5449 statim
855 5390 1033 5445 omnis
1061 5385 1444 5445 commentatio
1467 5383 1655 5453 impla-

24 5492 273 5557 jtandi
305 5487 619 5542 Anselmum
646 5498 954 5553 compressa
984 5481 1184 5535 omissa
1215 5486 1316 5541 est,
1348 5486 1403 5531 et
1435 5489 1535 5529 nos
1564 5475 1655 5528 im-

23 5602 260 5648 nones
300 5586 368 5640 ab
389 5585 475 5639 illa
504 5581 722 5647 querela
752 5576 904 5635 curia
934 5572 1299 5628 discessimus.

1777 4574 1853 4627 De
1883 4569 2100 4624 licentia
2135 4580 2328 4636 nempe
2357 4575 2688 4633 supervacue
2714 4560 2972 4630 loqueris.
3007 4558 3122 4612 Non
3148 4557 3355 4610 dabit.»

1778 4683 1799 4715 ι
1847 4662 1903 4717 Si
1937 4663 2086 4725 dare,
2113 4658 2210 4723 ait,
2241 4673 2348 4711 non
2386 4653 2526 4717 vult,
2558 4668 2656 4722 ego
2686 4651 2870 4721 utique
2906 4648 3050 4703 illam
3082 4661 3246 4715 super
3273 4660 3362 4699 me

1774 4754 2037 4822 accipiam
2070 4750 2212 4820 quod
2256 4748 2515 4816 scriptum
2559 4751 2643 4799 est
2683 4760 2695 4794 :
2737 4740 2959 4795 Obedire
3003 4746 3201 4806 Oportet
3250 4735 3360 4788 Deo

1772 4846 1938 4913 magis
1964 4857 2121 4913 quam
2169 4837 2461 4890 hominibus
2491 4835 2627 4899 (Act.
2654 4847 2709 4895 v,
2739 4831 2851 4900 29).
2892 4848 2911 4881 ι
2960 4828 3040 4881 Ad
3071 4828 3185 4880 haec
3210 4824 3363 4879 Wal-

1772 4937 2016 4992 cbeliuus
2039 4933 2342 4986 Wentauus
2372 4928 2656 4997 episcopus
2677 4922 2944 4991 aspiciens
2964 4920 3015 4972 in
3040 4933 3162 4972 eum
3190 4917 3357 4971 dixit:

1776 5045 1794 5078 ι
1839 5027 1904 5080 Et
1927 5024 2145 5094 quidem
2170 5021 2418 5074 dominus
2446 5030 2595 5070 meus
2622 5027 2716 5067 rex
2752 5020 2806 5063 et
2838 5022 3088 5078 proceres
3117 5006 3200 5060 sui
3236 5020 3359 5059 cre-

1772 5120 1904 5172 dunt
1930 5125 1982 5170 te
2002 5129 2123 5169 esse
2148 5110 2452 5182 bujusmodi
2486 5107 2653 5161 moris
2674 5112 2731 5156 ut
2754 5116 2859 5155 non
2885 5098 3040 5153 facile
3062 5101 3129 5151 ab
3147 5098 3211 5151 iis
3236 5112 3360 5166 qua:
3455 5109 3473 5125 ο

1773 5217 1924 5263 certo
1948 5203 2243 5271 iucoeperis
2271 5198 2560 5253 movearis.
2591 5196 2791 5249 Verum
2825 5194 2875 5246 in
2908 5193 3011 5245 hoc
3038 5189 3245 5244 scilicet
3276 5197 3354 5251 ut,

1774 5306 1957 5369 spreto
1986 5295 2119 5350 tauti
2168 5292 2510 5363 pontificatus
2552 5289 2756 5343 honore
2796 5282 2956 5340 simul
3001 5292 3055 5336 et
3103 5280 3354 5343 utilitate,

1774 5390 2002 5445 Romam
2038 5393 2212 5457 petas,
2259 5398 2366 5437 non
2416 5380 2531 5434 leve
2570 5386 2651 5432 est
2684 5377 2909 5432 credere
2955 5374 3099 5444 quod
3143 5370 3355 5425 stabilis

1775 5496 2016 5538 maneas.
2052 5500 2070 5533 ι
2104 5480 2175 5534 At
2220 5477 2308 5532 ille
2335 5474 2513 5529 sciens
2546 5471 2783 5524 animum
2816 5467 2940 5531 viri,
2972 5464 3152 5519 vivido
3179 5463 3357 5527 vultu,

1794 5573 1997 5628 utentis
2048 5571 2100 5625 in
2145 5583 2270 5625 eum
2318 5564 2509 5630 oculis,
2550 5558 2826 5631 respondit
2870 5572 2884 5613 ε
2938 5574 2955 5607 ι
2992 5554 3147 5610 Vere.
3182 5572 3200 5607 ι
3237 5552 3359 5619 Quo

1378 5681 1785 5744 HENSCHENII
1822 5681 2056 5742 ΝΟΤᾸΕ.

90 5819 127 5849 ι
181 5798 376 5857 Anno
414 5795 568 5863 l097,
599 5809 657 5852 ut
682 5796 817 5853 infra
842 5793 1128 5853 indicatur.
