3890 6306
486 373 597 431 599

1465 351 1773 410 EADMEM
1807 342 2356 404 CANTUARIENSIS
2393 342 2698 399 MONACI"

3638 345 3755 405 ιοο

496 489 660 548 dicto,
696 481 761 537 ad
803 492 983 550 regem
1020 473 1221 530 reversi
1248 485 1369 541 quae
1411 468 1691 523 audierant
1744 462 2064 518 retulerunt.
2093 440 2140 497 Α
2173 463 2319 550 tuum
2361 455 3009 550 reconciliari‘sapienter
3035 465 3268 527 peteres,
3312 469 3367 515 et
3391 459 3611 531 adjutus
3640 480 3753 520 me-

500 580 642 650 Rege
667 576 828 647 igitur
856 569 1079 628 consilia
1106 582 1201 623 sua
1232 563 1554 636 protelautc,
1583 567 1637 616 et
1658 572 1872 650 summo
1892 556 2070 625 ponti.

499 649 601 722 ﬁre
646 679 770 720 cum
806 662 919 717 suis
964 659 1222 722 sedente,
1272 654 1511 710 occttrrit
1560 650 1740 704 animo
1793 649 2071 718 episcopos

499 756 703 827 squius
739 766 859 809 esse
904 750 1104 805 debere
1145 748 1198 801 in
1240 760 1336 801 suo
1362 742 1504 813 quod
1535 749 1652 794 erat
1692 739 1785 793 Dei
1810 753 1970 807 quam
2016 736 2068 789 in

499 845 728 907 consilio
765 843 906 913 regis
963 839 1184 894 terreni.
1241 835 1456 889 Mittens
1502 846 1631 901 ergo
1672 830 1926 898 praecepit
1980 840 2071 882 eos

482 937 691 997 .venire
720 934 786 989 ad
817 947 894 987 se.
930 931 1098 984 Erant
1121 935 1297 982 autem
1325 925 1377 979 bi
1412 922 1771 980 Walchelinus
1793 920 2075 988 episcopus

486 1022 929 1089 ‘Wiutouieusis,
1003 1019 1274 1073 ltohertus
1338 1014 1722 1077 Lincoliensis,
1771 1010 2076 1067 Osntundus

484 1115 895 1177 .Serberiensis,
911 1110 1146 1167 Joannes
1165 1107 1541 1163 Bathoniensis
1561 1116 1607 1158 ει.
1637 1104 1735 1171 Qui
1759 1120 1880 1157 cum
1914 1103 2075 1156 laeva-

503 1223 609 1276 que
631 1206 820 1258 dextra
842 1199 1127 1268 illiusjussi
1150 1197 1533 1256 consedissent,
1559 1194 1632 1247 ait
1653 1192 1815 1246 illisu
1838 1191 2076 1257 Fratres,

482 1300 628 1357 .ideo
655 1295 755 1350 feci
788 1309 884 1348 vos
913 1292 1095 1346 venire
1125 1290 1190 1344 ad
1220 1304 1305 1343 me
1333 1288 1472 1357 quod
1514 1286 1677 1339 vestri
1706 1283 1863 1339 ofﬁcii
1906 1292 1990 1337 est
2014 1298 2077 1337 ea

484 1404 626 1459 (qua:
655 1385 747 1439 Dei
790 1393 916 1440 sunt
947 1398 1056 1452 prae
1106 1380 1314 1436 cmteri's
1346 1386 1597 1441 tractare,
1631 1376 1938 1445 disponere.
1965 1389 2080 1429 ser-

484 1495 656 1539 ,vare.
701 1476 947 1546 Episcopi
987 1475 1127 1527 cnim
1175 1473 1339 1537 estis;
1369 1470 1573 1540 praelati
1620 1470 1671 1523 in
1716 1468 1956 1523 Ecclesia
1989 1466 2079 1521 Dei

482 1571 663 1625 estis.
699 1569 756 1624 Si
784 1583 912 1636 ergo
944 1568 1015 1621 ita
1060 1566 1286 1620 ﬁdeliter
1319 1574 1375 1619 et
1409 1564 1655 1618 districte
1684 1562 1846 1616 vultis
1880 1562 1931 1615 in
1962 1575 2081 1614 mea

490 1672 665 1731 parte
688 1661 1031 1715 considerare
1060 1671 1221 1728 atque
1244 1658 1382 1711 tueri
1415 1656 1817 1717 rectitudinem,
1848 1666 1901 1711 et
1924 1656 2083 1725 justi-

514 1753 645 1805 tiam
688 1751 782 1805 Dei
821 1750 957 1805 sicut
1004 1749 1056 1803 in
1104 1757 1258 1818 parte
1304 1746 1526 1801 alterius
1556 1746 1882 1817 perpenditis
1920 1754 2081 1812 atque

515 1842 736 1896 tuemini
760 1842 881 1911 jura
906 1849 962 1895 et
986 1855 1117 1894 usus
1143 1838 1384 1893 mortalis
1426 1838 1689 1901 hominis,
1720 1838 1925 1904 hocque
1952 1836 2082 1889 mihi

488 1982 499 1991 .
515 1932 858 2001 promittitis,
895 1945 1160 1999 exponam
1210 1928 1363 1983 vobis
1391 1929 1529 1982 sicut
1576 1926 1817 1980 ﬁdelibus
1862 1933 1916 1979 et
1960 1924 2085 1979 ﬁliis

496 2022 611 2078 .Dei
640 2039 746 2092 quo
776 2024 961 2079 tendat
987 2024 1101 2075 haec
1144 2020 1244 2074 tnei
1287 2019 1566 2089 praesentis
1600 2018 1808 2073 consilii
1853 2032 2082 2081 summa,

490 2094 573 2170 λοι
616 2118 830 2169 audiam
871 2127 1172 2182 sequarque
1201 2111 1481 2165 consilium
1512 2111 1652 2179 quod
1687 2110 1816 2164 mihi
1846 2110 1969 2164 inde
1996 2123 2088 2163 ve-

492 2214 627 2260 .stra
650 2207 759 2258 tida
781 2205 889 2257 Deo
912 2202 1172 2257 industria
1199 2203 1364 2257 dabit.
1397 2221 1415 2253 ›
1448 2203 1640 2256 Dixere
1667 2219 1681 2254 :
1715 2220 1731 2252 ί
1763 2201 2087 2270 Loquemur,

518 2297 564 2352 si
596 2296 769 2364 placet
790 2295 1120 2359 adiuvicem,
1150 2302 1203 2346 et
1229 2308 1566 2348 communem
1597 2307 1917 2348 consensum
1944 2289 2089 2347 rele-

497 2403 702 2454 ,remus
722 2387 792 2440 ad
819 2394 891 2440 te.
925 2405 943 2438 ι
978 2383 1270 2455 Surgentes
1307 2385 1487 2453 itaque
1519 2384 1571 2437 in
1602 2393 1812 2454 partem
1855 2398 1978 2437 sese
2004 2392 2092 2438 tu-

496 2480 697 2549 ‘lerunt
718 2520 732 2543 ,
769 2489 823 2535 et
859 2478 1056 2532 habitis
1085 2478 1225 2531 inter
1248 2492 1306 2532 se
1333 2476 1604 2531 nonnullis
1631 2476 1807 2530 verbis
1834 2476 2096 2531 miserunt

524 2572 851 2627 Wentauum
878 2569 1182 2640 pontiﬁcem
1210 2580 1264 2626 et
1307 2570 1619 2640 episcopum
1661 2567 1996 2622 Lincoliuum
2028 2566 2096 2621 ad

523 2678 703 2733 regem
733 2661 1073 2731 percunctari
1096 2662 1161 2715 de
1193 2660 1404 2732 negotio
1434 2659 1762 2713 voluntatem
1788 2672 1852 2713 ac
1882 2656 2094 2727 jussum

523 2754 690 2809 illius.
716 2754 900 2808 Edocti
929 2767 1058 2823 ergo
1086 2761 1306 2822 propter
1352 2766 1474 2820 quae
1505 2748 1654 2804 missi
1697 2758 1885 2812 erant,
1914 2750 1980 2803 ad
2010 2764 2097 2802 so-

492 2845 635 2907 _cios
681 2843 880 2897 reversi
930 2843 1231 2896 docuerunt
1277 2854 1372 2894 eos
1417 2855 1536 2908 qute
1580 2838 1896 2893 didicerant.
1960 2836 2097 2903 Quid

510 2935 714 3003 plura?
762 2933 967 2988 Placuit
1013 2933 1093 2987 eis
1136 2933 1189 2985 in
1243 2944 1531 2985 commune
1570 2928 1721 2998 sequi
1769 2927 2100 2983 voluntatem

500 3010 759 3078 Chomiuis
784 3022 1010 3086 terreni,
1053 3021 1300 3089 illicoque
1329 3020 1529 3074 reversi
1558 3033 1662 3072 una
1692 3018 1757 3071 ad
1786 3017 2097 3072 Anselmum

512 3114 775 3168 dixerunt
802 3113 850 3167 ei
874 3129 888 3165 :
919 3128 937 3162 ι
964 3111 1186 3165 Domine
1202 3109 1381 3174 Pater,
1400 3110 1667 3164 scimuste
1695 3108 1865 3161 virum
1892 3108 2101 3178 religio-

526 3220 649 3259 sum
696 3216 818 3259 esse
857 3217 922 3257 ac
966 3211 1234 3266 sanctum,
1257 3210 1310 3255 et
1344 3202 1397 3255 in
1442 3200 1594 3255 caelis
1643 3200 2103 3254 conversationem

519 3300 697 3346 tuam.
746 3291 855 3346 Nos
899 3299 1078 3345 autem
1128 3289 1366 3359 impediti
1407 3290 1818 3360 consanguineis
1872 3289 2102 3353 nostris,

529 3397 667 3452 quos
719 3390 1115 3442 sustentamus,
1150 3389 1204 3433 et
1246 3379 1633 3450 multiplicibus
1682 3380 1865 3434 saeculi
1923 3380 2102 3445 rebus,

502 3486 670 3547 Aquas
698 3485 963 3534 amamus,
1007 3469 1257 3534 fatemur,
1290 3472 1356 3529 ad
1404 3470 1788 3527 sublimitatem
1834 3474 1958 3529 vitm
2004 3484 2107 3531 tuae

533 3575 757 3632 surgere
789 3560 1095 3629 nequimus,
1130 3574 1229 3613 nec
1262 3560 1388 3615 huic
1420 3562 1619 3617 mundo
1642 3558 1817 3617 tecum
1862 3564 2104 3623 illudere.

534 3653 643 3707 Sed
670 3653 714 3706 si
740 3651 969 3706 volueris
990 3654 1057 3707 ad
1096 3668 1194 3707 nos
1222 3668 1388 3722 usque
1417 3654 1767 3723 descendere,
1804 3663 1855 3709 et
1892 3670 1997 3725 qua
2026 3657 2107 3709 in-

504 3743 777 3817 lcedimus
808 3742 892 3797 via
925 3744 1201 3799 nobiscum
1227 3759 1472 3813 pergere,
1512 3760 1612 3800 nos
1651 3745 1745 3800 tibi
1776 3746 1915 3799 sicut
1954 3747 2108 3801 nobis

536 3836 668 3909 ipsis
702 3836 1064 3904 consulemus,
1106 3846 1161 3891 et
1199 3839 1427 3907 negotiis
1464 3838 1570 3891 tuis
1617 3852 1949 3906 quaecunque
1999 3839 2111 3892 fue-

536 3928 666 3989 rint,
699 3927 787 3982 ubi
817 3943 952 3997 opus
975 3928 1156 3993 fuerit,
1184 3929 1325 3983 sicut
1347 3928 1568 3993 nostris,
1592 3942 1747 3998 opem
1775 3930 2024 3984 feremus.
2052 3930 2110 3984 Si

532 4030 662 4071 vero
684 4025 734 4071 te
764 4018 830 4071 ad
863 4016 1030 4070 Deum
1059 4017 1392 4073 solummodo
1423 4018 1871 4086 quemadmodum
1903 4020 2111 4088 etepisti

534 4117 719 4163 tenere
751 4108 1013 4178 delegeris
1059 4109 1227 4172 solus,
1258 4118 1517 4177 quantum
1569 4119 1754 4165 nostra
1799 4111 2021 4165 interest
2058 4112 2112 4166 in

510 4270 513 4273 ἰ
538 4200 641 4253 hoc
671 4209 728 4252 ut
756 4200 1012 4254 hactenus
1035 4198 1182 4254 fuisti
1212 4211 1265 4254 et
1293 4202 1486 4275 amodo
1515 4202 1644 4266 eris,
1678 4216 1775 4255 uos
1802 4202 2114 4258 ﬁdelitatem

518 4305 697 4358 quam
730 4292 837 4360 regi
872 4291 1126 4346 debemus
1165 4308 1269 4346 non
1304 4294 1645 4349 excedemus.
1698 4313 1717 4346 ι
1757 4296 1827 4349 At
1869 4296 1955 4350 ille
1992 4296 2111 4351 ait:

542 4396 562 4428 ι
599 4378 742 4433 Bene
769 4379 997 4434 dixistis.
1035 4378 1110 4434 lle
1146 4397 1274 4450 ergo
1305 4383 1371 4436 ad
1403 4384 1676 4438 dominum
1714 4395 1979 4451 vestrum,
2013 4402 2114 4456 cgo

539 4483 626 4522 me
656 4470 847 4523 tenebo
884 4470 950 4525 ad
988 4471 1172 4526 Deum.
1211 4490 1230 4522 ι
1277 4471 1541 4527 Fecerunt
1567 4482 1625 4526 ut
1659 4475 1896 4540 dixerat,
1937 4485 1991 4529 et
2030 4492 2114 4531 re-

450 4610 455 4615 .
540 4560 737 4613 mansit
762 4562 1045 4617 Anselmus
1073 4562 1227 4631 quasi
1253 4562 1418 4618 solus.
1454 4562 1615 4618 Facta
1643 4564 1835 4618 deinde
1872 4565 2115 4633 aliquan-

536 4649 646 4703 tula
694 4667 866 4718 mora,
913 4662 967 4707 et
1032 4668 1358 4724 unoquoque
1405 4664 1647 4708 nostrum
1696 4656 1784 4724 qui
1827 4657 2113 4712 admodum

537 4743 694 4812 pauci
733 4759 853 4798 cum
876 4760 940 4799 eo
966 4745 1325 4800 remansimus
1352 4745 1417 4798 ad
1445 4744 1725 4813 imperium
1765 4745 1904 4803 illius
1930 4748 2115 4818 singu-

533 4834 687 4889 latim
715 4837 935 4891 sedente
964 4846 1017 4891 et
1045 4836 1212 4891 Deum
1253 4852 1352 4905 pro
1375 4836 1669 4905 digestione
1706 4839 1874 4907 ipsius
1914 4842 2115 4911 negotii

534 4923 934 4993 interpellante,
960 4925 1183 4980 veniunt
1221 4927 1461 4995 praedicti
1492 4928 1724 4999 episcopi
1771 4944 1893 4985 eum
1924 4932 2117 5003 aliqui-

535 5015 637 5072 bus
666 5016 956 5070 baronibus
987 5015 1167 5084 regni,
1201 5016 1492 5073 inferentes
1516 5021 1631 5074 viro
1664 5024 1814 5078 haec:
1844 5041 1863 5074 ι
1900 5021 2118 5079 Mandat

539 5106 635 5161 tibi
667 5122 757 5160 rex
789 5106 927 5174 quod
960 5121 1101 5176 sazpc
1135 5108 1365 5164 diversis
1397 5126 1517 5164 eum
1547 5116 1781 5183 querelis
1806 5116 2116 5185 exagitasti,

539 5196 894 5261 exacerbasti,
931 5199 1203 5254 cruciasti.
1239 5201 1431 5257 Verum
1458 5220 1578 5259 cum
1608 5211 1823 5263 tandem
1856 5218 1974 5278 post
2003 5210 2119 5279 pla-

531 5292 703 5374 .citum
733 5291 874 5358 quod
917 5292 1078 5347 totius
1118 5294 1265 5366 regni
1294 5296 1617 5354 adunatione
1644 5312 1832 5356 contra
1883 5312 1935 5357 te
1973 5304 2114 5371 apud

529 5380 940 5453 Jlechiugeham
967 5383 1202 5441 habitum
1231 5397 1345 5456 est,
1373 5405 1494 5445 eum
1536 5395 1626 5449 tibi
1659 5396 1800 5451 sicut
1832 5399 2109 5460 dominum

2171 548 2292 607 ritis
2314 555 2369 601 et
2397 548 2648 617 precibus
2672 548 3024 617 plurimorum
3047 565 3145 619 pro
3166 559 3217 606 te
3245 552 3484 609 studiose
3518 556 3755 613 interve-

2173 638 2432 693 nientium
2464 639 2708 708 petitioni
2740 647 2843 694 tute
2868 639 3119 695 effectum
3149 643 3445 709 obtineres,
3482 646 3757 716 pollicitus

2174 745 2233 786 es
2269 732 2365 803 ipsi
2403 740 2455 787 te
2501 747 2630 787 usus
2660 747 2724 787 ac
2765 732 2909 802 leges
2936 749 3066 789 suas
3089 750 3473 808 usquequaque
3501 739 3757 811 deinceps

2174 828 2512 874 servaturum
2530 861 2545 885 ,
2584 828 2636 874 et
2660 836 2755 876 eas
2781 822 2883 877 sibi
2924 832 3111 877 contra
3141 839 3331 882 omnes
3359 829 3602 885 homines
3627 830 3759 886 lide-

2175 911 2298 966 liter
2323 911 2686 968 defensurum.
2707 913 2914 981 Quibus
2938 930 3103 984 opem.
3121 918 3372 974 credulus
3410 920 3606 987 factus,
3639 938 3762 992 spe-

2178 1007 2333 1060 rabat
2355 1022 2413 1061 se
2441 1007 2508 1061 de
2538 1019 2735 1062 caetero
2763 1008 3005 1077 quietum
3034 1009 3166 1065 fore.
3199 1010 3303 1067 Sed
3327 1013 3469 1070 hanc
3494 1016 3763 1085 pollicita-

2180 1100 2401 1165 tionem,
2444 1102 2585 1157 ltanc
2630 1102 2787 1156 ﬁdem
2816 1118 2882 1158 en
2926 1112 2979 1158 tu
3027 1115 3273 1174 patenter
3315 1108 3431 1178 ipse
3462 1110 3761 1177 egrederis,

2181 1192 2306 1247 dum
2334 1191 2555 1247 Romam
2590 1209 2693 1249 non
2720 1205 3027 1266 exspectata
3067 1198 3279 1254 licentia
3315 1200 3431 1270 ejus
3468 1211 3522 1256 te
3561 1204 3762 1258 iturum

2180 1284 2423 1339 minaris.
2450 1284 2750 1341 lnauditum
2784 1286 2980 1357 quippe
3015 1290 3069 1343 iu
3106 1306 3272 1361 regno
3301 1307 3401 1346 suo
3420 1302 3533 1357 est,
3560 1303 3619 1348 et
3653 1294 3764 1348 usi-

2182 1372 2284 1426 bus
2308 1372 2423 1441 ejus
2456 1376 2675 1429 omnino
2704 1378 3035 1432 contrarium
3063 1379 3356 1448 quemlibet
3374 1381 3448 1435 de
3475 1383 3591 1437 suis
3622 1384 3767 1451 prin-

2184 1465 2414 1533 cipibus,
2442 1478 2495 1522 et
2525 1470 2791 1538 praecipue
2822 1479 2874 1525 te
2902 1472 3029 1540 quid
3058 1473 3159 1528 tale
3182 1489 3531 1543 prazsumere.
3564 1477 3647 1531 Ne
3672 1479 3767 1546 igi-

2184 1563 2274 1608 tur
2303 1556 2355 1609 in
2389 1556 2751 1625 hujuscemodi
2781 1574 2840 1613 re
2862 1560 3000 1615 ultra
3023 1561 3106 1617 ve’.
3131 1578 3161 1617 a
3197 1573 3247 1619 te
3281 1566 3362 1620 vel
3388 1582 3417 1619 a
3438 1569 3640 1635 quovis
3668 1567 3773 1619 alio

2189 1652 2241 1699 te
2269 1642 2471 1710 forsan,
2500 1663 2622 1701 cum
2646 1648 2697 1703 in
2723 1637 2907 1720 a'liquo
2932 1651 3089 1707 laesus
3115 1653 3304 1720 fuerit,
3327 1655 3525 1711 imitari
3555 1658 3772 1711 volente

2113 1772 2159 1833 Β
2190 1732 2461 1833 fatigetur,
2515 1738 2627 1791 vult
2668 1748 2722 1792 et
2772 1738 2926 1807 jubet
2972 1750 3239 1810 quatenus
3283 1754 3375 1797 aut
3414 1744 3773 1813 jurejurando

2186 1826 2471 1894 promittas
2532 1829 2674 1898 quod
2730 1846 3004 1900 nunquam
3076 1834 3306 1905 amplius
3350 1838 3535 1891 sedem
3595 1838 3771 1891 sancti

2186 1916 2331 1971 Petri
2362 1918 2443 1974 vel
2469 1918 2586 1986 ejus
2614 1920 2873 1975 vicarium
2910 1938 3007 1992 pro
3054 1925 3263 1993 quavis,
3302 1941 3422 1995 quae
3455 1925 3552 1979 tibi
3612 1935 3775 1995 queat

2188 2006 2383 2078 ingeri,
2410 2024 2574 2066 causa
2620 2011 2877 2081 appelles,
2908 2023 2999 2067 aut
3048 2016 3148 2070 sub
3186 2018 3331 2070 omni
3378 2016 3667 2070 celeritate
3716 2017 3777 2071 de

2190 2106 2335 2154 terra
2361 2115 2455 2154 sua
2488 2102 2725 2156 recedas.
2755 2103 2825 2157 Et
2842 2104 2887 2158 si
2916 2105 3088 2160 mavis
3111 2106 3428 2175 interposito
3458 2108 3557 2162 hoc
3584 2122 3775 2162 sacrae

2191 2198 2372 2245 mento
2402 2206 2682 2249 remanere
2703 2210 2863 2265 quam
2886 2198 3158 2264 recedere,
3186 2207 3311 2253 tunc
3336 2207 3388 2253 te
3412 2199 3476 2252 ad
3504 2199 3777 2270 judicium

2194 2283 2367 2339 curiae
2391 2299 2502 2338 sua:
2541 2288 2798 2356 praecepit
2845 2287 2947 2343 sibi
2988 2290 3283 2344 emendare
3319 2291 3459 2359 quod
3505 2292 3574 2344 de
3629 2304 3693 2344 re
3733 2290 3780 2342 ia

2193 2388 2299 2444 qua
2330 2390 2437 2429 non
2468 2390 2592 2431 eras
2616 2386 2798 2432 certus
2828 2386 2880 2432 te
2908 2389 3397 2448 perseveraturum,
3426 2395 3595 2435 ausus
3629 2381 3782 2435 fuisti

2193 2480 2316 2521 eum
2346 2467 2511 2523 toties
2542 2468 2862 2538 inquietare.
2894 2488 2914 2523 ι
2948 2471 3242 2538 Dixerunt,
3262 2482 3319 2527 et
3344 2474 3410 2528 ad
3441 2489 3631 2544 regem
3665 2488 3783 2542 pro-

2196 2559 2341 2615 tinus
2370 2562 2572 2615 reversi
2606 2570 2752 2615 sunt.
2785 2562 2936 2618 Tunc
2970 2563 3263 2619 Anselmus
3296 2579 3417 2619 cum
3457 2564 3575 2619 suis
3608 2579 3783 2634 pauca

2192 2646 2406 2704 locutus
2433 2651 2669 2706 surrexit
2693 2691 2709 2716 ,
2741 2660 2905 2721 atque
2934 2652 3004 2707 ad
3030 2668 3211 2724 regem
3252 2654 3405 2709 nobis
3429 2668 3547 2708 eum
3586 2669 3782 2723 prose-

2195 2741 2483 2810 quentibus
2506 2744 2806 2814 iugressus,
2837 2746 2906 2800 ad
2932 2746 3176 2801 dextram
3207 2747 3347 2803 illius
3370 2762 3431 2802 ex
3458 2763 3617 2803 more
3642 2763 3787 2803 asse-

2194 2833 2295 2888 dit.
2327 2832 2530 2890 Deinde
2556 2836 2825 2891 mandatis
2854 2852 2975 2907 quae
2997 2851 3029 2891 a
3056 2839 3261 2892 nuntiis
3289 2845 3575 2908 acceperat
3604 2840 3668 2892 in
3700 2854 3787 2894 auo

2199 2926 2401 2980 dieutia
2444 2927 2561 2998 ejus
2611 2927 2922 2998 singulatim
2973 2931 3361 3000 recapitulatis,
3397 2942 3789 3000 percunctatus

2194 3024 2283 3072 est
2308 3026 2615 3074 utrumnam
2648 3035 2679 3073 a
2705 3020 2845 3077 facie
2872 3022 3042 3091 ipsius
3068 3037 3134 3078 eo
3149 3039 3255 3093 quo
3270 3025 3371 3079 sibi
3393 3026 3529 3079 dicta
3562 3026 3789 3081 lueraut

2126 3130 2175 3195 ρ
2204 3109 2363 3164 modo
2389 3125 2513 3165 vere
2534 3113 2919 3181 processerint,
2942 3122 2994 3168 et
3019 3114 3200 3168 audita
3230 3129 3412 3170 revera
3428 3119 3789 3186 processisse.

2205 3203 2350 3259 illico
2370 3206 2495 3273 quid
2539 3206 2662 3260 inde
2699 3206 2924 3261 sentiret
2952 3206 3044 3260 tali
3085 3205 3369 3261 subintulit
3390 3223 3517 3263 voce
3545 3211 3786 3265 dicens:

2211 3315 2229 3347 ι
2261 3296 2411 3363 Quod
2435 3298 2572 3352 dicis
2601 3312 2687 3353 me
2730 3298 2823 3353 tibi
2860 3300 3172 3368 promisisse
3212 3316 3340 3356 usus
3362 3310 3417 3357 et
3441 3303 3791 3356 consuetudio

2207 3404 2304 3443 nes
2325 3398 2444 3445 tuas
2470 3399 2836 3457 servaturum,
2866 3400 2920 3446 et
2947 3407 3040 3447 eas
3080 3402 3266 3447 contra
3311 3408 3495 3448 omnes
3535 3395 3792 3449 homines

2202 3488 2385 3536 tecum
2419 3481 2643 3546 ﬁdeliter
2666 3482 3033 3548 defensurum,
3060 3482 3233 3538 fateor
3259 3497 3442 3538 verum
3477 3497 3632 3538 esse.
3696 3485 3790 3539 Co-

2206 3589 2553 3645 guoscerem,
2581 3575 2626 3629 si
2652 3589 2719 3629 eo
2765 3573 2883 3629 illas
2918 3582 3074 3643 pacto
3117 3574 3487 3643 distinguendo
3515 3573 3792 3642 pml’erres

2209 3682 2314 3736 quo
2348 3678 2473 3723 tunc
2501 3666 2776 3736 temporis,
2827 3669 3045 3736 quando
3069 3667 3359 3735 promissno
3400 3667 3509 3736 ipsa
3568 3669 3651 3721 de
3697 3683 3789 3735 qua

2210 3761 2325 3828 agis
2354 3760 2493 3815 facta
2526 3768 2635 3822 est,
2676 3774 2771 3814 eas
2802 3757 2967 3814 fuisse
2995 3759 3277 3815 distinctas
3305 3758 3686 3816 indubitanter
3718 3776 3792 3814 re-

2211 3854 2425 3907 cordor.
2460 3852 2589 3908 Scio
2617 3853 2814 3922 quippe
2859 3867 2945 3908 me
2989 3852 3336 3922 spopondisse
3375 3856 3791 3908 consuetudines

2214 3953 2356 4008 tuas,
2384 3944 2528 4013 ipsas
2555 3943 2805 3997 videlicet
2829 3958 2965 4013 quas
2986 3958 3081 4012 per
3110 3944 3484 3998 rectitudinem
3513 3952 3575 3997 et
3607 3960 3791 4000 sacrm

2213 4034 2339 4087 dum
2393 4031 2559 4085 Deum
2635 4032 2689 4085 in
2747 4045 2913 4102 regno
2963 4039 3055 4086 tuo
3103 4031 3382 4101 possides,
3444 4045 3529 4085 me
3607 4048 3790 4087 secun-

2212 4125 2340 4179 dum
2384 4126 2548 4178 Deum
2580 4133 2943 4187 servaturum,
2972 4132 3028 4177 et
3058 4137 3151 4177 eas
3181 4138 3276 4192 per
3308 4122 3581 4191 justitiam
3609 4132 3789 4179 contra

2213 4232 2400 4272 omnes
2428 4216 2671 4271 homines
2704 4230 2802 4285 pro
2822 4230 2943 4270 meo
2971 4229 3126 4285 posse
3153 4214 3523 4270 defensurum.
3565 4234 3591 4267 ι
3634 4216 3690 4269 In
3715 4217 3791 4268 his

2214 4310 2392 4364 verbis
2423 4321 2545 4362 cum
2572 4322 2665 4363 rex
2701 4315 2754 4361 et
2779 4306 3051 4376 principes
3097 4306 3181 4361 sui
3216 4321 3359 4362 caeca
3392 4316 3575 4361 mente
3601 4308 3789 4375 obiice-

2219 4409 2358 4462 rent,
2387 4414 2451 4453 ac
2470 4397 2823 4468 iurisiurandi
2847 4397 3217 4467 interje’ctione
3247 4398 3546 4462 ﬁrmarent,
3576 4414 3678 4453 nec
3702 4396 3789 4450 Dei

2138 4459 2190 4520 Β
2218 4509 2317 4548 nec
2352 4491 2687 4547 rectitudinis
2718 4492 2770 4545 in
2804 4492 2917 4561 ipsa
2942 4490 3229 4560 sponsione
3262 4490 3424 4544 ullam
3467 4492 3786 4544 mentionem

2218 4583 2414 4638 factam
2438 4583 2624 4647 fuisse,
2653 4582 2799 4651 rupit
2839 4596 3003 4636 voces
3041 4596 3228 4637 eorum
3257 4580 3571 4645 Anselmus,
3600 4590 3655 4636 et
3676 4580 3785 4634 ait:

2224 4694 2242 4726 ‹
2274 4673 2460 4745 Papae!
2494 4677 2537 4729 si
2568 4690 2665 4730 nec
2690 4674 2783 4728 Dei
2830 4688 2927 4729 nec
2966 4672 3305 4728 rectitudinis
3330 4674 3557 4735 mentio,
3587 4683 3641 4726 at
3665 4670 3787 4725 dici—

2221 4766 2312 4830 tis,
2339 4765 2478 4821 facta
2508 4765 2627 4829 fuit,
2647 4766 2801 4836 cujus
2824 4764 2990 4819 tunc?
3012 4764 3167 4819 Absit
3195 4763 3264 4818 ab
3290 4765 3434 4818 omni
3466 4764 3785 4819 Christiano.

2222 4859 2379 4921 absit,
2407 4858 2553 4927 leges
2576 4858 2663 4911 vel
2690 4856 3107 4912 consuetudines
3132 4864 3338 4918 tenere,
3369 4863 3464 4908 aut
3494 4855 3650 4916 tueri,
3676 4864 3788 4920 qua

2218 4951 2331 5005 Deo
2362 4960 2418 5006 et
2456 4950 2759 5004 rectitudini
2787 4950 3073 5004 contrariae
3099 4961 3220 5002 esse
3244 4948 3574 5002 noscuntur!
3609 4963 3628 4996 ι
3660 4943 3787 4999 Cum

2219 5044 2287 5097 ad
2314 5043 2428 5097 haec
2455 5043 2529 5097 illi
2550 5043 3050 5096 submurmurantes
3070 5048 3259 5095 coutm
3288 5040 3467 5093 virum
3493 5038 3667 5107 capita
3690 5048 3788 5089 mo-

2219 5145 2430 5200 verent,
2458 5150 2561 5191 nec
2606 5143 2783 5189 tamen
2818 5134 2944 5203 quid
2972 5133 3109 5187 certi
3138 5133 3259 5186 viva
3297 5145 3431 5186 voce
3469 5130 3787 5200 proferrent.

2220 5227 2287 5281 ad
2309 5241 2373 5280 ea
2399 5240 2518 5295 qua:
2539 5234 2778 5295 cmperat
2802 5220 3142 5278 suuinferens
3162 5220 3324 5276 Pater
3344 5220 3461 5275 ait:
3496 5237 3516 5270 ι
3534 5218 3639 5272 Sed
3664 5214 3789 5284 quid

2221 5318 2422 5374 asseris
2461 5315 2866 5373 consuetudinis
2908 5324 3013 5368 tua:
3060 5327 3167 5367 non
3195 5326 3315 5366 esse
3363 5322 3422 5365 ut
3458 5324 3587 5379 ego,
3629 5318 3788 5361 causa

2218 5411 2411 5466 salutis
2459 5411 2652 5465 anima:
2681 5422 2832 5472 mete,
2873 5420 3034 5461 causa
3076 5404 3356 5476 regiminis
3390 5400 3643 5458 Ecclesia
3686 5395 3780 5451 ηε

1769 5553 2176 5623 HENSCHENII
2206 5569 2434 5626 NOTE.

608 5682 1316 5777 nioannﬂes.Bitian-icui:
1364 5689 1432 5743 ab
1474 5704 1615 5745 anno
1670 5691 1803 5749 l088
1848 5696 1916 5750 ad
1959 5697 2093 5753 “22
2125 5706 2291 5773 sedit,
2337 5717 2389 5761 et
2443 5716 2622 5764 sedem
2658 5704 3048 5777 episcopalem,
3079 5717 3143 5758 ex
3176 5700 3433 5758 Weﬂenst
3464 5695 3681 5754 άνὶηω

531 5752 851 5809 Bathoniam
884 5756 1177 5808 transtulit.
