3890 6306
166 382 289 437 ιόιλ

1284 375 1607 433 HISTORIA
1646 370 2008 431 NOYORUM.
2030 399 2098 422 -.--
2128 370 2256 427 LIB.
2296 368 2368 428 ll;

3328 354 3446 424 ut.

161 494 317 564 quod
346 491 582 559 suscepi,
605 490 822 544 beatum
845 488 1064 543 Petrum
1098 488 1377 558 requiram
1402 496 1456 542 et
1485 486 1761 557 ejusyica-
1788 490 1835 546 Α
1859 500 1981 543 esse
2023 486 2089 540 de
2136 486 2278 540 suo!
2327 484 2455 539 Hae
2473 484 2519 540 si
2553 499 2660 540 non
2691 482 2957 554 permittit
2988 487 3049 537 ut
3098 494 3310 542 meum
3344 483 3441 537 ha-

166 583 351 639 rium?
371 580 667 635 Pronuntio
697 580 837 634 hanc
864 579 1305 635 consuetudinem
1338 580 1447 634 Deo
1465 586 1522 633 et
1541 580 1760 635 rectitu-

164 675 289 729 di-ni
314 673 607 737 contraire,
632 679 687 727 et
714 672 917 727 idcirco
937 674 1007 727 ob
1028 672 1174 727 omni
1198 686 1356 727 servo
1378 671 1472 727 Dei
1503 686 1759 742 spernen-

167 767 302 820 dam
327 766 587 834 proﬁteor
613 779 675 817 ac
704 763 1061 818 refutandam.
1092 765 1245 831 Quod
1283 766 1327 820 si
1370 780 1468 835 per
1502 766 1602 819 ista
1642 777 1763 834 qua

134 874 139 877 τ
163 855 299 910 dico
322 855 607 923 quisqqu
639 854 989 924 probaturum
1019 870 1077 910 se
1095 855 1295 910 dixerit
1321 871 1407 911 me
1428 856 1582 911 ﬁdem
1602 870 1762 924 quam

164 945 271 999 tibi
301 944 471 998 debeo
496 958 604 998 non
634 958 870 1007 servare,
917 954 1164 1013 paratum
1194 960 1281 999 me
1303 945 1441 999 sicut
1466 954 1521 1000 et
1552 945 1639 998 tibi
1670 945 1763 998 de-

164 1034 280 1090 beo
309 1034 376 1087 ad
429 1034 907 1090 demonstrandum
956 1035 1194 1091 inveniet
1231 1035 1399 1101 magis
1438 1037 1491 1090 in
1542 1035 1643 1089 hoc
1678 1050 1765 1089 me

169 1123 276 1178 tibi
316 1137 441 1178 esse
493 1121 708 1176 ﬁdelem
746 1138 908 1193 quam
956 1124 1000 1179 si
1047 1138 1207 1179 secus
1245 1138 1483 1194 agerem.
1514 1126 1585 1178 At
1621 1138 1765 1178 nunc

172 1216 251 1271 ad
279 1216 385 1271 hoc
405 1215 794 1271 ostendendum
824 1216 1186 1271 nonintendo.
1216 1215 1398 1270 Scitur
1420 1224 1598 1270 tamen
1622 1215 1765 1284 quod

166 1309 359 1363 omnis
385 1308 520 1364 ﬁdes
554 1324 675 1377 qua
702 1308 874 1365 cuivis
893 1308 1099 1364 homini
1129 1308 1377 1379 legaliter
1402 1307 1763 1378 promittitur,

166 1415 247 1454 ex
261 1401 368 1455 ﬁde
388 1400 481 1455 Dei
498 1401 803 1456 roboratur.
819 1399 914 1455 Sic
936 1400 1081 1455 enim
1108 1401 1335 1469 spondet
1359 1400 1521 1454 homo
1536 1397 1764 1454 homini.

168 1492 284 1549 Per
333 1492 495 1547 ﬁdem
551 1508 710 1562 quant
754 1494 923 1549 debeo
964 1494 1097 1559 Deo,
1134 1493 1306 1547 ﬁdelis
1344 1492 1440 1547 tibi
1477 1507 1594 1547 ero.
1631 1491 1767 1547 Cum

169 1600 314 1656 ergo
347 1584 481 1640 ﬁdes
508 1600 627 1655 qua
651 1586 709 1639 iit
738 1585 940 1640 homini
988 1600 1083 1656 per
1123 1585 1281 1639 ﬁdem
1321 1584 1418 1639 Dei
1459 1583 1764 1651 roboretur,

170 1675 353 1746 liquet
391 1676 534 1745 quod
563 1677 752 1731 eadem
778 1675 932 1741 ﬁdes,
966 1677 1010 1730 si
1040 1677 1259 1745 quando
1311 1674 1586 1729 contraria
1637 1673 1764 1727 ﬁdei

170 1765 275 1820 Dei
326 1764 612 1831 admittit,
648 1775 959 1820 enervetur.
1008 1764 1114 1819 Sed
1149 1764 1442 1833 disputatio
1498 1762 1577 1816 rei
1611 1760 1771 1831 hujns

172 1873 287 1911 non
329 1867 414 1913 est
450 1857 704 1927 temporis
746 1856 924 1925 hujus.
962 1856 1149 1926 itaque
1178 1832 1312 1910 ﬁdes
1357 1868 1522 1924 quam
1571 1854 1767 1921 debeo,
1803 1832 1847 1888 Β

171 1960 236 2004 et
261 1951 543 2003 servitium
573 1948 691 2017 ejus
715 1956 1042 2018 cogunt‘me
1080 1948 1147 2002 ad
1199 1956 1362 2017 caput
1406 1946 1775 2001 christianita-

158 2042 253 2095 .tis
280 2056 474 2109 papam
505 2040 784 2106 accedere,
814 2049 871 2094 et
910 2040 978 2094 ab
1005 2054 1072 2093 eo
1099 2037 1564 2110 pernecessarium
1592 2037 1776 2092 Eccle-

176 2133 280 2187 sia
316 2133 407 2187 Dei
437 2142 490 2186 et
530 2132 658 2186 mihi
692 2131 975 2186 consilium
998 2139 1205 2200 petere,
1244 2144 1342 2184 nec
1369 2129 1585 2184 videtur
1631 2129 1776 2197 quod

176 2222 383 2292 aliquis
414 2221 579 2276 Deum
601 2219 875 2278 oﬁ‘eudere
903 2222 1098 2277 timens
1121 2220 1222 2275 hoc
1252 2220 1445 2275 debeat
1464 2220 1774 2289 prohibere.

158 2316 300 2370 Nec
332 2316 498 2378 enim,
530 2324 582 2369 tu
623 2330 737 2379 rex,
766 2313 1141 2383 aquanimiter
1165 2311 1357 2379 ferres,
1386 2312 1431 2367 si
1455 2311 1685 2382 quilibet
1712 2310 1779 2367 de

181 2408 499 2463 hominibus
522 2407 627 2461 tuis
649 2415 843 2475 potens
871 2420 935 2461 ac
987 2404 1139 2460 dives
1197 2404 1367 2459 ullum
1394 2418 1615 2460 suorum
1647 2402 1781 2457 ﬁde-

182 2498 326 2553 litati
376 2499 705 2568 servitioque
736 2506 829 2552 tuo
883 2497 1247 2553 intendentem
1299 2497 1666 2568 prapediret,
1714 2509 1779 2549 ac

184 2588 540 2658 prapeditum
579 2588 738 2642 minis
765 2595 821 2641 et
849 2588 1149 2641 terroribus
1177 2588 1245 2642 ab
1276 2586 1623 2657 exsequenda
1667 2584 1777 2639 uti-

187 2679 344 2734 litate
376 2689 465 2733 tua
488 2680 822 2749 prohiberet,
852 2693 1043 2733 verum
1080 2680 1258 2735 debita
1308 2680 1363 2733 in
1395 2695 1520 2734 eum
1574 2678 1780 2732 ultione

186 2772 407 2827 violata
440 2786 602 2842 quam
627 2772 721 2827 tibi
770 2771 1003 2827 debebat
1044 2770 1169 2825 ﬁdei
1214 2782 1422 2825 reatum
1469 2770 1710 2839 punires.
1756 2788 1775 2822 ι

191 2862 352 2918 Tunc
375 2879 466 2917 rex
496 2872 552 2919 et
583 2877 766 2918 comes
795 2863 863 2917 de
906 2862 1176 2927 Mellento,
1224 2862 1498 2917 Robertus
1541 2861 1780 2929 nomine,

191 2957 653 3024 interrumpentes
683 2956 847 3010 verba
890 2956 1048 3024 ejus:
1086 2976 1104 3008 ι
1131 2954 1177 3009 Ο
1215 2971 1269 3019 o,
1320 2955 1593 3019 dixerunt,
1645 2968 1784 3022 pra-

191 3047 398 3102 dicatio
434 3057 520 3102 est
544 3047 689 3116 quod
719 3048 893 3116 dicit,
923 3047 1235 3117 pradicatio
1265 3054 1351 3102 est
1377 3087 1391 3111 ,
1440 3060 1547 3101 non
1594 3044 1672 3099 rei
1716 3045 1783 3100 de

190 3150 303 3205 qua
334 3137 514 3206 agitur
541 3137 645 3191 ulla
677 3152 796 3206 qua
826 3137 1133 3205 recipienda
1161 3137 1283 3190 sita
1311 3136 1666 3206 prudentibus
1690 3150 1782 3189 ra-

193 3228 299 3281 tio.
341 3246 361 3279 ι
394 3227 597 3293 Quibus
622 3243 747 3283 cum
778 3229 976 3298 quique
1005 3242 1290 3298 procerum
1320 3225 1705 3287 acclamarent,
1732 3236 1787 3281 et

190 3332 260 3372 os
298 3316 472 3371 Patris
500 3318 612 3373 suis
640 3319 864 3373 vocibus
903 3319 1149 3388 oppilare
1178 3318 1520 3380 laborarent,
1558 3316 1672 3386 ipse
1703 3317 1787 3371 in-

196 3420 286 3463 ter
309 3423 406 3462 ora
441 3409 921 3478 perstrepentium,
965 3409 1191 3463 dimisso
1217 3408 1385 3469 vultu,
1418 3406 1567 3462 mitis
1623 3407 1785 3462 sede-

192 3499 315 3561 bat,
346 3505 401 3552 et
421 3498 689 3551 clamores
722 3512 912 3552 eorum
942 3497 1095 3567 quasi
1127 3496 1291 3552 surda
1344 3510 1476 3551 aure
1524 3496 1789 3565 despicie-

194 3591 314 3645 bat.
344 3588 607 3660 Fatigatis
638 3599 818 3643 autem
860 3590 937 3644 eis
972 3604 1002 3642 a
1028 3590 1246 3659 pr0prio
1281 3591 1532 3657 strepitu,
1564 3588 1785 3641 sedato-

170 3698 307 3753 tque
333 3680 583 3744 tumultu,
609 3681 900 3736 Anselmus
923 3682 989 3734 ad
1009 3686 1173 3735 verba
1200 3695 1295 3734 sua
1329 3687 1533 3733 remeat
1562 3678 1745 3733 dicens
1773 3695 1786 3730 :

201 3793 225 3826 ε
260 3775 342 3828 Ad
368 3789 430 3827 ea
459 3788 579 3842 qua
623 3771 779 3843 jubes
806 3780 860 3825 ut
890 3812 904 3836 ,
949 3786 1057 3840 quo
1095 3786 1317 3825 securus
1358 3770 1427 3825 de
1472 3785 1558 3823 me
1609 3769 1786 3839 possis

195 3850 401 3917 amodo
422 3876 560 3926 esse,
599 3863 776 3932 jurem
825 3861 919 3917 tibi
948 3862 1089 3931 quod
1116 3877 1387 3930 nunquam
1416 3858 1649 3928 amplius
1694 3874 1793 3929 pro

197 3953 442 4023 qualibet
476 3967 641 4007 causa
694 3954 912 4008 beatum
955 3954 1175 4008 Petrum
1222 3952 1304 4007 vel
1356 3951 1474 4019 ejus
1528 3951 1791 4005 vicarium

200 4042 260 4098 in
282 4042 474 4113 Anglia
495 4042 776 4113 appellem,
813 4042 935 4097 dico
961 4042 1266 4111 hujusmodi
1292 4040 1593 4111 jussionem
1634 4049 1790 4095 tuam

198 4134 298 4202 qui
326 4133 671 4188 Christianus
698 4149 758 4188 es
786 4134 1111 4187 omnimodis
1144 4148 1265 4188 esse
1298 4148 1403 4187 non
1430 4132 1646 4187 debere.
1682 4130 1795 4187 Hoc

200 4225 353 4279 enim
397 4225 606 4294 jnrare,
648 4226 864 4279 beatum
894 4224 1116 4279 Petrum
1150 4233 1232 4279 est
1261 4223 1529 4291 abjurare.
1564 4221 1666 4289 Qui
1698 4238 1792 4277 au-

202 4323 318 4370 tem
371 4315 588 4369 beatum
634 4313 854 4369 Petrum
899 4314 1150 4383 abjurat,
1203 4313 1477 4367 Christum
1518 4312 1611 4382 qui
1667 4326 1793 4367 eum

204 4420 376 4475 super
400 4406 697 4461 Ecclesiam
737 4420 889 4461 suam
920 4405 1221 4474 principem
1249 4404 1399 4471 fecit,
1430 4403 1795 4463 indubitanter

1860 580 2041 645 beam,
2094 579 2304 633 noverit
2357 577 2499 649 quod
2546 577 2722 649 potius
2764 577 2926 647 pedes
2959 590 3023 628 ac
3061 576 3235 631 nudus
3283 575 3443 631 abibo

1860 686 2023 742 quam
2071 681 2247 742 capto
2276 671 2557 726 desistam.
2592 690 2611 724 ι
2672 670 2725 724 In
2756 669 2876 724 istis
2916 668 3189 740 princeps,
3240 670 3457 738 pudore

1863 763 2119 827 suffusus,
2149 764 2351 819 dictum
2396 778 2552 819 suum
2583 780 2687 819 non
2735 763 2809 817 ita
2857 762 3192 819 intellexisse
3242 776 3302 816 se
3358 775 3445 817 ro-

1860 857 2119 928 spondit:
2157 874 2176 908 ι
2210 855 2318 911 Nec
2348 857 2491 911 enim
2521 856 2656 921 dixi,
2705 858 2803 921 ait,
2840 865 2900 911 ut
2944 856 3121 911 nudus
3152 862 3244 909 aut
3283 854 3447 924 pedes

1864 949 2060 1004 abiret.
2090 949 2339 1003 Attamen
2371 948 2458 1003 die
2484 949 2576 1017 qui
2618 950 2721 1003 erit
2747 949 3066 1005 undecimus
3089 950 3156 1004 ab
3189 949 3317 1012 isto,
3358 945 3449 1014 ju-

1866 1038 1967 1092 heo
1994 1047 2054 1091 ut
2080 1053 2228 1093 mare
2258 1040 2584 1093 transiturus
2613 1041 2678 1094 ad
2710 1050 2921 1110 portum
2963 1040 3054 1101 sit.
3098 1048 3153 1094 et
3201 1038 3273 1093 ibi
3308 1052 3449 1091 nun-

1866 1133 1976 1184 tius
2012 1144 2166 1184 meus
2212 1129 2311 1197 ipsi
2346 1130 2537 1184 obvius
2575 1132 2703 1194 erit,
2748 1133 2838 1199 qui
2869 1131 3095 1186 dictabit
3136 1130 3185 1184 ei
3219 1128 3345 1198 quid
3382 1141 3452 1182 ex

1865 1218 2131 1288 permissu
2160 1233 2278 1273 meo
2299 1219 2388 1275 ille
2409 1222 2492 1275 vel
2522 1222 2603 1276 sui
2644 1222 2984 1276 discedentes
3017 1234 3199 1275 secum
3223 1222 3445 1272 terant.»

1868 1311 1964 1367 llis
1985 1311 2074 1366 tali
2102 1314 2261 1369 modo
2292 1313 2517 1380 digestis
2541 1353 2555 1375 ,
2590 1314 2771 1369 statim
2816 1314 3131 1367 volebamus
3161 1313 3229 1367 ad
3269 1312 3451 1382 hospi-

1871 1405 2002 1460 tium
2031 1405 2305 1461 secedere.
2336 1403 2441 1458 Sed
2496 1404 2815 1469 Anselmus,
2861 1404 3051 1459 doctus
3085 1404 3137 1457 in
3196 1402 3457 1474 patientia

1854 1503 2149 1572 possidere
2179 1501 2415 1554 animam
2438 1514 2612 1564 suam,
2639 1500 2880 1571 jncundo
2908 1510 2966 1553 et
3007 1497 3164 1553 hilari
3196 1495 3343 1551 vultu
3387 1496 3459 1551 ad

1871 1604 2053 1660 regem
2085 1590 2414 1653 revertitur,
2458 1589 2646 1644 dicens
2670 1588 2720 1643 ei
2749 1606 2763 1642 :
2797 1607 2816 1640 ι
2854 1588 3100 1651 Domine,
3146 1602 3249 1656 ego
3288 1586 3450 1640 vado.

1870 1682 2024 1750 Quod
2061 1682 2105 1736 si
2141 1682 2283 1736 bono
2308 1680 2491 1734 animo
2532 1688 2719 1735 vestro
2750 1680 2865 1733 ﬁeri
2890 1679 3045 1735 vobis
3072 1679 3329 1748 placeret,
3360 1678 3461 1731 uti-

1872 1788 1976 1843 que
2016 1783 2072 1829 et
2095 1788 2190 1827 vos
2216 1772 2386 1842 magis
2408 1772 2649 1839 deceret,
2681 1781 2735 1828 et
2757 1772 2905 1827 omni
2934 1773 3077 1826 bono
3120 1772 3323 1827 homini
3370 1785 3461 1825 ac-

1874 1866 2081 1936 ceptius
2105 1874 2268 1919 esset.
2296 1865 2367 1918 At
2421 1878 2565 1918 nunc
2605 1878 2719 1918 rem
2750 1863 2804 1917 in
2854 1862 3188 1918 contrarium
3228 1863 3457 1932 lapsam,

1876 1956 2003 2014 licet
2028 1956 2272 2021 moleste,
2298 1964 2560 2026 quantum
2589 1956 2657 2011 ad
2696 1970 2811 2019 vos,
2841 1956 2985 2024 quod
3016 1964 3196 2008 tamen
3225 1968 3343 2007 mea
3376 1967 3463 2006 re-

1876 2050 2003 2115 fert,
2033 2048 2408 2119 aequanimiter
2427 2062 2523 2116 pro
2544 2062 2703 2117 posse
2732 2046 2924 2109 ieram,
2950 2061 3049 2101 nec
3069 2045 3140 2100 ob
3164 2044 3267 2099 hoc
3288 2057 3373 2097 me
3395 2046 3463 2097 ab

1878 2154 2064 2193 amore
2103 2138 2297 2192 anima
2332 2148 2527 2191 vestra
2573 2136 2764 2192 salutis
2795 2175 2811 2201 ,
2851 2136 3147 2190 miserante
3191 2134 3463 2197 Domino,

1880 2227 2145 2282 auferam.
2173 2226 2327 2280 Nunc
2361 2226 2546 2297 igitur,
2576 2227 2839 2297 ignorans
2865 2226 3086 2294 quando
3124 2238 3219 2279 vos
3266 2224 3465 2277 iterum

1879 2320 2096 2374 visurus
2121 2318 2248 2382 sim,
2274 2316 2384 2373 Deo
2418 2333 2514 2373 vos
2541 2316 2885 2381 commendo,
2916 2325 2973 2371 et
2994 2316 3139 2370 sicut
3161 2312 3468 2385 spiritualis

1882 2410 2043 2465 Pater
2066 2409 2264 2464 dilecto
2305 2408 2437 2475 ﬁlio,
2461 2409 2601 2464 sicut
2642 2408 3083 2478 archiepiscopus
3110 2405 3466 2461 Cantuarien-

1879 2502 1956 2557 sis
1986 2503 2097 2573 regi
2123 2500 2350 2571 Anglia,
2386 2499 2540 2555 vobis
2592 2499 2686 2554 Dei
2732 2508 2788 2553 et
2819 2502 2992 2553 meam
3031 2496 3465 2553 benedictionem

1880 2600 2173 2662 antequam
2226 2592 2415 2646 abeam
2451 2631 2465 2655 ,
2510 2591 2554 2645 si
2607 2605 2728 2644 eam
2766 2606 2872 2644 non
2924 2588 3194 2660 abjicitis,
3226 2589 3469 2644 tribuere

1881 2685 2021 2740 volo.
2057 2704 2077 2736 ι
2123 2684 2279 2739 Tune
2317 2698 2433 2746 rex,
2475 2702 2493 2734 ι
2526 2683 2986 2747 Benedictionem,
3029 2684 3123 2749 ait,
3172 2693 3318 2736 tuam
3350 2696 3463 2736 non

1882 2778 2098 2846 abjicio.
2137 2794 2157 2828 ι
2185 2775 2311 2831 Mox
2352 2773 2441 2829 ille
2486 2788 2714 2843 surgens
2745 2814 2761 2837 ,
2799 2775 2971 2828 levata
3015 2774 3204 2828 dextra
3249 2774 3469 2843 signum

1882 2875 2085 2924 sancta
2111 2867 2287 2921 crucis
2313 2879 2477 2934 super
2506 2880 2689 2935 regem
2734 2865 2802 2918 ad
2832 2865 2935 2918 hoe
2982 2875 3145 2934 caput
3174 2865 3467 2919 humiiianw

1884 2964 1993 3013 tem
2019 2955 2208 3016 edidit,
2236 2965 2290 3009 et
2317 2952 2617 3020 abscessit,
2650 2954 2752 3007 viri
2775 2952 3110 3008 alacritatem
3163 2968 3288 3020 rege
3338 2968 3491 3007 cum-

1883 3049 1995 3105 suis
2018 3047 2341 3102 admirante.
2374 3045 2528 3100 Anno
2554 3046 2623 3101 ab
2653 3044 3029 3101 incarnatione
3068 3043 3189 3098 Filii
3215 3044 3310 3098 Dei
3345 3044 3469 3098 mil-

1885 3139 2077 3195 lesimo
2118 3139 2468 3209 nonagesimo
2510 3136 2743 3205 septimo
2786 3146 2905 3192 acta
2944 3145 3072 3192 sunt
3118 3138 3232 3192 hac
3257 3176 3272 3201 ,
3333 3134 3472 3192 feria

1890 3233 2077 3303 quinta
2117 3249 2238 3303 qua
2276 3232 2377 3285 fuit
2401 3230 2523 3285 ldus
2562 3229 2829 3285 Octobris.
3430 3278 3433 3281 .

1964 3323 2123 3378 Venit
2169 3325 2367 3379 dehinc
2417 3322 2767 3378 Cantuariam
2817 3318 3124 3381 Anselmus,
3176 3319 3268 3375 ubi
3314 3318 3472 3376 sedes

1890 3414 2235 3485 pontiﬁcalis,
2264 3414 2350 3467 ubi
2393 3414 2555 3468 totius
2594 3412 2743 3480 regni
2776 3420 2939 3479 caput
2976 3418 3241 3480 estatque
3266 3410 3471 3480 prima-

1894 3515 1997 3559 tus.
2053 3504 2274 3559 Postera
2314 3504 2402 3557 die
2436 3503 2685 3558 allocutis
2709 3541 2722 3564 ,
2755 3510 2811 3554 et
2847 3515 2946 3571 pro
2994 3500 3215 3555 instanti
3256 3499 3491 3567 negotio

1893 3610 2221 3664 magnopere
2260 3592 2555 3648 consulatis
2592 3592 2716 3646 ﬁliis
2746 3591 2893 3659 suis,
2924 3600 3137 3646 astante
3179 3591 3475 3644 monacho-

1894 3698 2034 3747 rum,
2064 3683 2411 3746 clericorum,
2440 3698 2504 3737 ac
2534 3697 2820 3736 numerosa
2864 3681 3185 3752 populorum
3230 3678 3474 3735 multitu-

1894 3772 2040 3838 dine,
2076 3788 2261 3842 peram
2293 3781 2348 3827 et
2390 3771 2639 3827 baculum
2674 3772 3135 3841 peregrinantium
3182 3785 3331 3825 more
3377 3785 3473 3823 ro-

1894 3880 2013 3918 ram
2091 3863 2250 3918 altari
2326 3864 2603 3933 suscepit,
2668 3862 3168 3931 commendatisque
3219 3860 3471 3916 omnibus

1896 3962 2113 4016 Christo
2140 3961 2339 4031 ingenti
2382 3959 2508 4015 ﬁetu
2544 3970 2599 4014 et
2627 3958 2827 4029 ejulatu
2851 3964 3189 4027 prosecutus,
3222 3966 3474 4023 egressus

1898 4059 2003 4104 est.
2039 4050 2158 4119 Ipso
2187 4050 2274 4105 die
2317 4050 2384 4103 ad
2416 4058 2631 4119 portum
2669 4047 2847 4101 Dofris
2896 4046 3109 4107 ivimus,
3143 4044 3323 4112 ibique
3363 4041 3475 4097 clo--

1898 4142 2069 4196 ricum
2120 4142 2406 4210 quemdam
2463 4139 2828 4194 Willhelmum
2874 4138 3093 4194 nomine
3143 4152 3175 4190 a
3230 4149 3356 4205 rege
3404 4149 3474 4189 ex

1899 4231 2172 4295 condicto,
2205 4241 2265 4283 ut
2291 4230 2548 4294 diximus,
2589 4230 2856 4284 directum
2895 4226 3211 4295 reperimus.
3252 4223 3469 4280 Detenti

1899 4328 2081 4375 autem
2128 4319 2201 4373 ibi
2256 4335 2446 4374 sumus
2493 4320 2799 4388 quindecim
2852 4318 3062 4381 diebus,
3105 4324 3266 4371 vento
3314 4315 3471 4369 nobis

1901 4411 2188 4467 transitum
2219 4409 2557 4480 prohibente.
2608 4408 2664 4463 lu
2696 4424 2803 4478 qua
2862 4422 3013 4464 mora
3063 4406 3206 4463 idem
3233 4402 3473 4459 Willbel-

201 4494 443 4564 abjurat.
461 4496 593 4549 Cum
626 4495 789 4565 igitur
816 4504 1033 4564 propter
1060 4504 1111 4549 te
1137 4499 1191 4567 (ο
1215 4495 1330 4563 rex)
1380 4493 1655 4551 Christum
1704 4509 1795 4549 ne-
1824 4511 1873 4569 ι)
1900 4518 2019 4557 mus
2047 4517 2167 4557 cum
2195 4500 2355 4555 Patre
2387 4500 2594 4554 intrans
2620 4508 2674 4554 et
2700 4500 2910 4564 exiens,
2938 4506 2993 4552 et
3030 4498 3081 4552 in
3114 4512 3296 4553 mensa
3330 4495 3471 4551 illius

203 4600 431 4657 gavero,
472 4584 664 4653 fateor,
696 4596 1003 4655 peceatum,
1023 4586 1166 4655 quod
1192 4586 1245 4641 in
1270 4586 1593 4656 requirenda
1628 4585 1797 4643 licen-

184 4680 282 4732 tia
317 4677 532 4743 admisi,
562 4675 773 4744 judicio
792 4678 953 4732 curia
978 4688 1080 4732 tua
1101 4695 1206 4734 non
1230 4679 1411 4748 segnis
1440 4678 1789 4734 emendabo.»

205 4768 311 4823 liis
344 4768 523 4822 verbis
556 4767 815 4837 praefatus
844 4784 1028 4823 comes
1068 4769 1396 4840 indignando
1425 4769 1753 4839 subjungens
1777 4808 1793 4833 ,

208 4862 289 4914 ait
321 4878 337 4912 :
372 4880 390 4911 ι
426 4861 543 4923 Eia,
583 4862 687 4923 eia,
732 4861 893 4916 Petro
932 4871 984 4914 et
1016 4877 1167 4930 papa
1227 4873 1277 4916 te
1313 4861 1690 4931 prasentabis,
1741 4869 1797 4916 et

206 4964 312 5004 nos
344 4949 562 5017 quidem
606 4964 709 5007 nou
742 4950 991 5006 transibit
1024 4951 1166 5019 quod
1197 4953 1438 5006 scimus:
1482 4971 1500 5004 ι
1541 4950 1639 5006 Cui
1692 4950 1794 5005 Pa-

208 5048 295 5093 ter
336 5040 645 5107 respondit:
703 5058 721 5090 α
779 5041 919 5094 Deus
991 5040 1205 5109 quidem
1275 5041 1424 5094 novit
1476 5039 1604 5110 quid
1645 5041 1797 5096 vobis

208 5126 500 5193 manebit,
540 5136 594 5183 et
630 5128 762 5183 mihi
812 5128 878 5182 ad
942 5130 1307 5199 apostolorum
1348 5142 1566 5184 suorum
1607 5130 1796 5186 limina

207 5218 545 5288 properanti,
578 5218 620 5271 si
644 5217 745 5271 sibi
801 5217 999 5286 placet,
1051 5217 1301 5272 auxiliari
1354 5219 1569 5275 valebit.
1610 5240 1627 5270 ι
1669 5220 1798 5275 Post

210 5309 331 5361 hac
354 5309 607 5371 surrexit,
635 5318 797 5375 atque
843 5307 907 5359 ad
954 5306 1129 5360 locum
1177 5308 1317 5360 unde
1361 5307 1669 5362 exieramus
1710 5321 1796 5361 re-

186 5392 405 5455 versos
443 5415 473 5454 e
526 5400 753 5469 vestigio
780 5398 952 5452 nuntii
1004 5397 1146 5467 regis
1174 5397 1446 5452 subsecuti
1501 5398 1799 5452 intulerunt

208 5492 332 5544 viro
363 5492 475 5544 hac
503 5508 517 5544 :
548 5509 566 5541 ι
607 5490 744 5545 Ecce
767 5490 887 5544 ibis.
920 5490 1302 5545 Verumtamen
1350 5472 1795 5550 seias.dominum

205 5590 459 5639 nostrum
492 5582 604 5651 pati
636 5582 777 5637 nolle
798 5592 850 5636 te
899 5588 1185 5637 exeuntem
1238 5581 1531 5649 quidquam
1589 5581 1654 5635 de
1683 5582 1796 5636 suis

214 5684 397 5731 tecum
428 5672 597 5729 ferre.
644 5692 663 5726 ι
706 5672 777 5727 At
815 5671 942 5725 ille:
976 5689 994 5722 ι
1022 5671 1368 5741 Equitaturas
1398 5670 1588 5734 habeo,
1616 5679 1796 5727 vestes

211 5781 431 5846 quoque
461 5763 951 5845 «supellectilem,
978 5778 1097 5832 qua
1123 5762 1372 5822 fortassis
1411 5763 1551 5819 dicet
1598 5761 1795 5833 aliquis

1898 4594 2139 4664 quotidie
2169 4593 2481 4657 comedens,
2516 4590 2650 4647 nihil
2692 4592 2760 4646 de
2795 4606 2957 4646 causa
2989 4604 3088 4658 pro
3125 4604 3230 4659 qua
3274 4586 3473 4647 missus

1899 4684 2077 4740 fuerat
2113 4699 2273 4753 agere
2311 4685 2545 4739 volebat.
2594 4682 2691 4737 Die
2723 4696 2850 4736 vero
2898 4680 3303 4751 quintodecimo
3348 4692 3473 4741 cum

1898 4789 1997 4829 nos
2026 4784 2206 4830 nauta
2249 4784 2505 4843 urgerent
2537 4787 2699 4827 naves
2744 4780 2950 4841 petere,
3002 4779 3057 4823 et
3102 4783 3199 4823 nos
3243 4766 3475 4829 transire

1897 4862 2042 4918 avidi
2089 4862 2158 4916 ad
2189 4862 2293 4916 hoc
2333 4859 2715 4931 fatigarentur,
2754 4872 2881 4914 ecce
2916 4856 3131 4911 videres
3168 4870 3281 4909 rem
3312 4854 3472 4921 mise-

1898 4956 2145 5011 randam.
2179 4952 2395 5023 Patrem
2426 4951 2634 5019 patria,
2664 4951 2949 5021 primatem
2976 4947 3139 5001 totius
3162 4945 3469 5015 Britannia,

1898 5043 2242 5115 Willholmus
2294 5040 2382 5094 ille
2412 5034 2564 5108 quasi
2602 5034 2918 5107 fugitivum,
2959 5036 3041 5089 vel
3092 5036 3319 5104 alicujus
3366 5035 3471 5089 im-

1899 5134 2077 5187 manis
2108 5130 2334 5187 sceleris
2363 5144 2536 5193 reum,
2566 5128 2619 5182 in
2651 5127 2833 5181 littore
2857 5126 3110 5187 detinuit,
3132 5140 3195 5179 ac
3227 5138 3292 5177 ue
3325 5140 3473 5179 mare

1900 5224 2139 5272 transeat
2163 5231 2228 5270 ex
2279 5224 2434 5284 parte
2483 5211 2687 5267 domini
2720 5210 2802 5264 sui
2837 5209 3014 5285 jubet,
3064 5209 3239 5263 donec
3287 5209 3470 5262 omnia

1896 5324 2016 5378 qua
2050 5322 2230 5362 secum
2264 5306 2494 5371 ferebat,
2529 5302 2631 5356 sibi
2673 5301 2984 5372 singulatim
3024 5301 3245 5356 revelet.
3280 5300 3471 5357 Allata

1902 5398 2068 5469 igitur
2097 5406 2222 5450 ante
2260 5395 2406 5449 illum
2439 5394 2653 5463 bulgia,
2673 5402 2728 5447 et
2755 5390 3006 5447 mantica
3036 5400 3292 5445 reserata
3320 5399 3465 5457 sunt,

1896 5499 1952 5545 et
1982 5497 2089 5543 tota
2118 5486 2354 5554 supellex
2401 5483 2543 5538 illius
2571 5498 2666 5553 spe
2709 5483 2951 5555 pecunia
2986 5481 3316 5552 reperienda
3339 5474 3464 5535 sub"-

1895 5598 2053 5637 versa
2092 5589 2147 5635 et
2191 5577 2461 5649 exquisita
2503 5587 2624 5642 est,
2687 5576 2889 5647 ingenti
2920 5575 3090 5645 plebis
3127 5574 3497 5629 multi-tudine»

1897 5674 2301 5733 circumstante,
2334 5682 2397 5722 ac
2433 5666 2697 5722 nelarium
2741 5682 2898 5737 opus,
2940 5680 3039 5735 pro
3083 5665 3165 5719 sui
3207 5663 3489 5725 novitate,“

1896 5760 2213 5823 admirando
2244 5766 2541 5832 spectante,
2569 5766 2624 5813 et
2654 5755 2947 5828 spectando
2980 5762 3319 5812 exsecrante.
3358 5751 3495 5809 Bos»
