3890 6306
502 337 608 399 “3

1494 346 1802 404 EADMERI
1840 345 2396 404 CANTUADIENSIS
2435 348 2742 406 MONACHI

3658 348 3748 405 ιω

496 456 603 511 bus
644 470 772 527 ergo
824 459 1060 524 eversis,
1106 458 1198 515 sed
1230 457 1367 514 nihil
1413 473 1601 514 eorum
1631 474 1863 528 quorum
1910 472 2072 513 causa
2100 458 2151 519 Α
2177 472 2305 513 ecce
2344 458 2451 513 dux
2508 458 2651 514 idem
2696 464 2908 512 armata
2950 454 3181 512 militum
3211 471 3375 513 ntanu
3410 456 3677 527 stipatus,
3703 462 3749 515 in

493 563 715 603 eversae
753 559 896 613 sunt,
930 551 983 604 in
1015 550 1094 606 eis
1133 559 1367 620 reperto,
1397 550 1581 606 delusa
1620 551 1927 606 sollicitudo
1957 566 2075 620 per-

492 639 801 694 scrutantis
830 650 932 703 est,
981 649 1035 695 et
1073 641 1366 695 Ansclmus
1411 655 1533 695 cum
1587 641 1701 695 suis
1755 639 1905 695 abire
1960 655 2083 710 per-

492 731 725 791 missus.
775 730 960 800 Itaque
991 748 1181 786 navem
1212 733 1565 801 ingredimur,
1593 733 1768 789 ventis
1797 732 1912 786 vela
1944 747 2077 798 pan-

488 820 726 886 duntur,
751 833 801 877 et
828 833 947 892 post
979 824 1250 881 modicum
1280 835 1398 879 orta
1439 825 1712 894 aliquanta
1743 823 2074 890 diﬂicultate,

483 912 593 966 .sed
651 927 719 968 ea
771 923 1017 984 respectu
1072 915 1371 970 clementia:
1421 916 1515 970 Dei
1574 917 1625 969 in
1666 916 1811 970 brevi
1866 915 2074 979 sedata,

484 1006 865 1073 prosperrime
898 1000 1138 1061 marinos
1158 1007 1353 1063 fluctus
1378 1009 1550 1063 evecti
1574 1007 1956 1072 Witsantdisa,
1981 1021 2079 1078 pro

483 1104 625 1153 .voto
663 1097 987 1167 appulimus.

571 1189 684 1244 Rex
746 1202 927 1245 autem
980 1192 1319 1250 Willhelmns
1365 1195 1452 1249 ubi
1504 1195 1715 1262 audivit
1764 1194 2075 1249 Ansehnum

484 1282 911 1348 transfretasse,
942 1282 1226 1338 confestim
1261 1286 1515 1355 praecepit
1555 1295 1749 1340 cuncta
1784 1300 1904 1354 qua:
1937 1285 2077 1340 illius

482 1369 633 1435 .jnris
663 1370 881 1427 fuerant
905 1374 956 1427 in
987 1392 1143 1429 suum
1172 1377 1455 1431 transcribi
1493 1378 1816 1441 dominium,
1846 1387 1901 1432 et
1924 1377 2077 1432 irrita

476 1462 618 1521 ,tleri
649 1464 832 1519 omnia
861 1480 981 1535 quae
1017 1482 1115 1536 per
1152 1468 1326 1537 ipsum
1358 1478 1567 1522 mutata
1602 1468 1689 1522 vel
1716 1477 1915 1523 statuta
1947 1467 2079 1524 fuis-

484 1568 559 1607 .se
600 1557 818 1623 probari
848 1566 1101 1626 poterant
1128 1574 1195 1613 ex
1224 1574 1331 1626 quo
1357 1560 1531 1628 primo
1561 1566 1788 1613 venerat
1817 1559 1871 1613 in
1903 1559 2078 1613 archi-

496 1648 895 1718 episcopatum.
923 1651 1157 1705 Desaevit
1202 1651 1370 1720 igitur
1394 1651 1717 1720 quandoque
1742 1665 1840 1719 per
1867 1652 2073 1721 cpisco-

472 1746 681 1805 .patnm
737 1749 845 1794 tam
887 1757 1030 1796 saeva
1070 1750 1386 1811 tempestas,
1411 1752 1470 1795 ut
1512 1742 1909 1807 tribulationes,
1956 1758 2076 1813 quae

478 1826 653 1891 facta:
679 1841 805 1885 sunt
834 1832 891 1887 in
920 1834 1010 1887 illo
1034 1842 1154 1902 post
1184 1842 1413 1887 mortem
1446 1834 1767 1889 veneranda:
1798 1834 2074 1890 memoria:

489 1916 780 1975 Laufranci
830 1932 956 1977 ante
1006 1924 1288 1977 introitum
1337 1924 1517 1979 Patris
1574 1924 1856 1990 Anselmi,
1887 1924 2073 1994 parvi-

470 2024 675 2082 pensa:
718 2014 828 2067 sint
860 2014 1272 2084 comparatione
1308 2013 1717 2072 tribulationum
1758 2030 1877 2090 quae
1918 2014 2075 2074 facta!

486 2113 619 2157 sunt
656 2104 742 2160 bis
771 2104 980 2162 diebus.

563 2192 674 2249 Nos
706 2194 874 2264 igitur
898 2212 1055 2251 mane
1084 2212 1114 2251 a
1147 2195 1449 2251 Witsandis
1480 2196 1840 2262 discedentes,
1872 2206 1927 2252 et
1954 2208 2075 2268 post

486 2285 606 2341 dies
658 2286 726 2340 ad
788 2294 1037 2342 sanctum
1094 2287 1374 2343 Bertinum
1425 2288 1459 2328 ιιι
1518 2288 1829 2354 venientes,
1882 2305 2073 2359 magna

488 2374 664 2444 plebis
708 2375 989 2432 alacritate
1017 2394 1080 2434 ac
1128 2379 1521 2435 monachorum
1568 2380 1920 2435 veneratione
1948 2394 2071 2434 sus-

489 2469 677 2539 cepti,
716 2471 954 2541 quinque
1000 2470 1131 2526 inibi
1176 2473 1290 2527 dies
1343 2472 1537 2526 morati
1590 2487 1797 2528 sumus.
1862 2472 2072 2531 interra

462 2569 713 2629 ‘rogatus
765 2561 1056 2617 Anselmus
1116 2579 1146 2617 a
1204 2563 1484 2618 canonicis
1541 2564 1717 2617 sancti
1774 2563 2071 2617 Audomari

487 2651 774 2707 ecclesiam
834 2668 986 2709 suam
1045 2655 1296 2719 visitare,
1352 2653 1535 2723 ibique
1586 2653 1796 2718 altare,
1835 2654 1976 2723 quod
2016 2654 2069 2708 in

470 2743 753 2801 honorem
793 2749 969 2802 sancti
1011 2747 1289 2805 Laurentii
1328 2747 1587 2819 martyris
1621 2746 1895 2811 fecerant,
1924 2747 2073 2802 dedi-

463 2849 638 2901 -care,
672 2838 943 2908 acquievit
980 2839 1069 2895 ille
1110 2840 1361 2910 precibus
1397 2854 1608 2905 eorum,
1654 2837 2071 2907 ministerioque

484 2928 745 2985 decenter
792 2931 1010 3001 expleto
1039 2948 1275 3003 pransus
1317 2932 1591 2986 abbatiam
1652 2931 1888 2999 repetiit,
1932 2931 2070 3000 obji-

459 3024 638 3080 ~ciens
701 3026 915 3083 clericis
987 3041 1169 3082 secum
1231 3026 1381 3080 illum
1435 3025 1698 3079 remorari
1761 3024 2071 3092 petentibus

464 3116 703 3173 'Domini
726 3119 958 3186 dictum,
982 3120 1126 3189 quod
1161 3116 1459 3188 discipulos
1483 3131 1610 3172 suos
1636 3113 1791 3185 jubet
1813 3118 1879 3171 de
1908 3116 2068 3172 domo

486 3209 544 3263 in
575 3210 793 3265 domum
826 3227 930 3265 non
965 3212 1215 3266 transire.

558 3300 690 3356 Post
711 3302 829 3356 hac
862 3301 1019 3357 nobis
1047 3313 1283 3372 cmptum
1317 3303 1420 3357 iter
1443 3302 1892 3368 accelerantibus,
1923 3301 2067 3358 fama

483 3391 592 3446 viri
622 3393 794 3448 multo
822 3394 1051 3449 celerius
1083 3394 1469 3464 praecurrebat,
1502 3404 1557 3449 et
1581 3395 1859 3464 multiplici
1902 3410 2067 3465 popu-

483 3485 571 3535 tos
600 3496 734 3537 voce
756 3483 1016 3552 replebat.
1044 3483 1197 3539 Unde
1230 3483 1506 3538 turbarum
1549 3498 1866 3548 concursus,
1912 3484 2073 3539 cleri-

485 3586 679 3627 eorum
711 3582 908 3637 coetus,
934 3573 1322 3627 monachorum
1349 3574 1623 3629 exercitus
1656 3575 2069 3644 ei,quacunque

482 3660 783 3726 veniebat,
842 3672 1174 3729 occurrunt;
1231 3665 1317 3718 isti
1361 3665 1556 3734 gaudio
1607 3674 1663 3718 et
1705 3665 2067 3721 exsultatione

486 3761 901 3820 concrepantes,
926 3751 999 3804 illi
1026 3752 1240 3806 vexillis
1262 3761 1318 3806 et
1348 3753 1931 3808 sonorisconccntibus
1956 3753 2067 3809 Deo

487 3853 593 3909 pro
628 3839 769 3895 illius
801 3842 1031 3896 adventu
1087 3840 1507 3909 conjubilantes.
1544 3839 1741 3894 Verum
1780 3841 1919 3895 sicut
1948 3841 2067 3910 qui-

483 3931 609 3985 dam
642 3933 711 3987 ad
764 3932 1174 3999 venerationem
1220 3942 1276 3987 et
1329 3932 1687 3987 ministerium
1719 3932 1864 4003 ‘cjus
1916 3933 2065 3988 omni

456 4014 669 4078 A‘studio
700 4025 1055 4093 parabantur,
1090 4024 1163 4076 ita
1203 4022 1422 4091 quidam
1444 4038 1475 4077 e
1499 4022 1715 4075 diverso
1736 4022 1842 4076 alio
1871 4023 2065 4092 spiritu

476 4114 615 4179 aeti,
654 4130 776 4169 eum
821 4129 1040 4184 capere,
1076 4129 1199 4169 eum
1231 4114 1347 4167 suis
1387 4112 1547 4168 rebus
1592 4113 1826 4182 spoliare
1874 4113 2064 4169 molie-

480 4203 701 4259 hautur.
736 4205 844 4261 Sed
874 4206 962 4259 ubi
995 4206 1149 4260 adest
1177 4206 1358 4260 divina
1410 4207 1671 4274 protectio
1696 4246 1712 4269 ,
1762 4206 1889 4276 quid
1924 4207 2065 4262 valet

480 4295 721 4350 humana
778 4296 1029 4351 molitio?
1085 4295 1334 4351 Transita
1384 4297 1635 4363 Francia,
1697 4297 2063 4369 Burgundiam

480 4387 830 4441 intravimus.
879 4386 1158 4443 Percussa:
1208 4398 1387 4442 autem
1439 4388 1658 4442 fuerant
1705 4406 1866 4444 aures
1909 4389 2064 4445 ducis

2184 549 2337 616 equis
2366 550 2517 603 ocior
2550 548 2782 611 advolat,
2833 558 2889 602 et
2918 547 3157 604 clamore
3192 548 3365 603 valido
3404 549 3530 617 quis
3557 549 3641 603 vel
3671 552 3751 604 ubi

2182 650 2324 696 esset
2386 640 2826 711 archiepiscOpus
2875 641 3191 711 interrogat.
3246 642 3418 708 Quem
3481 657 3610 698 cum
3662 642 3754 696 sibi

2183 730 2522 801 designatum
2567 747 2691 787 mox
2738 747 2880 802 cqno
2910 733 3189 788 sedentem
3241 743 3394 788 torvo
3450 732 3647 788 fuisset
3679 752 3754 789 as-

2182 831 2340 890 pectu
2390 821 2639 889 intuitus,
2689 824 2873 879 subito
2924 826 3131 896 pudore
3179 840 3493 895 percussus,
3532 827 3757 883 demisse

2181 913 2331 967 vultu
2374 914 2637 979 erubuit,
2687 924 2743 971 et
2779 916 2907 986 quid
2968 916 3173 972 diceret
3225 931 3331 971 non
3392 917 3627 972 invenit.
3670 919 3756 974 Cui

2181 1001 2382 1057 Pater:
2424 1022 2442 1054 ι
2480 1004 2729 1070 Domine,
2764 1007 2863 1071 ait,
2891 1005 3019 1074 dux,
3052 1006 3097 1060 si
3120 1005 3295 1076 placet
3319 1006 3618 1062 osculabor
3639 1017 3707 1062 te.
3737 1029 3752 1060 ι

2181 1094 2251 1149 Ει
2281 1094 2371 1149 ille
2402 1112 2415 1147 :
2456 1111 2475 1145 ι
2508 1093 2755 1151 Osculari
2786 1106 2843 1151 et
2874 1098 3085 1152 servire
3125 1097 3243 1163 tibi,
3274 1097 3519 1161 domine,
3548 1106 3757 1165 paratus

2178 1203 2323 1251 sum,
2359 1201 2426 1241 ac
2462 1186 2529 1241 de
2557 1188 2789 1243 adventu
2822 1198 2913 1243 tuo
2943 1189 2997 1242 in
3030 1188 3142 1243 Deo
3172 1188 3445 1256 gratiosus
3476 1189 3713 1244 exsulto.
3738 1210 3753 1241 ι

2180 1279 2321 1335 Dato
2363 1281 2527 1351 igitur
2590 1280 2778 1336 osculo
2835 1281 2986 1349 pacis
3036 1280 3166 1335 dicit
3217 1281 3284 1336 ad
3342 1281 3496 1335 illum
3559 1280 3755 1335 Pater:

2186 1390 2207 1424 ι
2259 1372 2436 1428 Causa
2471 1373 2753 1442 religionis
2777 1372 3120 1438 Christianae,
3161 1374 3245 1427 vir
3285 1372 3627 1437 venerande,
3662 1374 3759 1427 An-

2177 1464 2341 1536 gliam
2371 1466 2537 1532 exivi,
2564 1475 2638 1529 et,
2657 1465 2956 1521 miserante
2978 1465 3109 1529 Deo,
3140 1463 3365 1518 Romam
3390 1464 3471 1519 ire
3501 1463 3755 1532 disposui.

2177 1558 2332 1614 Nunc
2379 1568 2560 1615 autem
2612 1561 2801 1615 videns
2852 1568 2905 1614 te
2939 1559 3093 1614 luatur
3130 1568 3186 1614 et
3231 1560 3461 1629 gaudeo,
3496 1569 3617 1617 tum
3646 1561 3757 1629 quia

2180 1652 2545 1722 cognitionem
2574 1662 2628 1707 et
2654 1652 2952 1707 amicitiam
2987 1660 3161 1717 tuam,
3196 1660 3307 1706 tum
3343 1653 3471 1721 quia
3504 1651 3760 1707 securita—

2180 1752 2287 1797 tem
2339 1755 2393 1798 et
2446 1759 2636 1813 pacem
2673 1745 2725 1797 in
2768 1754 2913 1798 terra
2952 1754 3042 1797 tua
3084 1759 3171 1798 me
3217 1753 3272 1798 et
3318 1758 3470 1798 meos
3516 1743 3760 1812 deinceps

2102 1819 2149 1881 R
2179 1848 2277 1903 per
2308 1842 2360 1888 te
2401 1834 2605 1890 habere
2631 1834 2902 1891 desidero.
2938 1853 2957 1886 ι
3004 1835 3303 1905 Respondit
3333 1851 3345 1887 :
3385 1854 3405 1887 ι
3446 1834 3518 1888 Et
3553 1836 3759 1905 quidem

2156 1925 2322 1994 -quod
2353 1925 2489 1981 dicis
2517 1926 2745 1980 multum
2785 1941 2909 1981 amo
2944 1936 2999 1981 et
3027 1925 3172 1988 volo,
3207 1942 3402 1996 tneque
3428 1927 3545 1981 tuis
3569 1928 3757 1982 oralio-

2179 2014 2338 2069 nibus
2393 2015 2869 2084 benedictiouique
2919 2016 3221 2070 committo.
3274 2034 3293 2068 ι
3344 2015 3563 2082 Quibus
3617 2017 3760 2072 dictis

2176 2106 2434 2176 pracepit
2479 2106 2693 2161 cuidam
2746 2106 2837 2175 qui
2890 2106 2958 2160 de
3013 2108 3125 2160 suis
3156 2105 3228 2160 ibi
3273 2106 3557 2176 potentior
3585 2107 3758 2161 aderat

2175 2208 2446 2268 quatenus
2470 2199 2646 2254 virum
2678 2215 2776 2270 per
2810 2208 3014 2254 terram
3042 2214 3195 2253 suam
3228 2199 3592 2263 conduceret,
3617 2200 3759 2268 eique

2174 2290 2267 2345 ubi
2294 2305 2431 2359 opus
2454 2290 2683 2345 haberet
2718 2304 2825 2345 non
2853 2302 3011 2343 secus
3036 2303 3201 2359 quam
3228 2290 3331 2344 sibi
3366 2289 3471 2359 ipsi
3499 2290 3759 2344 ministra-

2175 2389 2281 2437 ret.
2310 2380 2605 2437 Discedens
2644 2382 2829 2451 itaque
2858 2381 3042 2436 odium
3068 2380 3178 2450 .Dei
3208 2380 3612 2450 omnipotentis
3652 2397 3757 2435 om-

2175 2472 2337 2528 nibus
2370 2473 2705 2543 imprecatus
2748 2482 2864 2537 est,
2904 2472 2996 2540 qui
3033 2487 3095 2525 se
3130 2471 3196 2527 ad
3245 2472 3645 2540 insequendum
3673 2472 3757 2526 ho-

2178 2563 2381 2617 minem
2412 2563 2505 2618 Dei
2536 2562 2962 2618 concitaverant.
3013 2581 3032 2615 σ
3068 2561 3178 2617 Nec
3208 2562 3353 2617 enim
3401 2563 3644 2617 hominis
3672 2563 3756 2617 sed

2175 2652 2381 2717 vultus,
2408 2653 2510 2718 ait,
2557 2653 2733 2724 angeli
2783 2654 2876 2708 Dci
2906 2652 3072 2723 fulget
3117 2656 3171 2707 in
3223 2666 3309 2706 eo.
3343 2672 3363 2705 ι
3411 2652 3573 2711 Unde
3597 2652 3757 2707 sciant

2175 2759 2367 2801 omnes
2396 2746 2484 2814 qui
2516 2745 2565 2800 ei
2594 2746 2831 2800 scienter
2860 2744 3039 2800 infesti
3084 2754 3231 2809 sunt,
3258 2745 3403 2813 quod
3435 2743 3703 2799 maledicti
3727 2759 3753 2795 a

2174 2837 2287 2892 Dco
2308 2846 2455 2892 sunt.
2478 2835 2603 2897 Nos,
2630 2839 2755 2892 huic
2782 2838 2894 2892 Deo
2922 2851 3020 2907 pro
3038 2851 3135 2892 sua
3162 2836 3534 2891 misericordia
3563 2835 3755 2891 debitas

2173 2943 2238 2982 ex
2263 2928 2427 2984 corde
2466 2929 2670 2999 gratias
2693 2939 2935 2998 agentes,
2969 2929 3162 2984 itinere
3180 2938 3359 2997 empto
3391 2930 3751 2998 perreximus.

2246 3017 2507 3073 Venimus
2552 3033 2683 3072 vero
2720 3016 3037 3072 Cluniacum
3071 3017 3233 3072 tertio
3262 3016 3349 3070 die
3397 3026 3530 3071 ante
3555 3014 3751 3069 Natiri-

2177 3118 2342 3165 tatem
2368 3108 2605 3177 Domini,
2640 3111 2822 3182 ibique
2844 3126 2873 3164 a
2905 3118 3019 3165 toto
3049 3109 3191 3164 illius
3221 3109 3545 3163 monasterii
3574 3122 3747 3162 mona-

2173 3202 2401 3257 chorum
2442 3201 2657 3273 agmine
2682 3216 2891 3256 snmma
2916 3216 3038 3255 cum
3064 3201 3420 3256 veneratione
3452 3199 3618 3253 Pater
3645 3214 3753 3253 sus-

2170 3293 2412 3365 cipitur,
2472 3301 2527 3347 et
2580 3301 2772 3347 cuncta
2854 3290 2960 3346 loci
3001 3291 3168 3360 ipsius
3225 3289 3425 3359 gaudio
3462 3288 3751 3356 lretitiaque

2173 3382 2472 3454 replentur.
2504 3380 2644 3449 Quid
2676 3380 2911 3436 deinde?
2959 3379 3143 3435 Donec
3185 3379 3255 3432 ibi
3293 3378 3396 3432 fuit
3419 3417 3434 3441 ,
3478 3385 3541 3431 ut
3579 3377 3751 3447 paucis

2172 3477 2383 3541 dicam,
2429 3472 2687 3545 singulari
2732 3487 2845 3542 pra:
2876 3470 3132 3527 omnibus
3174 3470 3226 3525 id
3270 3468 3374 3524 loci
3421 3468 3749 3524 venientibus

2171 3566 2481 3621 reverentia
2510 3564 2726 3619 habitus
2754 3571 2855 3617 est.

2243 3656 2406 3711 Mittit
2452 3656 2657 3709 interea
2692 3655 2939 3708 nuntium
2984 3652 3076 3722 qui
3111 3667 3267 3708 suum
3305 3651 3606 3706 venerabili
3653 3650 3749 3704 ilu-

2170 3747 2294 3818 goui
2356 3746 2767 3814 archiepiscopo
2808 3743 3149 3812 Lugdunensi
3192 3742 3219 3782 ἀ
3265 3742 3517 3797 notilicet
3558 3742 3747 3796 adven-

2170 3848 2304 3893 tum.
2345 3837 2476 3892 Erat
2513 3838 2711 3907 quippe
2743 3836 2883 3890 idem
2913 3836 2995 3889 vir
3026 3835 3283 3891 Anselmo
3318 3837 3435 3905 jam
3466 3849 3537 3887 ex
3576 3833 3745 3887 multis

2168 3927 2604 3999 praecedentibus
2656 3928 2817 3982 annis
2863 3934 3039 3990 notus,
3069 3933 3145 3990 et,
3192 3936 3398 3980 sanctae
3446 3924 3745 3978 dilectionis

2168 4022 2313 4077 illius
2344 4022 2465 4090 igne
2508 4034 2821 4080 succensus,
2856 4032 3051 4089 magno
3077 4016 3295 4071 videndi
3325 4030 3452 4071 eum
3486 4016 3743 4070 desiderio

2169 4111 2518 4181 fatigabatur.
2551 4108 2721 4176 Quem
2764 4107 2930 4162 etiam
2967 4107 3258 4162 Anselmus
3307 4106 3359 4160 in
3394 4115 3610 4160 tantum
3637 4104 3743 4159 ddi.

2170 4206 2350 4274 gebat,
2395 4202 2621 4272 eiusque
2648 4200 2989 4271 prudentiam
3045 4210 3207 4269 atque
3249 4199 3460 4255 consilii
3511 4198 3741 4253 auctori-

2172 4306 2334 4351 tatem
2365 4296 2499 4350 tanti
2529 4295 2817 4366 pendebat,
2847 4303 2907 4349 ut
2927 4294 3178 4349 statuerit
3218 4292 3357 4361 apud
3388 4307 3447 4345 se
3485 4305 3739 4347 summam

2168 4390 2367 4461 negotii
2400 4391 2482 4444 sui
2517 4388 2939 4444 considerationi
2964 4399 3020 4443 et
3045 4385 3381 4457 dispositioni
3409 4382 3549 4451 ejus,
3584 4396 3738 4436 necne

477 4478 626 4535 illius
663 4488 686 4517 ο
731 4488 911 4547 terrm,
971 4480 1125 4535 diviti
1180 4479 1323 4534 fama
1380 4481 1773 4551 archiepiscopi
1830 4483 2066 4537 Cantua—
2094 4510 2141 4569 ο
2167 4480 2445 4535 reverendi
2480 4479 2719 4551 llugonis
2747 4479 3119 4534 Cluniacensis
3144 4476 3355 4530 abbatis
3389 4485 3414 4513 ε
3437 4490 3507 4527 ex
3543 4474 3736 4542 integro

477 4570 717 4638 mensis,
762 4587 859 4642 per
901 4582 1101 4629 terram
1155 4592 1306 4631 suam
1359 4578 1591 4632 transire
1623 4578 1868 4632 volentis.
1915 4578 2067 4636 Unde

479 4679 783 4722 succensus
820 4682 1007 4723 amore
1047 4670 1288 4739 pecunia:
1322 4710 1337 4735 ,
1396 4682 1559 4738 quam
1609 4669 1880 4738 copiosam
1914 4668 2062 4723 illum

480 4757 631 4812 ferre
677 4774 862 4814 rumor
919 4762 1265 4831 disperserat,
1309 4760 1561 4832 proponit
1604 4760 1785 4814 animo
1816 4775 1934 4815 eam
1963 4760 2063 4830 ipsi

482 4849 722 4908 auferre.
753 4853 995 4921 Quadam
1036 4855 1199 4925 igitur
1221 4854 1307 4909 die
1346 4869 1467 4907 cum
1498 4854 1549 4906 in
1581 4853 1773 4908 itinere
1798 4868 2060 4920 essemus,

478 4953 538 4999 et
563 4944 913 5018 refrigerandi
940 4949 1113 5020 gratia
1145 4964 1174 5003 a
1202 4947 1285 5003 via
1315 4948 1587 5020 paulisper
1614 4947 2060 5016 declinassemus,

2169 4569 2571 4626 commendare.
2627 4568 2726 4624 Hic
2781 4570 2962 4637 itaque
2997 4564 3260 4637 pontifex,
3314 4563 3500 4617 audito
3552 4560 3735 4615 Ausci-

2168 4678 2316 4717 mum
2362 4662 2474 4717 suis
2500 4661 2715 4729 .linibus
2760 4659 3095 4721 accessisse,
3144 4656 3340 4727 Oppido
3391 4654 3605 4708 laetatus
3642 4663 3728 4705 esu

2166 4757 2234 4811 Et
2267 4755 2503 4825 dirigens
2534 4754 2600 4807 ad
2641 4768 2764 4807 eum
2803 4767 2939 4821 quos
2967 4749 3348 4804 familiariores
3383 4763 3449 4801 ac
3479 4745 3734 4815 digniores

2167 4851 2311 4905 circa
2353 4864 2411 4903 se
2444 4847 2697 4911 habebat,
2735 4854 3003 4914 quatenus
3048 4841 3346 4897 Ecclesiam
3394 4855 3549 4893 suam
3586 4848 3731 4902 sequo

2168 4944 2342 5014 ipsum
2375 4943 2492 4997 sine
2515 4954 2665 4996 mora
2691 4938 3006 5010 dignaretur
3046 4935 3301 4999 invisere,
3332 4931 3532 4987 obnixe
3556 4928 3733 4998 depre-

1755 5079 2173 5137 IIENSCIIENII
2208 5074 2437 5132 NOTAE.

550 5222 575 5252 ι
615 5209 950 5282 Witsandis,
983 5211 1209 5267 celebris
1246 5213 1372 5266 olim
1404 5222 1620 5282 portus,
1654 5226 1797 5282 nunc
1834 5208 2053 5264 humilis

471 5282 628 5337 vicus
648 5283 788 5335 inter
815 5280 1107 5337 Bononiam
1135 5294 1187 5338 et
1214 5279 1481 5347 Caletum,
1507 5280 1666 5348 vulgo
1706 5279 1883 5334 l'isan.

548 5350 579 5392 ι)
617 5349 903 5407 Sithuense
948 5352 1005 5407 S.
1058 5353 1260 5407 Bertini
1310 5353 1651 5414 coanubinm,
1690 5366 1831 5403 nunc
1864 5349 2054 5402 iisdem

471 5436 599 5478 cum
623 5430 798 5477 castro
831 5420 887 5477 S.
919 5424 1207 5478 Audomari
1245 5423 1514 5477 moenibus
1556 5421 1819 5474 inclusum
1852 5429 1903 5472 et
1940 5434 2058 5470 mu-

472 5491 804 5562 nitissimum
832 5494 1056 5548 Artesia:
1086 5494 1371 5562 Oppidum,
1409 5506 1437 5542 a
1473 5489 1862 5562 praenominato
1895 5498 2055 5562 portu

472 5562 644 5616 distat
687 5561 855 5616 leucis
904 5557 1195 5616 Gallicanis
1256 5557 1484 5613 circiter
1533 5560 1751 5621 decem;
1812 5567 1870 5610 ut
1917 5557 2056 5610 forte

472 5631 577 5699 legi
616 5632 841 5697 debeat,
867 5642 979 5700 post
1003 5633 1162 5697 diem,
1197 5638 1309 5695 aut,
1342 5640 1453 5699 post
1485 5629 1616 5683 duos
1652 5628 1781 5695 dies,
1818 5637 1877 5682 ut
1906 5642 2053 5683 sum-

472 5715 644 5758 )lllllli.

562 5778 586 5813 ο
621 5768 717 5825 llic
758 5770 865 5825 dux
913 5770 945 5819 fi
970 5770 1010 5825 it
1052 5770 1227 5823 Endca
1267 5770 1489 5836 primus,
1538 5785 1567 5824 a
1618 5784 1723 5837 quo
1777 5768 2055 5827 fundatum

2158 5204 2478 5262 Cistercium
2539 5216 2681 5255 anno
2727 5206 2986 5269 sequente
3036 5196 3331 5269 lO98,A_nt
3368 5196 3568 5269 dicitur
3612 5206 3721 5269 {ut

2160 5276 2359 5345 Aprilis
2386 5274 2442 5345 in
2481 5270 2601 5345 _Vita
2633 5271 2688 5325 S.
2725 5262 3189 5345 llobcrti_abbatis
3208 5266 3591 5345 fdolis_t_neusi_s.
3616 5262 3723 5345 Fttit

2162 5332 2341 5400 autem
2376 5342 2549 5397 Eudes
2578 5352 2735 5395 natus
2775 5352 2927 5408 patre
2954 5338 3208 5408 llenrico,
3235 5352 3336 5389 avo
3362 5336 3613 5408 lipberto,
3635 5332 3719 5383 du-

2161 5417 2315 5471 cibus
2343 5413 2690 5481 Burgundim,
2724 5405 2924 5479 proavo
2944 5407 3193 5481 Διὶοέηιιιζιο
3226 5418 3348 5481 rege
3388 5405 3717 5481 Francorum.

2231 5484 2258 5524 ά
2300 5473 2526 5537 Εκειεῆιι
2556 5473 2737 5549 plures
2764 5478 3004 5549 epistola;
3026 5477 3083 5549 Ss
3108 5473 3343 5549 Auselmi
3377 5477 3444 5528 ad
3462 5473 3715 5549 Hugoncm

2163 5543 2625 5621 archiepiscopum
2654 5560 2707 5605 et
2745 5543 2904 5619 hujus
2938 5547 3004 5600 ad
3042 5546 3095 5600 S.
3132 5546 3468 5600 Ausehnum.
3500 5543 3716 5595 Mortuus

2160 5634 2244 5680 est
2269 5638 2408 5677 anno
2436 5623 2592 5675 1106.

2248 5706 2269 5734 ε
2310 5694 2485 5747 Vitam
2539 5692 2597 5744 ὃ.
2643 5688 2882 5757 Hugonis
2938 5686 3268 5757 illustramus
3318 5685 3385 5757 ad
3414 5684 3561 5757 diem
3600 5690 3711 5731 xxix

2168 5763 2386 5833 Aprilis,
2413 5776 2532 5817 cum
2573 5754 2765 5816 illustri
2797 5757 3069 5813 mentione
3101 5754 3158 5808 S.
3185 5755 3441 5810 Ansehui.
