3890 6306
135 375 234 434 ωδ

1233 367 1555 428 HISTORIA
1595 365 2041 424 N0i'0ltUM.——
2068 367 2188 424 LIB.
2221 367 2286 426 ll.

3283 367 3389 430 406

138 497 288 546 eatur
312 491 412 541 est.
440 480 717 540 laudavit
746 481 970 553 insuper
998 481 1253 553 episcopo
1279 480 1656 538 Matisconensl
1677 493 1705 522 ι
1735 467 1780 534 Λ
1819 482 2200 539 constabiliter
2237 488 2630 550 exsecramur,
2674 489 2734 538 ut
2770 476 3226 539 nullatenuslllas
3258 481 3417 538 tolo--.

143 590 194 634 ιιι
223 579 332 631 viro
356 573 574 630 decenti
614 574 818 630 honore
848 583 1185 641 occurreret,
1218 583 1273 629 et
1313 573 1706 630 ofﬁciosissime

138 669 440 725 descrvirct.
476 665 630 732 Quod
673 667 788 736 ipse
818 667 1108 736 diligenter
1145 674 1440 722 exsecutus
1470 673 1574 722 est.
1603 664 1705 721 Ubi

140 777 255 822 vero
282 758 598 828 Lugdunum
628 756 904 821 venimus,
961 759 1450 828 qua-veneratione
1491 758 1559 812 ab
1592 759 1708 828 ipso

137 864 338 906 summo
361 848 616 917 pontifice
641 857 695 903 et
735 849 848 903 suis
873 848 1126 904 omnibus
1153 849 1395 920 suscepti
1425 864 1632 912 sumus,
1656 857 1709 903 et

139 953 378 994 enarrare
417 936 660 1004 difﬁcile,
701 947 756 992 et
787 939 936 994 dictu
965 937 1215 994 fortassis
1254 946 1340 994 est
1371 938 1705 995 incredibile.

134 1032 242 1101 Quo
288 1045 410 1086 cum
449 1031 892 1097 demoraremur,
941 1031 1132 1087 didicit
1182 1030 1473 1086 Anselmus
1508 1046 1576 1086 ex
1625 1031 1710 1086 his

134 1143 244 1198 qua:
279 1126 418 1180 fama
451 1124 682 1191 ferebat,
720 1142 829 1182 non
859 1127 1085 1183 multum
1114 1142 1226 1184 suae
1253 1141 1433 1182 causa:
1457 1125 1709 1199 profutu-

139 1234 242 1273 rum
276 1259 292 1281 ,
337 1218 382 1273 si
429 1217 547 1287 ipse
580 1218 632 1271 in
667 1217 921 1274 ulteriora
969 1220 1307 1288 procederet.
1363 1217 1710 1274 lmbecillitas

133 1322 338 1382 quoque
379 1307 466 1362 sui
507 1307 753 1376 corporis
803 1308 1036 1364 residua:
1067 1310 1165 1364 via:
1193 1309 1436 1364 laborem
1483 1310 1709 1379 perhor-

128 1399 298 1468 rebat,
333 1407 386 1454 et
408 1398 625 1455 insidia:
651 1415 774 1470 quae
794 1399 863 1454 ab
887 1401 1154 1471 indigenis
1183 1400 1398 1456 illarum
1428 1401 1706 1471 regionum

129 1507 194 1550 ea
250 1499 572 1559 tempestate
627 1492 1058 1547 commeantibus
1103 1501 1160 1546 et
1199 1492 1433 1548 maxime
1471 1490 1708 1562 religiosi

128 1582 326 1648 ordinis
361 1581 499 1638 viris
551 1584 924 1647 struebantur,
982 1599 1104 1640 eum
1157 1584 1407 1640 nonnihil
1457 1584 1708 1639 retardat-

142 1674 272 1729 bant.
293 1674 482 1743 Itaque
512 1673 759 1746 Lugduni
789 1675 1008 1739 resedit,
1037 1675 1248 1731 cunctis
1275 1675 1430 1731 valde
1456 1684 1709 1746 acceptus

132 1779 182 1832 et
208 1766 554 1828 honorabilis.
830 1821 836 1828 ,

208 1855 466 1928 Scriptam
503 1859 702 1916 dehinc
755 1859 1039 1930 epistolam
1075 1875 1239 1916 unam
1299 1861 1703 1931 sedisaposto-

127 1945 244 2022 ,ιιεω
285 1948 499 2018 praesuli
537 1948 852 2014 destinavit,
883 1949 937 2002 itt
970 1965 1077 2020 qua
1103 1949 1234 2020 quid
1266 1949 1339 2004 illi
1382 1951 1448 2024 de
1472 1950 1557 2004 his
1585 1965 1705 2019 qua:

143 2038 427 2094 acciderant
452 2039 810 2111 suggesserit,
837 2054 1052 2110 quoque
1076 2039 1241 2095 animi
1271 2040 1355 2096 sui
1380 2040 1704 2096 desiderium

125 2140 444 2215 .intenderit,
494 2149 659 2196 tenor
705 2142 876 2212 ipsius
915 2141 1159 2212 epistolae
1209 2158 1374 2214 quam
1414 2142 1707 2199 subscribi-

143 2244 266 2296 mus,
300 2229 629 2302 designavit.
1105 2291 1112 2299 ,

205 2335 224 2370 ι
253 2318 473 2376 Domino
502 2327 561 2376 et
589 2319 737 2376 Patri
779 2335 901 2377 cum
926 2336 1117 2378 amore
1147 2322 1468 2389 reverendo,
1505 2331 1706 2380 etcum

146 2413 425 2467 reverentia
455 2414 724 2479 amando,
751 2429 965 2473 summa
993 2417 1234 2486 pontiﬁci
1271 2417 1513 2483 Urbano,
1543 2417 1710 2472 frater

145 2500 408 2557 Anselmus
433 2543 450 2568 ,
513 2518 730 2560 servus-
767 2505 1024 2562 Ecclesia:
1061 2505 1367 2562 Cantuariae
1393 2549 1412 2576 ,
1473 2508 1707 2564 debitam

141 2591 516 2661 subiectionem
555 2602 611 2650 et
641 2595 950 2652 orationum
982 2597 1350 2653 devotionem.
1387 2650 1396 2654 ν

206 2701 226 2734 ι
249 2681 525 2750 Novimus,
554 2685 773 2742 domine
803 2688 1118 2752 reverende,
1145 2697 1200 2743 et
1233 2688 1396 2744 Pater
1415 2687 1705 2760 diligende,

143 2775 265 2843 quod
308 2776 574 2834 Dominus
633 2787 819 2834 noster
877 2779 1038 2835 Jesus
1088 2780 1338 2837 Christus
1396 2782 1711 2838 sublimavit

148 2868 462 2924 sanctitatem
502 2878 746 2926 vestram
789 2874 842 2926 in
886 2871 1128 2928 Ecclesia
1164 2888 1263 2928 sua
1310 2874 1376 2929 ad
1427 2875 1710 2930 consulen-

141 2956 248 3011 dum
285 2967 338 3013 et
379 2959 822 3016 subveniendum
863 2963 949 3018 his
987 2965 1080 3034 qui
1119 2965 1186 3018 ad
1237 2979 1484 3034 supernae
1521 2966 1708 3034 patria:

120 3051 350 3120 .requient
389 3052 744 3119 anhelantes,
772 3054 826 3109 itt
856 3053 1021 3125 hujus
1052 3056 1235 3112 saeculi
1260 3058 1454 3112 exsilio
1478 3057 1710 3115 diversis

115 3138 405 3209 .fatigantur
434 3142 912 3201 tribulationibus.
957 3145 1070 3222 liae
1107 3147 1276 3217 igitur
1303 3163 1398 3218 spe
1431 3157 1486 3205 et.
1525 3151 1706 3206 consi-
1735 3165 1778 3223 ο

123 3229 412 3300 .deratione,
459 3247 573 3306 ego
615 3235 837 3294 humilis
882 3252 1075 3294 servus
1121 3249 1304 3296 vester
1347 3242 1399 3296 in
1445 3243 1708 3312 angustiis

122 3325 302 3379 cordis
330 3327 430 3382 ntei
460 3329 532 3382 ad
578 3328 756 3382 sinum
786 3338 1030 3398 paterna:
1074 3338 1131 3385 et
1159 3331 1465 3402 apostolicae
1495 3334 1709 3402 pietatis

131 3423 341 3483 vestrm,
372 3433 467 3489 per
493 3418 893 3476 exbibitionem
925 3423 1228 3496 praesentia:
1258 3438 1390 3478 mea:
1416 3423 1709 3495 confugere

143 3505 358 3577 disposui
389 3527 406 3564 :
439 3512 535 3567 sed
569 3511 676 3566 hoc
723 3511 913 3580 utique
948 3511 1130 3567 facere
1161 3529 1268 3569 non
1312 3529 1530 3583 possum
1569 3517 1709 3572 sicut

148 3597 388 3655 desidero.
431 3601 545 3657 Cur
580 3611 761 3657 autem
795 3617 902 3657 non
935 3604 1138 3673 possim
1169 3644 1184 3669 ,
1234 3619 1334 3674 per
1364 3609 1706 3676 praesentium

124 3686 344 3746 latorem
368 3694 728 3765 cognoscetis.
755 3694 1022 3762 Quoniam
1048 3711 1178 3768 ergo
1207 3713 1306 3767 per
1332 3701 1707 3771 memetipsum

148 3785 462 3848 praesentiam
506 3793 749 3840 vestram
802 3788 1103 3843 secundum
1154 3789 1483 3846 desiderium
1510 3807 1708 3852 ,menm

144 3872 310 3928 audire
339 3888 574 3945 nequeo,
607 3890 705 3945 per
737 3876 977 3942 litteras,
1025 3887 1082 3934 ut
1117 3881 1710 3950 possum,..clemcntiae

125 3973 319 4020 :vestrre
357 3968 641 4038 angustias
685 3985 836 4026 meas
867 3971 1102 4038 insinuo,
1130 3983 1402 4043 quatenus
1433 3974 1551 4044 ejus
1581 3990 1708 4031 conv

122 4052 384 4110 solutione
405 4059 613 4113 eaedem
645 4059 905 4129 angustiae
930 4061 1266 4132 mitigentur,
1297 4071 1352 4119 et
1382 4064 1562 4118 anima
1589 4080 1707 4120 mea

147 4141 477 4204 desideratam
536 4151 990 4219 tranquillitatem
1053 4169 1151 4223 per
1205 4154 1458 4210 affectant
1515 4166 1708 4212 vestrae

123 4240 602 4306 .compassionis'se
633 4241 856 4311 adipisci
888 4243 1210 4314 gratuletur.
1243 4243 1416 4298 Tanta
1446 4245 1592 4300 enim
1625 4255 1710 4302 est

143 4329 302 4384 cordis
336 4333 438 4388 mei
493 4331 797 4400 tribulatio,
852 4343 912 4390 ut
963 4350 1068 4390 nec
1120 4335 1302 4391 verbis
1352 4350 1453 4391 nec
1511 4337 1708 4394 litteris

120 4417 384 4478 .suﬂiciam
414 4426 566 4480 illam
600 4426 938 4496 exprimere;
970 4427 1066 4482 sed
1106 4443 1204 4482 oro
1240 4426 1408 4482 Deum
1439 4429 1529 4499 qui
1558 4430 1708 4484 novit

1813 591 1939 632 raro
1978 577 2177 646 possim
2215 593 2338 634 cum
2369 574 2544 642 salute
2571 575 2766 631 animae
2797 589 2951 630 meae.
2984 573 3040 628 In
3068 587 3185 646 quo
3213 570 3392 630 archi-

1811 667 2124 736 episcopatu
2151 665 2260 735 iam
2299 682 2400 737 per
2443 675 2674 736 quatuor
2711 679 2883 720 annos
2931 677 3156 719 manens
3187 661 3392 718 nullum

1800 759 2045 830 fructum
2072 759 2197 826 leci,
2225 759 2318 814 sed
2357 760 2409 813 in
2443 758 2722 816 immensis
2748 766 2804 812 et
2839 755 3263 812 exsecrabilibus
3294 755 3388 808 tri-

1812 851 2177 907 bulationibus
2207 851 2402 907 animae
2433 866 2565 907 meae
2597 850 2860 906 inutiliter
2900 848 3032 915 vixi,
3062 857 3122 902 ut
3147 847 3394 918 quotidie

1801 943 1985 1018 uagis
2033 943 2336 998 desiderem
2371 943 2512 998 mori
2571 950 2726 997 extra
2783 940 3031 1012 Angliam
3090 955 3254 1012 quant
3318 938 3392 992 ibi

1813 1035 2014 1090 vivere.
2065 1033 2201 1089 Nam
2242 1035 2284 1090 si
2337 1035 2408 1089 ita
2445 1035 2610 1088 vitam
2661 1043 2981 1104 praesentem
3032 1029 3192 1087 sieuti
3241 1045 3391 1085 erant

1805 1116 1884 1180 ibi
1912 1125 2148 1191 linirem,
2172 1127 2293 1196 plus
2325 1126 2572 1180 videbam
2609 1126 2956 1180 animzemea:
2987 1124 3397 1179 damnationem

1810 1235 1972 1289 quattt
2005 1219 2258 1275 salutem.
2295 1219 2555 1275 Videbam
2593 1218 2735 1273 enim
2775 1216 2943 1272 multa
2980 1215 3118 1271 mala
3161 1216 3218 1270 in
3250 1226 3412 1269 terrar-

1815 1311 1924 1376 illa,
1953 1327 2073 1381 quae
2097 1327 2198 1366 nec
2223 1311 2452 1366 tolerare
2474 1309 2757 1375 debebam,
2786 1323 2885 1363 nec
2907 1308 3199 1379 episcopali
3235 1306 3394 1361 liber-

1802 1412 1923 1470 tate
1977 1405 2257 1476 corrigere
2305 1412 2568 1475 poteram.
2621 1402 2739 1472 ipse
2781 1417 2996 1472 quoque
3041 1417 3132 1456 rex
3161 1399 3394 1455 faciebat

1811 1494 2055 1564 quaedam
2081 1509 2201 1564 quae
2230 1493 2478 1548 facienda
2533 1506 2639 1547 non
2672 1491 2992 1546 videbantur
3021 1491 3086 1545 de
3115 1489 3391 1552 Ecclesiis,

1811 1602 1948 1655 quas
1975 1596 2091 1658 post
2119 1586 2324 1642 obitum
2350 1569 2698 1656 praelatorum
2729 1583 2886 1640 aliter
2908 1599 3070 1654 quam
3092 1591 3392 1655 oporteret;

1812 1679 2100 1732 tractabat.
2151 1678 2234 1732 Me
2290 1678 2454 1732 etiam
2499 1683 2551 1732 et
2601 1675 2893 1731 Ecclesium
2945 1675 3392 1731 Cantuaricnsem

1795 1757 2002 1840 intultis
2034 1771 2206 1823 modis
2236 1770 2517 1840 gravabat.
2558 1765 2754 1822 Terras
2808 1782 3041 1836 namque
3089 1767 3260 1838 ipsius
3293 1764 3392 1822 Ec-

1813 1859 2010 1926 clesiae,
2043 1875 2178 1928 quas
2219 1868 2336 1929 post
2374 1865 2602 1913 mortem
2645 1855 3032 1928 archiepiscopi
3082 1855 3392 1921 Lanft‘anci‘,

1813 1967 1934 2008 eum
1981 1952 2032 2006 itt
2071 1966 2230 2006 manu
2274 1966 2369 2005 sua
2409 1949 2934 2022 archiepiscopatum
2975 1957 3214 2014 teneret,
3255 1949 3392 2002 mili-

1816 2046 1960 2099 tibus
1991 2043 2104 2099 suis
2144 2043 2408 2110 dederat,
2449 2042 2582 2097 mihi
2621 2041 2761 2096 sicut
2807 2055 2901 2096 eas
2950 2041 3091 2096 idem
3128 2040 3395 2112 archiepi-

1789 2151 2008 2217 _scopus
2057 2144 2321 2199 tenuerat,
2371 2150 2478 2190 non
2530 2135 2820 2199 reddebat;
2874 2133 2966 2188 sed
2998 2132 3218 2203 insuper
3261 2133 3396 2188 alias

1813 2228 2112 2287 secundum
2155 2227 2365 2282 libitum
2405 2242 2593 2290 suum,
2646 2240 2734 2281 me
2786 2224 3024 2289 nolente,
3055 2224 3236 2279 dabat.
3269 2221 3397 2278 Ser-

1811 2319 1942 2374 vitia
1975 2318 2162 2389 gravia
2212 2327 2267 2372 et
2308 2314 2748 2372 antecessoribus
2783 2315 2919 2370 meis
2956 2314 3212 2369 inusitata
3257 2314 3396 2367 ultra

1812 2427 1972 2480 quam
2014 2408 2160 2464 ferre
2212 2423 2426 2480 possem
2459 2416 2552 2462 aut
2598 2408 2708 2479 pati
2766 2407 3044 2472 deberem,
3087 2421 3117 2461 a
3158 2420 3246 2460 me
3288 2405 3397 2460 exi-

1813 2503 1995 2574 gebat.
2020 2501 2218 2573 Legem
2242 2510 2423 2555 autent
2453 2499 2572 2566 Dei,
2595 2508 2650 2556 et
2681 2499 2976 2556 canonicas
2997 2507 3051 2554 et
3076 2497 3399 2569 apostolicae

1812 2593 2169 2649 auctoritates
2217 2591 2539 2648 voluntariis
2581 2591 3071 2648 consuetudinibus
3118 2589 3272 2646 obrui
3322 2590 3400 2643 via

1794 2680 2026 2738 ’debatn.
2059 2683 2135 2737 De
2163 2682 2248 2738 his
2278 2681 2532 2739 omnibus
2564 2697 2687 2737 cum
2722 2681 3003 2752 loquebar,
3037 2680 3167 2734 nihil
3197 2677 3398 2734 elﬁcieo

1811 2773 1957 2840 bam,
1981 2783 2167 2829 etnon
2200 2781 2309 2828 tant
2338 2773 2562 2844 simplex
2593 2772 2864 2828 rectitude
2895 2788 3056 2843 quam
3079 2771 3426 2826 voluntaria!-

1812 2863 2232 2919 consuetudines
2279 2861 2736 2917 obtendebantur.
2787 2861 2979 2917 Sciens
3035 2861 3200 2931 igitur
3257 2861 3401 2930 quod

1811 2956 1856 3012 si
1902 2957 2019 3012 haec
2050 2957 2122 3011 ita
2159 2971 2330 3027 usque
2357 2956 2411 3010 in
2449 2955 2610 3010 finem
2657 2955 2977 3021 tolerarent,
3015 2955 3065 3008 in
3095 2953 3402 3008 damnatio-

1812 3062 1937 3106 nem
1983 3049 2179 3103 animae
2226 3063 2360 3103 mete
2398 3047 2808 3104 successoribus
2847 3045 2981 3101 meis
3022 3055 3129 3100 tam
3177 3059 3401 3114 pravam

1789 3135 2257 3195 consuetudinem
2289 3138 2699 3204 confirmarem,
2734 3153 2832 3194 nec
2871 3137 2938 3193 de
2973 3137 3058 3193 his
3087 3136 3344 3207 placitare
3369 3135 3400 3176 ι

1811 3242 2055 3305 poteram
2104 3232 2304 3303 (nullus
2345 3233 2490 3286 enim
2539 3241 2632 3286 aut
2677 3231 2964 3286 consilium
2996 3238 3088 3286 aut
3139 3227 3400 3284 auxilium

1810 3325 1943 3383 mihi
1971 3325 2038 3380 ad
2075 3326 2190 3382 haec
2230 3325 2464 3380 audebat
2507 3324 2659 3396 dare)
2701 3325 2830 3394 petii
2879 3339 2908 3378 a
2957 3337 3083 3393 rege
3125 3321 3403 3377 licentiam

1810 3420 2040 3476 adeundi
2104 3428 2341 3474 vestram
2397 3417 2820 3487 paternitatetn,
2881 3424 3150 3486 quatenus
3219 3413 3294 3468 illi
3346 3422 3404 3469 et

1810 3511 1990 3567 cordis
2046 3509 2149 3564 mei
2184 3509 2466 3579 angustias
2517 3507 2890 3574 ostenderem,
2949 3517 3000 3563 et
3037 3506 3232 3563 deinde
3280 3504 3402 3576 ejus

1791 3601 2038 3680 consilio
2071 3611 2126 3655 et
2159 3601 2360 3657 auxilio
2390 3601 2531 3670 quod
2565 3600 2836 3656 salubrius
2871 3609 3015 3656 esset
3040 3599 3233 3654 animae
3268 3613 3401 3654 meat

1811 3709 2050 3766 agerem.
2082 3693 2197 3762 Qua
2227 3695 2293 3750 de
2320 3709 2376 3749 re
2405 3695 2576 3748 iratus
2615 3694 2767 3763 petiit
2795 3701 2852 3747 ut
2876 3693 2942 3748 de
2977 3691 3136 3761 hujus
3167 3692 3400 3747 licentia:

1810 3787 2068 3858 petitione
2093 3785 2247 3857 quasi
2283 3784 2349 3839 de
2380 3786 2530 3856 gravi
2563 3784 2770 3840 offensa
2808 3783 2882 3839 illi
2907 3783 3306 3851 Satisfacerem,
3344 3795 3401 3839 et

1810 3895 2060 3934 securum
2093 3879 2244 3934 illum
2278 3877 2515 3934 facerem
2549 3894 2636 3934 me
2661 3877 2918 3949 deinceps
2955 3877 3102 3933 nullo
3130 3878 3289 3932 modo
3315 3894 3398 3932 re-

1809 3972 2133 4043 quisiturum
2167 3988 2265 4042 pro
2298 3972 2476 4050 aliqua
2523 3972 2844 4028 necessitate
2878 3971 3258 4043 apostolicum,
3299 3986 3401 4026 nec

1783 4057 2000 4118 'saltem
2034 4063 2158 4118 inde
2187 4063 2518 4130 locuturum,
2543 4072 2637 4117 aut
2662 4064 2706 4118 si
2742 4079 2978 4134 unquam
3019 4065 3121 4119 hoc
3155 4063 3399 4119 facturus

1811 4147 1991 4218 eram,
2044 4154 2097 4210 in
2147 4156 2400 4224 praesenti
2449 4156 2552 4210 hoc
2593 4154 2854 4211 facerem.
2898 4155 2989 4213 Sic
3035 4157 3218 4228 itaque
3248 4171 3400 4212 mare

1813 4245 2000 4302 transii
2022 4260 2186 4301 causa
2213 4245 2278 4301 ad
2308 4261 2404 4300 vos
2426 4246 2698 4302 veniendi.
2726 4247 2879 4315 Quod
2903 4250 3043 4305 sicut
3070 4249 3180 4305 dixi
3214 4249 3398 4305 facere

1812 4352 1917 4390 non
1960 4350 2204 4407 possunt.
2248 4335 2518 4405 Quoniam
2567 4346 2750 4395 autem
2796 4339 3130 4409 impossibile
3180 4350 3264 4396 est
3310 4355 3400 4396 me

1811 4429 2120 4500 hujusmodi
2151 4431 2275 4485 vitae
2303 4431 2667 4497 concordare,
2705 4439 2795 4488 aut
2833 4432 3068 4488 animam
3121 4447 3295 4487 meam
3341 4431 3399 4486 in

143 4509 333 4566 occulta
371 4523 428 4568 ut
458 4528 587 4570 eam
617 4530 711 4570 vos
734 4515 1036 4588 intelligere
1064 4515 1258 4581 faciat,
1293 4524 1348 4572 et
1374 4533 1471 4588 per
1492 4519 1705 4575 viscera
1733 4505 1786 4564 Π
1815 4521 1903 4576 tali
1941 4519 2256 4592 episcopatu
2312 4521 2536 4586 salvari,
2588 4529 2722 4576 tum.
2750 4531 2974 4592 propter
3027 4537 3208 4578 rerum
3260 4535 3397 4593 quas

119 4599 510 4660 misericordiae
550 4619 661 4658 suae
696 4606 906 4662 viscera
952 4617 1134 4662 vestra
1159 4608 1226 4663 ad
1256 4605 1374 4677 ejus
1404 4609 1705 4666 miseratio-

148 4701 252 4744 nem
293 4698 584 4751 secundum
625 4698 954 4754 desiderium
1001 4709 1059 4756 et
1105 4701 1490 4757 necessitatem
1523 4718 1700 4759 meam

116 4792 478 4843 .commoveat.
516 4787 593 4843 De
623 4789 725 4846 hac
760 4799 944 4846 tamen
980 4807 1102 4848 mea
1142 4794 1469 4850 necessitate
1501 4805 1556 4850 et
1583 4810 1704 4852 meo

124 4868 392 4933 -desiderio
434 4878 616 4948 aliqua
664 4882 872 4950 aperio,
912 4883 1010 4951 per
1040 4899 1162 4953 qnte
1204 4893 1438 4940 vestram
1469 4886 1703 4954 pruden-

121 4962 260 5019 tiam
290 4983 441 5037 posse
490 4972 794 5044 intelligere
835 4974 966 5043 quid
995 4977 1128 5030 ntibi
1158 4977 1412 5047 expediat
1458 4993 1565 5032 non
1599 4978 1700 5033 du-

146 5050 264 5110 bito.
293 5057 488 5116 Notum
515 5072 601 5118 est
625 5064 833 5130 multis,
861 5066 931 5120 mi
961 5067 1124 5122 Pater
1154 5067 1260 5136 pie,
1298 5082 1405 5137 qua
1443 5067 1700 5123 violentia

125 5149 188 5194 et
214 5159 362 5214 quam
405 5151 625 5220 invitus,
668 5163 725 5210 et
769 5170 933 5226 quam
973 5158 1352 5212 contradicens
1379 5167 1569 5228 captus
1598 5159 1699 5215 sim

121 5241 195 5287 ret
215 5235 454 5298 detentus
479 5245 550 5302 ad
591 5247 964 5316 episcopatum
995 5247 1048 5301 in
1079 5246 1292 5317 Anglia,
1335 5258 1390 5303 et
1432 5251 1701 5318 quomodo

145 5325 460 5388 obtenderim
495 5340 909 5408 repugnantiam
958 5339 1025 5392 ad
1075 5339 1382 5409 hujusmodi
1442 5341 1698 5412 cilicium,

123 5429 350 5490 .nature,
389 5428 588 5494 aetatis,
631 5430 1018 5486 imbecillitatis
1067 5440 1126 5486 et
1173 5431 1492 5502 ignorantiae
1528 5449 1696 5499 meae,

124 5522 252 5604 qua
274 5520 489 5575 omnino
518 5535 709 5579 omnes
744 5523 928 5580 sarculi
977 5523 1224 5580 actiones
1265 5523 1499 5596 fugiunt,
1534 5536 1589 5581 et
1619 5528 1701 5581 itt-

1808 4613 1916 4668 dixi
1953 4612 2245 4684 qualitates
2271 4656 2286 4680 ,
2335 4623 2445 4670 tum
2494 4622 2719 4685 prepter
2757 4629 2909 4668 meas
2956 4614 3306 4668 multimodas
3340 4621 3396 4668 et

1807 4721 2021 4770 sensus,
2047 4716 2103 4760 et
2125 4694 2355 4770 morum,
2383 4714 2437 4762 et
2463 4717 2670 4762 naturae
2691 4713 2747 4761 et
2769 4705 2946 4761 aetatis
2969 4703 3391 4759 imbecillitates.

1807 4796 1934 4852 Haec
1969 4807 2057 4852 est
2094 4812 2304 4852 summa
2343 4797 2758 4868 supplicationis
2797 4812 2931 4852 mea:
2969 4803 3190 4866 propter
3231 4807 3394 4864 quam

1808 4890 1875 4944 ad
1905 4904 2001 4945 vos
2033 4888 2114 4946 ire
2143 4887 2424 4954 volebam,
2460 4897 2518 4942 ut
2549 4888 2689 4943 sicut
2723 4889 2890 4944 Deum
2923 4887 3117 4943 anima:
3153 4901 3306 4962 meae,
3341 4894 3397 4940 et

1807 4981 2044 5037 animam
2101 4997 2278 5037 meam
2328 4981 2440 5035 Deo
2480 4980 2838 5046 desideratis,
2889 4993 2988 5050 per
3032 4985 3310 5050 paternam
3339 4985 3415 5032 ει..

1813 5073 2165 5140 apostolicam
2205 5073 2484 5142 pietatem,
2521 5085 2642 5140 quae
2673 5085 2769 5126 cor
2806 5078 3048 5126 vestrum
3089 5068 3403 5133 inhabitat,

1812 5160 2051 5214 animam
2083 5175 2256 5214 meam
2291 5161 2357 5216 de
2397 5160 2617 5216 vinculo
2656 5168 2818 5215 tantae
2846 5159 3124 5216 servitutis
3148 5157 3394 5213 absolvao

1805 5251 1896 5316 tis,
1921 5251 2080 5320 eique
2113 5250 2420 5307 libertatem
2469 5251 2743 5308 serviendi
2779 5251 2888 5307 Deo
2917 5251 2970 5307 in
3001 5249 3393 5322 tranquillitate

1808 5342 2076 5408 rcddatis;
2111 5357 2179 5396 ue
2208 5341 2602 5398 abundantiore
2642 5341 2862 5398 tristitia
2903 5341 3176 5412 sicutjam
3229 5340 3391 5395 nimis

1808 5451 1967 5506 passa
2012 5445 2098 5491 est
2150 5434 2526 5499 absorbeatur,
2573 5437 2719 5492 etde
2767 5435 2953 5492 dolore
3003 5433 3286 5506 temporali
3319 5433 3422 5496 ad.

1809 5539 2071 5584 aeternum
2127 5527 2510 5599 pertrahatur;
2563 5528 2755 5586 deinde
2799 5537 2860 5584 ut
2892 5522 3152 5586 Ecclesiae
3191 5524 3410 5598 Anglos

1430 5614 1839 5675 IIENSCHENII
1871 5618 2101 5674 ΝΟΤίΕ.

124 5683 127 5686 ’
211 5693 431 5771 {Distat
482 5700 796 5761 Cluniacum
874 5705 1170 5762 Matiscone
1245 5707 1417 5762 leucis
1481 5709 1699 5768 circiter

149 5775 389 5884 lotoque;
416 5779 466 5824 et
493 5772 621 5831 hinc
651 5777 890 5832 secundo
926 5777 1186 5831 Rhodano
1220 5777 1308 5832 die
1336 5793 1440 5832 uno
1469 5778 1698 5838 descen-

199 5840 274 5884 llll'
323 5837 636 5884 Lllmllllnlni
721 5848 1124 5884 "alicnnnnncic
1156 5856 1352 5884 ‘nttlntn
1413 5849 1695 5884 nnicnnnn.

199 5840 274 5888 tur
322 5837 659 5912 Lugdunum.
718 5848 1125 5905 Matisconcnsis
1156 5856 1353 5903 autem
1413 5837 1698 5923 episcopus

1818 5720 2094 5782 tunc_erat
2124 5711 2435 5782 Raynaldus
2458 5711 2598 5765 intra
2620 5710 2893 5767 biennium
2923 5711 3034 5767 vita
3058 5711 3289 5782 functus.

1878 5783 1905 5823 ι)
1947 5780 2220 5836 Ριαείιανέ
2259 5792 2342 5838 est
2393 5780 2597 5850 judicio
2626 5781 2887 5852 experiri;
2918 5791 2972 5836 et
3011 5781 3279 5852 placitum,
3301 5781 3396 5852 ᾖδε

1806 5853 2005 5909 dicimn
2039 5852 2398 5927 implacitare,
2417 5854 2470 5909 itt
2498 5852 2642 5908 litem
2677 5851 2959 5907 adducere.
