3890 6306
560 366 665 424 ιω

1536 352 2435 429 EADhEttt‘CANTUAtuENSIS
2474 362 2791 433 MONACut'
3672 390 3746 450 tot

559 502 683 541 rum
716 465 1019 540 secundum.
1046 481 1385 554 prudentiam
1421 497 1476 542 et
1514 490 1893 544 auctoritatem
1925 498 2130 560 aposto-

2246 486 2409 556 quasi
2432 500 2592 553 pares
2616 482 2881 552 essemus,
2909 489 3059 545 nullo
3094 489 3309 546 Patrem
3359 490 3580 551 nostrum
3612 514 3747 558 coram

560 578 704 632 latus
726 576 886 631 vestri
911 578 1224 632 consulatis.
1247 577 1600 648 Omnipotens
1626 581 1884 636 Dominus
1904 590 2140 638 vestram

558 672 899 725 sanctitatem
948 670 1102 724 nobis
1149 669 1199 724 in
1233 685 1345 725 sua:
1388 673 1578 742 gratia:
1641 674 2002 744 prosperitate
2051 674 2141 729 diu

556 771 734 817 servet
778 762 1124 827 incolumem,
1164 773 1219 816 et
1269 772 1517 819 conterat
1570 765 1826 823 Satanam
1862 778 1919 824 et
1956 778 2155 840 portas

563 851 721 906 inferi
752 852 851 907 sub
875 852 1102 922 pedibus
1132 852 1346 907 vestris.
1381 854 1573 909 Amen.
1612 874 1631 907 ι

630 962 775 1017 Inter
817 962 932 1018 haec
965 962 1192 1016 Romam
1233 979 1403 1032 usque
1440 965 1717 1034 vulgatum
1761 975 1844 1021 est
1873 967 2145 1038 archiepi-

555 1068 780 1122 scopum
817 1052 1129 1107 Cantuariae
1162 1052 1448 1122 primatem
1481 1054 1774 1110 Britanniae
1809 1058 1979 1112 multo
2021 1059 2141 1114 auri

554 1155 607 1197 et
637 1143 843 1214 argenti
873 1148 1109 1215 pondere
1135 1157 1389 1201 onustum
1414 1163 1561 1202 mare
1588 1150 1889 1217 trausiisse,
1917 1150 2139 1205 Romam

551 1251 804 1307 pergere.
837 1238 1065 1292 Accensi
1098 1253 1227 1309 ergo
1257 1239 1495 1295 nonnulli
1526 1241 1821 1309 cupiditate
1852 1258 1956 1297 non
1998 1244 2139 1298 bona

552 1329 701 1382 viam
748 1329 1061 1393 observant,
1103 1331 1475 1400 exploratores
1505 1345 1738 1402 ponunt,
1789 1334 2010 1406 laqueos
2040 1355 2139 1408 pa-

553 1430 704 1485 rant,
735 1429 796 1473 ut
844 1437 967 1475 eum
1021 1422 1255 1493 capiant.
1311 1422 1404 1478 llis
1459 1435 1636 1479 tamen
1694 1443 1854 1496 quam
1906 1430 2142 1489 maxime

549 1508 807 1569 homines
840 1513 1179 1569 Alemanuici
1230 1516 1372 1586 regis
1402 1529 1427 1557 α
1495 1517 1877 1584 intendebant,
1924 1522 1993 1576 ob
2032 1522 2141 1578 dis-

546 1596 863 1659 ‘sensionem
918 1622 1036 1675 quae
1079 1607 1256 1660 fuerat
1298 1607 1402 1662 illis
1448 1608 1639 1664 diebus
1676 1611 1815 1665 inter
1863 1629 2056 1682 papam
2086 1622 2142 1669 et

544 1694 753 1770 ipsum.
797 1695 1089 1768 Supererat
1132 1715 1348 1769 quoque
1396 1716 1457 1755 ea
1514 1711 1834 1771 tempestate
1864 1704 2142 1763 Wibertus

548 1788 991 1859 arclticpisc0pus
1035 1789 1346 1857 Ravennas,
1377 1786 1467 1861 qtii
1520 1793 1585 1846 de
1631 1794 1933 1864 apostolatu
1977 1811 2137 1866 quem

2247 578 2369 633 aliis
2398 577 2709 636 dominandi
2744 581 2869 651 jure
2893 592 3179 651 sequente.
3201 584 3334 639 Cum
3358 585 3513 654 igitur
3554 596 3744 650 monachi

2246 669 2321 724 illi
2354 672 2659 737 nobiscum,
2696 673 2845 728 sicut
2871 675 3195 745 peregrinis,
3242 679 3534 748 vespertina
3563 682 3667 738 hora
3693 687 3747 743 lo-

2245 773 2580 832 querentur,
2635 775 2692 821 et
2729 766 2871 821 unde
2912 769 3252 823 venissemus
3304 782 3744 839 percunctarentur,

2246 855 2635 923 respondimus
2666 856 2732 911 de
2765 856 3012 912 Francia:
3053 858 3308 928 partibus
3368 876 3462 915 nos
3501 864 3749 926 adventasse

2242 957 2299 1001 et
2339 947 2563 1001 Romam
2590 963 2783 1020 usque,
2813 951 2863 1005 si
2907 949 3048 1005 Deus
3075 952 3421 1016 concederet,
3464 953 3535 1008 ire
3560 958 3679 1012 velle.
3704 962 3747 1016 At

2242 1041 2397 1096 illim
2425 1043 2481 1097 In
2532 1044 2667 1099 nihil
2726 1046 2976 1110 tenditis,
3028 1046 3295 1117 inquiunt.
3330 1048 3460 1103 Nam
3497 1051 3747 1111 viamislm

2243 1150 2406 1205 quam
2447 1138 2804 1207 aggredimini
2847 1139 3029 1194 nullus
3072 1142 3127 1195 in
3174 1141 3359 1196 habitu
3418 1144 3635 1212 religioso
3668 1164 3748 1217 per-

2244 1243 2403 1295 agere
2431 1240 2610 1299 potest
2637 1230 2765 1300 quin
2808 1234 3056 1302 capiatur
3080 1234 3373 1304 multisque
3403 1235 3591 1304 injuriis
3610 1238 3747 1294 allicia-

2244 1330 2350 1373 tur.
2390 1320 2543 1387 Quod
2580 1323 3029 1393 archiepiscopus
3059 1324 3470 1382 Cantuarieusis
3505 1330 3745 1400 intelligens,

2242 1413 2487 1482 sapienti.
2514 1414 2747 1477 consilio
2793 1432 2925 1472 usus
2948 1427 3051 1471 est.
3086 1416 3371 1490 PrOposuit
3418 1437 3623 1493 namque
3657 1425 3749 1479 idem

2240 1507 2325 1561 vir
2356 1523 2413 1563 se
2451 1524 2550 1579 pro
2580 1525 2702 1576 sua,
2731 1518 2794 1565 ut
2834 1511 3030 1577 fertur,
3068 1529 3233 1567 causa
3273 1530 3443 1583 nuper
3473 1515 3660 1571 Romam
3684 1519 3748 1571 int-

2241 1613 2379 1660 rum,
2430 1608 2485 1653 et
2522 1600 2671 1654 venit
2720 1616 2892 1670 usque
2922 1601 3281 1658 Placentiam.
3323 1604 3516 1658 Verum
3550 1621 3647 1658 cum
3679 1606 3747 1662 illic

2240 1691 2519 1759 sequentis
2554 1691 2652 1745 vite
2708 1692 3013 1761 periculum
3054 1694 3337 1749 didicisset
3363 1735 3379 1757 ,
3428 1710 3644 1749 reversus
3681 1708 3747 1762 est;

2242 1793 2295 1835 et
2328 1798 2470 1836 nunc
2505 1781 2750 1852 Lugduni
2790 1794 3055 1839 moratur.
3082 1805 3105 1839 ι
3135 1787 3216 1840 Ad
3247 1786 3364 1840 haec
3395 1785 3651 1841 Balduiuus
3671 1790 3746 1842 ait:

548 1856 751 1935 mum,
791 1856 1191 1951 jus'invaseml
1243 1884 1453 1953 pulsus,
1494 1888 1646 1941 omni
1696 1888 1961 1959 rc'igiosm
2009 1905 2136 1959 per,
2170 1856 2216 1917 Β
2252 1889 2269 1921 ι
2306 1872 2372 1926 Ει
2406 1872 2495 1927 ille
2531 1873 2669 1926 bene
2693 1874 2910 1943 quidem
2941 1876 3089 1936 fecit.
3114 1885 3170 1930 et
3194 1891 3293 1931 nos
3314 1878 3436 1946 quia
3464 1880 3651 1932 servitio
3672 1876 3745 1945 Dei,

546 1986 697 2025 sonte
723 1970 947 2026 Romam
973 1974 1174 2043 petenti
1205 1991 1303 2045 per
1332 1992 1391 2031 se
1424 1992 1659 2048 suosque
1692 1982 1866 2035 modis
1889 1981 2146 2050 qualibus.

545 2068 766 2129 poterat
820 2065 1067 2119 struebat
1123 2065 1367 2121 insidias.
1406 2066 1560 2123 Unde
1608 2070 1826 2140 quidam
1879 2074 2135 2143 episcopi,

544 2153 800 2209 monachi
824 2194 838 2220 ,
879 2165 934 2210 ct
974 2154 1211 2228 religiosi
1262 2158 1446 2214 clerici
1485 2176 1549 2216 ea
1600 2163 1855 2218 satviente
1884 2180 2142 2234 persecu-

542 2246 695 2303 tione
733 2249 915 2316 capti,
950 2248 1165 2319 spoliati
1216 2252 1514 2324 multisque
1557 2257 1900 2313 contumeliis
1932 2257 2134 2325 allecti,

530 2342 725 2409 necati
771 2351 918 2397 sunt.
955 2341 1062 2412 Spe
1100 2343 1266 2414 igitur
1306 2346 1541 2401 maxima
1593 2364 1787 2404 manus
1815 2351 1998 2420 iniqua
2035 2353 2137 2407 sibi

528 2432 748 2509 't-ontisa
784 2444 869 2489 est
901 2434 1065 2493 simili
1105 2450 1391 2507 poenarum
1423 2454 1622 2510 genere
1669 2456 1789 2496 sese
1820 2443 2135 2500 Anselmum

543 2523 954 2580 damnaturutn.
1016 2525 1124 2582 Sed
1159 2527 1293 2591 ille.
1340 2538 1401 2584 ut
1454 2531 1710 2599 diximus,
1758 2532 2004 2603 Lugduni
2051 2550 2142 2590 re-.

539 2613 783 2678 mansit,
840 2614 1075 2670 reditum
1122 2617 1435 2672 nuntiorum
1467 2635 1688 2675 suorum
1738 2623 1813 2677 ibi
1862 2624 2133 2695 operiens.

541 2701 679 2756 Cum
708 2719 836 2759 vero
874 2704 1237 2776 malignantes
1283 2707 1357 2765 illi
1410 2724 1616 2765 moram
1643 2727 1709 2767 ex
1742 2714 1976 2769 adventu
2018 2716 2137 2784 ejus

539 2806 697 2849 extra
747 2811 899 2864 spem
956 2807 1320 2867 paterentur,
1386 2801 1694 2858 didicerunt
1743 2820 1773 2859 a
1832 2808 2137 2878 peregrinis

540 2900 666 2939 eum
696 2887 873 2942 valida
905 2890 1152 2959 corporis
1194 2890 1510 2947 inﬁrmitate
1541 2904 1769 2963 tentum,
1797 2912 1826 2950 a
1872 2896 2135 2966 Lngduno

540 2976 775 3046 amplius
808 2994 912 3032 non
950 2982 1403 3048 prontovcndutu.
1450 2981 1604 3051 Quod
1649 2984 1851 3039 dictqu
1895 2988 2135 3061 peregri-

538 3082 738 3123 norum
778 3085 885 3125 non
928 3070 1032 3126 fuit
1066 3087 1134 3126 ex
1180 3084 1301 3129 toto
1323 3076 1537 3131 veritati
1588 3080 1948 3134 contrarium.
1982 3081 2133 3136 Inﬁr-

541 3168 726 3214 matus
770 3175 968 3235 nempe
997 3162 1193 3229 fuerat,
1221 3173 1278 3218 ut
1308 3166 1374 3220 de
1400 3167 1649 3224 sanitatis
1679 3169 1821 3226 illius
1845 3187 2130 3243 recupera-

2242 1971 2297 2017 et
2351 1964 2660 2019 obedientia
2716 1966 3019 2035 spiritualis
3084 1966 3262 2023 Patris
3312 1969 3390 2023 ire
3441 1970 3747 2038 compellimur,

2241 2062 2505 2121 quantum
2544 2056 2701 2110 nobis
2742 2055 2967 2117 licuerit
2991 2056 3224 2113 ducente
3262 2056 3489 2112 Domino
3522 2059 3747 2128 progredie-

2241 2159 2382 2197 mur.
2405 2143 2635 2210 Quando
2664 2148 2815 2201 ultra
2832 2163 2937 2202 non
2962 2148 3329 2218 potuerimus,
3353 2149 3495 2202 salva
3523 2148 3747 2203 obedientia

2241 2245 2422 2289 nostra
2484 2247 2845 2293 revertemur.
2907 2238 3081 2293 Ducat
3134 2254 3273 2304 nos,
3331 2242 3519 2306 aiunt,
3560 2243 3748 2311 benignus

2240 2326 2404 2382 Deus.
2433 2348 2450 2380 ›
2480 2328 2766 2385 Celebrato
2794 2330 2959 2401 igitur
2988 2331 3135 2393 inter
3154 2347 3248 2388 eos
3269 2334 3446 2388 noctis
3474 2331 3623 2387 oilieio
3641 2344 3747 2401 atque

2240 2415 2368 2479 diei.
2397 2432 2494 2472 nos
2516 2418 2616 2473 viae
2646 2419 3004 2475 reddidimus.

2315 2505 2391 2558 Ex
2427 2507 2556 2563 hinc
2606 2524 2728 2563 cum
2761 2509 2991 2566 Romam
3017 2527 3288 2583 prospero
3333 2515 3516 2569 itinere
3538 2513 3745 2585 pervenis-

2238 2608 2443 2660 semus,
2483 2605 2538 2651 et
2565 2597 2856 2654 Anselmus
2891 2614 2920 2654 a
2944 2615 3083 2670 papa
3122 2602 3505 2658 decentissime
3532 2612 3744 2670 susceptus

2237 2683 2305 2738 de
2355 2685 2439 2739 sui
2480 2686 2747 2744 adventus
2780 2703 2943 2746 causa
2984 2692 3284 2761 requisitus
3328 2692 3527 2757 fuisset,
3561 2709 3614 2748 eo
3642 2692 3741 2746 illam

2236 2778 2430 2831 ordine
2469 2780 2655 2834 retulit
2675 2796 2784 2851 quo
2817 2781 2869 2836 in
2893 2784 3121 2853 epistola
3149 2800 3245 2840 sua
3283 2803 3445 2856 quain
3475 2803 3501 2840 a
3536 2786 3741 2853 Lugdune,

2238 2877 2297 2921 ut
2348 2869 2622 2944 diximus,
2666 2872 2719 2926 ei
2771 2871 2990 2939 dixerit,
3045 2876 3213 2945 ipsam
3277 2878 3512 2949 digessit.
3541 2876 3743 2931 Auditilie

2238 2975 2361 3028 quae
2403 2959 2673 3030 feruntur,
2714 2973 2768 3018 et
2814 2964 3231 3021 subventionem
3296 2969 3578 3038 pollicetur.
3603 2966 3743 3021 Scribit

2237 3051 2448 3108 litteras
2493 3052 2812 3113 Willhelmo
2867 3059 2980 3129 regi
3033 3059 3268 3128 Angliaz,
3332 3062 3382 3115 in
3421 3063 3594 3131 quibus
3621 3070 3664 3112 ut
3686 3074 3743 3110 res

2233 3143 2471 3199 Anselmi
2527 3145 2727 3203 liberas
2793 3147 2847 3211 in
2904 3164 3071 3220 regno
3111 3166 3212 3209 suo
3254 3152 3459 3207 faceret
3503 3167 3557 3207 ac
3594 3151 3645 3204 de
3670 3148 3744 3202 suis

537 3247 692 3304 “one
747 3218 1058 3322 δεδρέηιίο
1116 3218 1215 3311 "0's
1265 3218 1370 3313 nm;
1402 3218 2130 3332 ’ἶεὲιωεῖνριξξῗίῖη
2160 3218 2204 3278 C
2236 3237 2489 3332 omnibus
2516 3238 2665 3297 illum
2695 3242 2985 3332 revestiret
3024 3254 3226 3310 monet.
3275 3246 3534 3307 hortatur,
3561 3245 3740 3332 imperat.

538 3340 748 3405 audito,
783 3345 1121 3401 consternati
1154 3357 1284 3403 sunt
1315 3350 1518 3418 animo;
1546 3364 1601 3407 et
1629 3355 1773 3424 quod
1803 3356 1868 3412 de
1890 3357 2130 3416 Anselmi

538 3432 940 3490 disturbatione
981 3452 1131 3506 spem
1168 3437 1484 3506 habebant,
1521 3445 1895 3513 perdiderunt.
1927 3448 2127 3507 Verum

537 3522 1035 3596 languoremagna
1077 3541 1143 3581 ex
1188 3538 1341 3600 parte
1389 3532 1603 3604 sopito,
1660 3545 1715 3590 et
1762 3552 1982 3593 rumore
2037 3541 2131 3611 qui

536 3614 770 3685 populos
810 3617 876 3673 de
925 3633 1183 3687 processu
1234 3621 1403 3693 ipsius
1447 3625 1751 3695 repleverat
1787 3629 2125 3702 circumqua-

540 3721 648 3776 que
701 3709 994 3777 exstincto,
1045 3728 1173 3769 ecce
1219 3730 1356 3786 quos
1406 3715 1637 3777 Romam
1678 3720 1903 3778 miserat
1954 3724 2139 3789 nuntii

534 3798 786 3866 veniunt,
817 3809 871 3855 et
902 3803 1044 3873 quod
1083 3804 1233 3860 omni
1262 3808 1618 3864 excusatione
1654 3810 1867 3867 sublata
1910 3827 2034 3868 eum
2062 3817 2130 3870 ad

512 3880 599 3942 ’se
626 3903 761 3961 papa
803 3906 1102 3966 properare
1148 3897 1412 3968 praecepit
1435 3898 1698 3955 referunt.
1726 3899 1864 3968 Quid
1908 3908 2130 3963 moror?

510 3967 768 4038 'Nescius
812 4000 979 4041 mora:
1024 3967 1344 4058 apostolicis,
1380 3990 1548 4060 jussis
1585 3992 1811 4048 obaudit
1837 4035 1851 4058 ,
1914 3996 2016 4050 vim
2069 4013 2129 4061 se

530 4076 826 4145 periculis,
869 4089 1105 4135 mortem
1154 4095 1255 4150 pro
1292 4080 1404 4137 Deo
1441 4098 1559 4141 non,
1608 4085 1835 4151 veritus,
1868 4087 2055 4142 tradit.

608 4168 956 4227 Discedentes
1010 4172 1174 4243 igitur
1222 4187 1257 4227 a
1300 4172 1568 4245 Lugdune
1609 4176 1767 4231 tertia
1821 4176 1956 4234 feria
2006 4195 2128 4250 qua:

532 4268 661 4311 ante
707 4258 1046 4315 Dominicam
1087 4262 1228 4316 diem
1263 4261 1574 4327 Palmarum
1616 4277 1760 4329 erat,
1796 4269 2042 4323 venimus
2072 4270 2135 4337 in

534 4349 887 4417 subsequenti
933 4350 1175 4407 Sabbato
1204 4354 1272 4407 ad
1311 4354 1492 4413 villam
1529 4357 1819 4425 quamdam
1864 4375 1983 4429 qua:
2025 4362 2127 4416 As-

532 4454 664 4508 pera
695 4443 730 4480 ιι
772 4443 992 4506 dicitur,
1032 4443 1083 4498 in
1114 4461 1220 4515 qua
1260 4461 1381 4501 cuin
1421 4447 1676 4517 hospitati
1717 4458 1883 4521 atque
1935 4454 2125 4508 refecti

2237 3326 2440 3382 Scribit
2477 3345 2693 3400 quoque
2740 3331 3032 3389 Anselmus
3088 3336 3190 3395 sub
3216 3337 3406 3390 eadem
3432 3334 3625 3388 materia
3649 3331 3741 3382 litte

2242 3431 2351 3482 ras,
2378 3427 2433 3471 et
2458 3433 2556 3473 eas
2585 3436 2692 3476 una
2720 3436 2842 3476 cum
2868 3423 3067 3480 litteris
3096 3440 3249 3496 papa:
3294 3426 3392 3494 ipsi
3421 3425 3522 3494 regi
3556 3423 3741 3477 destinat.

2237 3510 2531 3567 Mansimus
2560 3525 2692 3581 ergo
2723 3510 2911 3570 Romae
2932 3518 3117 3571 decem
3140 3517 3337 3573 diebus
3367 3516 3418 3570 iu
3443 3514 3616 3595 palatio
3637 3510 3741 3581 Lale-

2233 3602 2476 3667 ranensi,
2505 3618 2627 3658 eum
2650 3619 2786 3674 papa
2815 3607 3095 3676 degentes.

2304 3691 2544 3747 Praeerat
2575 3706 2641 3747 eo
2702 3704 2949 3765 tempore
2979 3697 3150 3753 abbas
3178 3698 3421 3769 quidam,
3469 3694 3663 3751 Joannes
3678 3702 3739 3743 no-

2234 3782 2400 3849 mine,
2457 3783 2711 3839 emnobio
2740 3784 3044 3852 Salvatoris
3079 3790 3224 3858 quod
3262 3806 3431 3860 prope
3465 3786 3739 3843 Telesinam.

2235 3872 2422 3928 urbem
2475 3874 2640 3929 situm
2689 3884 2795 3931 est.
2852 3875 2953 3946 Qui
2980 3875 3234 3941 Joannes,
3277 3880 3544 3953 Romanus
3581 3887 3736 3943 genere.

2232 3962 2617 4030 discendarum
2665 3965 2844 4022 studio
2873 3960 3177 4031 litterarum
3219 3968 3335 4041 jam
3366 3970 3486 4024 olim
3525 3964 3735 4022 Francinn

2230 4064 2476 4122 venerat,
2534 4056 2717 4127 ibique
2764 4057 2915 4114 fama
2968 4071 3252 4130 permotus
3300 4060 3532 4117 Anselmi
3560 4057 3631 4125 qui
3654 4063 3737 4106 tunc

2228 4147 2390 4204 Becci
2443 4150 2617 4206 abbas
2657 4160 2798 4218 erat,
2836 4166 2959 4206 eum
2995 4151 3272 4224 religionis
3303 4153 3563 4222 proposito
3583 4148 3735 4201 fervens

2227 4241 2381 4307 adiit,
2400 4255 2575 4313 eoque
2602 4243 2806 4310 audito,
2831 4243 2992 4315 Becci
3017 4245 3319 4311 monachus
3348 4245 3513 4299 factus
3529 4248 3615 4295 est.
3633 4231 3737 4331 ρξκξδ

2229 4334 2320 4389 ubi
2367 4345 2490 4404 post
2515 4335 2742 4411 .aliquot
2785 4350 2959 4405 annos
3002 4337 3074 4391 ad
3118 4351 3284 4393 aures
3319 4335 3508 4392 summi
3535 4326 3737 4401 pontiﬁcis

2234 4424 2435 4482 Urbani
2490 4428 2761 4498 pervenit,
2805 4427 3069 4497 Joannem
3100 4429 3279 4499 ipsum
3311 4429 3379 4483 ad
3404 4443 3462 4483 se
3486 4420 3736 4479 accercitﬂll

531 4528 829 4587 fuissemus
854 4577 870 4597 ,
927 4535 1101 4589 visum
1151 4535 1301 4593 Patri
1350 4544 1435 4592 est
1465 4516 1745 4594 decentius
1774 4516 1916 4595 inter
1946 4557 2127 4597 moua-
2151 4556 2204 4617 υ
2229 4516 2440 4617 2mm“
2502 4520 2747 4617 θωηθδίξ-
2785 4521 3043 4617 “Pam”
3074 4520 3246 4617 feeit'
3284 4520 3383 4587 Hic
3428 4520 3589 4617 “aque

531 4621 670 4678 chos
719 4624 810 4693 qui
855 4624 905 4683 in
936 4626 1125 4682 eadem
1155 4626 1283 4682 villa
1313 4628 1720 4697 cohabitabant,
1771 4648 1933 4703 quam
1984 4635 2127 4690 inter

530 4712 786 4782 villanosl,
815 4724 975 4771 nocte
1002 4715 1092 4770 illa
1124 4732 1223 4772 nos
1244 4720 1584 4786 conversari,
1617 4729 1729 4775 tum
1754 4732 1976 4793 propter
1998 4725 2128 4781 reli-

528 4805 746 4876 gionem
797 4807 1107 4865 monachici
1164 4808 1394 4875 ordinis,
1446 4819 1558 4865 tum
1612 4822 1835 4883 propter
1887 4814 2121 4871 ollicium

526 4896 872 4953 imminentis
918 4899 1093 4955 noctis
1123 4908 1288 4968 atque
1317 4901 1445 4955 diei.
1476 4901 1553 4956 De
1587 4918 1646 4958 re
1676 4904 1861 4975 itaque
1896 4907 2123 4961 manda-

525 4994 641 5039 tum
675 4988 962 5043 monachis
999 4998 1084 5045 est
1128 4996 1186 5044 et
1224 4989 1437 5046 alacres
1473 5002 1848 5048 assenserunt.
1888 4994 2119 5052 Eramus

526 5077 729 5145 quippe
769 5088 880 5133 tres
911 5080 1163 5136 monachi
1191 5080 1282 5149 qui
1310 5082 1413 5136 hoc
1439 5083 1837 5152 quaerebamus,
1866 5087 2118 5143 dominus

524 5165 785 5223 videlicet
811 5180 866 5222 et
894 5168 1060 5231 Pater
1086 5172 1393 5238 Anselmus,
1440 5174 1696 5242 przefatus
1723 5174 2039 5242 Balduiuus,
2064 5186 2120 5239 et

524 5272 628 5329 ego
651 5258 743 5330 qui
768 5258 883 5317 haec
904 5261 1084 5317 scribo
1111 5262 1280 5319 frater
1306 5264 1632 5325 Eadmerus.
1664 5266 1763 5333 Qui
1797 5268 1868 5321 ita
1900 5268 2114 5324 ibamus

2228 4607 2444 4664 Patrem
2498 4626 2654 4665 suum
2702 4610 3018 4667 Anselmum
3074 4609 3310 4683 Romam
3351 4609 3568 4669 venisse,
3607 4596 3735 4654 mis!is

2226 4700 2431 4754 nuntiis
2455 4700 2602 4754 omni
2628 4701 2809 4756 studio
2853 4704 3180 4783 deprecatus
3222 4711 3327 4767 est,
3358 4689 3734 4785 qttateuusadte

2225 4790 2437 4846 veniret
2467 4799 2633 4860 atque
2676 4791 2730 4859 in
2756 4806 2853 4847 sua
2887 4782 3121 4862 quadam
3159 4793 3444 4849 mansione
3464 4788 3543 4845 cui
3565 4781 3733 4840 salubris

2223 4894 2359 4933 aura
2416 4879 2655 4944 favebat,
2697 4882 2766 4936 ad
2810 4876 3097 4949 evitandas
3126 4880 3390 4953 Romana:
3418 4877 3561 4947 Urbis
3579 4870 3732 4941 est“?

2223 4972 2400 5038 dines,
2432 4972 2654 5041 instanti
2681 4974 3000 5045 dignaretur
3022 4982 3211 5029 aestate
3233 4970 3557 5029 conversari.
3581 4960 3731 5057 Quintil

2225 5062 2315 5117 ille
2341 5064 2564 5129 auditis,
2587 5079 2840 5135 superna:
2873 5065 3062 5136 pietati
3093 5080 3158 5120 ac
3179 5064 3434 5121 fraterna:
3459 5049 3731 5149 sollicitudini

2225 5156 2431 5227 gratias
2462 5157 2591 5227 egit,
2632 5170 2954 5226 summoque
3012 5156 3257 5227 pontiﬁci
3286 5155 3478 5211 relatas
3501 5157 3657 5242 preces

2224 5247 2422 5301 notuit.
2478 5247 2551 5302 At
2601 5245 2693 5303 ille
2725 5264 2741 5301 :
2778 5263 2799 5298 ι
2833 5246 2911 5326 0,,
2953 5247 3150 5318 inquit,
3208 5245 3407 5321 divinae
3440 5236 3730 5318 misention”

1871 5357 2291 5416 HENSCHENII
2326 5356 2561 5414 ΝΟΤᾸΕ.

598 5457 626 5486 ι
670 5446 932 5504 Henricus
956 5449 1002 5504 is
1031 5450 1128 5504 luit
1152 5451 1255 5507 hoc
1277 5451 1496 5506 nomine
1519 5466 1610 5506 rex
1634 5450 1937 5507 Germaniae
1959 5468 2123 5519 quar-

524 5530 631 5581 tua,
672 5519 973 5591 imperator
1013 5521 1244 5577 tertius:
1279 5534 1469 5576 contra
1500 5537 1660 5591 quem
1701 5537 1844 5577 anno
1889 5522 2025 5577 1094
2064 5524 2117 5577 in

521 5590 759 5646 concilio
795 5591 1269 5661 Augustodunensi
1314 5590 1570 5647 renovata
1624 5594 2117 5651 exconununicatio

523 5662 722 5789 ἴμεναι,
755 5670 916 5729 atque
967 5672 1156 5717 contra
1195 5671 1423 5718 caeteros
1460 5662 1773 5719 schismatis
1812 5663 2114 5718 Guibertini

549 5743 790 5785 autores.

549 5743 826 5854 “ﬂagitio
856 5801 1012 5855 l098.
1044 5800 1112 5855 At
1144 5816 1260 5871 qua:
1291 5802 1374 5857 hic
1403 5800 1528 5858 villa
1563 5803 1768 5872 Aspera
1805 5803 2024 5859 dicitur.
2060 5804 2109 5858 in

2224 5451 2393 5523 priori
2414 5450 2539 5530 _Vita
2557 5450 2776 5530 dicitur
2790 5449 3033 5530 διαιρῇς,
3058 5451 3217 5523 vulgo
3231 5449 3387 5530 Susa,
3416 5444 3497 5501 ubi
3530 5443 3628 5498 eral
3648 5440 3727 5488 Μ’

2226 5521 2521 5579 itasterium
2556 5522 2613 5577 S.
2639 5521 2801 5585 Justi,
2827 5534 2886 5577 ut
2912 5524 3111 5579 ibidem
3134 5521 3518 5589 annotavimus.

2300 5604 2323 5633 ε
2367 5592 2580 5647 Telesia
2619 5593 2748 5647 urbs
2782 5582 2989 5647 Samnii
3013 5586 3359 5662 episcopalis,
3396 5586 3489 5646 sub
3511 5582 3723 5662 BQN-“El:

2224 5672 2351 5718 lano
2402 5662 2903 5765 arehigpiscOpatn,
2969 5648 3357 5741 hahd‘p'roeul
3402 5672 3431 5710 a
3470 5648 3722 5744 contineant

2224 5732 2432 5765 v..t.....:
2477 5742 2529 5765 ορ
2605 5732 2753 5765 «In...
2801 5730 3079 5765 n..m:....m
3114 5732 3167 5765 ε..
3200 5729 3445 5765 Inui-arua
3488 5724 3623 5765 Tam
3646 5711 3722 5765 ιι,

2223 5732 2433 5788 Vulturi
2477 5742 2531 5786 et
2560 5724 2757 5786 Sabari
2799 5724 3079 5786 fluminum
3114 5724 3456 5801 in'hodierna
3488 5724 3623 5778 Τεΐη
3647 5724 3727 5793 “ﬁ

2220 5804 2368 5858 horis
2392 5802 2518 5858 olim
2543 5801 2791 5869 celebris,
2818 5817 2959 5858 nunc
2992 5800 3103 5861 fere
3127 5800 3354 5858 deserta.
