3890 6306
134 314 258 379 1&9

1172 332 1175 335 ·
1234 313 1557 370 HISTORIA
1596 312 1964 373 NOVORUM.
2002 346 2074 359 —-
2113 316 2240 374 LIB.
2277 319 2341 376 ιι.
2410 340 2421 345 ·

3311 328 3424 406 .“9

144 434 561 503 pnedcstinatio
591 434 607 489 Ξ
637 434 778 492 Vere
824 435 1026 492 etenim
1072 432 1333 503 prininisit
1360 432 1503 487 Deus
1530 429 1731 501 Joseph
1764 416 1812 471 Α
1840 443 1894 488 et
1922 434 2148 491 omnino
2173 446 2362 491 contra
2404 452 2616 506 a-quum
2649 437 2886 511 fatigari.
2923 440 3058 497 Nam
3081 457 3203 499 cum
3226 443 3418 522 litterae

148 526 203 579 in
233 524 531 596 Aigyptum
553 537 682 582 ante
709 527 877 582 Jacob
904 527 1119 581 Patrem
1156 540 1335 582 suum.
1362 523 1732 593 Quapmpter,

146 614 277 671 licet
297 617 482 671 omnia
534 634 657 688 quae
701 620 900 682 habeo,
933 621 1040 674 tuis
1064 627 1248 687 utpote
1270 618 1370 672 viri
1409 627 1631 687 propter
1646 616 1736 684 ju-

143 711 358 766 Stitiam
390 726 563 766 necne
600 712 740 767 beati
765 691 911 767 Petri
940 710 1255 766 ﬁdelitatem
1285 709 1586 765 exsulantis
1610 725 1737 780 pru-

143 802 424 873 posuerim
451 804 869 859 necessitatibus
904 805 1193 868 servitura,
1227 814 1403 859 tamen
1435 803 1560 872 quia
1587 802 1736 859 urbis

143 891 307 945 istius
333 893 649 948 aet-multis
674 903 730 949 et
763 895 1012 950 maxima:
1044 895 1342 965 peregrina:
1371 894 1608 964 regionis
1640 893 1733 948 Ιιο·

143 981 393 1037 minibus
446 982 610 1039 nimis
641 994 724 1039 est
753 985 1065 1050 insalubris,
1104 986 1263 1041 laudo
1305 995 1363 1045 ut
1388 1001 1483 1041 eas
1511 999 1619 1054 quo
1644 1000 1736 1040 vo-

142 1074 314 1138 caris,
348 1090 414 1128 ne
436 1075 581 1143 quod
611 1091 846 1146 superna
898 1077 1139 1148 dignatio
1163 1076 1257 1131 tibi
1294 1077 1530 1147 providit
1560 1076 1735 1148 negli.

141 1179 273 1233 gere
324 1148 580 1221 videaris.
617 1184 638 1218 ι
686 1167 999 1237 Acquiescit
1044 1167 1333 1224 Ansehnus
1369 1168 1514 1224 dicto
1552 1172 1734 1239 ponti-

142 1255 288 1318 ticis,
348 1265 402 1311 et
432 1266 845 1327 exspectaturns
873 1259 1003 1330 quid
1038 1274 1137 1315 rex
1167 1259 1375 1332 Angliae
1406 1263 1734 1329 respondeat

138 1345 345 1403 litteris
396 1363 547 1419 papae
602 1365 667 1405 ac
717 1351 850 1415 suis,
905 1360 1087 1421 partes
1122 1352 1190 1407 ad
1235 1368 1373 1423 quas
1407 1353 1736 1410 invitabatur

137 1437 326 1507 petiit.
361 1436 681 1494 Occurritur
707 1440 757 1495 ei
811 1456 933 1501 cum
962 1441 1145 1503 laetitia
1181 1452 1237 1497 et
1262 1443 1469 1498 honore
1499 1444 1553 1497 in
1582 1444 1729 1498 omni

138 1529 265 1585 loco
300 1530 371 1584 ad
396 1547 555 1600 quem
580 1531 901 1604 ingreditur,
931 1542 983 1588 et
1027 1534 1276 1600 certatim
1312 1535 1379 1602 ad
1408 1535 1731 1590 ministrth

138 1620 272 1676 dum
306 1622 382 1677 illi
433 1622 635 1693 quique
696 1634 978 1695 parantur.
1027 1624 1127 1681 Ubi
1160 1641 1288 1681 vero
1325 1625 1444 1681 loco
1467 1610 1729 1697 ad'quem

136 1712 261 1769 ibat
315 1716 791 1784 appropinquavit,
854 1716 1107 1786 adjuncta
1146 1732 1330 1772 secum
1387 1717 1615 1772 fratrum
1639 1733 1730 1772 ca.

137 1812 299 1859 terva
331 1805 567 1862 Joannes
587 1806 799 1860 obviam
848 1807 1015 1874 vadit,
1061 1816 1118 1862 et
1145 1806 1362 1862 Patrem
1394 1824 1551 1862 suum
1580 1823 1729 1864 more

133 1894 269 1949 boni
304 1896 396 1949 lilii
419 1910 612 1965 magna
651 1911 776 1950 cum
825 1898 1125 1952 reverentia
1152 1908 1205 1952 et
1229 1898 1730 1953 exsultatione'sus—

136 1997 364 2055 ceptum
424 1988 754 2043 monasterio
804 1988 1119 2045 introducit.
1179 1988 1389 2045 Exinde
1469 1990 1727 2057 quoniam

132 2066 293 2135 calor
325 2079 396 2141 ibi
428 2089 621 2136 cuncta
654 2081 1095 2159 torrebay‘ducit
1116 2081 1313 2136 euntin
1340 2081 1522 2135 villam
1551 2097 1727 2145 suam,

133 2173 421 2228 Sclaviam
472 2174 715 2240 nomine,
769 2190 913 2245 quae,
964 2175 1019 2229 in
1061 2175 1261 2231 montis
1287 2174 1571 2229 altitudine
1600 2174 1726 2240 sita,

130 2278 277 2319 sano
298 2262 506 2334 jngiter
525 2280 653 2319 aere
683 2266 1135 2325 conversantibus
1161 2265 1268 2320 illic
1302 2265 1499 2322 habilis
1522 2274 1723 2320 exstat.

208 2357 315 2412 His
349 2357 520 2412 ferme
567 2358 759 2413 diebus
804 2360 1053 2431 Rogcrus
1093 2361 1200 2416 dux
1235 2361 1487 2430 Apulizea
1523 2363 1727 2417 aduna-

130 2460 197 2505 to
217 2450 414 2521 grandi
435 2451 701 2516 exercitu,
737 2450 1047 2520 Capuanam
1077 2454 1356 2511 civitatem
1398 2455 1427 2493 ιι
1453 2470 1483 2509 a
1512 2471 1612 2510 sua
1639 2456 1722 2509 di-

131 2545 292 2600 tione
322 2545 657 2599 resilientem
711 2546 1014 2601 obsidebat.
1050 2546 1116 2600 Et
1140 2547 1322 2601 audita
1363 2554 1505 2602 fama
1532 2549 1724 2603 Ausci.

126 2636 235 2699 mi,
270 2636 495 2691 directis
545 2637 770 2701 nuntiis,
823 2638 1037 2706 rogavit
1060 2652 1186 2695 eum
1216 2639 1404 2693 venire
1429 2640 1495 2694 ad
1525 2655 1604 2704 se,
1631 2657 1726 2695 cu-

127 2727 297 2797 piens
325 2728 473 2781 illiilli
499 2728 682 2782 videre
701 2739 756 2783 et
783 2729 1005 2798 alloqui,
1027 2739 1191 2798 atque
1218 2744 1316 2799 per
1343 2746 1466 2785 eum
1498 2732 1582 2786 his
1604 2747 1725 2801 qua:

127 2817 301 2872 saluti
350 2834 462 2874 suae
507 2818 883 2874 adminiculari
934 2829 1203 2889 poterant,
1266 2818 1575 2875 informari.
1624 2821 1725 2876 lvit

126 2925 268 2980 ergo
320 2910 481 2965 Pater
533 2911 601 2966 ad
646 2926 791 2966 eum.
825 2911 1013 2967 Adhuc
1040 2912 1197 2982 longe
1248 2928 1485 2977 eramus,
1515 2923 1572 2970 et
1596 2930 1725 2972 ecce

36 3038 39 3043 η
132 3000 246 3054 dux
301 3001 419 3069 ipse
477 3001 694 3070 copiosa
728 3001 959 3057 militum
986 3002 1332 3061 multitudine
1361 3014 1547 3075 septas
1575 3006 1723 3062 Patri

128 3094 404 3154 occurrit,
460 3109 525 3149 ac
580 3096 633 3149 in
683 3096 867 3153 oscula
925 3111 1108 3161 ruens,
1163 3099 1211 3152 ei
1242 3114 1341 3168 pro
1362 3114 1462 3155 suo
1494 3102 1725 3157 adventu

130 3184 353 3253 gratias
396 3186 523 3254 egit.
582 3186 773 3242 Plures
820 3188 1021 3244 exhinc
1070 3189 1184 3244 dies
1208 3194 1261 3245 in
1289 3192 1571 3249 obsidione
1594 3192 1726 3248 feci-

132 3289 281 3337 mus,
327 3276 519 3329 remoti
569 3276 622 3330 in
663 3277 912 3334 tentoriis
959 3294 991 3332 a
1036 3278 1339 3350 frequentia
1395 3290 1449 3336 et
1494 3283 1722 3338 tumultu

130 3369 537 3437 perstrepentis
567 3371 858 3426 exercitus.
891 3371 1025 3425 Cum
1057 3381 1241 3433 autem
1272 3374 1415 3435 inter
1438 3376 1553 3430 haec
1580 3376 1722 3438 sedis

130 3462 455 3529 apostolicae
507 3463 745 3531 pontifex
804 3463 1055 3520 Urbanus
1083 3464 1180 3521 illo
1224 3466 1565 3531 adventaret,
1592 3468 1725 3525 etei

132 3555 204 3609 ab
234 3555 497 3610 Auselmo
519 3572 582 3611 ac
622 3557 959 3625 princinibus
1008 3558 1176 3613 totius
1201 3559 1476 3615 exercitus
1509 3560 1723 3617 obviam

132 3649 275 3702 itum
330 3658 497 3716 esset,
558 3650 758 3721 ingenti
805 3652 1085 3706 saecularis
1112 3650 1297 3722 gloriae
1325 3666 1517 3723 pompa
1542 3669 1727 3723 prose-

126 3751 318 3803 cutus,
368 3740 561 3801 ductus
615 3751 699 3795 est
747 3742 800 3796 in
832 3743 1123 3798 tentorium
1167 3744 1311 3811 quod
1344 3743 1393 3809 ei
1432 3758 1598 3813 prope
1625 3760 1724 3800 nos

133 3838 256 3885 erat
282 3830 500 3886 caneris
526 3830 877 3886 excellentius
919 3832 1294 3887 constitutum.
1323 3832 1525 3902 Sicque
1551 3834 1722 3890 donec

132 3923 341 3979 civitas
402 3923 457 3976 in
513 3924 839 3984 deditionem
875 3926 1108 3990 transiit,
1144 3924 1355 3985 obsidio
1384 3924 1525 3979 illius
1546 3927 1722 3980 domi-

135 4029 269 4068 num
321 4028 513 4082 papam
570 4024 625 4068 et
670 4016 986 4071 Anselmum
1034 4017 1245 4072 vicinos
1306 4018 1521 4085 habuit,
1563 4017 1635 4072 ita
1667 4027 1726 4072 ut

136 4105 351 4159 familia
386 4105 597 4159 illorum
630 4108 799 4177 magis
831 4107 1103 4167 videretur
1134 4123 1238 4162 una
1265 4122 1427 4177 quam
1458 4108 1598 4175 duas,
1623 4123 1725 4164 nec

124 4195 301 4255 facile
332 4197 511 4265 quivis
535 4197 829 4252 declinaret
854 4199 919 4252 ad
944 4212 1137 4269 papam
1167 4198 1259 4270 qui
1290 4212 1400 4252 non
1431 4198 1726 4254 diverteret

134 4288 205 4342 ad
234 4287 571 4342 Anselmum.

210 4378 322 4435 Sed
370 4380 498 4449 quid
530 4380 725 4435 faciam
757 4381 779 4433 ?
820 4378 877 4435 Si
907 4379 1204 4448 dilectioni,
1228 4380 1273 4435 si
1304 4380 1643 4445 reverentiae,
1674 4381 1719 4436 si

1832 539 1957 592 qua:
2016 524 2256 593 directre.
2284 524 2519 590 fuerant,
2572 528 2772 583 nullam
2838 532 2938 600 ipsi
2984 548 3088 602 qua
3116 533 3238 604 jure
3264 538 3417 607 argui

1830 629 2020 687 posset
2058 621 2276 690 culpam
2334 620 2620 676 referendo
2675 623 3011 691 inveherent,
3070 643 3169 682 nec
3217 627 3419 686 latores

1835 723 2024 764 earum
2071 726 2100 765 a
2152 710 2347 767 litteris
2398 712 2528 782 ipsis
2554 711 2734 782 pejora
2789 715 3017 772 dicendo
3044 718 3415 791 dissentirent,

1836 798 2037 854 factum
2068 811 2152 855 est
2170 810 2227 855 ut
2251 811 2306 856 et
2330 801 2655 871 virijustitia
2681 804 2890 860 firmius
2911 806 3245 873 crederetur,
3261 820 3313 865 et
3335 810 3417 885 in;

1828 886 2043 961 justitia
2100 891 2337 946 hominis
2402 907 2524 946 eum
2570 908 2677 948 non
2705 908 2861 962 aequo
2888 893 3095 963 judicio
3117 895 3419 968 fatigantis,

1835 981 2009 1049 magis
2032 996 2095 1035 ac
2119 982 2290 1052 magis
2317 981 2586 1053 publicata
2610 984 2991 1040 detestaretur.
3019 986 3231 1057 Quique
3255 990 3418 1060 igitur

1834 1088 1903 1129 ex
1954 1073 2059 1128 hoc
2109 1073 2253 1129 illius
2302 1084 2587 1145 cmperunt
2622 1090 2800 1131 causa:
2835 1077 3044 1144 favere,
3084 1078 3226 1136 illius
3262 1097 3418 1137 com-

1835 1165 2019 1230 modo,
2068 1164 2210 1220 illius
2253 1164 2445 1220 honori
2494 1180 2555 1220 se
2608 1181 2817 1237 suaque
2876 1183 2974 1239 pro
3013 1177 3137 1224 voto
3164 1171 3415 1225 certatim

1835 1255 2170 1324 impendere.
2226 1254 2341 1311 Dux
2395 1258 2537 1335 ipse,
2580 1257 2645 1312 ad
2696 1273 2856 1327 quem
2881 1259 2994 1329 ipsa
3027 1263 3279 1316 mandata
3307 1278 3419 1332 pra:

1834 1349 2048 1403 caeteris
2098 1348 2202 1403 lata
2248 1348 2486 1414 fuerunt,
2541 1365 2647 1404 non
2684 1350 3044 1423 consideratis
3089 1353 3168 1407 eis
3201 1351 3416 1408 Patrem

1831 1440 2018 1499 multis
2059 1440 2316 1509 precibus
2358 1442 2426 1496 ad
2464 1442 2563 1497 hoc
2594 1441 2813 1498 nectere
2843 1443 2995 1498 nisus
3018 1452 3121 1511 est,
3151 1456 3418 1514 quatenus

1832 1546 2013 1587 secum
2067 1532 2385 1603 dignaretur
2444 1548 2745 1599 remanere,
2784 1543 2837 1589 et
2871 1534 3104 1605 optimas
3146 1544 3414 1589 terrarum

1830 1637 2052 1676 suarum
2102 1632 2207 1675 tam
2271 1624 2323 1676 in
2354 1623 2495 1678 villis
2524 1640 2687 1695 quam
2730 1625 2782 1679 in
2810 1626 3043 1680 castellis
3065 1642 3158 1682 seu
3182 1627 3419 1681 civitati-

1833 1714 1955 1779 bus,
1996 1712 2148 1781 juxta
2194 1713 2511 1771 electionem
2542 1731 2717 1781 suam,
2757 1718 2898 1772 dono
2920 1718 3191 1789 accipere,
3215 1734 3417 1788 easque

1835 1806 1887 1859 iu
1937 1822 2066 1861 usus
2114 1820 2240 1860 suos
2267 1822 2621 1878 suorumque,
2644 1810 2770 1864 dum
2797 1811 3026 1873 viveret,
3052 1812 3268 1879 proprio
3292 1810 3417 1878 jure

1836 1898 2127 1952 vindicare.
2158 1898 2331 1953 Aliter
2356 1900 2518 1971 igitur
2546 1902 2820 1957 molimina
2846 1903 2989 1973 regis
3013 1904 3067 1958 in
3098 1904 3413 1958 Anselmum

1830 2001 2215 2061 processerunt
2254 2008 2318 2047 ac
2355 1994 2468 2062 ipse
2506 2004 2655 2049 ratus
2678 1995 2875 2049 fuerat.
2901 1994 3197 2051 Obsidione
3220 1995 3416 2053 dehinc

1832 2081 2028 2146 soluta,
2066 2081 2354 2137 Ansehnus
2381 2098 2503 2137 cum
2537 2098 2674 2154 papa
2705 2085 2771 2138 ad
2809 2085 3145 2139 Aversanam
3176 2095 3197 2123 π
3224 2086 3416 2140 civita-

1834 2184 1939 2229 tem
1995 2175 2163 2229 vadit.
2218 2176 2359 2245 Papa
2393 2175 2694 2237 civitatem,
2731 2176 3019 2243 Anselmus
3052 2178 3219 2233 multa
3251 2193 3413 2248 prece

1832 2265 2091 2322 invitatus
2155 2267 2428 2322 ahbatiam
2483 2266 2670 2322 Sancti
2734 2268 3048 2335 Laurentii,
3105 2271 3414 2339 hospitandi

1829 2356 2025 2426 gratia,
2060 2358 2212 2427 petit.
2248 2358 2417 2429 Igitur
2454 2356 2713 2413 Anselmo
2742 2359 2812 2414 ab
2846 2360 3014 2429 ipsius
3043 2360 3276 2414 ccenobii
3301 2360 3415 2413 fra-

1832 2445 2006 2500 tribus
2039 2447 2296 2517 perfectae
2331 2446 2615 2503 charitatis
2675 2450 2992 2521 obsequium
3016 2451 3327 2514 exhibetur,
3356 2460 3412 2506 et

1828 2539 2071 2607 loquenti
2101 2538 2263 2594 solito
2292 2554 2443 2594 more
2488 2554 2609 2609 qua:
2639 2541 2733 2596 Dei
2773 2550 2901 2597 sunt
2927 2541 3145 2596 auditus
3175 2542 3416 2599 studiose

1827 2631 2120 2703 praebetur.
2148 2622 2151 2623 ⁷

1900 2721 2267 2779 Considerans
2313 2722 2496 2792 itaque
2524 2721 2812 2778 Anselmus
2861 2725 3001 2793 apud
3037 2741 3119 2790 se,
3151 2735 3413 2797 quantam

1830 2816 2030 2871 mentis
2056 2815 2487 2885 inquietudinem
2514 2823 2569 2868 et
2601 2816 3064 2884 perturbationem
3094 2816 3258 2872 fuerit
3281 2834 3413 2887 pas-

1829 2920 1922 2962 sus
1946 2905 1999 2959 in
2024 2905 2237 2975 Anglia,
2263 2915 2316 2959 et
2344 2905 2613 2975 quomodo
2641 2904 2842 2971 nullus,
2869 2907 3113 2974 exceptis
3138 2906 3410 2976 aliquibus

1828 2996 2143 3059 monachis,
2195 3012 2321 3051 eum
2380 2996 2556 3067 gratia
2621 2995 2982 3051 fructificandi
3034 2997 3174 3061 Deo,
3224 2998 3415 3053 audire

1755 3108 1798 3166 ο
1830 3087 2083 3151 voluerit,
2150 3096 2463 3155 quantaque
2517 3086 2717 3141 mentis
2764 3089 3157 3158 tranquillitate
3186 3091 3409 3160 potitus,

1828 3189 1884 3236 et
1913 3195 2077 3250 quam
2108 3178 2388 3234 fructuoso
2418 3180 2598 3234 studio
2620 3181 2695 3251 sit
2726 3195 2755 3233 a
2778 3183 2987 3235 cunctis
3019 3183 3237 3237 auditus
3264 3193 3404 3252 post-

1826 3289 1987 3342 quam
2041 3271 2214 3329 exivit
2256 3273 2324 3326 de
2364 3271 2582 3342 Anglia,
2638 3274 2788 3345 (ιιιιηί
2844 3274 3116 3329 desiderio
3146 3262 3411 3330 fervebat

1826 3380 2011 3421 curam
2040 3365 2247 3435 Angliae
2276 3380 2398 3419 cum
2432 3366 2746 3435 pontiticatu
2791 3366 3064 3430 deserere,
3102 3377 3155 3421 et
3184 3369 3263 3422 eis
3290 3384 3411 3439 per-_

1826 3457 1993 3527 petim
2051 3457 2457 3517 abrenuntiare.
2515 3456 2652 3514 Huic
2703 3473 2919 3529 quoque
2979 3459 3250 3514 desiderio
3304 3476 3410 3529 non

1826 3563 2015 3618 parum
2042 3548 2254 3602 roboris
2286 3546 2655 3617 impendebat,
2687 3551 2830 3619 quod
2861 3549 3099 3604 omnium
3129 3549 3409 3605 dubietate

1827 3639 2037 3694 sublata
2093 3639 2309 3694 videbat
2372 3639 2706 3707 impossibile
2732 3641 2848 3695 fore
2880 3655 3007 3695 suos
3033 3649 3087 3695 et
3112 3636 3413 3707 Willhelmi

1829 3730 1973 3800 regis
2027 3746 2207 3785 mores
2266 3730 2318 3784 in
2370 3747 2540 3787 unum
2598 3732 2828 3803 amplius
2866 3733 3216 3787 concordare.
3241 3733 3321 3786 Ad
3345 3749 3410 3787 ea

1828 3836 2022 3891 nempe
2084 3837 2203 3892 qua:
2266 3823 2415 3878 illum
2472 3824 2526 3878 in
2569 3824 2763 3895 Anglia
2814 3823 2972 3895 positi
3028 3822 3206 3878 facere
3237 3822 3411 3889 solere

1828 3927 2277 3985 cngnoveramus,
2336 3932 2471 3971 nova
2522 3917 2770 3987 quaedam
2823 3915 3061 3983 quotidie
3112 3916 3178 3969 ab
3205 3916 3289 3971 his
3316 3916 3409 3984 qui

1828 4004 1953 4061 inde
2006 4005 2299 4061 veniebant
2344 4007 2557 4075 publice
2588 4006 2984 4067 referebantur,
3036 4006 3087 4060 in
3116 4005 3310 4074 quibus
3336 4009 3409 4061 ita

1827 4080 2012 4151 eontra
2054 4094 2154 4149 Dei
2196 4095 2464 4165 justitiam
2517 4096 2837 4151 obfirmatus
2892 4094 3291 4166 intelligebatur
3351 4104 3410 4150 ut

1827 4187 1980 4244 multi
2008 4188 2285 4258 regionum
2314 4189 2528 4243 illarum
2560 4188 2658 4243 viri
2691 4186 2848 4243 simul
2876 4203 2939 4243 ac
2971 4188 3223 4243 mulieres
3247 4188 3407 4242 aliam

1827 4280 1894 4334 de
1933 4292 1996 4334 eo
2037 4280 2452 4335 mstimationem
2506 4281 2768 4335 haberent
2817 4280 3073 4350 quamde
3100 4278 3417 4336 Christiano.

1827 4369 2167 4428 Christianos
2198 4370 2277 4424 lex
2317 4371 2626 4426 Christiana
2667 4372 2822 4425 docet
2864 4370 3084 4425 habere.
3116 4370 3187 4424 De
3214 4372 3416 4447 quibus

134 4472 355 4538 honori,
385 4473 477 4541 qui
526 4472 783 4527 Anselmo
834 4472 904 4539 ab
949 4472 1385 4527 uuiversisiuter
1406 4487 1542 4542 quos
1568 4473 1719 4528 hahi-
1754 4465 1799 4521 D
1826 4479 1997 4535 pauca
2052 4463 2201 4518 brevi
2259 4464 2625 4533 perstringere
2666 4463 2895 4532 placuit,
2950 4478 3017 4518 ne
3075 4461 3423 4523 solummodo.

134 4564 290 4619 tabat
336 4577 402 4617 eo
457 4576 699 4631 tempore
743 4572 799 4617 et
847 4563 1103 4619 veniebat
1148 4563 1523 4629 exhibebatur,
1580 4564 1720 4619 scrio

133 4655 319 4710 bendo
341 4655 656 4724 singulatim
716 4656 992 4710 immorari
1026 4656 1267 4720 voluero,
1308 4671 1411 4711 non
1449 4657 1721 4711 immerito

130 4745 542 4801 imliscretionis
566 4746 719 4817 argui
749 4755 957 4817 potero.
1014 4745 1245 4809 Tantum
1276 4747 1397 4802 dico
1422 4748 1563 4816 quod
1595 4747 1720 4803 licet

128 4853 230 4891 rex
271 4836 484 4905 Anglia:
534 4837 627 4905 qui
674 4836 851 4901 illum,
886 4844 943 4889 ut
973 4836 1289 4905 praedictum
1327 4847 1433 4899 est,
1462 4836 1529 4889 de
1555 4851 1720 4905 regno

124 4942 237 4985 suo
298 4927 527 4998 pepulit,
571 4936 678 4981 tam
732 4927 927 4983 litteris
983 4942 1146 5005 quam
1193 4927 1355 4998 largis
1405 4928 1719 4987 muneribus

126 5033 328 5083 omnes
354 5034 495 5088 quos
534 5028 684 5079 ratus
716 5029 833 5074 erat
861 5020 910 5074 ei
940 5034 1100 5089 posse
1135 5019 1462 5076 detrimento
1485 5021 1722 5077 existere

127 5118 368 5164 conatus
416 5107 580 5162 fuerit
628 5109 891 5164 adversus
938 5124 1060 5163 eum
1112 5124 1476 5175 commovere,
1539 5119 1719 5165 tamen

128 5203 269 5257 nihil
302 5201 538 5272 profecit
566 5201 699 5270 quin
736 5201 916 5271 potius
944 5216 1011 5255 ex
1040 5200 1128 5257 his
1160 5201 1545 5270 perspicaciter
1566 5202 1725 5257 intel-

116 5294 336 5351 lectum
390 5302 497 5361 est,
538 5293 718 5349 virum
772 5291 1038 5363 simplicis
1082 5291 1307 5362 justitia:
1335 5292 1479 5347 viam
1516 5302 1720 5361 tenere,

1830 4556 1988 4611 nudis
2035 4554 2215 4609 verbis
2245 4570 2363 4623 qua:
2388 4556 2594 4619 dicunt,
2622 4554 2726 4609 dici
2766 4564 3039 4623 putentur.
3073 4553 3203 4621 Quae
3232 4562 3425 4610 tamen.

1826 4636 1970 4702 Sicut
1994 4647 2081 4701 illa
2111 4647 2419 4716 accepimus
2450 4646 2771 4714 simpliciter
2786 4660 3005 4714 ponam,
3040 4658 3144 4696 non
3159 4652 3425 4702 astruens,

1828 4753 1956 4793 vera
2011 4752 2078 4791 an
2127 4752 2284 4792 secus
2334 4736 2665 4798 exstiterint,
2696 4749 2764 4787 an
2798 4749 2925 4787 non.
2949 4730 3219 4787 Ferebant
3249 4730 3406 4801 igitur

1828 4828 1882 4888 hi
1934 4828 2025 4897 qui
2068 4826 2357 4882 veniebant
2415 4825 2556 4894 quod
2602 4828 2792 4878 eodem
2840 4822 2955 4877 fere
2988 4831 3249 4889 tempore,
3280 4835 3405 4873 cunt

1828 4921 1972 4989 idem
2030 4935 2126 4975 rex
2188 4918 2511 4989 Rothomagi
2557 4924 2897 4978 moraretur,
2955 4912 3159 4976 videri,
3208 4911 3297 4979 qui
3354 4911 3411 4967 in

1826 5011 2047 5066 civitate
2096 5009 2209 5080 ipsa
2232 5008 2514 5080 degebant,
2563 5007 2629 5062 ad
2656 5021 2779 5060 eum
2818 4992 3402 5069 convenire,'conque-

1826 5114 2010 5159 rentes
2063 5101 2348 5156 nonnullos
2398 5115 2465 5154 ex
2522 5097 2658 5162 suis,
2708 5085 2893 5165 spreto
2931 5080 3413 5155 Judaismo,Chrii

1825 5196 2035 5249 stianos
2079 5201 2206 5247 tunc
2263 5191 2474 5245 noviter
2512 5188 2683 5243 factos
2733 5185 2923 5249 fuisse,
2968 5192 3130 5253 atque
3160 5190 3413 5252 rogantes

1825 5294 1886 5339 ut
1942 5291 2156 5352 sumpto
2210 5282 2386 5351 pretio
2436 5278 2580 5347 ilbs,
2629 5277 2832 5349 rejecto
2874 5272 3316 5340 Christianismo,
3342 5270 3410 5326 ad

1404 5422 1815 5491 nassonem;
1843 5417 2082 5478 μους.

195 5559 225 5588 ι
244 5542 519 5614 Rogerius
533 5541 674 5595 fiiius
687 5539 905 5614 Boberti
927 5535 1308 5605 Northmanni,
1325 5537 1479 5593 ducis
1490 5537 1718 5610 Apuliae,

122 5609 399 5676 successit
422 5612 496 5667 illi
528 5625 671 5666 anno
696 5609 854 5664 l086.

164 5740 167 5743 ι
198 5688 229 5728 ι
268 5688 431 5761 Λιιῃο
462 5682 597 5761 1998
628 5679 1073 5761 r_con_iprehensa
1102 5687 1189 5761 est
1215 5678 1397 5761 Capua
1428 5677 1721 5761 a‘llogerio

124 5768 317 5837 mense
351 5754 565 5810 Martio.
604 5769 622 5804 ι
664 5751 740 5806 Ita
776 5750 955 5822 Lupus
993 5750 1307 5821 Protospata
1343 5750 1395 5806 in
1426 5750 1712 5805 Chronico.

1824 5532 1931 5590 Sed
1959 5532 2177 5585 videtur
2207 5529 2488 5601 legendum
2518 5544 2841 5601 essetnam:
2870 5528 3058 5601 Maio:
3099 5526 3409 5601 aliaseniin

1822 5621 1929 5661 non
1977 5603 2242 5674 potuisset
2262 5597 2462 5674 adesse
2495 5600 2814 5674 Auselmus,
2855 5600 2948 5669 qui
2989 5615 3173 5655 mense
3216 5597 3413 5652 Martio

1820 5671 2053 5732 exeunte
2080 5672 2304 5727 Romam
2334 5672 2505 5726 solum
2540 5671 2817 5741 attigerat.
2872 5739 2909 5741 _
3054 5739 3083 5741 __
3394 5702 3403 5719 ν

1895 5756 1916 5785 ε
1956 5746 2160 5800 Aversa
2195 5743 2322 5799 urbs
2348 5743 2489 5798 inter
2514 5739 2753 5813 Capuam
2784 5750 2840 5797 et
2869 5739 3165 5809 Neapolim.
