3890 6306
480 353 585 426 itu

1470 355 1784 414 EADMERI
1823 344 2384 413 CANTUARlENSlS
2426 351 2734 412 MONAClll

3669 350 3778 412 ιιι

481 483 820 541 Judaismum
868 479 1046 537 redire
1091 469 1456 548 compelleret.
1497 470 1815 542 Aeqniescit
1863 470 1973 536 ille,
2017 479 2074 526 et
2100 453 2143 512 Α
2177 477 2290 523 tum
2329 468 2406 524 rei
2429 483 2528 538 pro
2555 466 2762 523 foribus
2798 466 3224 538 prastolantem,
3265 467 3492 524 invenit.
3519 466 3578 523 In
3601 482 3779 538 quem

482 581 736 644 suscepto
761 571 933 642 pretio
956 570 1265 639 apostasim,
1321 562 1474 639 jubet
1502 577 1568 622 ex
1591 561 1794 621 Iudaeis
1821 561 1956 633 ipsis
1978 561 2071 617 ad-

477 666 605 721 duci
631 665 696 719 ad
717 679 796 718 se.
820 661 960 730 Quid
989 661 1141 734 plura
1173 661 1196 715 ?
1224 660 1415 715 Plures
1465 672 1533 714 ex
1564 656 1671 713 illis
1699 657 1858 711 minis
1886 665 1940 710 et
1965 665 2072 709 ter-

482 757 695 811 roribus
723 755 942 818 fractos,
970 755 1235 824 abuegato
1257 754 1497 820 Christo,
1516 751 1808 823 pristinmn
1825 762 2068 804 errorem

480 848 754 925 sust-ipere
787 847 932 902 fecit.
1363 879 1389 896 .

481 963 488 969 ·
550 940 683 995 Erat
729 949 1013 1009 przeterea,
1066 938 1172 993 illis
1220 937 1434 1003 diebus,
1483 937 1801 993 adolescens
1849 935 2068 1005 quidam

477 1027 721 1096 Iudaeus,
754 1032 840 1086 cui
867 1047 975 1086 uno
1003 1031 1210 1101 dierum
1263 1047 1359 1101 per
1386 1033 1530 1086 viam
1564 1031 1705 1086 forte
1727 1030 1875 1086 eunti
1904 1043 2068 1098 appa-

480 1125 591 1178 ruit
623 1123 760 1176 alter
780 1122 996 1190 juvenis
1019 1121 1167 1176 vultu
1213 1135 1277 1176 ac
1302 1131 1451 1177 veste
1477 1121 1728 1185 decorus,
1776 1121 1865 1188 qui
1893 1119 2067 1175 inter-

480 1220 706 1280 rogatus
763 1207 907 1263 unde
955 1209 1036 1264 vel
1065 1209 1188 1278 quis
1206 1217 1372 1274 esset,
1410 1208 1546 1264 dixit
1585 1225 1662 1274 se,
1691 1209 1803 1279 jam
1841 1208 1970 1262 olim
1997 1223 2066 1263 ex

478 1303 666 1358 Judteo
692 1302 1061 1358 Christianum
1096 1301 1369 1368 eﬂ’ectum,
1403 1302 1734 1372 Stephanum
1761 1310 2064 1372 protomar-

480 1406 654 1467 tyrem
690 1409 831 1451 esse.
891 1413 909 1446 ι
947 1394 1054 1451 Sed
1081 1411 1164 1461 ea,
1216 1396 1411 1466 inquit,
1451 1409 1613 1450 causa
1655 1409 1802 1449 nunc
1831 1394 1895 1450 de
1925 1393 2064 1448 etelo

481 1488 551 1543 ad
581 1497 756 1540 terras
806 1486 1056 1541 descendi
1119 1494 1178 1540 ut
1216 1495 1291 1552 tu,
1325 1485 1533 1556 abjecta
1564 1484 1947 1554 superstitione
1971 1482 2067 1538 Ju-

480 1578 654 1644 daica,
707 1577 1050 1635 Christianus
1085 1575 1356 1640 eﬂiciaris,
1386 1583 1444 1630 et
1473 1589 1592 1630 meo
1623 1576 1863 1639 nomine,
1889 1573 2064 1643 bapti-

481 1680 640 1724 zatus
690 1668 744 1724 iu
789 1667 1030 1734 Christo,
1086 1666 1394 1738 appelleris.
1437 1685 1455 1718 ι
1500 1666 1664 1730 Dixit,
1705 1675 1759 1721 et
1798 1665 1865 1720 ab
1892 1665 2062 1721 oculis

477 1763 598 1831 ejus
613 1761 825 1832 elapsus
844 1775 947 1815 non
965 1760 1292 1829 comparuit.
1314 1758 1640 1815 Adolescens
1670 1769 1850 1814 autem
1871 1759 2063 1813 timore

476 1853 780 1922 correptus,
844 1850 988 1907 illico
1029 1850 1407 1922 presbyterum
1473 1850 1626 1914 adiit,
1677 1849 1804 1920 quid
1843 1849 2060 1914 viderit,

477 1945 676 2015 quidve
728 1943 964 1998 audierit
1021 1942 1164 1996 clara
1191 1957 1320 1996 voce
1356 1941 1612 2009 innotuit,
1639 1940 1880 2010 sequein
1905 1939 2062 1994 Chric

476 2042 622 2092 stum
675 2033 899 2089 credere
947 2031 1251 2099 confessus,
1310 2031 1564 2101 baptismi
1614 2031 1844 2101 gratiam
1877 2030 2061 2085 statim

475 2125 702 2196 adeptus
730 2133 834 2180 est.
865 2124 1017 2192 Quod
1041 2123 1239 2179 factum
1263 2140 1384 2178 cum
1407 2132 1560 2195 pater
1587 2124 1704 2195 ejus
1731 2124 2061 2195 agnovisset,

475 2217 592 2272 acri
637 2217 820 2273 cordis
880 2215 1066 2272 dolore
1126 2215 1376 2271 afﬁcitur.
1428 2216 1491 2270 Et
1544 2225 1780 2271 aestuans
1827 2229 2060 2286 quonam

477 2307 641 2364 tnodo
698 2307 813 2363 suis
862 2308 1033 2363 sacris
1081 2308 1249 2362 ﬁlium
1299 2317 1483 2378 posset
1535 2307 1843 2374 restituere,
1878 2307 2064 2363 didicit

475 2398 931 2468 quemadmodum
957 2398 1302 2455 Willhelmus
1335 2415 1425 2454 rex
1458 2399 1755 2471 Anglorum
1781 2399 2063 2454 nonnullos

478 2489 792 2560 hujustnodi
841 2491 1086 2560 pecunia
1121 2494 1288 2561 gratis
1323 2507 1494 2562 nuper
1512 2490 1789 2548 Judaismo
1819 2491 2065 2546 reddide-

477 2580 573 2634 rit.
608 2579 710 2634 lvit
764 2596 895 2652 ergo
950 2581 1016 2634 ad
1072 2581 1245 2647 illum,
1299 2590 1349 2634 et
1377 2581 1613 2651 qualiter
1634 2581 1869 2651 perdidit
1894 2580 2061 2635 tilium

478 2687 638 2728 suum
694 2673 917 2742 querula
939 2688 1072 2729 voce
1121 2673 1473 2744 deprompsit.
1507 2671 1641 2728 Orat
1663 2673 1765 2728 sibi
1794 2672 2061 2738 misereri,

475 2773 536 2822 et.
561 2765 702 2820 unici
751 2780 904 2822 more
951 2781 981 2819 a
1007 2779 1069 2821 se
1117 2765 1375 2821 dilectum
1405 2766 1647 2836 paternis
1673 2772 1827 2836 rogat
1854 2765 2066 2835 legibus

479 2856 749 2926 imperiali
800 2857 1084 2913 sanctione
1143 2857 1373 2912 restitui.
1427 2855 1598 2912 Tacet
1635 2856 1725 2911 ille
1756 2857 1820 2909 ad
1854 2865 2063 2928 rogata,

479 2948 716 3003 nondum
739 2948 966 3003 audiens
994 2949 1346 3018 quamobrem
1398 2949 1489 3002 tali
1521 2949 1738 3020 negotio
1757 2963 1879 3004 sese
1899 2949 2064 3004 debe-

476 3043 564 3093 ret
600 3037 835 3093 medium
864 3035 1061 3092 facere.
1093 3039 1339 3092 Advertit
1370 3037 1588 3094 Iudaeus
1615 3040 1934 3112 mysterium
1967 3054 2068 3094 cur

2170 558 2469 624 animatus,
2526 575 2544 610 ι
2603 557 2727 623 Fili,
2776 559 2873 625 ait,
2908 558 3123 622 mortis,
3167 566 3224 614 et
3245 557 3504 628 pabulum
3529 569 3775 614 externa

2171 653 2516 722 perditionis,
2540 666 2646 706 non
2677 648 2875 706 sudicit
2897 651 2990 705 tibi
3033 651 3314 705 damnatio
3339 661 3434 704 tua
3468 652 3577 707 nisi
3602 661 3666 707 et
3691 668 3772 706 me

2163 753 2349 798 ‘tccum
2380 743 2686 814 przccipites
2720 742 2772 797 iu
2815 758 2937 798 eam
2970 744 2998 797 i‘
3021 743 3134 811 Ego
3163 759 3296 798 vero
3332 744 3422 798 cui
3466 745 3584 815 jam
3612 743 3772 800 Chri-

2170 845 2286 890 stus
2340 835 2648 905 patefactus
2703 844 2807 900 est,
2839 836 2984 890 absit
3016 844 3074 889 ιιι
3113 843 3167 889 ιε
3195 851 3436 906 unquam
3489 852 3591 907 pro
3613 845 3771 905 patre

2168 941 2464 1000 agnoscam
2500 930 2626 1000 quia
2665 939 2825 1000 pater
2852 939 2978 985 tuus
2999 929 3246 985 diabolus
3269 931 3396 985 est!
3443 951 3461 984 ι
3501 931 3643 985 Dum
3673 932 3767 986 ista

2167 1022 2242 1076 ita
2275 1023 2551 1087 dicuntur,
2586 1022 2653 1075 ad
2676 1021 2892 1090 jussum
2926 1023 3072 1092 regis
3095 1021 3460 1077 introducitur
3488 1032 3620 1078 ante
3646 1039 3766 1078 eum

2167 1109 2405 1175 Jmlaeus,
2455 1122 2511 1168 et
2560 1112 2638 1166 ait
2684 1111 2758 1166 illi
2793 1127 2887 1167 rex
2939 1130 3003 1166 ε(
3039 1112 3178 1167 Ecce
3226 1112 3329 1168 feci
3368 1116 3518 1182 quod
3542 1115 3765 1184 rogasti,

2170 1207 2336 1260 redde
2364 1206 2506 1277 quod
2535 1203 2854 1275 promisisti.
2900 1222 2920 1256 ι
2955 1204 3025 1258 At
3057 1203 3143 1258 ille
3170 1220 3184 1258 :
3221 1223 3239 1256 ι
3277 1203 3451 1259 Filius
3470 1219 3633 1260 meus
3657 1206 3763 1275 jam

2169 1315 2313 1354 nunc
2359 1307 2416 1354 et
2445 1300 2496 1353 in
2522 1298 2727 1354 Christi
2780 1295 3124 1354 confessione
3153 1298 3512 1363 constantior,
3543 1306 3606 1353 et
3631 1298 3764 1351 mihi

2163 1400 2250 1448 est
2279 1392 2438 1447 solito
2477 1391 2655 1447 factus
2703 1389 2972 1454 infestior,
3027 1399 3083 1446 et
3110 1391 3295 1445 dicis:
3329 1390 3455 1447 Feci
3483 1391 3640 1461 quod
3675 1407 3763 1459 pe-

2169 1485 2306 1547 tisti,
2355 1483 2523 1538 redde
2564 1481 2708 1553 quod
2767 1480 3067 1550 promisisti
3111 1481 3275 1535 Hino
3331 1481 3472 1550 quod
3521 1481 3761 1550 cepisti,

2163 1579 2340 1647 primo
2367 1576 2586 1648 perﬁce,
2634 1583 2691 1631 et
2723 1583 2850 1630 tunc
2877 1575 3097 1629 demum
3137 1575 3204 1630 de
3234 1573 3490 1644 pollicitis
3518 1589 3648 1646 age.
3681 1574 3765 1629 STc

2165 1671 2308 1726 enim
2339 1668 2591 1726 convenit
2618 1668 2759 1723 inter
2783 1666 3074 1732 uos.-Feci,
3108 1667 3264 1732 dixit,
3294 1676 3559 1737 quantum
3579 1669 3762 1738 potui,

2165 1775 2350 1815 verum
2371 1759 2622 1830 quamvis
2645 1773 2750 1814 non
2775 1757 3114 1827 profecerim,
3143 1758 3368 1812 minime
3381 1765 3560 1814 tamen
3586 1757 3762 1811 feram

2167 1865 2255 1906 tne
2291 1850 2408 1905 sine
2437 1849 2612 1904 fructu
2649 1848 2948 1903 laborasse.
2991 1864 3010 1900 ι
3048 1847 3513 1918 Augustiatusque
3537 1845 3762 1902 Ju.'.rus

2164 1953 2227 1994 ex
2255 1939 2338 1995 his
2371 1940 2458 1992 vix
2491 1940 2748 2006 obtinuit,
2779 1947 2840 1993 ιιι
2861 1939 2985 1993 data
3030 1938 3324 1993 medietate
3349 1939 3646 2010 promissa:
3675 1953 3764 2008 pe-

2165 2031 2356 2094 cuniae,
2383 2029 2486 2084 alia
2512 2029 2614 2085 sibi
2645 2031 2908 2085 medietas
2935 2029 3229 2084 laxaretur.

2236 2121 2444 2178 Praeter
2499 2122 2614 2177 haec
2657 2137 2897 2192 quoque.
2951 2136 3050 2192 per
3081 2121 3134 2176 id
3173 2121 3434 2191 temporis
3479 2119 3764 2175 ferebatur

2165 2229 2288 2270 cum
2310 2215 2362 2269 in
2387 2223 2593 2269 tantam
2625 2216 2826 2269 mentis
2851 2214 3143 2268 elationem
3167 2213 3436 2268 corruisse
3459 2222 3517 2267 ut
3542 2227 3762 2282 nequa-

2165 2323 2327 2378 quam
2361 2307 2634 2378 patienter
2683 2308 2876 2363 audire
2914 2307 3142 2371 valeret,
3168 2306 3216 2362 si
3243 2307 3419 2377 quivis
3449 2306 3627 2360 ullum
3668 2321 3759 2360 ne-

2166 2399 2369 2470 gotium
2421 2399 2565 2468 quod
2621 2398 2706 2455 vel
2749 2414 2780 2454 a
2845 2414 2927 2465 se,
2964 2399 3144 2454 vel'ex
3176 2413 3279 2453 suo
3325 2405 3596 2468 praecepto
3625 2396 3764 2452 foret

2167 2491 2467 2564 agendum,
2518 2500 2744 2560 poneret
2790 2489 2894 2545 sub
2951 2489 3264 2545 conditione
3308 2488 3604 2544 voluntatis
3671 2487 3760 2542 Dei

2167 2584 2303 2638 ﬁeri.
2330 2583 2440 2639 Sed
2468 2598 2699 2653 qumque
2726 2592 2845 2639 acta
2901 2583 3061 2638 simul
3083 2591 3141 2637 et
3168 2581 3374 2652 agenda
3399 2596 3509 2636 sua:
3531 2580 3646 2635 soli
3681 2583 3761 2634 in-

2165 2673 2389 2728 dustriae
2425 2687 2491 2728 ac
2530 2671 2836 2729 fortitudini
2887 2673 3103 2729 volebat
3133 2672 3357 2728 ascribi.
3382 2671 3509 2739 ane
3549 2672 3764 2725 mentis

2165 2763 2331 2821 elatio
2361 2765 2434 2820 ita
2449 2763 2704 2820 excrevit
2734 2765 2787 2818 in
2814 2779 2880 2820 eo
2906 2773 2988 2830 ut,
3053 2763 3504 2834 quemadmodum
3525 2762 3759 2818 diceba-

2168 2865 2280 2921 tur,
2304 2857 2555 2912 crederet
2579 2865 2635 2912 et
2673 2857 2887 2927 publica
2929 2872 3062 2912 voce
3088 2866 3360 2913 assereret
3395 2855 3602 2909 nullum
3637 2871 3760 2910 san-

2169 2955 2379 3004 ctorum
2407 2947 2662 3016 cuiquam
2691 2949 2834 3018 apud
2865 2947 3034 3003 Deum
3065 2962 3224 3017 posse
3243 2946 3519 3017 prodesse,
3542 2956 3611 3000 et
3643 2946 3762 3000 ideo

2167 3053 2267 3095 nec
2296 3055 2356 3095 se
2380 3041 2540 3107 velle,
2566 3054 2667 3096 nec
2707 3039 2942 3110 aliquem
2971 3041 3272 3110 sapientem
3306 3038 3503 3094 debere
3525 3035 3758 3092 beatum

475 3129 592 3184 suis
623 3128 880 3200 precibus
934 3143 1040 3183 non
1071 3130 1444 3198 responderet,
1485 3139 1538 3186 et
1582 3147 1614 3187 e
1642 3131 1874 3202 vestigio
1901 3143 2062 3186 sexa-
2091 3150 2135 3209 ρ
2168 3132 2384 3188 Petrum
2405 3177 2421 3200 ,
2481 3149 2576 3192 seu
2651 3133 2947 3204 quemlibet
3010 3133 3174 3187 alium
3217 3145 3326 3202 quo
3351 3145 3411 3186 se
3431 3129 3658 3200 iuvaret
3685 3129 3761 3183 iu-

474 3222 623 3292 giut‘a
663 3221 1118 3291 marcas'argen'ti
1171 3238 1229 3278 se
1261 3223 1334 3278 illi
1380 3224 1659 3291 daturum,
1703 3225 1748 3280 si
1791 3223 2064 3294 judaismo

476 3312 794 3367 restitueret
845 3311 1014 3365 filium
1065 3329 1242 3380 suum,
1290 3314 1588 3384 pollicetur.
1624 3315 1854 3370 lubente
1903 3314 2065 3386 igitur

477 3417 628 3473 rege,
653 3400 1005 3471 jurenisipse
1035 3401 1086 3455 in
1115 3412 1463 3473 conSpectum
1495 3419 1654 3458 suum
1675 3403 1982 3468 adducitur,
2009 3410 2064 3457 et

477 3509 574 3548 rex
601 3493 748 3547 illum
779 3494 882 3547 hac
901 3508 1030 3549 voce
1057 3494 1350 3565 alloquitur
1377 3511 1392 3551 :
1425 3513 1442 3546 ι
1473 3494 1731 3562 Queritur
1759 3505 1914 3564 pater
1941 3505 2063 3550 tuus

477 3588 548 3644 de
577 3595 630 3643 te
654 3588 795 3659 quod
819 3598 1017 3658 praeter
1042 3588 1317 3643 licentiam
1365 3603 1518 3643 suam
1559 3586 1901 3642 Christianus
1929 3587 2062 3641 ell'e-

476 3683 601 3737 ctus
631 3695 709 3746 es;
747 3681 846 3736 hoc
867 3683 910 3736 si
933 3682 1005 3736 ita
1041 3693 1141 3746 est,
1170 3682 1426 3752 praecipio
1457 3681 1548 3734 tibi
1578 3688 1848 3748 quatenus
1877 3677 2063 3733 volun-

478 3772 576 3828 tati
602 3771 721 3842 ejus
747 3774 1112 3838 satisfaciens,
1142 3775 1288 3830 omni
1320 3774 1546 3843 ambage
1570 3773 1774 3828 seclusa
1793 3771 2062 3840 judaismo

475 3872 532 3920 te
565 3867 682 3921 sine
727 3880 878 3921 mora
938 3867 1216 3922 restituas.
1257 3885 1275 3919 ι
1306 3866 1405 3922 Cui
1433 3866 1652 3937 juvenis
1679 3865 2059 3937 respondens:

479 3973 501 4009 ι
535 3957 760 4013 Domine
818 3974 935 4026 rex,
989 3959 1084 4024 ait,
1135 3969 1192 4013 ut
1229 3967 1381 4030 pulo,
1405 3959 1628 4031 jocaris.
1661 3977 1680 4011 ι
1712 3958 1781 4012 At
1805 3957 1895 4012 ille
1920 3956 2060 4012 indi-

475 4061 695 4121 gnatus,
743 4070 762 4104 t
811 4050 1039 4118 Tecum,
1099 4053 1305 4122 inquit,
1351 4051 1591 4121 jocarer,
1634 4053 1894 4108 stercoris
1942 4052 2063 4108 fili?

474 4140 689 4198 Recede
713 4145 909 4213 potius,
962 4152 1015 4198 et
1041 4156 1371 4216 praeceptum
1396 4160 1572 4200 meum
1610 4144 1849 4201 velocius
1877 4145 2060 4216 imple,

471 4233 709 4306 alioquin
735 4249 836 4304 per
861 4233 1065 4289 vultum
1089 4237 1154 4291 de
1177 4235 1319 4291 Luca
1348 4236 1541 4292 faciam
1569 4237 1659 4292 tibi
1685 4237 1868 4293 oculos
1885 4237 2021 4292 erui.
2037 4255 2056 4290 ι

469 4324 626 4382 Tunc
664 4327 980 4382 adolescens
1002 4329 1196 4383 anima:
1225 4330 1381 4398 quiut
1406 4330 1600 4398 factus,
1633 4345 1763 4386 voce
1791 4330 2062 4386 constanti

471 4413 548 4472 ita
574 4417 853 4486 respondit
885 4435 898 4470 :
937 4435 955 4468 ι
996 4416 1192 4486 Utique
1224 4434 1328 4473 non
1359 4419 1578 4475 faciam.
1613 4419 1812 4475 Verum
1846 4421 2063 4476 noveris

470 4509 624 4578 quia,
654 4508 700 4563 si
743 4507 918 4564 bonus
955 4509 1296 4565 Christianus
1327 4527 1498 4580 esses,
1553 4528 1826 4583 nunquam
1871 4513 1938 4568 de
1967 4528 2062 4570 ore

471 4609 569 4656 tuo
595 4601 722 4655 talia
749 4601 1084 4672 protulisscs.
1115 4603 1408 4658 Christiani
1450 4604 1649 4659 etenim
1678 4614 1761 4661 est
1792 4620 1886 4661 eos
1911 4607 2002 4677 qui
2029 4623 2060 4663 a

471 4689 694 4749 Christo
717 4709 816 4764 per
865 4694 1299 4750 incredulitatem
1331 4696 1568 4765 separati
1610 4704 1737 4750 sunt
1759 4697 1808 4752 ei
1837 4711 2063 4766 conjun-

469 4796 628 4854 gere;
656 4799 761 4840 non
790 4793 970 4840 autem
1000 4801 1094 4841 eos
1123 4787 1214 4856 qui
1240 4785 1313 4839 illi
1338 4799 1437 4855 per
1463 4785 1622 4841 ﬁdem
1645 4785 1820 4857 juncti
1844 4795 1971 4842 sunt
1992 4789 2061 4845 ab

469 4888 832 4946 eoseparare.
874 4895 894 4930 ι
930 4876 1200 4932 Confusus
1239 4876 1490 4948 princeps
1539 4877 1592 4932 in
1620 4877 1759 4946 istis,
1782 4887 2063 4935 contume-

469 4969 559 5028 liis
585 4971 839 5027 alfectum
867 4971 1128 5043 jurenem
1160 4988 1282 5028 cum
1317 4974 1582 5031 dedecore
1603 4969 1768 5041 jussit
1788 4972 1902 5027 suis
1928 4987 2058 5027 con-

470 5062 747 5134 spectibus
766 5063 1060 5120 elimiuari.
1085 5063 1186 5132 Qui
1210 5065 1468 5137 expulsus
1494 5072 1700 5137 patrem
1719 5079 1876 5117 suum
1901 5077 2062 5119 even-

2167 3226 2481 3297 terpellare.
2507 3227 2620 3283 Hac
2649 3227 2752 3282 fide
2793 3227 2846 3281 in
2875 3227 2994 3297 ipso
3018 3225 3360 3297 proliciente,
3385 3223 3453 3278 ad
3477 3223 3589 3278 hoc
3619 3236 3755 3293 quo-

2165 3333 2273 3389 que
2294 3319 2477 3391 lapsus
2505 3331 2591 3375 est
2605 3329 2684 3403 (ut
2712 3318 2804 3373 Dei
2827 3317 3038 3390 judicio
3067 3317 3380 3373 incredulus
3409 3319 3591 3381 fieret,
3623 3317 3757 3386 inju-

2165 3413 2434 3482 stitiazque
2485 3412 2616 3468 illud
2671 3427 2926 3484 arguens,
2975 3409 3145 3466 Deum
3191 3418 3282 3464 aut
3307 3408 3449 3464 facta
3475 3409 3754 3464 hominum

2166 3503 2454 3574 ignorare,
2519 3512 2612 3559 aut
2671 3502 2948 3572 aequitatis
3007 3515 3071 3556 ea
3123 3501 3276 3556 lance
3331 3499 3477 3555 nolle
3527 3515 3757 3571 pensare

2164 3601 2460 3649 astrueret.
2489 3593 2735 3664 Exempli
2753 3608 2940 3659 causa,
2963 3591 3355 3663 quinquaginta
3387 3592 3613 3646 circiter
3635 3593 3751 3652 viri.

2163 3688 2362 3758 quibus
2393 3687 2571 3744 adhuc
2596 3687 2702 3742 illis
2725 3686 2938 3752 diebus,
2988 3702 3053 3742 ex
3094 3686 3316 3756 antiqua
3356 3685 3661 3757 Anglorum
3679 3686 3752 3739 in-

2164 3780 2473 3849 genuitatc,
2533 3780 2848 3835 divitiarum
2920 3779 3166 3849 qumdam
3225 3777 3455 3847 vestigia
3518 3779 3752 3833 arridere

2164 3874 2505 3940 videbantur,
2540 3874 2682 3944 capti
2711 3884 2858 3937 sunt,
2888 3881 2942 3928 et
2973 3870 3288 3928 calumniati
3313 3871 3430 3943 (ευ)
3471 3871 3616 3941 quod
3646 3885 3749 3925 cer»

2166 3979 2265 4019 vos
2313 3964 2456 4035 regis
2505 3965 2746 4034 ceperint
2777 3975 2826 4030 ι,
2861 3962 3244 4027 mactaverint,
3290 3962 3750 4016 manducaverint.

2164 4054 2378 4124 Negant
2397 4054 2503 4120 illi;
2537 4054 2677 4109 unde
2707 4053 2888 4109 statim
2913 4055 2980 4108 ad
3003 4053 3268 4124 judicium
3294 4053 3750 4121 raptijudicantur

2165 4146 2416 4214 injectam
2456 4145 2782 4200 calumniam
2809 4145 2924 4216 (‘21)
2959 4145 3210 4200 examine
3237 4144 3394 4214 igniti
3429 4144 3459 4185 ιι
3483 4143 3615 4198 ferri
3645 4160 3672 4196 a
3695 4157 3751 4195 se

2159 4239 2486 4312 propulsare
2519 4239 2741 4294 debere.
2769 4237 2985 4293 Statqu
3009 4239 3194 4308 itaque
3218 4237 3557 4306 dic,pr;etisi
3591 4249 3749 4306 ρωιιτε

2157 4330 2345 4402 judicii
2385 4332 2590 4399 pariter
2623 4331 2834 4386 subacti
2865 4339 2992 4384 sunt
3027 4339 3234 4386 remota
3271 4330 3482 4400 pietate
3517 4338 3576 4384 et
3598 4329 3745 4382 mise-

2165 4422 2424 4478 ricordia.
2462 4421 2592 4476 Erat
2614 4435 2748 4494 ergo
2785 4421 3064 4476 miseriam
3107 4421 3311 4476 videre.
3351 4419 3556 4474 Verum
3588 4418 3748 4474 omni-

2092 4493 2141 4555 Ι)
2167 4526 2363 4588 potens
2409 4516 2574 4581 Deus,
2633 4493 2720 4570 cui
2779 4515 3210 4572 misericordiam
3239 4524 3292 4570 et
3317 4513 3588 4582 judicium
3616 4511 3750 4566 canit

2163 4607 2451 4662 Davidicus
2477 4606 2734 4676 psalmus.
2761 4607 3069 4662 innocentia
3091 4621 3304 4668 eorum,
3338 4603 3579 4659 servatis
3602 4602 3744 4656 mise-

2165 4700 2453 4755 ricorditer
2497 4698 2566 4754 ab
2615 4699 2903 4754 exustione
2948 4699 3201 4754 manibus
3247 4698 3521 4755 omnium.
3552 4692 3746 4750 cunctis

2162 4790 2424 4853 ostendit,
2475 4795 2529 4844 ct
2575 4787 2781 4843 malitia
2831 4785 3111 4842 hominum
3158 4801 3254 4842 eos
3284 4787 3454 4856 impie
3477 4786 3744 4841 destruere

2165 4881 2501 4953 cupientium
2539 4895 2702 4952 quam
2731 4878 2928 4950 iujttsta
2961 4879 3146 4943 fuerit,
3177 4876 3328 4948 justo
3343 4876 3559 4946 judicio
3581 4873 3738 4931 dcda~

2167 4974 2329 5028 ravit.
2384 4973 2550 5043 Igitur
2576 4987 2698 5026 cum
2743 4972 2974 5041 principi
2998 4979 3142 5026 esset
3175 4969 3406 5026 relatum
3430 4969 3743 5025 condemna-

2173 5076 2256 5124 tos
2287 5067 2408 5121 illos
2435 5067 2594 5122 tertio
2621 5064 2810 5136 judicii
2842 5066 2928 5120 die
2957 5064 3118 5121 simul
3149 5079 3338 5119 omnes
3365 5063 3564 5119 inustis
3589 5057 3745 5117 mani-

1757 5212 2170 5270 HENSClIENlI
2223 5208 2452 5270 NOTAE.

540 5356 569 5417 ῆι
606 5341 956 5417 Υεηιιιίοιιεε,
980 5345 1155 5417 inquit
1183 5345 1694 5410 Malmesburiensis,
1719 5362 1855 5415 quas
1882 5348 2056 5416 primo

468 5414 793 5488 indulserat,
825 5417 962 5488 adeo
997 5414 1292 5486 prohibuit,
1327 5429 1384 5472 ut
1411 5419 1644 5488 capitale
1671 5414 1819 5472 esset
1852 5414 2056 5487 suppli-

467 5486 634 5558 cinm,
667 5487 1003 5556 preudidisse
1035 5504 1254 5543 cervum
1286 5508 1298 5543 :
1349 5509 1367 5541 ι
1404 5486 1566 5558 quam
1601 5489 1900 5550 insaniam,
1931 5497 2080 5556 per-'

467 5556 646 5629 dentis
691 5558 950 5629 hominem
997 5575 1092 5628 pro
1153 5556 1675 5629 bestiam—egregie
1741 5559 2058 5629 perstringit

463 5625 704 5748 Joannis
748 5625 1174 5684 Sarisburiensis
1225 5629 1318 5682 lib.
1371 5643 1386 5682 ι
1439 5625 1516 5683 (16
1552 5625 1711 5699 nugis
1744 5625 2054 5694 curialium,

466 5712 590 5748 can.
667 5735 684 5748 .
1603 5727 1605 5730 ‹

466 5712 590 5767 cap.
621 5712 684 5767 ,4.
753 5766 760 5767 ί
1603 5727 1605 5730 ι

545 5767 572 5808 b
613 5766 820 5840 Similis
846 5767 1137 5840 examinis
1170 5769 1492 5840 exemplum
1529 5771 1638 5839 jam
1693 5770 1923 5825 vidimus
1972 5770 2059 5824 die

473 5838 800 5912 prazcedenti
842 5839 894 5892 in
928 5835 1046 5892 Vita
1080 5838 1135 5891 Β.
1167 5835 1543 5912 ΗύΙσΙρέιιιιιιὶδξ
1580 5842 1842 5898 Scldcnus
1878 5850 2057 5895 autem

2165 5347 2219 5402 in
2246 5342 2538 5416 Spicilegio
2568 5341 2634 5416 ad
2650 5343 2795 5416 hunc
2818 5342 2994 5396 locum
3018 5346 3174 5416 notat
3189 5339 3446 5416 hujus__ac
3461 5337 3653 5416 similis
3664 5331 3744 5416 jo-

2166 5407 2313 5484 dicii',
2340 5407 2482 5485 quod
2507 5407 3307 5485 ardaldunrveteres‘Saxoues
3334 5410 3587 5485 dicebant
3608 5407 3741 5485 (ale-

2166 5478 2372 5542 manui'
2397 5483 2621 5547 urtlteil,
2661 5483 2808 5554 Belgi
2856 5480 3048 5554 ordes!
3089 5481 3399 5554 nominant)
3461 5478 3741 5554 exalevisse

2165 5573 2324 5615 usum
2368 5566 2612 5624 tempore
2653 5551 2873 5608 llelfrici
2913 5552 3008 5614 Ill,
3046 5563 3212 5624 atque
3248 5551 3411 5620 hujus
3447 5551 3738 5624 mandatum

2165 5645 2306 5682 anno
2336 5621 2899 5695 12t9‘promulgatum
2935 5623 3184 5688 exhibet,
3204 5635 3316 5695 pro
3347 5637 3456 5690 quo
3486 5621 3586 5695 isto
3610 5628 3738 5671 anno

2167 5699 2388 5754 mandat
2416 5692 3082 5770 justitiariis_quibttsdam
3113 5692 3249 5770 suis
3292 5692 3561 5760 quomodo
3595 5699 3738 5770 agere

2173 5756 2488 5824 debeant'in
2515 5767 2582 5821 iis
2616 5756 2958 5830 criminibus,
2987 5782 3004 5814 ι
3035 5763 3230 5833 quibus
3258 5756 3587 5833 competeret
3601 5756 3740 5828 judi-

2174 5840 2316 5914 cium
2351 5839 2488 5912 ignis
2515 5837 2596 5890 vel
2625 5852 2797 5906 aquai,
2839 5836 2882 5890 si
2925 5850 3029 5891 non
3055 5831 3200 5889 esset
3228 5831 3575 5904 prohibitum.
3614 5847 3631 5880 ι
