3890 6306
101 367 209 426 “5

1152 370 1157 375 ’
1198 365 1524 426 ιιιδτωιιΑ
1564 367 1925 425 λυγοιιωι.
1969 400 2034 411 --
2072 368 2199 425 LlB.
2237 372 2301 427 ll.

3261 378 3367 434 ιιι

100 479 206 536 bus
230 477 567 550 apparuisse,
590 478 957 535 stomachatus
982 477 1161 533 taliter
1193 479 1364 533 fertur
1385 481 1692 550 respondis-
1720 470 1762 525 Α
1795 483 2008 546 borum.
2036 483 2207 537 altero
2236 485 2518 550 inviolato,
2548 498 2705 555 posse
2745 500 2962 543 serrare
2990 487 3368 562 (quandoqui-

100 586 164 627 ιε
190 589 206 624 :
236 590 262 624 ο
296 569 541 639 Quid’est
561 568 663 625 hoc
684 572 707 625 ἲ
732 571 870 627 Deus
898 582 980 627 est
1004 573 1184 643 justus
1216 572 1380 641 judex
1414 574 1437 627 ?
1470 573 1683 640 Pereat,

100 664 197 735 qui
229 663 485 733 deinceps
539 664 644 719 hoc
690 665 1000 720 crediderit.
1048 665 1227 731 Quare
1250 682 1347 735 per
1376 670 1476 722 hoc
1506 677 1559 721 et
1587 669 1688 724 hoc

101 771 227 810 meo
254 768 279 795 ι
300 754 519 823 judicio.
554 758 750 812 amodo
794 759 1227 826 respondebitur.
1273 758 1388 815 Non
1418 760 1511 814 Dei
1544 762 1688 831 quod

102 862 204 918 pro
234 856 364 902 voto
409 853 669 919 cujusque
701 851 825 904 hinc
854 851 977 904 inde
1023 851 1277 921 plicatur.
1311 872 1329 905 ι
1364 852 1487 907 Haec
1509 862 1563 908 et
1592 855 1692 908 hu-

98 940 340 1010 jusmodi
367 941 520 1009 plura
545 943 628 996 bis
655 944 923 998 atrociora
946 959 1067 1014 quae
1090 960 1117 997 a
1148 945 1377 1001 diversis
1408 962 1512 999 non
1540 948 1689 1017 igno-

100 1030 229 1086 bilis
247 1032 410 1086 fama:
439 1034 748 1089 hominibus
772 1036 838 1090 de
862 1034 1174 1091 Willhelmo
1202 1038 1290 1090 illo
1330 1048 1453 1093 tunc
1485 1048 1692 1108 tempo-

103 1125 183 1180 ris
233 1127 651 1192 nuntiabantur,
707 1144 924 1198 magno,
984 1139 1042 1183 ut
1085 1130 1339 1193 diximus,
1372 1132 1688 1185 Anselmum

105 1217 486 1272 accendebant
510 1217 844 1287 pontiﬁcatui
871 1219 1079 1288 Anglia:
1094 1221 1500 1285 abrenuntiare,
1519 1222 1692 1276 scien-

106 1317 217 1362 tem
241 1308 495 1363 videlicet
518 1324 697 1364 mores
724 1326 850 1365 suos
886 1311 1125 1366 moribus
1172 1312 1339 1382 ipsius
1369 1313 1509 1367 nulla
1534 1329 1692 1383 posse

103 1401 321 1454 ratione
348 1400 580 1470 amplius
608 1404 959 1458 concordare.

174 1489 557 1547 Postulaturus
585 1493 745 1563 igitur
774 1509 802 1546 a
837 1509 1050 1549 summo
1091 1495 1346 1566 pontiﬁce
1376 1496 1543 1565 ipsius
1572 1511 1691 1549 vm-

103 1579 215 1636 culi
266 1597 376 1651 quo
424 1596 481 1637 se
531 1583 693 1638 nimis
738 1584 962 1655 astringi
996 1587 1245 1655 gemebat
1281 1586 1691 1652 relaxationem,

100 1674 400 1738 eumadiit,
425 1675 474 1728 ei
505 1676 586 1729 sui
619 1676 797 1730 cordis
826 1677 1152 1732 anxietatem
1177 1678 1694 1743 innotuit,misereri

102 1764 210 1819 sibi
257 1766 527 1835 poposcit,
579 1766 633 1820 id
681 1776 764 1821 est
815 1776 876 1821 ut
901 1767 970 1821 ab
996 1783 1161 1823 onere
1214 1785 1358 1824 cura:
1386 1770 1693 1840 pastoralis,

1794 575 1913 627 dem
1934 573 2190 627 Dominus
2206 574 2412 643 jubeat,
2438 592 2553 645 qua:
2581 574 2805 631 Caesaris
2822 575 3043 644 erari,
3064 592 3110 634 et
3140 581 3370 652 quam

1794 675 1914 718 sunt
1947 662 2055 719 Deo
2086 665 2234 719 reddi
2285 665 2501 737 [ΜιιιιΙι.
2549 684 2685 735 xxn,
2725 670 2855 743 21])
2881 714 2895 737 ,
2929 671 3221 742 objiciehat
3265 674 3372 733 hoc

1793 759 1933 827 apud
1965 773 2023 811 se
2055 758 2105 810 ἰιι
2123 773 2220 812 usu
2250 774 2355 812 non
2396 759 2606 829 haberi,
2638 776 2736 817 nec
2766 763 2900 820 velle
2929 765 2996 820 de
3019 766 3239 824 domino
3272 782 3372 825 suo

1796 849 1941 902 hanc
1986 848 2233 915 injuriam
2275 849 2564 915 sustinere,
2594 862 2653 906 ut
2694 852 2890 924 aliquis
2936 855 2993 910 in
3040 872 3210 928 regno
3255 857 3375 925 ejus

1788 938 2011 994 cuilibet
2040 940 2360 1007 intenderet,
2406 942 2508 996 nisi
2549 943 2597 997 ei
2623 943 2707 997 vel
2735 959 2832 1013 per
2852 960 2996 1002 eum.
3027 948 3094 1002 Et
3122 964 3241 1019 ego,
3272 949 3375 1004 Pa-

1792 1041 1895 1096 ter,
1926 1032 2065 1086 inter
2101 1032 2233 1087 tales
2281 1033 2407 1102 quid
2458 1033 2733 1106 facerem]!
2771 1056 2789 1089 ι
2821 1037 3157 1108 ReSpoudit:
3191 1058 3211 1092 ‹
3268 1039 3379 1094 Ba-

1793 1124 1936 1178 tione
1961 1125 2191 1181 duceris.
2235 1125 2346 1196 Ego
2369 1142 2585 1197 quoque
2627 1143 2695 1181 ne
2718 1129 2785 1183 de
2814 1130 2898 1185 his
2926 1140 3087 1201 atque
3123 1133 3243 1187 aliis
3274 1133 3373 1188 tibi

1790 1230 1898 1270 non
1926 1216 2048 1286 jure
2073 1217 2235 1271 illatis
2262 1218 2448 1272 videar
2475 1235 2577 1273 non
2604 1235 2819 1287 curare,
2843 1238 3016 1293 eaque
3037 1224 3217 1293 gladio
3244 1238 3375 1279 san-

1793 1306 1863 1359 cti
1890 1305 2037 1360 Petri
2066 1306 2207 1361 nolle
2230 1305 2524 1373 vindicare,
2580 1325 2774 1366 moneo
2822 1325 3091 1381 quatenus
3148 1314 3378 1370 concilio

1793 1396 1935 1465 quod
1960 1395 2100 1465 apud
2120 1395 2321 1450 Barum
2353 1407 2477 1451 ante
2506 1414 2704 1471 corpus
2754 1403 2894 1458 beati
2928 1402 3153 1472 Nicolai,
3181 1404 3379 1459 Kalen-

1792 1486 1878 1542 dis
1931 1486 2122 1543 Octob.
2170 1487 2446 1543 celebrare
2487 1492 2781 1559 constitui,
2831 1495 3175 1563 prazsentiam
3232 1504 3378 1550 tuam

1792 1577 2079 1641 exhibeas,
2104 1587 2161 1632 ut
2186 1581 2329 1649 quod
2358 1581 2424 1635 de
2462 1580 2579 1650 ipso
2603 1598 2729 1653 rege
2752 1585 2999 1654 Anglico,
3038 1589 3279 1655 suisque,
3311 1602 3377 1643 ac

1794 1670 1878 1725 sui
1916 1671 2183 1727 similibus
2203 1672 2292 1742 qui
2320 1682 2508 1727 contra
2542 1675 2847 1732 libertatem
2883 1678 3139 1734 Ecclesiae.
3182 1680 3273 1734 Dei
3319 1692 3381 1733 se

1798 1773 2109 1829 erexerunt,
2146 1767 2415 1822 mediante
2452 1769 2723 1838 aequitatis
2778 1785 3029 1835 censura,
3062 1786 3149 1825 me
3204 1770 3381 1826 factu-

101 1856 252 1926 quod
294 1856 637 1925 impar-labile
665 1858 766 1912 sibi
797 1859 923 1928 quia
952 1859 1349 1916 infrucluosum
1375 1861 1610 1923 videbar,
1637 1876 1697 1916 se
1730 1848 1773 1903 Β
1804 1868 1925 1908 rum
1986 1854 2245 1925 disposui,
2280 1857 2466 1912 auditu
2520 1859 2743 1927 visuque
2781 1860 3072 1929 percipias.
3119 1879 3138 1913 ι
3175 1860 3382 1916 Dehinc

102 1947 399 2013 relevaret,
452 1948 651 2004 obnixe
681 1949 909 2020 rogavit.
945 1949 1109 2005 Audit
1137 1966 1271 2021 papa
1318 1952 1459 2021 quod
1482 1951 1570 2007 ille
1598 1967 1696 2022 po-

100 2039 303 2103 stulat,
347 2050 404 2094 et
449 2041 590 2095 illico
618 2041 842 2097 miratus
864 2043 1129 2098 exclamat
1160 2059 1174 2098 :
1204 2063 1221 2096 ι
1259 2042 1304 2100 0
1338 2046 1691 2116 episcopuml

99 2130 147 2189 0
176 2141 459 2203 pastorem
492 2135 504 2187 !
542 2133 788 2189 Nondum
827 2136 1021 2203 credes,
1064 2138 1299 2191 nondum
1332 2137 1551 2194 vulnera
1577 2153 1698 2208 per-

100 2237 307 2292 pessus
326 2234 477 2288 es,et
500 2225 611 2294 jam
634 2224 895 2279 Dominici
924 2240 1110 2280 curam
1137 2227 1294 2282 ovilis
1320 2227 1697 2299 subterfugere

101 2314 616 2383 qumris?Christus
645 2317 698 2370 in
728 2331 856 2371 cura
884 2319 1064 2372 ovium
1085 2332 1306 2373 suarum
1337 2320 1526 2389 probat
1550 2319 1696 2375 Petri

101 2422 358 2463 amorem
396 2424 523 2479 erga
566 2425 646 2473 se,
681 2418 734 2465 et
763 2410 1070 2478 Ansclmus,
1105 2411 1415 2478 Anselmus,
1453 2413 1694 2484 inquam,

101 2497 204 2552 ille
225 2508 472 2565 sanctus,
490 2499 578 2554 ille
603 2500 722 2555 talis
751 2517 814 2555 ac
845 2510 1027 2559 tantus
1056 2503 1156 2571 vir,
1184 2504 1520 2560 solummodo
1546 2506 1694 2575 quie-

104 2604 276 2645 scere
328 2590 535 2656 volens,
589 2606 718 2648 oves
765 2591 967 2649 Christi
1001 2604 1056 2650 et
1099 2604 1225 2651 ante
1279 2612 1511 2667 pugnam
1540 2596 1697 2668 lupo-

101 2696 234 2737 rum
283 2682 555 2738 morsibus
595 2684 935 2740 dilaniandas
980 2702 1085 2742 non
1132 2697 1352 2743 veretur
1387 2688 1701 2758 exponere?

100 2776 189 2830 Ab
214 2776 227 2829 !
267 2776 401 2844 quid
433 2776 643 2831 dicam?
661 2777 776 2845 Quo
802 2793 984 2835 amore
1002 2788 1184 2849 sperat
1207 2779 1434 2834 Domino
1460 2781 1700 2851 copulari

98 2869 197 2937 qui
228 2869 339 2923 hoc
370 2868 505 2939 fugit
554 2884 664 2939 quo
699 2870 811 2940 ipse
847 2872 1112 2928 Dominus
1140 2887 1200 2928 se
1253 2881 1387 2930 teste
1442 2875 1703 2944 probatur

102 2962 326 3015 amari?
353 2961 544 3016 Absint
582 2963 693 3018 haec
717 2979 747 3015 a
776 2971 848 3027 te,
876 2965 1052 3019 absint
1093 2980 1122 3019 a
1151 2975 1239 3019 tua
1268 2966 1546 3037 religione,
1570 2966 1704 3023 dile—

102 3052 357 3106 ctissime
381 3050 548 3107 frater
560 3053 839 3108 Anselme!
874 3054 1129 3110 Potiusue
1154 3071 1240 3112 me
1260 3056 1313 3111 in
1335 3057 1452 3113 istis
1478 3056 1701 3113 ulterius

103 3144 409 3214 iuquietes,
434 3146 575 3200 scias
612 3145 757 3216 quod
812 3161 918 3200 non
957 3147 1128 3201 solum
1173 3163 1279 3203 non
1328 3150 1564 3205 concedo
1604 3149 1700 3205 tibi

100 3232 298 3289 facere
327 3235 473 3304 quod
494 3236 653 3303 petis,
684 3236 792 3290 imo
843 3250 909 3290 ex
962 3246 1118 3306 parte
1162 3237 1258 3293 Dei
1316 3239 1702 3308 omnipotentis

99 3325 227 3378 vice
259 3323 566 3381 beatissimi
599 3325 744 3382 Petri
782 3327 1147 3396 apostolorum
1190 3329 1453 3399 principis
1484 3331 1579 3385 tibi
1610 3345 1707 3400 per

100 3426 361 3472 sanctam
392 3418 752 3472 obedientiam
792 3420 1044 3487 principio
1070 3428 1336 3489 quatenus
1388 3435 1572 3477 curant
1598 3421 1709 3476 Au-

98 3508 231 3574 glici
263 3508 421 3576 regni
467 3509 559 3562 tibi
594 3510 1067 3575 commendatam,
1098 3510 1337 3580 quandiu
1380 3512 1617 3569 retinere
1649 3523 1709 3569 ut

100 3598 383 3654 hactenus
413 3600 635 3668 poteris,
665 3617 769 3655 non
795 3599 1035 3670 abjicias.
1063 3600 1217 3668 Quod
1268 3604 1311 3657 si
1350 3614 1572 3673 propter
1624 3614 1708 3675 ty-

100 3690 402 3743 rannidem
430 3691 708 3760 principis,
741 3691 831 3760 qui
858 3707 999 3746 nunc
1035 3692 1108 3745 ibi
1144 3691 1487 3771 dominatum.
1522 3695 1573 3748 in
1600 3702 1707 3748 ter-

100 3795 225 3834 ram
257 3781 413 3834 illam
446 3781 624 3835 redire
654 3798 759 3836 non
781 3783 1143 3852 permitteris,
1166 3782 1289 3851 jure
1337 3793 1516 3840 tamen
1545 3785 1705 3840 Chri-

96 3870 415 3926 stianitatis
461 3886 674 3942 semper
702 3872 847 3927 illius
898 3872 1341 3944 archiepiscopus
1397 3884 1551 3942 esto,
1610 3891 1708 3946 po-

96 3970 377 4017 tcstatem
428 3961 624 4031 ligandi
666 3971 830 4032 atque
880 3963 1118 4018 solvendi
1169 3980 1333 4032 super
1364 3980 1520 4032 eam,
1579 3966 1706 4020 dum

97 4050 342 4118 vixeris,
369 4051 632 4107 obtinet-is
658 4063 713 4107 et
754 4052 1058 4123 insignibus
1104 4053 1503 4123 pontiﬁcalibus
1557 4071 1709 4111 more

96 4146 314 4201 summi
342 4147 618 4217 pontiﬁcis
646 4156 801 4202 utens
832 4149 1138 4216 ubicunque
1161 4146 1350 4201 fueris.
1382 4165 1400 4197 ι
1451 4147 1530 4200 Ad
1589 4149 1706 4203 haec

98 4241 198 4295 ille
234 4257 249 4293 :
292 4256 314 4291 ι
352 4238 749 4305 Obedientiam,
782 4238 978 4305 Pater,
1006 4255 1112 4293 non
1141 4238 1357 4308 abjicio,
1390 4239 1482 4294 sed
1506 4239 1551 4293 si
1602 4254 1708 4293 non

98 4331 392 4402 displicet,
420 4331 550 4400 quid
598 4332 780 4386 animo
822 4346 1005 4400 geram
1032 4331 1221 4401 paucis
1248 4346 1550 4402 suggeram.
1579 4330 1709 4387 Cre-

94 4425 224 4490 dat,
260 4423 305 4476 si
342 4422 539 4491 placet,
571 4422 886 4476 excellentia
932 4431 1109 4477 vestra
1140 4423 1394 4492 quoniam
1426 4423 1471 4477 si
1510 4424 1704 4490 caedes,

97 4518 145 4569 si
166 4512 427 4577 vulnera,
454 4514 498 4568 si
528 4528 675 4568 mors
702 4514 813 4583 ipsa
848 4513 977 4567 mihi
1009 4528 1106 4583 pro
1133 4514 1298 4567 tutela
1318 4522 1372 4567 et
1394 4514 1707 4569 defensioue

92 4608 299 4660 ovium
323 4602 522 4659 Christi
547 4604 933 4669 intenderetur,
963 4619 1144 4673 spero,
1170 4619 1273 4658 non
1302 4602 1636 4674 aufugerem,
1660 4604 1707 4659 si

97 4716 193 4753 me
225 4696 567 4753 conscientia
622 4712 740 4750 mea
781 4710 886 4750 non
912 4694 1068 4750 fallit.
1089 4696 1159 4750 At
1189 4706 1315 4751 tunc
1355 4703 1415 4749 ut
1465 4697 1531 4751 de
1581 4711 1706 4768 rege

96 4792 257 4858 ipso,
283 4789 376 4857 qui
403 4803 509 4851 me,
533 4787 673 4841 sicut
704 4796 886 4839 notum
924 4797 1030 4851 est,
1059 4786 1124 4841 de
1148 4801 1313 4854 regno
1345 4801 1442 4841 suo
1471 4786 1703 4856 expulit,

97 4878 461 4948 taceam,ipsi
499 4892 637 4947 quos
661 4888 869 4940 oves,et
889 4879 1125 4949 episcopi
1156 4894 1291 4948 quos
1312 4880 1585 4949 adjutores
1611 4880 1708 4933 ha-

91 4976 249 5032 bere
278 4972 578 5036 debebam,
627 4979 683 5024 et
737 4971 827 5039 qui
870 4972 1003 5025 mihi
1064 4971 1426 5028 obedientiam
1474 4971 1703 5042 professi

92 5075 261 5130 sunt,
288 5080 480 5119 omnes
502 5064 555 5117 in
583 5077 869 5117 commune
896 5064 961 5117 ad
1020 5064 1121 5119 hoc
1168 5081 1255 5121 me
1307 5066 1505 5120 ducere
1537 5080 1703 5119 cona-

92 5164 343 5224 bantur,
373 5169 643 5228 quatenus
675 5157 776 5211 sub
826 5160 1046 5213 obtcntu
1077 5158 1302 5227 iustitia:
1340 5171 1525 5214 contra
1548 5159 1709 5229 justi-

91 5254 243 5309 tiam
268 5253 537 5317 facerem,
569 5253 622 5308 id
642 5263 727 5309 est
754 5252 1073 5308 obedientim
1102 5252 1238 5306 beati
1265 5251 1407 5306 Petri
1436 5253 1707 5307 abrenun-

94 5346 335 5412 tiarem,
366 5360 435 5401 ne
466 5345 623 5401 ﬁdem
647 5362 806 5414 quam
831 5346 1092 5401 debebam
1144 5345 1255 5416 regi
1293 5354 1509 5401 terreno
1538 5345 1708 5399 viola-

96 5454 248 5494 ταω-
280 5436 491 5503 Quibus
514 5436 639 5493 dum
669 5438 874 5491 niterer
903 5437 1232 5507 persuadere
1286 5450 1370 5490 me
1414 5444 1707 5504 utrumque

1797 1948 1863 2002 ad
1893 1949 2262 2005 habitaculum
2317 1966 2473 2006 suum
2518 1950 2787 2006 Sclaviam
2853 1953 3141 2009 Anselmus
3195 1967 3380 2009 rever-

1800 2038 1949 2101 titur,
1982 2040 2218 2111 quietem
2268 2049 2324 2095 et
2364 2050 2737 2112 paupertatem
2767 2041 2964 2099 oblatis
2990 2043 3195 2098 divitiis
3221 2051 3376 2100 ante-

1797 2146 2027 2203 ponens.

1804 2228 1807 2231 ’
1871 2225 2109 2280 instante
2130 2233 2308 2279 autem
2338 2225 2570 2282 termino
2613 2225 2830 2282 concilii
2859 2267 2874 2289 ,
2920 2224 2989 2280 ad
3024 2224 3380 2296 apostolicum

1798 2326 2050 2372 reversus
2079 2327 2186 2383 est,
2209 2325 2263 2371 et
2292 2331 2414 2372 cum
2443 2331 2509 2373 eo
2539 2317 2736 2371 Barum
2781 2331 2953 2385 usque
2998 2315 3289 2385 profectus.
3322 2314 3381 2368 ln

1801 2407 1918 2478 ipso
1940 2424 2071 2464 vero
2105 2410 2334 2465 concilio
2368 2410 2422 2475 δ,
2452 2409 2580 2465 dum
2620 2409 2852 2481 plurima
2877 2409 2944 2464 de
2978 2408 3083 2462 ﬁde
3111 2406 3381 2462 catholica

1800 2513 2047 2556 summus
2093 2500 2372 2570 pontifex,
2423 2500 2654 2557 facunda
2712 2499 2920 2556 ratione
2967 2497 3385 2567 rationabiliqne

1801 2589 2051 2646 facundia
2075 2591 2443 2659 disseruisset,
2480 2602 2625 2649 mota
2648 2601 2732 2648 est
2756 2592 3003 2662 quaedam
3030 2590 3257 2662 quaestio
3313 2604 3379 2646 ex

1800 2691 1959 2750 parte
1983 2682 2291 2741 Graecorum
2318 2686 2633 2756 evangelica
2659 2683 2985 2740 auctoritate
3030 2683 3262 2753 probare
3284 2697 3378 2738 vo-

1803 2770 2027 2827 lentium
2072 2790 2092 2825 ι
2128 2773 2390 2845 Spiritum
2422 2786 2671 2831 sanctum
2701 2773 3099 2847 processionem
3133 2786 3239 2828 non
3290 2774 3414 2841 lia-.

1803 2863 1933 2919 bere
1962 2865 2065 2919 nisi
2096 2874 2303 2921 tantum
2340 2884 2371 2921 a
2400 2867 2583 2923 Patre.
2621 2885 2640 2919 ι
2679 2866 2814 2921 Huic
2841 2865 3014 2920 errori
3049 2877 3159 2919 tum
3197 2864 3382 2919 multis

1804 2958 2157 3027 argumentis,
2197 2968 2308 3013 tum
2338 2959 2584 3028 plurimis
2611 2956 2913 3014 rationibus
2944 2971 3079 3026 papa
3105 2955 3384 3011 contraire

1804 3046 1977 3112 nisus,
2004 3047 2145 3103 inter
2169 3050 2274 3103 alia
2305 3049 2419 3120 (22)
2445 3049 2700 3120 quiddam
2728 3049 2795 3103 de
2824 3047 3052 3118 epistola
3110 3048 3213 3103 sibi
3254 3046 3385 3100 olim

1806 3138 1875 3194 ab
1925 3139 2180 3195 Anselmo
2202 3140 2267 3194 de
2299 3140 2666 3194 incarnatione
2706 3136 2862 3194 Verbi
2896 3139 3038 3194 edita
3072 3146 3126 3194 et
3154 3138 3383 3201 directa,

1808 3228 2039 3298 exempli
2071 3229 2269 3298 gratia,
2301 3228 2504 3293 intulit,
2535 3227 2677 3298 quod
2720 3243 2832 3283 sua:
2885 3227 3233 3297 disputationi
3274 3242 3384 3283 non

1807 3334 1999 3390 parum
2031 3320 2297 3376 claritatis
2320 3335 2384 3375 ac
2411 3319 2760 3375 ﬁrmitudinis
2785 3318 2983 3373 attulit.
3030 3319 3228 3374 Verum
3260 3333 3386 3374 cum

1808 3411 2066 3466 nonnulla
2088 3410 2477 3479 objicerentur,
2506 3419 2563 3468 et
2614 3410 2837 3465 reddita:
2884 3409 3123 3464 rationes
3149 3449 3163 3475 ,
3196 3424 3386 3478 quern-

1809 3505 2096 3560 admodum
2114 3504 2450 3559 instabilibus
2472 3518 2588 3557 mos
2615 3501 3029 3572 est,disquisit:e
3047 3500 3385 3556 enucleatius

1807 3597 2005 3666 exponi
2037 3603 2368 3667 peterentur,
2402 3594 2722 3665 imperatum
2756 3593 3029 3648 silentium
3047 3592 3252 3662 primus
3274 3591 3389 3661 ipso

1805 3688 2044 3760 pontifex
2089 3689 2233 3758 rupit
2263 3688 2371 3742 alta
2395 3702 2525 3742 voce
2552 3686 2738 3742 dicens
2763 3699 2778 3738 :
2809 3703 2827 3737 ι
2864 3683 3027 3738 Pater
3046 3693 3101 3738 et
3128 3682 3388 3753 magister

1806 3780 2085 3846 Anselme,
2110 3780 2408 3850 Anglorum
2445 3777 2868 3848 arehiepiscope,
2899 3775 2988 3829 ubi
3023 3774 3120 3829 es?
3156 3792 3175 3825 ι
3221 3772 3389 3828 Sede-

1806 3871 1901 3927 bat
1927 3872 2070 3926 enim
2132 3873 2273 3927 idem
2329 3872 2492 3927 Pater
2529 3870 2582 3925 in
2640 3869 2831 3923 ordine
2880 3875 3197 3922 caeterorum
3250 3865 3391 3919 inter

1806 3964 2013 4034 primos
2036 3962 2247 4019 concilii
2279 3961 2490 4025 Patres,
2531 3969 2586 4015 et
2632 3974 2734 4030 ego
2773 3958 2839 4012 ad
2897 3960 3064 4029 pedes
3111 3954 3246 4023 ejus.
3286 3952 3387 4007 Ubi

1808 4071 1939 4127 ergo
1974 4071 2036 4111 se
2082 4055 2285 4124 requiri
2329 4054 2571 4115 audivit,
2606 4050 2845 4106 surrexit
2878 4047 3157 4106 continuo,
3208 4052 3260 4098 et
3302 4057 3390 4097 re-

1808 4148 2024 4220 spondit
2058 4161 2070 4199 :
2096 4165 2112 4196 ι
2136 4144 2361 4199 Domine
2387 4142 2548 4196 Pater
2566 4183 2581 4208 ,
2605 4139 2735 4209 quid
2761 4135 3043 4208 praicipis?
3061 4134 3200 4188 Ecce
3228 4146 3330 4186 me.
3364 4149 3385 4184 ι

1806 4238 2022 4294 Atille:
2053 4255 2072 4287 r
2105 4235 2260 4302 Quid,
2292 4248 2495 4304 quaeso,
2533 4231 2701 4287 facis?
2749 4229 2858 4283 Cur
2885 4228 2937 4282 in
2970 4226 3197 4281 aliorum
3227 4224 3391 4278 silen-

1809 4331 1886 4383 tio
1924 4327 2104 4398 degis?
2145 4324 2297 4388 Veni,
2335 4324 2477 4391 veni,
2506 4323 2771 4385 obsecro;
2805 4321 3044 4374 ascende
3096 4332 3267 4387 usque
3315 4314 3385 4369 ad

1807 4434 1905 4475 nos
1934 4428 1987 4473 et
2015 4431 2259 4488 pugnans
2285 4429 2382 4485 pro
2412 4413 2580 4469 Matre
2605 4423 2694 4467 tua
2729 4423 2783 4467 et
2815 4420 3014 4474 nostra,
3049 4408 3240 4478 adjuva
3268 4423 3388 4473 nos,

1808 4510 1895 4565 cui
1926 4524 2079 4563 suam
2132 4505 2502 4576 integritatem
2556 4504 2709 4560 vides
2756 4502 2975 4558 Graecos
3026 4502 3160 4556 istos
3202 4498 3391 4555 conari

1814 4601 2074 4666 adimere,
2104 4608 2160 4653 et
2188 4611 2285 4651 nos
2320 4596 2371 4650 in
2404 4596 2633 4666 idipsum
2663 4594 2837 4660 nefas,
2865 4595 2907 4649 si
2937 4591 3163 4647 facultas
3193 4590 3273 4644 eis
3301 4588 3393 4643 tri-

1812 4694 2018 4759 buitur,
2050 4691 2414 4763 praecipitare.
2465 4689 2735 4743 Succurre
2774 4688 2938 4757 igitur
2957 4684 3110 4754 quasi
3142 4695 3268 4736 vere
3293 4695 3393 4750 pro

1814 4791 1915 4842 hoc
1946 4802 1975 4840 a
2000 4786 2108 4839 Deo
2138 4784 2335 4838 missus
2361 4782 2485 4837 huc.
2528 4799 2548 4834 ι
2578 4781 2800 4837 Videres
2820 4780 3002 4847 itaque
3022 4774 3167 4829 circa
3199 4771 3393 4827 solium

1812 4895 1962 4950 papa:
1991 4894 2232 4949 quosque
2254 4889 2611 4949 perstrepere,
2643 4873 2800 4929 sedes
2824 4878 3056 4931 mutare,
3111 4866 3284 4920 locum
3308 4877 3392 4919 sco

1813 4971 1973 5026 dendi
1998 4972 2115 5025 viro
2143 4987 2356 5042 parare,
2386 4978 2441 5024 et
2463 4968 2542 5023 sic
2571 4966 2784 5021 demum
2834 4958 3132 5016 honoriﬁce
3158 4956 3393 5011 levatum

1813 5070 1880 5125 ad
1909 5085 1967 5124 se
1996 5085 2159 5139 prope
2190 5083 2385 5138 papam
2436 5064 2724 5128 collocare,
2774 5056 3003 5113 concilio
3048 5060 3297 5124 stupente
3327 5050 3393 5106 ad

1811 5165 1947 5227 haec,
1984 5173 2040 5217 et
2095 5168 2483 5232 percunctante
2535 5159 2655 5225 quis
2696 5162 2844 5209 esset
2894 5160 2987 5205 aut
3049 5150 3208 5205 unde.
3257 5148 3392 5203 Tum

1811 5268 2123 5324 compresso
2168 5253 2416 5314 tmnultu,
2446 5248 2698 5304 omnibus
2725 5246 2779 5299 in
2826 5257 3112 5299 commune
3140 5241 3238 5296 viri
3275 5256 3391 5294 san-

1813 5347 2059 5400 ctitatem
2114 5352 2279 5413 atque
2320 5339 2644 5396 industriam
2672 5352 2808 5408 papa
2855 5334 3123 5405 exposuit,
3171 5341 3225 5387 et
3268 5330 3393 5399 quia

1810 5443 2035 5504 propter
2052 5433 2318 5501 justitiam
2347 5429 2543 5486 multas
2562 5428 2970 5500 persecutiones
2998 5439 3207 5497 passus,
3233 5431 3394 5490 atque

1421 5523 1832 5579 IIENSCHENII
1873 5523 2098 5581 NOTAE.

180 5633 211 5660 ι
253 5618 365 5673 Per
384 5619 482 5673 hoc
507 5630 553 5673 et
586 5620 713 5680 hoc,
755 5616 979 5673 formula
1007 5615 1228 5688 jurandi
1257 5624 1368 5681 est,
1400 5631 1505 5686 qua
1550 5614 1693 5669 idem

96 5706 207 5747 rex
241 5690 410 5744 etiam
442 5688 579 5743 infra
611 5690 797 5742 utitur.

180 5762 215 5801 ι)
257 5778 276 5809 ι
310 5758 493 5813 Mense
522 5757 735 5813 Octobri
772 5775 904 5827 papa
936 5756 1186 5813 Urbanus
1216 5756 1523 5827 universam
1571 5769 1696 5827 syri:-

97 5832 287 5891 clum
307 5830 655 5907 congregavit
678 5828 729 5883 in
751 5826 967 5884 civitate
989 5827 1129 5894 Bari,
1154 5829 1205 5882 in
1230 5843 1334 5899 qua
1357 5826 1571 5883 fuerunt
1599 5826 1700 5881 185

1802 5617 2058 5686 episcopi.
2098 5636 2116 5668 ›
2154 5614 2232 5686 lta
2263 5614 2445 5683 Lupus
2469 5612 2806 5686 Protospata,
2832 5609 2924 5665 sed
2956 5621 3238 5679 perperam
3285 5620 3383 5685 no:-

1812 5683 1921 5741 tato
1949 5683 2091 5741 anno
2124 5685 2284 5751 1099,
2315 5687 2418 5740 nisi
2449 5700 2597 5741 more
2630 5683 2941 5739 Grzecorum
2979 5693 3177 5733 annum
3209 5683 3392 5746 auspi.

1809 5768 1958 5814 cetur
1990 5775 2018 5813 a
2051 5757 2373 5829 Septembri.
