3890 6306
599 345 707 403 M5

1585 333 1891 393 EADMERI
1929 333 2479 391 CANTUARIENSIS
2517 306 2819 393 nossent
3675 350 3748 411 ιη

604 457 801 529 injuria
860 462 925 508 de
972 467 1067 507 sua
1106 451 1177 507 sit
1219 459 1361 504 terra
1396 448 1672 518 expulsus,
1701 447 1991 503 reverenda
2046 460 2177 503 voce
2205 432 2253 492 Α
2280 447 2464 501 auditu
2495 448 2696 512 edocti,
2729 463 2870 502 nunc
2932 463 3056 503 eum
3100 449 3243 504 facto
3287 463 3343 507 se
3386 456 3589 525 experiri
3628 466 3747 532 was;

601 545 860 601 innotuit.
891 544 1023 598 Cum
1055 541 1219 613 igitttr
1269 539 1336 593 ad
1389 538 1673 607 imperium
1722 537 1839 606 ejus
1890 536 2175 591 Anselmus

600 648 799 706 praesm
818 643 958 688 esset
986 643 1143 687 motae
1169 630 1449 700 quaestioni
1484 645 1603 684 mox
1637 629 1981 697 respondere,
2002 628 2173 683 visum

598 726 872 784 nonnullis
890 733 973 779 est
1005 725 1195 779 melius
1226 722 1339 777 fore
1366 722 1419 776 in
1437 722 1734 777 crastinum
1790 736 1902 775 rem
1947 717 2173 785 differri,

600 833 707 888 quo
735 816 1076 871 liberioribus
1105 816 1302 870 animis
1354 814 1579 870 dicenda
1637 811 1938 882 expeditius
1984 825 2176 880 propo-

597 918 879 965 nerentur.
907 907 964 962 In
995 908 1252 961 crastimo
1276 906 1456 976 itaque
1485 904 1751 959 maturius
1780 912 2046 957 conventu
2069 902 2176 955 dis-

594 999 796 1070 posito,
816 998 1101 1053 Anselmus
1134 1013 1197 1051 ex
1222 996 1472 1050 condicto
1494 995 1731 1050 debitum
1758 993 1967 1048 solvere
1990 999 2174 1061 postu-

598 1089 741 1147 latus
766 1102 867 1145 est.
904 1090 1154 1145 Surrexit
1191 1103 1319 1158 ergo
1350 1098 1402 1142 et
1427 1103 1609 1142 coram
1649 1086 1913 1141 universis
1942 1084 1997 1138 in
2028 1084 2174 1139 edito

597 1192 772 1250 stans,
792 1185 872 1238 sic
895 1184 963 1237 de
997 1187 1232 1251 negotio,
1257 1191 1478 1251 regente
1517 1195 1611 1241 cor
1663 1188 1718 1233 et
1768 1178 2001 1248 linguam
2058 1174 2175 1243 ejus

597 1271 804 1342 Spiritu
828 1280 1037 1335 sancto,
1068 1270 1336 1337 tractavit,
1389 1267 1664 1331 disseruit,
1715 1265 1967 1329 absolvit,
2020 1273 2081 1318 ut
2118 1263 2171 1319 in

598 1362 719 1432 ipso
744 1372 1010 1416 conventu
1036 1376 1195 1415 nemo
1216 1361 1470 1414 existeret
1495 1358 1585 1426 qui
1625 1371 1727 1410 non
1760 1356 1880 1410 inde
1926 1356 2029 1411 sibi
2081 1371 2172 1411 sa-

595 1453 868 1507 tisfactum
905 1453 1251 1507 consentiret.
1292 1450 1398 1505 Sed
1450 1450 1645 1518 quibus
1689 1449 1792 1502 hoc
1818 1449 2170 1518 argumentis,

596 1546 794 1614 quibus
819 1544 1138 1605 rationibus,
1159 1543 1421 1614 quibusve
1448 1541 1641 1617 divinae
1670 1540 1964 1610 Scriptum:
1989 1550 2177 1596 aucto-

596 1638 850 1693 ritatibus
878 1645 933 1692 et
962 1636 1219 1706 exemplis
1246 1635 1445 1703 egerit,
1477 1634 1713 1689 scribere
1735 1632 2168 1702 supersedemns,

593 1744 661 1784 eo
684 1729 825 1799 quod
852 1732 1077 1798 ipsemet
1101 1727 1389 1781 Anselmus
1417 1725 1755 1797 postmodum
1799 1724 1921 1778 inde
1948 1723 2176 1795 diligen-

594 1820 702 1874 tius
738 1828 898 1888 atque
927 1817 1177 1873 subtilius
1204 1826 1467 1877 tractans,
1497 1816 1769 1886 egregium
1797 1828 1932 1881 opus
1959 1825 1986 1855 ι
2025 1814 2162 1867 scri-

590 1910 719 1981 psit,
757 1909 915 1979 idque
936 1924 1033 1977 per
1078 1909 1247 1962 multa
1270 1918 1538 1963 terrarum
1580 1905 1732 1970 loca,
1785 1906 1875 1960 ubi
1930 1903 2169 1972 ejusdem

591 2001 797 2057 erroris
820 2000 960 2053 fama
984 2001 1332 2070 pervenit,ab
1353 2000 1547 2054 amicis
1570 1999 1681 2053 suis
1704 2008 1923 2068 rogatus
1944 1997 2165 2051 direxit.

591 2094 733 2163 Ergo
756 2093 845 2147 ubi
880 2093 1037 2147 ﬁnem
1066 2093 1274 2148 dicendi
1307 2093 1455 2157 fecit,
1480 2092 1759 2146 intendens
1790 2092 1841 2144 in
1867 2106 1990 2153 eum
2024 2106 2171 2145 sum-

590 2199 712 2242 mus
744 2184 1004 2253 pontifex,
1031 2185 1148 2237 ait:
1183 2202 1201 2235 ι
1241 2183 1589 2238 Benedictum
1638 2182 1708 2235 sit
1743 2195 1837 2235 cor
1882 2188 1937 2235 et
1979 2195 2170 2235 sensus

591 2285 736 2340 tuus,
764 2284 819 2329 et
842 2291 904 2329 os
929 2284 984 2330 et
1005 2291 1186 2331 sermo
1219 2275 1332 2329 oris
1359 2274 1431 2328 tui
1487 2274 1558 2328 sit
1594 2272 1933 2329 benedictus.
1966 2291 1984 2324 ι
2036 2272 2171 2329 Hinc

590 2366 649 2421 in
702 2367 857 2420 laude
885 2366 984 2418 viri
1028 2366 1366 2420 demoratum
1395 2374 1505 2428 est,
1543 2372 1599 2419 et
1656 2363 1788 2417 fides
1840 2361 1959 2431 ejus
2005 2371 2171 2431 atque

588 2458 879 2526 prudentia
911 2457 1185 2528 divulgata
1224 2471 1288 2511 ac
1332 2455 1693 2526 magniﬁcata,
1720 2470 1820 2509 nec
1848 2470 1951 2509 non
1984 2470 2168 2509 eorum

588 2551 836 2623 perfidia,
864 2550 1020 2619 siqui
1047 2549 1242 2611 forent,
1270 2548 1362 2617 qui
1392 2562 1455 2602 ca
1482 2563 1602 2617 quae
1627 2548 1693 2601 de
1723 2548 1997 2617 proposita
2026 2562 2173 2615 quaeq-

592 2640 769 2696 stionc
798 2640 985 2695 docuit
1030 2628 1309 2706 suscipere
1350 2646 1405 2692 et
1432 2636 1656 2692 credere
1701 2636 1936 2701 nollent,
1974 2650 2169 2706 eXpro-

588 2731 745 2787 brata
811 2745 876 2785 ac
929 2739 1191 2801 perpetuo
1255 2730 1602 2785 anathemate
1672 2743 1925 2799 percussa
2008 2737 2171 2798 atque

588 2831 885 2895 prostrata.
1088 2801 1100 2814 ’

594 2976 595 2979 η
662 2915 995 2971 Procedente
1016 2914 1272 2984 deinceps
1320 2913 1535 2968 ratione
1563 2912 1651 2967 'de
1694 2927 1818 2982 rege
1876 2910 2171 2979 Anglorum

589 3022 771 3073 sermo
796 2992 1122 3071 conseritur,
1149 3016 1204 3060 et
1233 3006 1452 3061 sinistra
1495 3003 1742 3075 quaedam
1794 3003 1861 3059 de
1912 3004 2029 3072 ipso
2074 3019 2171 3070 βυτ

589 3097 731 3167 blice
757 3098 1144 3168 praedicantur,
1172 3097 1433 3151 Anselmo
1458 3096 1598 3149 inter
1626 3095 1712 3148 illa
1757 3095 1993 3148 demisso
2021 3093 2166 3147 vultu
2198 3118 2243 3182 ο

590 3192 817 3253 sedente
843 3201 898 3244 et
917 3188 1205 3257 loquentes
1229 3186 1376 3242 nullo
1406 3186 1591 3242 favore
1615 3194 1993 3256 prosequente.
2023 3184 2168 3239 Tan-

589 3284 714 3344 dem
746 3282 813 3337 de
863 3282 1177 3343 venditione
1209 3288 1265 3335 et
1290 3280 1640 3350 oppressione
1685 3279 2054 3334 Ecclesiarum
2106 3278 2171 3333 de

589 3372 789 3441 quibus
834 3372 964 3427 inter
1001 3371 1103 3425 alia
1129 3368 1577 3440 vituperabatur,
1631 3385 1801 3425 necne
1842 3370 1908 3424 de
1958 3369 2171 3439 injuriis

589 3462 848 3517 Anselmo
915 3462 1077 3517 illatis
1150 3460 1475 3531 apostolicus
1528 3461 1729 3515 acriter
1778 3468 2003 3529 questus
2055 3466 2162 3513 est.

594 3570 619 3605 ι
651 3553 819 3620 Quem
850 3565 1153 3623 promeres,
1181 3553 1374 3621 inquit,
1407 3552 1570 3606 etiam
1602 3551 1752 3621 regni
1807 3552 1890 3605 sui
1926 3548 2052 3605 fecit
2080 3564 2172 3603 cx-

592 3654 815 3707 torrem,
832 3646 1140 3715 quoniam_a
1168 3645 1309 3709 beati
1332 3644 1478 3699 Petri
1502 3644 1761 3699 fidelitate
1787 3653 1841 3697 et
1861 3642 2171 3701 obedientia

591 3738 835 3808 nequivit
860 3752 1135 3806 separare.
1169 3755 1187 3788 ι
1229 3736 1297 3795 Et
1342 3736 1583 3804 adjecit:
1620 3754 1638 3787 ι
1684 3736 1824 3791 Ecce
1867 3734 1979 3788 vita
2031 3732 2173 3788 illius

586 3826 805 3898 tyranni
827 3826 1001 3896 qualis
1030 3825 1096 3878 ad
1122 3824 1471 3896 apostolicam
1501 3825 1685 3879 sedem
1718 3840 1859 3894 saepe
1882 3826 2044 3882 dilata
2067 3836 2169 3884 est.

588 3917 689 3974 Cui
723 3933 817 3987 pro
838 3917 1176 3972 correctione
1200 3916 1281 3969 sui
1310 3914 1462 3983 plura
1497 3914 1769 3971 multoties
1808 3916 2171 3972 cohortatoria

587 4007 752 4063 simul
772 4016 823 4061 et
850 4005 1195 4076 castigatoria
1223 4004 1474 4059 suasione
1491 4005 1653 4059 verba
1673 4006 2066 4071 mandavimus,
2080 4006 2173 4061 scd

588 4099 806 4155 afﬂictio
836 4108 997 4166 atque
1020 4096 1268 4165 depulsio
1299 4097 1432 4150 tanti
1466 4096 1589 4158 viri,
1624 4112 1783 4165 quem
1814 4111 1995 4151 coram
2026 4096 2175 4151 vide-

592 4190 686 4253 tis,
718 4189 850 4242 satis
899 4188 1076 4241 innuit
1103 4195 1364 4256 quantum
1407 4186 1739 4257 proficimus.
1769 4187 1848 4240 Ad
1882 4188 2014 4249 hmo,
2065 4186 2176 4241 fra-

592 4288 726 4343 tres,
754 4278 881 4346 quid
938 4276 1194 4330 sentitis?
1246 4275 1383 4342 Quid
1434 4276 1756 4330 decernitis?
1788 4294 1806 4327 ι
1862 4274 2171 4337 Dixerunt;

596 4389 620 4420 ι
658 4369 937 4430 Sententia
966 4367 1126 4437 plana
1162 4376 1245 4420 est
1265 4367 1596 4437 etjudieium
1626 4368 1870 4423 evidens.
1925 4367 1981 4422 Si
2030 4369 2173 4422 enim

2201 1773 2248 1831 Β

2278 546 2424 603 sunt,
2450 538 2575 592 dum
2608 538 2757 593 illum
2788 547 2843 593 et
2876 554 2974 608 pro
3003 540 3143 595 malo
3161 542 3355 596 bonum
3382 546 3605 612 reddere,
3625 563 3741 624 ctpro

2277 638 2638 699 persequente
2673 644 2862 685 senon
2898 630 3019 685 ﬁcta
3058 632 3241 686 vident
3272 648 3426 703 prece
3474 636 3739 703 intercedere,

2244 788 2247 791 ἰ
2275 721 2627 776 Admirabilis
2654 722 2838 793 itaque
2861 723 3129 779 universis
3161 723 3334 781 factus
3354 737 3449 783 est.

2346 812 2490 869 inter
2519 817 2633 869 hare
2658 830 2757 884 ego
2787 815 2936 869 Patri
2973 829 3067 883 per
3094 816 3274 871 omnia
3321 831 3537 887 praesens
3572 828 3739 893 aderam,

2275 916 2491 976 paratus
2519 905 2768 961 videlicet
2795 905 2861 960 ad
2887 906 3165 961 servitium
3194 904 3329 975 ejus.
3362 909 3426 962 Et
3448 913 3554 979 quia
3580 916 3677 969 mihi
3698 922 3740 975 ab

2276 995 2498 1052 infantia
2529 997 2615 1051 hic
2648 1012 2765 1057 mos
2787 1004 2938 1061 erat,
2969 1010 3185 1066 semper
3207 1012 3339 1050 nova
3370 1012 3480 1067 qua:
3518 1001 3653 1067 forte,
3682 1008 3740 1062 sed

2276 1091 2512 1147 maxime
2535 1092 2588 1146 in
2602 1091 3005 1156 ecclesiasticis,
3030 1093 3385 1147 occurrebant
3402 1093 3606 1165 diligenti
3627 1100 3739 1153 intra

2277 1183 2423 1237 tione
2452 1182 2816 1246 considerare,
2848 1198 2912 1237 ac
2942 1183 3217 1239 memoria:
3239 1186 3603 1250 commendare,
3625 1189 3739 1257 dispo-

2275 1274 2439 1328 situm
2461 1273 2775 1340 concilium,
2802 1273 2917 1328 loca
2942 1281 2998 1329 et
3021 1273 3240 1328 ordines
3264 1289 3598 1343 personarum,
3621 1282 3740 1335 modos

2275 1375 2328 1419 et
2358 1366 2786 1420 cxaminationes
2822 1382 3110 1421 causarum
3133 1367 3348 1421 curiosa
3390 1366 3592 1423 fortasse
3629 1374 3743 1440 magis

2275 1473 2438 1527 quam
2462 1459 2638 1528 sagaci
2675 1467 2852 1511 mente
2871 1467 2926 1512 et
2953 1456 3129 1521 oculo,
3186 1457 3313 1512 hinc
3348 1457 3464 1513 inde
3510 1470 3655 1529 utpote
3683 1464 3737 1531 qui

2277 1564 2554 1618 nunquam
2585 1550 2736 1618 prius
2763 1549 2888 1603 talia
2920 1550 3182 1613 videram,
3225 1552 3460 1606 modesto
3482 1553 3639 1607 intuitu
3660 1570 3741 1609 con-

2276 1638 2533 1692 sideravi.
2560 1637 2700 1693 Ecce
2744 1648 2946 1701 autem,
2980 1655 3102 1694 eum
3136 1639 3246 1695 illis
3272 1640 3595 1705 intenderem,
3616 1658 3741 1697 oceu-

2277 1730 2369 1791 rit,
2391 1745 2549 1797 quem
2580 1738 2737 1784 antea
2771 1729 2907 1785 bene
2930 1746 3208 1796 noveram,
3259 1731 3646 1801 archiepiscopus
3676 1732 3738 1785 Be-

2275 1830 2612 1875 neventanus
2643 1820 2709 1887 ι’,
2756 1835 2928 1889 cappa
2974 1836 3086 1889 prta
3128 1822 3380 1876 omnibus
3420 1822 3505 1890 qui
3542 1824 3739 1877 conveniri

2273 1911 2372 1980 ipsi
2404 1912 2699 1966 intererant
2720 1912 3027 1981 pretiosiori
3057 1913 3364 1969 decoratus.
3396 1913 3526 1983 Papa
3546 1914 3741 1968 enimnon

2270 2016 2462 2071 cappa,
2486 2004 2577 2065 sed
2624 2001 2802 2056 casula
2830 2009 2882 2055 et
2914 2001 3079 2071 pallio
3123 2002 3356 2071 desuper
3385 2002 3626 2057 redimitus
3662 2017 3743 2056 con-

2271 2092 2396 2147 cilio
2426 2093 2772 2161 praesidebat.
2810 2092 2921 2161 Ego
2949 2092 3114 2162 igitur
3145 2094 3359 2149 intuens
3382 2108 3578 2163 cappam
3602 2094 3740 2147 antisti.

2273 2180 2341 2235 tis
2370 2180 2754 2243 Beneventani,
2780 2190 2835 2236 et
2864 2196 3007 2247 eam,
3062 2190 3123 2236 ut
3174 2183 3288 2237 dixi
3344 2183 3536 2238 caeteris
3561 2192 3741 2253 praestare

2272 2272 2626 2343 perSpiciens,
2657 2272 2973 2327 recordatus
3028 2288 3146 2327 sum
3175 2274 3456 2328 verborum
3490 2290 3587 2343 qua:
3609 2290 3701 2342 puer
3721 2289 3740 2325 ι

2272 2363 2574 2433 senioribus
2602 2363 2859 2419 Ecclesiae
2890 2365 3314 2430 nostrae,Edvvio
3335 2365 3523 2421 scilicet
3546 2366 3740 2435 magnifico

2272 2454 2389 2509 viro
2416 2454 2791 2520 Blaehemano,
2827 2467 2990 2528 atque
3018 2456 3326 2513 Farmanno
3357 2459 3562 2529 aliisque
3590 2458 3739 2514 nonnul-

2274 2546 2339 2600 lis
2367 2546 2494 2601 olim
2539 2548 2835 2603 audieram.
2869 2548 3127 2603 Solebant
3153 2549 3352 2603 etenim
3391 2549 3532 2604 iidem
3558 2561 3740 2602 memora-

2274 2636 2413 2712 biles
2440 2638 2542 2692 viri
2568 2653 2711 2709 smpe
2741 2655 2965 2695 narrare
2991 2639 3134 2709 quod
3154 2639 3653 2710 ipsis,.adolescentizc
3672 2636 3739 2707 pti-

2274 2731 2482 2785 mordia
2512 2732 2821 2799 agentibus,
2854 2731 3019 2786 Imma
3050 2742 3072 2771 ε
3101 2732 3314 2802 regina,
3363 2732 3503 2803 cujus
3550 2732 3591 2785 in
3622 2731 3738 2797 capite

2273 2820 2437 2895 hujus
2473 2821 2654 2891 operis
2683 2822 2868 2876 habita
2895 2822 3096 2877 mentio
3126 2831 3233 2889 est,
3288 2824 3421 2877 inter
3479 2821 3614 2876 multa
3651 2820 3739 2873 bona

2274 2928 2393 2983 quae
2430 2912 2685 2968 Ecclesiae
2713 2913 2915 2969 Christi
2948 2913 3323 2969 Cantuariensi
3354 2914 3570 2979 contulit,
3590 2910 3739 2965 brachio

2274 3002 2417 3058 beati
2445 3003 2672 3075 apostoli
2703 3003 3102 3067 Bartholomaei,
3128 3005 3298 3073 ipsam
3323 3004 3605 3067 Ecclesiam,
3623 3002 3739 3067 dispo-

2274 3102 2435 3148 nente
2460 3092 2676 3148 domino
2705 3107 2802 3167 suo
2844 3092 3033 3148 Cnudo
3073 3108 3199 3164 rege
3230 3094 3533 3164 Anglorum,
3560 3090 3737 3146 sublima-

2273 3183 2432 3237 verit.
2454 3182 2583 3249 Qua:
2607 3198 2693 3237 res
2730 3181 2965 3251 qualiter
2995 3192 3119 3236 acta
3150 3182 3336 3248 fuerit,
3367 3184 3464 3239 hoc
3487 3182 3612 3237 modo
3634 3176 3739 3247 (quod

2272 3288 2368 3353 per
2437 3289 2721 3330 excessum
2784 3283 2980 3342 empta:
3040 3275 3370 3329 narrationis
3416 3275 3509 3328 dici
3556 3270 3739 3341 patienter

2274 3362 2456 3435 quaeso
2479 3368 2798 3438 accipiatur)
2826 3385 2930 3422 uno
2958 3384 3140 3433 sensu,
3172 3369 3290 3438 pari
3320 3368 3494 3422 ordine
3509 3361 3739 3420 referebant.

2275 3460 2559 3531 Tcmpore,
2588 3460 2761 3528 aiunt,
2792 3476 2898 3531 quo
2926 3462 3040 3530 ipsa
3079 3459 3322 3524 domina,
3370 3460 3497 3513 sicut
3538 3450 3739 3524 regina,in

2275 3566 2441 3621 regno
2468 3551 2769 3619 Anglorum
2827 3566 3023 3620 magna
3068 3561 3125 3605 et
3180 3560 3479 3621 praepotens
3515 3546 3739 3600 habebatur,

2275 3634 2517 3710 pentifex
2574 3635 2829 3698 Ecclesite
2864 3641 3259 3694 Beneventanaa
3288 3640 3431 3695 venit
3469 3639 3515 3691 in
3554 3632 3738 3702 Angliam.

2275 3745 2461 3801 quem,
2492 3734 2633 3789 sicut
2664 3735 2774 3804 ipse
2803 3730 3302 3796 ferebat,immanis
3331 3730 3489 3784 fames
3514 3725 3640 3781 certis
3656 3734 3740 3791 prs-

2274 3826 2442 3895 sagiis
2473 3835 2640 3881 totam
2663 3827 2911 3897 Apuliam
2943 3822 3206 3878 alllictura
3256 3825 3345 3879 illo
3392 3822 3662 3879 deduxerat.
3685 3827 3739 3865 cur

2274 3917 2430 3987 piens
2460 3917 2662 3987 aliquo
2687 3908 2885 3983 modo,
2923 3913 2968 3968 si
3019 3929 3125 3968 non
3176 3924 3359 3985 posset
3400 3913 3486 3968 toti
3522 3906 3745 3982 provincia

2274 4007 2465 4062 saltem
2496 4008 2609 4061 suis
2633 4007 2840 4063 civibus
2870 4017 3075 4065 tantum
3103 4009 3303 4063 malum
3326 4004 3617 4077 propulsare.
3630 3998 3662 4052 Ι»
3678 3996 3739 4047 il“

2275 4097 2553 4167 ingressus
2592 4098 2872 4153 brachium
2928 4101 3069 4155 beati
3100 4097 3466 4154 Bartholoma-i
3494 4088 3740 4165 ap0510ll5t3'

2274 4204 2399 4261 cum
2429 4188 2645 4255 tulerat,
2676 4205 2771 4260 spe
2792 4190 2894 4245 sibi
2922 4201 3071 4245 certa
3098 4191 3417 4261 promittens
3458 4202 3511 4242 se
3548 4198 3623 4254 per
3664 4174 3740 4229 illud

2277 4280 2442 4335 multa
2468 4280 2818 4335 lucraturum.
2852 4281 2997 4336 Idem
3054 4284 3251 4352 quippe
3282 4279 3559 4337 brachium,
3600 4270 3650 4326 ob
3681 4267 3739 4319 ιη’

2271 4369 2505 4445 jusmodi
2522 4372 2975 4427 necessitudinem
2998 4373 3367 4428 contrahenda
3396 4365 3598 4424 subsidia
3623 4358 3740 4423 iuipst

593 4456 785 4517 semel,
814 4457 856 4509 si
886 4455 1143 4520 secundo,
1160 4455 1205 4508 si
1238 4456 1397 4527 tertio
1433 4456 1657 4524 vocasti,
1681 4467 1735 4511 et
1762 4457 1937 4511 tenuit
1963 4457 2171 4524 audire,
2204 4459 2253 4519 D
2277 4462 2502 4517 ecclesia
2531 4462 2821 4516 Beneventi
2846 4477 2874 4514 a
2905 4463 3111 4532 reliquo
3146 4476 3369 4532 corpore
3397 4457 3661 4514 servabatur
3690 4457 3739 4498 re-

585 4548 778 4607 rennit
804 4547 1145 4617 disciplinam
1171 4548 1440 4617 accipere,
1477 4556 1647 4602 restat
1694 4558 1771 4612 ut,
1801 4548 1979 4619 gladio
2001 4549 2170 4602 sancti

586 4637 742 4707 Petri
767 4638 867 4692 sub
895 4636 1255 4691 anathematis
1281 4638 1386 4692 ictu
1428 4653 1753 4707 percussus,
1778 4637 1920 4705 quod
1974 4642 2174 4697 meruit

584 4729 811 4801 sentiat,
843 4730 1015 4799 donec
1034 4746 1062 4783 a
1091 4744 1188 4786 sua
1212 4730 1478 4801 pravitate
1509 4731 1774 4787 discedat.
1802 4752 1820 4785 ι
1848 4734 2169 4804 Respondit:

582 4840 622 4884 ,ι
654 4821 726 4875 Ita
756 4830 857 4875 est.
898 4839 916 4871 ι
954 4820 1198 4876 Audiens
1238 4822 1351 4877 haec
1396 4823 1684 4879 Anselmus
1742 4824 1887 4879 illico
1910 4827 2172 4892 surrexit,

594 4920 656 4970 et
681 4910 835 4966 ﬂexis
867 4912 1095 4980 genibus
1124 4928 1305 4987 coram
1357 4929 1496 4984 papa
1534 4914 1816 4984 praefatum
1856 4932 2035 4987 regem
2062 4915 2175 4985 jam

598 5014 730 5060 tunc
760 5007 1235 5061 excommunicare
1264 5017 1452 5077 parato
1477 5049 1492 5075 ,
1526 5008 1616 5061 vix
1643 5009 1880 5063 obtinuit
1902 5026 1969 5065 ne
2000 5010 2052 5064 in
2095 5026 2184 5065 re-

586 5109 722 5173 gem
745 5094 949 5175 faceret
976 5098 1115 5168 quod
1139 5100 1441 5155 communis
1462 5100 1702 5153 omnium
1736 5103 2003 5158 sententia
2058 5118 2184 5172 pro-

586 5186 882 5258 rmulgavit.
911 5187 1010 5257 Qui
1030 5205 1159 5261 ergo
1197 5190 1492 5247 bonitatem
1520 5191 1618 5246 viri
1650 5192 1765 5248 solo
1794 5194 1941 5265 prius
1965 5194 2183 5248 fuerant

2276 4566 2502 4612 tnotnm.
2534 4557 2828 4627 Episcopus
2850 4557 3055 4626 itaque,
3087 4558 3313 4609 transitu
3372 4552 3540 4615 Italia,
3572 4542 3674 4597 venit
3709 4536 3740 4588 in

2277 4648 2524 4712 Galliam,
2557 4664 2673 4717 qua:
2704 4648 2809 4703 sibi
2863 4649 3131 4714 dabantur
3160 4656 3432 4716 gratanter
3465 4640 3624 4707 ubique
3658 4632 3739 4683 [δοίη

2278 4739 2597 4809 suscipiens.
2613 4738 2805 4791 Audita
2838 4752 2966 4792 vero
2996 4737 3178 4791 divitis
3203 4736 3339 4790 fama
3366 4732 3499 4801 regni
3522 4722 3741 4811 Angloruttt.

2282 4841 2433 4889 ratus
2464 4839 2546 4885 est
2570 4830 2671 4884 sibi
2712 4845 2775 4885 eo
2798 4829 3268 4898 progrediendum,
3306 4842 3371 4880 ex
3397 4824 3590 4879 aliorum
3610 4814 3739 4866 evettlt'

2281 4924 2382 4978 bus
2417 4938 2638 4992 sperans
2663 4937 2721 4975 se
2766 4922 2875 4975 illic
2920 4921 3151 4991 amplius
3190 4920 3396 4974 caeteris
3425 4907 3740 4993 regionibus-ac

2280 4991 2625 5081 quisitttrum.
2651 5009 2877 5063 Prmfata
2915 5023 3133 5078 quoque
3178 5007 3359 5076 regina
3391 4997 3548 5070 magni
3591 4991 3743 5081 nominis

2272 5075 2339 5169 ,έῑ
2362 5102 2647 5172 divulgatae
2674 5100 2828 5154 fatna:
2856 5075 3187 5163 habebatur;
3210 5075 3367 5166 quam
3389 5091 3573 5147 bonitas
3593 5094 3681 5137 sua.
3713 5075 3747 5172 tl

2272 5167 2389 5266 qua
2416 5167 2577 5264 super
2604 5192 2875 5248 Ecclesias
2900 5190 3217 5261 respiciebat
3246 5187 3456 5258 largitas
3473 5180 3514 5234 ei
3535 5167 3741 5246 ρθρθηηί·

1864 5307 2281 5364 HENSCHENII
2302 5303 2527 5361 NOTA‘L

584 5444 591 5451 .
670 5411 698 5440 ι
736 5396 849 5470 Hoc
869 5406 969 5470 est
985 5398 1322 5468 opusculum,
1366 5399 1517 5470 cujus
1557 5408 1641 5457 est
1686 5401 1888 5455 mentio
1931 5401 1983 5454 in
2018 5402 2136 5455 Vita
2164 5442 2180 5467 ,

594 5482 749 5526 ltum.
782 5468 881 5532 10,
916 5466 1126 5537 lib.ltt,
1154 5466 1407 5538 tanquam
1431 5466 1496 5524 'in
1536 5471 1756 5524 Barensi
1795 5471 2025 5524 concilio
2064 5466 2180 5524 laué

601 5540 733 5593 dati.
761 5539 842 5591 An
881 5538 1006 5591 illud
1039 5540 1125 5595 cui
1159 5539 1372 5602 titulus,
1404 5539 1919 5608 Curibus/como?
1943 5541 2094 5608 cujus
2124 5541 2183 5594 in

600 5608 893 5729 Campa‘tga
934 5608 1194 5663 elaborati
1254 5609 1455 5664 mentio
1504 5607 1564 5663 fit
1600 5610 1881 5679 praecitato
1926 5607 2064 5663 libro
2117 5625 2183 5675 tt,

603 5693 753 5729 num.
865 5716 874 5725 .
914 5700 917 5701 ν
1326 5706 1333 5707 γ

603 5693 874 5800 ⁸ηηιῖιλίῗὲ
898 5755 1013 5799 erat
1063 5746 1363 5816 llom'idus,
1400 5763 1465 5803 ex
1504 5746 1843 5817 principibus
1877 5748 2186 5820 Longobar-

2287 5352 2640 5474 deﬁnimus
2685 5394 2826 5451 sedit
2872 5397 2941 5451 ab
2989 5410 3134 5474 anno
3179 5391 3313 5456 l076
3348 5398 3502 5457 usque
3536 5376 3590 5435 ad
3612 5374 3744 5427 annuit

2288 5468 2591 5594 “inimum
2623 5549 2797 5594 mater
2818 5536 2877 5592 S.
2900 5535 3146 5593 Edwardi
3163 5576 3177 5600 ,
3208 5532 3273 5609 and
3308 5529 3451 5609 Olfius
3474 5503 3745 5609 Vitam}

2286 5584 2853 5680 ηυετῖίᾜίῖτίἷῖιῖίξῖιξ
2863 5584 3055 5661 'eB'éi'
3070 5584 3199 5675 “rege
3212 5584 3519 5676 blind-dicta
3536 5630 3550 5655 ,
3572 5584 3647 5652 κεῖ
3668 5584 3743 5645 βο*

2288 5688 2435 5734 sunt.
2458 5680 2722 5734 Caeterum
2758 5677 3051 5734 Eadtnerus
3092 5672 3353 5745 principio
3387 5667 3494 5721 libri
3523 5673 3537 5713 ι
3565 5664 3657 5710 ου¹⁸¹
3687 5650 3743 5697 ¹¹⁰¹

2290 5745 2458 5805 minat
2485 5750 2766 5804 duntaxat.
