3890 6306
148 348 257 404 ιη

1229 320 1551 384 HISTORIA
1586 314 1946 375 NOVORUM.
1985 344 2052 357 ιυ-
2091 313 2218 369 LIB.
2255 312 2297 369 II
2345 342 2357 355 ν

3273 309 3387 365 418

125 456 381 517 Pontifex
430 452 610 522 igitur,
665 446 909 520 Αηειίιηη
956 442 1203 507 veniens,
1250 438 1422 509 ipsam
1474 429 1713 501 reginam
1744 414 1791 470 Α
1817 427 1957 499 coepi
1987 427 2052 481 de
2078 426 2267 481 eadem
2297 438 2465 495 eappa
2492 421 2683 492 loqui,
2712 428 2765 476 et
2800 420 2941 477 unde
2968 415 3116 522 illam
3162 418 3393 522 haberet

124 551 286 612 adiit,
318 557 375 603 et
421 521 564 600 illius
594 541 915 597 allocutione
974 537 1172 606 potitus
1200 572 1214 594 ,
1270 529 1395 600 quid
1441 521 1709 585 detulerit,

126 651 292 708 quam
314 634 384 690 ob
411 646 630 687 causam
660 638 768 681 tam
810 633 1045 680 remotas
1076 619 1239 685 orbis
1288 614 1480 670 adierit
1530 619 1714 679 partes

130 703 451 785 insinuavit.
513 724 582 777 At
632 721 741 783 illa,
784 717 1019 773 hominis
1064 710 1387 768 eltarilativo
1432 706 1614 760 labore
1645 703 1713 757 ad

128 816 566 876 misericordiam
595 813 757 875 ﬂexa,
783 812 847 871 de
871 810 984 864 suis
1022 808 1071 861 ei
1122 804 1339 874 cepiose
1368 800 1562 871 largita
1609 806 1712 859 est,

127 921 186 966 et
218 908 379 964 illum
409 907 640 977 patriam
665 915 928 963 remeare,
954 914 1055 953 nec
1077 912 1181 951 non
1214 895 1292 949 eis
1314 892 1510 962 quibus
1540 888 1714 944 immi-

129 1016 265 1055 nens
298 999 458 1053 famis
487 994 783 1065 perieulum
818 989 1160 1055 formidabat,
1194 984 1478 1041 subvenire
1502 984 1715 1036 hortata

128 1101 234 1146 est.
270 1088 381 1143 Sed
408 1088 523 1157 ipse
550 1083 850 1154 intelligens
873 1096 975 1136 non
1004 1076 1248 1133 sullieere
1276 1074 1377 1129 sibi
1426 1073 1491 1125 ad
1554 1086 1711 1124 suum

113 1181 408 1251 ,negmium
444 1193 561 1249 qua:
582 1176 832 1239 habebat,
861 1187 954 1227 eos
980 1185 1116 1241 quos
1144 1168 1315 1237 magis
1340 1164 1632 1218 familiares
1661 1162 1713 1214 in

127 1272 283 1335 curia
316 1269 417 1338 ipsi
462 1266 690 1322 dominae
738 1278 858 1318 esse
902 1268 1181 1330 acceperat
1227 1262 1607 1328 percunctatus
1633 1259 1717 1325 est

131 1374 317 1415 utrum
340 1376 400 1414 os
432 1358 573 1427 quod
598 1356 873 1418 attulerat,
900 1353 1027 1405 dato
1065 1348 1259 1421 pretio,
1306 1343 1505 1413 reginae
1551 1343 1600 1394 in
1626 1341 1716 1410 jus

132 1453 419 1523 preprium
435 1448 728 1503 transferre
752 1459 895 1500 cura:
917 1450 1077 1496 esset.
1104 1438 1243 1505 Quid
1266 1434 1468 1489 multa?
1489 1431 1715 1486 Investi-

129 1554 295 1614 gatur
316 1543 382 1597 de
410 1557 467 1596 re
496 1540 706 1594 animus
734 1536 1053 1599 dominae,et
1081 1529 1351 1585 invenitur
1376 1523 1717 1596 promptissi-

130 1647 436 1699 musesse,
466 1638 670 1683 certam
702 1640 759 1681 se
788 1621 1154 1679 tantummodo
1198 1618 1481 1687 episcopus
1518 1615 1718 1669 faceret

130 1724 315 1793 ipsum
348 1736 409 1775 os
440 1717 699 1787 nominati
734 1713 961 1783 apostoli
995 1725 1182 1765 revera
1208 1708 1408 1772 fuisse,
1443 1714 1497 1760 et
1540 1703 1717 1758 taliter

114 1822 193 1883 Aut
223 1813 456 1882 ipsamet
483 1815 773 1864 testaretur
799 1801 1147 1869 sibi,sublata
1175 1799 1319 1854 omni
1343 1796 1716 1866 ambiguitate,

132 1903 504 1961 satisfactum.
534 1900 615 1954 Ad
646 1896 787 1968 quod
825 1896 912 1949 ille
941 1910 954 1945 :
997 1910 1015 1944 ι
1046 1892 1183 1958 Quo,
1237 1889 1410 1958 inquit
1431 1928 1443 1948 ,
1481 1887 1661 1941 modo?
1695 1905 1713 1937 ι

114 1970 156 2050 ’ί
220 1997 401 2066 Super
452 2004 645 2061 corpus
669 2029 685 2054 ,
721 1990 829 2052 ait,
854 1985 1187 2041 Dominicum
1216 1991 1269 2036 et
1297 1995 1457 2050 super
1504 1986 1722 2033 sancto-

131 2102 261 2140 rum
327 2082 577 2150 reliquias
630 2092 764 2147 quas
817 2076 864 2130 ei
933 2088 1271 2146 proponam,
1327 2068 1714 2138 jurejurando,

119 2176 402 2245 .reliquias
437 2176 501 2228 de
544 2172 740 2241 quibus
794 2168 973 2239 agitur
1017 2164 1285 2221 veraciter
1314 2177 1435 2216 esse
1480 2161 1553 2237 de
1595 2175 1719 2214 cor-

116 2286 275 2341 pore
341 2267 485 2323 beati
546 2262 774 2333 apostoli
824 2258 1203 2316 Bartholomtei
1237 2295 1253 2323 ,
1305 2264 1362 2311 et
1409 2256 1461 2310 id
1513 2265 1719 2308 remota

128 2361 291 2418 omni
373 2356 801 2430 mquivoeatione
874 2362 1037 2423 atque
1113 2351 1445 2420 sophismate
1535 2347 1718 2402 faciat.

132 2451 279 2516 Hoc,
327 2448 501 2518 inquit
547 2446 852 2516 episcopus,
887 2458 1075 2498 secure
1110 2456 1196 2495 me
1248 2439 1513 2494 facturum
1574 2435 1723 2505 polli-

133 2558 293 2597 ceor.
314 2559 333 2592 ι
361 2540 589 2593 Veniens
615 2538 797 2607 itaque
820 2534 1165 2589 Cantuariam
1187 2548 1308 2588 eum
1340 2530 1566 2586 brachio
1582 2529 1721 2599 ipso,

116 2643 309 2705 prout
335 2632 410 2685 illi
455 2645 549 2684 rex
580 2638 634 2682 et
672 2628 858 2698 regina
891 2627 1247 2689 dictaverunt,
1298 2623 1552 2677 decenter
1604 2634 1724 2673 sus-

131 2735 333 2793 ceptus
361 2731 463 2776 est.
507 2726 730 2775 Astante
773 2719 936 2789 igitur
965 2718 1102 2787 ipsa,
1151 2714 1537 2769 monachorum
1590 2724 1725 2779 quo.

132 2833 251 2887 que
292 2832 362 2869 ac
393 2814 713 2869 clericorum
756 2815 1017 2867 immenso
1047 2808 1261 2879 agmine
1297 2821 1416 2861 eam
1464 2802 1720 2873 vallante,

132 2911 289 2965 inter
314 2922 451 2978 quos
481 2908 644 2961 etiam
669 2920 832 2974 supra
880 2901 1173 2957 memorati
1192 2899 1295 2952 viri
1324 2914 1352 2951 a
1377 2897 1574 2967 quibus
1610 2895 1723 2949 ιιωο

132 3000 455 3070 accepimus
485 3014 543 3053 se
566 3005 860 3069 praesentes
885 2993 1050 3048 fuisse
1089 2990 1267 3047 testati
1297 2996 1443 3055 sunt,
1474 3000 1725 3041 numero-

118 3107 316 3160 saque
338 3091 621 3159 utriusque
648 3102 811 3143 sexus
852 3096 917 3149 et
949 3084 1123 3138 aetatis
1149 3080 1493 3136 multitudine
1521 3077 1589 3131 ob
1622 3077 1725 3131 hoc
1751 3098 1797 3160 ε

132 3179 471 3235 convolante
499 3187 554 3232 et
581 3177 853 3242 audiente,
870 3173 1103 3243 jurando
1127 3187 1291 3241 super
1312 3169 1482 3222 altare
1510 3175 1565 3221 et
1594 3182 1721 3221 eor-

133 3284 246 3339 pus
276 3268 478 3322 Christi
509 3281 679 3322 necne
708 3250 1030 3321 Sanctorum
1063 3263 1317 3333 reliquias
1344 3274 1479 3331 quas
1504 3259 1723 3335 beatum

134 3360 469 3430 Gregorium
524 3368 712 3414 sancto
766 3357 1098 3427 Augustino,
1152 3355 1393 3422 aliosque
1456 3353 1726 3405 Romanos

120 3455 433 3526 .pontitit-es
465 3452 583 3507 aliis
606 3451 1030 3522 archiepiscopis
1068 3449 1366 3504 destinasse
1415 3446 1605 3508 scitur,
1635 3458 1725 3496 as-

136 3546 419 3602 severavit
448 3545 620 3616 ipsum
653 3560 715 3600 os
750 3545 815 3598 de
843 3558 951 3613 quo
1005 3555 1185 3597 sermo
1240 3538 1539 3594 habebatur
1580 3534 1726 3609 beati

137 3638 529 3693 Bartholomaai
558 3637 787 3709 apostoli
812 3636 1088 3707 proprium
1121 3634 1309 3697 fuisse,
1362 3646 1461 3687 nec
1489 3629 1587 3699 ipsi
1632 3644 1723 3687 as.-

138 3731 374 3787 sertioni
391 3746 501 3785 sum
528 3731 728 3800 aliquid
757 3730 977 3786 omnino
1003 3725 1349 3797 supliismalis
1370 3735 1462 3778 aut
1486 3721 1725 3792 aequivo-

139 3821 385 3876 catiouis
432 3821 631 3876 inesse.
684 3822 803 3889 Quo
853 3822 1026 3885 facto,
1091 3816 1456 3873 memorabilis
1508 3814 1724 3868 domina

139 3911 501 3983 quamplures
527 3912 736 3981 argenti
766 3911 931 3966 libras
959 3909 1185 3965 antistiti
1234 3907 1477 3971 contulit,
1510 3915 1563 3960 et
1604 3919 1726 3959 osse

142 4004 323 4074 potita
356 4003 487 4057 illud
545 4003 788 4059 ecclesiae
836 4002 1037 4058 Christi
1073 3999 1449 4056 Cantuariensi
1497 3995 1724 4057 solemni

142 4095 445 4149 donatione
474 4108 542 4149 ex
572 4102 725 4162 parte
772 4093 915 4163 regis
962 4092 1130 4147 Cnudi
1177 4104 1381 4160 suaque
1434 4086 1723 4145 concessit.

141 4184 260 4255 Illis
280 4182 490 4254 quippe
538 4184 727 4238 diebus
767 4184 855 4237 hic
882 4198 998 4237 mos
1025 4182 1211 4253 Anglis
1254 4189 1377 4235 erat
1423 4177 1724 4250 patrocinia

130 4284 465 4341 sanctorum
492 4273 744 4329 omnibus
763 4273 943 4329 saaculi
977 4274 1139 4329 rebus
1162 4271 1453 4339 anteferre.
1477 4267 1725 4324 Pontifex

142 4368 351 4439 quippe
378 4365 523 4421 sedis
545 4366 734 4436 ipsius,
772 4364 1130 4437 Egeluothus
1162 4364 1399 4428 nomine,
1436 4363 1576 4417 inter
1605 4358 1729 4415 reli-

141 4474 258 4529 qua
280 4471 403 4527 quae
427 4455 630 4510 homini
663 4456 829 4521 dedit,
866 4470 1092 4525 cappam
1140 4454 1215 4508 illi
1258 4452 1414 4508 valde
1437 4450 1727 4521 pretiosam

124 4545 437 4617 _aurifrigio
460 4560 526 4600 ex
548 4545 696 4600 omni
731 4554 884 4615 parte
901 4553 1147 4600 ornatam
1172 4543 1339 4610 dedit,
1366 4558 1485 4613 qua:
1511 4548 1562 4596 et
1588 4539 1729 4594 illius

140 4638 409 4695 Ecclesia“:
439 4636 644 4701 decori,
695 4646 751 4691 et
779 4635 1034 4690 Ecclesia:
1079 4632 1489 4690 Cantuariensis
1532 4629 1727 4684 futuris

143 4727 489 4798 temporibus
517 4734 675 4780 tanta:
706 4726 782 4780 rei
808 4726 1065 4781 existeret
1096 4723 1400 4779 testimonio
1444 4728 1499 4776 et
1527 4719 1726 4790 proba-

142 4818 306 4874 tioni.
348 4816 461 4889 Ego
507 4816 672 4888 igitur
710 4832 863 4883 cum,
918 4824 978 4871 ut
1024 4814 1168 4881 dixi,
1219 4813 1450 4869 concilio
1490 4821 1725 4882 praesens

143 4910 453 4966 antistitem
502 4906 937 4963 Beneventanum
980 4922 1147 4976 eappa
1183 4904 1402 4975 reliquis
1436 4910 1723 4974 praestante

141 5008 403 5054 ornatum
433 4997 693 5062 viderem,
723 5004 780 5052 et
802 5013 921 5052 eam
944 5011 1011 5051 ex
1042 4996 1125 5051 his
1151 5011 1269 5066 qua:
1296 4996 1423 5050 olim
1448 4993 1724 5049 audieram

141 5089 357 5159 optime
403 5100 640 5155 nossem,
697 5103 803 5143 nou
860 5087 1069 5143 modice
1124 5087 1356 5149 laetatus,
1411 5095 1466 5139 et
1507 5097 1727 5153 cappam

144 5190 203 5235 et
240 5178 408 5235 verba
457 5180 589 5234 mihi
638 5195 807 5249 puero
836 5180 1033 5236 exinde
1085 5180 1226 5235 dicta
1273 5177 1426 5233 Patri
1474 5176 1729 5231 Anselmo

142 5270 386 5327 ostendi.
415 5269 538 5325 Mox
564 5272 834 5329 celebrato
869 5271 1103 5327 concilio
1151 5270 1239 5327 ubi
1288 5268 1727 5323 Beneventanum

139 5363 328 5434 ipsum
358 5363 492 5429 adii,
514 5372 569 5417 et
595 5363 739 5419 inter
773 5364 875 5418 alia
902 5372 1101 5419 mutuae
1132 5361 1437 5418 dilectionis
1462 5358 1727 5427 colloquia

1802 520 1967 598 quasi
2000 518 2217 573 nescius
2249 517 2597 586 interrogavi,
2630 528 2899 597 summam
2929 514 3005 568 rei
3042 513 3314 582 exposuit,
3336 521 3429 597 et;

1816 626 1933 665 eam
1949 610 2138 665 ordine
2163 623 2270 679 quo
2289 607 2547 677 descripsi
2572 622 2722 660 suam
2749 592 3038 660 Ecclesiam
3064 602 3132 657 ab
3156 602 3394 657 Ecclesia

1802 686 2193 759 Cantuarieusi
2217 699 2462 768 adeptam
2488 713 2607 752 esse
2631 696 2942 752 declaravit.
2969 695 3083 762 Qua
3110 696 3175 748 de
3198 709 3255 748 re
3277 709 3395 747 cer-

1819 794 1923 846 tior
1953 780 2196 853 effectus,
2248 788 2430 859 putavi
2469 788 2737 856 aliquibus
2783 794 2996 856 gratum
3055 786 3159 838 hoc
3221 783 3392 852 ipsum

1818 882 1944 937 huic
1971 879 2230 950 opusculo
2279 878 2486 944 indere,
2527 879 2655 932 licet
2697 876 3025 946 prepositum
3069 874 3399 928 narrationis

1802 961 2089 1028 'tramitem
2123 988 2206 1026 me
2234 972 2335 1025 hoc
2386 975 2594 1039 agente
2630 986 2731 1022 non
2796 970 3058 1023 nescirem
3114 970 3395 1021 excedere.

1808 1050 1935 1129 Quo
1967 1074 2202 1132 peracto,
2236 1062 2301 1115 ad
2337 1071 2571 1130 emptum
2605 1060 2884 1112 redeamus
2919 1058 3037 1113 iter.
3068 1057 3247 1111 Finito
3270 1071 3399 1111 con-

1818 1155 1999 1209 cilioa
2048 1154 2186 1207 Baro
2229 1152 2597 1217 discessimus,
2641 1153 2955 1205 comitatum
2996 1165 3146 1219 papae
3171 1149 3397 1202 Romam

1808 1236 1990 1316 iusque
2016 1262 2120 1300 non
2152 1246 2482 1299 deserentes.

1891 1340 2096 1393 Interea
2133 1338 2351 1391 revertit
2384 1337 2601 1391 nuntius
2635 1350 2795 1406 quem
2847 1351 2876 1389 a
2916 1334 3086 1390 Roma
3118 1336 3185 1389 ad
3216 1348 3396 1405 regem

1818 1430 2025 1499 Anglia:
2090 1430 2417 1483 destinatum
2475 1428 2893 1498 supradixiutus,
2946 1428 3185 1482 referens
3226 1430 3399 1496 ipsum

1820 1537 1998 1591 regem
2028 1519 2290 1589 susceptis
2324 1518 2539 1589 quidem
2573 1536 2788 1589 quoquo
2820 1520 2977 1575 modo
3020 1520 3210 1573 litteris
3249 1534 3402 1589 papae

1820 1609 2028 1664 litteras
2055 1610 2295 1664 Anselini
2326 1610 2471 1663 nullo
2504 1609 2734 1664 voluisse
2770 1623 2926 1679 pacto
2959 1612 3256 1680 suscipere,
3294 1612 3403 1666 into

1821 1701 2034 1771 cognito
2060 1700 2206 1753 illum
2238 1715 2355 1754 esse
2387 1700 2657 1754 hominem
2684 1692 2801 1771 ejus
2826 1702 3040 1770 jurasse
3069 1718 3166 1770 per
3192 1701 3402 1755 vultum

1823 1792 1912 1845 Dei
1942 1792 2093 1861 qtiia,
2145 1792 2188 1845 si
2246 1791 2441 1846 festiue
2484 1802 2681 1845 terram
2714 1774 2865 1846 suam
2903 1809 3007 1846 non
3058 1793 3251 1859 exiret,
3286 1794 3404 1847 sine

1822 1882 2211 1935 retractatione
2237 1881 2423 1936 oculos
2442 1882 2488 1936 ei
2520 1882 2635 1935 erui
2667 1880 2892 1936 faceret.

1893 1973 2090 2029 Verum
2122 1985 2242 2044 post
2266 1976 2381 2030 dies
2413 1975 2644 2044 aliquot,
2694 1991 2759 2029 ex
2788 1990 2894 2044 quo
2944 1974 3169 2028 Romam
3202 1972 3404 2029 reversi

1822 2066 2043 2133 fuimus,
2076 2068 2223 2121 venit
2274 2068 2471 2121 missus
2522 2082 2552 2122 a
2603 2082 2727 2135 rege
2749 2064 3110 2129 Willhelmns,
3154 2065 3306 2133 cujus
3348 2065 3406 2119 in

1820 2157 1966 2211 exitu
2003 2157 2203 2227 Angliie
2235 2158 2560 2210 mentionem
2590 2156 2815 2210 fecimus
2839 2196 2854 2218 ,
2904 2156 3121 2210 domino
3160 2170 3308 2224 papae
3338 2154 3408 2227 ad

1822 2246 2032 2299 litteras
2060 2261 2192 2315 quas
2226 2262 2324 2315 pro
2348 2245 2603 2299 Anselmo
2631 2245 2853 2300 miserat
2890 2259 3266 2313 responsurus.
3316 2243 3409 2296 D2-

1822 2335 1977 2391 cebat
2010 2352 2138 2406 ergo
2163 2336 2402 2405 pontifici
2446 2353 2460 2390 :
2500 2355 2519 2387 ι
2556 2334 2773 2389 Mandat
2819 2334 2914 2390 tibi
2974 2336 3224 2389 dominus
3258 2350 3409 2389 meus

1822 2446 1916 2485 rex
1957 2431 2056 2484 sibi
2112 2447 2215 2484 non
2268 2446 2447 2499 parva:
2498 2429 2844 2484 admirationi
2905 2444 3024 2483 esse
3054 2429 3195 2499 quod
3227 2428 3311 2482 vel
3353 2428 3408 2483 in

1824 2531 2055 2576 mentem
2090 2521 2182 2575 tibi
2215 2522 2409 2576 cadere
2437 2522 2610 2591 potuit
2639 2531 2696 2575 ut
2718 2538 2863 2587 eum,
2910 2535 3011 2590 pro
3054 2519 3409 2579 restitutione

1824 2627 2004 2666 rerum
2035 2613 2297 2681 Anseluti,
2336 2613 2725 2683 interpellares.
2767 2632 2795 2679 ι,
2847 2613 2912 2666 Ει
2941 2613 3224 2667 subdidit:
3277 2630 3295 2663 ι
3349 2610 3409 2667 Si

1823 2718 2041 2757 causam
2069 2703 2287 2771 quieris,
2326 2704 2442 2757 hazc
2468 2712 2550 2757 est
2587 2720 2600 2757 :
2635 2692 2861 2769 Quando
2893 2704 2959 2756 de
2990 2712 3130 2757 terra
3172 2718 3267 2757 sua
3296 2703 3412 2758 dis-

1824 2793 2017 2848 cedere
2045 2794 2231 2859 voluit,
2275 2804 2461 2865 aperte
2494 2782 2729 2849 minatus
2758 2802 2842 2849 est
2872 2808 2929 2849 se
2972 2793 3061 2847 illo
3100 2793 3413 2848 discedente

1825 2894 1993 2939 totmn
2034 2884 2555 2955 archiepiscopatum
2577 2886 2628 2938 in
2653 2885 2947 2939 dominium
2972 2901 3126 2940 suum
3161 2892 3410 2954 acceptu-

1825 2990 1966 3031 rum.
2000 2975 2264 3042 Quoniam
2296 2976 2458 3046 igitur
2484 2991 2581 3030 nec
2600 2976 2696 3043 his
2724 2975 2885 3030 minis
2910 2975 3240 3030 constrictus
3277 2972 3408 3042 quin

1827 3068 2001 3121 exiret
2043 3067 2294 3121 omittere
2336 3068 2527 3131 noluit,
2560 3066 2706 3134 jnste
2738 3082 2795 3120 se
2839 3075 2992 3135 putat
3045 3064 3237 3121 fecisse
3267 3061 3411 3132 quod

1828 3157 1974 3222 fecit,
2002 3168 2055 3213 et
2084 3160 2277 3229 iniuria
2308 3157 2702 3226 reprehendi-»
2735 3159 2812 3210 Ad
2846 3159 2958 3211 bare
2974 3171 3111 3227 papa
3139 3173 3151 3207 :
3184 3173 3203 3205 ι
3239 3155 3413 3209 Aceu-
3478 3196 3485 3197 κ

1818 3246 1910 3305 ἐειι
1931 3266 2075 3313 eum,
2108 3250 2301 3319 inquit,
2336 3250 2586 3303 aliunde?
2616 3270 2632 3299 ι
2670 3240 2967 3315 Respondit
2994 3262 3009 3300 :
3040 3266 3057 3298 ι
3087 3245 3201 3300 Νοη
3226 3246 3408 3316 papae!

1828 3343 1923 3407 ait,
1968 3344 2091 3412 quis
2129 3358 2365 3411 unquam
2416 3341 2622 3394 audivit
2670 3338 2833 3393 talia?
2863 3339 2968 3394 Pro
2998 3339 3102 3393 hoc
3145 3337 3260 3392 solo
3293 3336 3408 3405 pri-

1827 3445 2025 3487 matem
2058 3435 2204 3502 regni
2253 3433 2365 3485 suis
2399 3432 2649 3485 onmibus
2699 3429 2984 3501 spoliavit,
3037 3430 3161 3498 quia
3192 3441 3259 3482 ne
3284 3443 3412 3482 san-

1822 3534 1970 3579 ‘ctatn
2005 3533 2231 3576 matrem
2276 3521 2567 3574 Ecclesiant
2601 3520 2842 3573 omnium
2872 3518 3171 3573 Romanam
3222 3516 3412 3572 visita-

1820 3617 1930 3679 ‘ret,
1962 3614 2210 3668 omittere
2240 3612 2443 3665 noluit?
2482 3606 2621 3666 Vere
2646 3622 2701 3665 et
2737 3610 2853 3666 sine
2876 3610 3022 3666 omni
3053 3610 3410 3681 ambiguitate

1828 3705 2006 3759 dicere
2029 3718 2353 3775 possumusa
2371 3700 2569 3757 saecqu
2595 3702 2696 3755 tale
2721 3703 2847 3771 quid
2873 3719 2977 3757 non
3005 3718 3125 3757 esse
3144 3703 3407 3757 auditum.

1828 3795 1891 3850 Et
1907 3811 2003 3865 pro
2023 3795 2112 3848 tali
2134 3808 2413 3863 responso,
2439 3794 2701 3848 mirabilis
2728 3793 2910 3860 homo,
2948 3796 3051 3848 hue
3070 3803 3121 3848 te
3140 3791 3410 3865 fatigasti?

1826 3884 1985 3951 Redi,
2007 3885 2327 3956 quantocius
2358 3884 2492 3953 redi,
2519 3894 2576 3941 et
2600 3885 2829 3957 praecipe
2871 3877 2961 3940 illi
2992 3899 3057 3940 ex
3088 3893 3239 3955 parte
3266 3885 3411 3941 beati

1826 3975 1973 4031 Petri
2021 3985 2287 4047 quatenus
2336 3986 2543 4031 remota
2590 3972 2735 4031 omni
2775 3976 3203 4032 contradictione
3256 3975 3408 4030 illum

1827 4071 1940 4124 suis
1968 4069 2217 4125 omnibus
2254 4070 2462 4142 integre
2517 4072 2809 4136 revestiat,
2860 4071 2904 4126 si
2948 4070 3410 4128 exeommunicari

1829 4172 2066 4218 recusat.
2097 4160 2283 4230 Itaque
2318 4162 2403 4217 fac
2430 4172 2486 4216 ut
2513 4163 2640 4232 quid
2665 4162 2788 4216 hinc
2814 4162 2941 4218 velit
2966 4164 3107 4219 scire
3134 4178 3219 4216 me
3247 4161 3411 4220 faciat

1829 4263 1954 4309 ante
1980 4254 2290 4318 concilium,
2321 4254 2463 4323 quod
2486 4254 2655 4333 tertia
2680 4254 3015 4309 hebdomada
3062 4254 3282 4319 Pascha:
3305 4269 3329 4296 α
3355 4257 3409 4312 in

1831 4350 1931 4406 bac
1954 4351 2085 4423 urbe
2108 4366 2225 4405 sum
2245 4350 2853 4421 celehraturus,alioqui
2876 4352 3176 4409 certissime
3199 4353 3414 4407 noveris

1753 4433 1807 4494 D
1835 4458 1893 4498 se
1922 4443 1974 4498 in
2004 4442 2190 4497 eodem
2240 4441 2472 4497 concilio
2521 4442 2884 4517 damnationis
2917 4444 3185 4500 sententia
3232 4441 3409 4513 puniri

1835 4551 1998 4606 quam
2043 4536 2361 4606 promeruit.
2399 4553 2420 4587 ι
2458 4534 2531 4591 At
2568 4536 2657 4591 ille
2698 4551 2713 4591 :
2750 4556 2769 4589 ‹
2827 4537 3147 4608 Priusquam
3195 4538 3411 4601 abeam,

1835 4634 2013 4682 tecum
2059 4627 2319 4683 secretius
2365 4643 2541 4699 agam.
2579 4648 2597 4681 ι
2645 4629 2839 4685 Mansit
2883 4646 3012 4702 ergo
3066 4614 3138 4685 ibi
3169 4645 3266 4699 per
3295 4628 3412 4683 dies

1831 4714 2093 4785 plurimos
2119 4716 2258 4770 idem
2282 4716 2644 4785 Willhelmns,
2673 4719 2968 4789 prudenter
2987 4734 3205 4790 operam
3230 4716 3413 4771 dando

1832 4808 1931 4862 hos
1961 4815 2016 4862 et
2046 4806 2167 4863 illos
2198 4823 2309 4862 suae
2338 4823 2514 4862 causa:
2538 4808 2778 4864 fautores
2799 4808 3029 4875 efﬁcere,
3063 4823 3125 4864 ac
3156 4816 3208 4863 ut
3238 4807 3408 4863 donti-

1831 4895 1884 4950 ni
1914 4895 1996 4950 sui
2026 4894 2286 4950 voluntati
2312 4894 2672 4961 satisfaceret,
2699 4913 2922 4952 munera
2942 4898 3138 4969 quibus
3163 4911 3225 4951 ea
3258 4884 3408 4952 cordi

1833 5001 1954 5040 esse
1980 4986 2445 5041 animadvertebat
2467 4986 2851 5058 dispertiendo,
2866 4998 2922 5043 et
2939 4987 3239 5057 pollicendo
3255 4984 3409 5057 parvi

1833 5078 2053 5132 habere.
2081 5078 2349 5133 Deductus
2372 5094 2501 5149 ergo
2522 5094 2550 5132 a
2576 5080 2842 5134 sententia
2872 5079 3143 5134 Romanus
3164 5077 3409 5148 pontifex

1832 5178 1933 5228 est.
1959 5183 2022 5221 ac
2046 5183 2143 5237 pro
2167 5176 2292 5222 voto
2316 5167 2608 5222 Willhelmi
2641 5168 2885 5224 inducias
2916 5183 3087 5239 usque
3113 5168 3177 5237 ad
3211 5168 3405 5224 festum

1833 5264 2003 5314 sancti
2034 5258 2311 5316 Michaelis
2361 5250 2507 5318 dedit
2534 5265 2667 5334 regi.
2696 5265 2832 5319 Acta
2855 5266 3027 5321 suntb
3056 5266 3175 5322 haec
3198 5265 3251 5320 in
3279 5264 3409 5338 ipsis

1830 5352 2112 5406 sotemniis
2140 5351 2450 5410 Nativitatis
2472 5354 2696 5411 Christi.

1452 5464 1863 5529 HENSCHENII
1900 5462 2128 5521 NOTAE.

216 5581 245 5643 ξ
282 5569 445 5643 Anno
468 5584 600 5642 ergo
618 5572 776 5639 1099,
798 5572 1017 5643 quando
1035 5570 1244 5643 Pascha
1276 5570 1377 5626 fuit
1395 5568 1725 5643 celebratum

145 5654 182 5692 ι
212 5639 458 5721 Aprilis;
491 5635 1132 5721 eilittera'liominicalis
1171 5642 1213 5697 Β
1241 5642 1513 5698 Dominica
1558 5652 1620 5692 Ill
1672 5635 1723 5689 in

148 5723 275 5763 xstv
300 5711 542 5768 eiusdem
575 5713 775 5767 mensis
803 5714 1049 5768 cadebat.

220 5780 246 5819 δ
287 5780 428 5835 Male
450 5796 579 5850 ergo
608 5782 696 5838 hic
737 5783 1007 5838 inducitur
1032 5799 1061 5837 a
1090 5783 1409 5854 quibusdam
1434 5782 1719 5840 concilium

1830 5580 2043 5657 aliquod
2085 5580 2392 5657 Romanum
2449 5598 2592 5657 anno
2640 5584 2777 5642 1098
2824 5588 3176 5652 celebratum,
3205 5582 3258 5641 in
3295 5602 3405 5657 quo

1828 5650 2057 5727 i_uduci:e
2085 5652 2167 5727 hac
2192 5667 2464 5727 concessa;
2493 5653 2694 5727 fuerint
2726 5675 2739 5709 :
2767 5662 2939 5727 neque
2967 5670 3085 5727 post
3113 5650 3404 5727 concilium

1826 5719 2063 5775 Barense
2089 5720 2233 5774 aliud
2264 5723 2550 5777 concilium
2582 5724 2793 5781 videtur
2822 5719 3059 5783 habitum
3091 5740 3271 5781 coram
3305 5719 3404 5781 Ur;

1830 5791 1969 5844 bano
1996 5790 2184 5857 fuisse,
2214 5807 2376 5860 quam
2407 5794 2455 5849 id
2487 5795 2540 5849 in
2572 5810 2711 5865 quo,
2738 5809 2857 5865 post
2890 5798 3095 5853 Pascha
3126 5797 3404 5864 sequentis
