3890 6306
491 329 606 387 319

1508 319 1811 377 EADMERI
1853 314 2405 374 CANTUARlENSlS
2444 314 2746 372 MONACHI

3664 307 3767 364 ιεο

564 439 718 509 Quod
782 438 1055 503 videntes,
1110 448 1249 490 vane
1310 449 1408 489 nos
1467 434 1539 489 ibi
1590 433 1882 489 consilium
1939 432 2069 487 nihil
2100 416 2143 472 Α
2176 429 2322 484 hunc
2354 427 2537 483 sedem
2570 408 2900 492 referuniur,
2929 424 3153 483 censilia
3197 435 3253 482 et
3283 425 3515 491 auxilia,
3551 423 3692 483 sicut
3732 441 3763 481 ι

493 532 754 587 auxilium
804 531 1003 601 operiri
1081 528 1485 594 intelleximus,
1542 528 1815 598 petitaque
1860 524 2075 580 licentia

489 623 809 696 Lugdunum
867 635 1115 677 remeare
1172 620 1530 677 decrevimus.
1581 619 1753 687 Quam
1798 615 2073 675 licentiam

492 731 614 769 eum
645 715 949 770 nullatenus
972 714 1268 782 impetrare
1294 712 1657 782 potuissemus
1676 754 1691 778 ,
1716 714 2075 771 remansimus

491 807 676 864 Romze
727 822 895 879 usque
944 808 1009 862 ad
1046 807 1369 878 pr:efinitum
1407 816 1617 877 tempus
1645 808 1878 875 concilii,
1903 810 2077 864 conti-

490 917 594 957 nue
623 903 766 958 circa
805 918 1000 973 papam
1041 902 1298 973 degentes
1330 912 1386 957 et
1415 901 1570 973 quasi
1600 903 1652 956 in
1685 918 1968 959 commune
1998 904 2076 959 vi-

484 1004 695 1050 rentes.
730 995 838 1052 Nec
864 995 1009 1051 enim
1043 994 1185 1064 duce,
1219 996 1312 1050 sed
1345 1013 1447 1051 una
1478 997 1761 1052 videbatur
1787 999 2072 1054 amborum

486 1086 636 1143 curia
670 1104 810 1145 esse.
837 1087 993 1144 Unde
1040 1098 1094 1143 et
1141 1088 1256 1159 ipse
1278 1104 1413 1159 papa
1448 1087 1763 1159 frequenter
1791 1091 1857 1145 ad
1886 1092 2076 1147 Ansel-

486 1191 634 1231 mum
665 1177 954 1241 veniebat,
982 1176 1103 1232 ltete
1129 1192 1250 1233 eum
1276 1190 1339 1231 eo
1362 1194 1481 1233 sese
1516 1179 1746 1247 agendo,
1786 1189 1838 1234 et
1864 1180 2071 1236 curiam

488 1269 739 1345 faciendo
785 1270 866 1333 ei;
915 1269 1061 1324 dedit
1112 1284 1326 1339 quoque
1379 1269 1450 1323 illi
1506 1271 1797 1339 hospitium
1857 1272 1909 1326 in
1963 1289 2075 1344 quo

487 1361 949 1416 conversabamur
995 1377 1059 1416 eo
1099 1360 1223 1429 jure
1270 1371 1361 1424 ut,
1406 1362 1449 1415 si
1504 1361 1795 1430 aliquando
1837 1361 2064 1417 Romam

496 1453 723 1519 rediret,
749 1462 933 1507 contra
964 1469 1153 1507 omnes
1192 1452 1436 1508 homines
1466 1454 1592 1507 illud
1623 1453 1724 1507 sibi
1748 1454 2071 1509 vindicaret.

486 1540 610 1613 Ipse
658 1544 709 1598 in
750 1555 1017 1599 conventu
1064 1542 1344 1607 nobilium,
1391 1544 1441 1597 in
1488 1544 1962 1614 proccssionibus,
2019 1545 2070 1600 in

489 1632 834 1699 stationibus,
866 1647 1079 1702 semper
1104 1640 1159 1686 et
1184 1632 1383 1702 ubique
1411 1649 1439 1687 a
1469 1650 1605 1703 papa
1634 1636 1904 1691 secundus
1930 1644 2069 1701 erat,

487 1734 602 1790 prm
645 1723 853 1775 cunctis
897 1723 1225 1784 honoratus,
1261 1724 1470 1778 cunctis
1515 1735 1807 1796 acceptus,
1857 1734 1909 1779 et
1959 1726 2073 1797 ipse

491 1812 704 1867 eunetis
735 1811 960 1881 simplici
990 1812 1290 1867 humilitate
1319 1814 1640 1869 submissus.

564 1899 696 1954 Cum
736 1916 861 1954 vero
890 1903 954 1956 ad
975 1903 1263 1957 concilium
1298 1913 1515 1958 ventum
1545 1913 1708 1972 esset,
1734 1914 1788 1959 et
1810 1906 2077 1977 episcopis

492 1992 584 2061 qui
621 1993 685 2045 de
720 1991 865 2046 Italia
897 2004 951 2048 et
990 1995 1165 2049 Gallia
1208 2004 1469 2050 venerant
1501 2012 1625 2051 suas
1654 1998 1812 2053 sedes
1848 2012 1911 2052 ex
1944 2014 2075 2053 con-

497 2085 783 2139 suetudine
810 2087 1250 2151 vendit-antibus,
1285 2104 1444 2143 nemo
1475 2088 1733 2143 existeret
1770 2090 1860 2160 qui
1903 2106 1962 2145 se
1994 2090 2077 2145 vel

493 2173 708 2229 audisse
756 2175 835 2227 \‘el
874 2177 1072 2231 vidisse
1118 2178 1581 2249 archiepiscopum
1630 2178 2074 2235 Cantuariensem

478 2260 738 2319 Romano
767 2266 1000 2321 concilio
1031 2276 1157 2323 ante
1188 2268 1305 2323 haec
1357 2268 1667 2325 interfuisse
1704 2272 1940 2332 diceret,
1988 2270 2073 2326 vel

490 2354 632 2409 scire
658 2370 766 2424 quo
799 2364 924 2410 tunc
954 2356 1007 2409 in
1047 2356 1165 2411 loco
1192 2358 1380 2413 sedere
1416 2359 1657 2427 deberet,
1688 2376 1750 2416 ex
1805 2372 2074 2432 prtecepto

485 2456 643 2513 papa:
679 2444 729 2497 in
755 2459 951 2500 corona
987 2446 1103 2517 (25)
1138 2448 1293 2502 sedes
1326 2448 1397 2502 illi
1421 2451 1593 2520 posita
1622 2462 1703 2506 est
1726 2465 1775 2517 ι,
1808 2455 1898 2522 qui
1924 2455 2074 2513 locus

486 2550 595 2588 non
624 2536 841 2591 obscuri
891 2537 1117 2595 honoris
1161 2540 1214 2593 in
1253 2540 1344 2595 tali
1392 2554 1660 2598 conventu
1692 2545 1833 2601 solet
1863 2549 2071 2605 haberi.

484 2622 665 2692 igitur
687 2625 813 2678 dum
840 2626 893 2680 in
920 2627 1033 2697 ipso
1055 2628 1284 2684 concilio
1308 2631 1473 2686 multa
1506 2641 1888 2702 tractarentur,
1908 2639 2073 2695 multa

491 2717 927 2787 disponerentur,
959 2721 1125 2776 multa
1165 2723 1443 2780 observari
1476 2730 1921 2796 decernerentur,
1969 2749 2072 2789 nec

492 2818 670 2864 tamen
722 2811 791 2865 ab
833 2812 1083 2867 omnibus
1130 2814 1325 2884 partim
1370 2826 1590 2886 propter
1625 2830 1925 2876 conventus
1970 2822 2074 2876 im-

487 2900 854 2966 nensitatem,
874 2903 1069 2972 partim
1094 2914 1319 2974 propter
1339 2906 1659 2962 intrantium
1684 2918 1737 2965 et
1757 2914 2071 2968 exeuntium

487 3007 517 3043 a
549 3007 777 3061 corpore
813 2992 873 3045 Β.
922 2992 1071 3048 Petri
1118 2997 1406 3065 strepitum
1461 3009 1516 3054 et
1563 3004 2070 3073 concrepationem,

2178 521 2357 589 Capite
2401 521 2675 585 omnium,
2709 521 3078 589 requiruntur.
3117 519 3225 575 Sed
3254 536 3362 589 quo
3404 521 3765 574 terminentur

2178 610 2393 674 effectu,
2417 611 2519 665 heu
2548 619 2688 664 totus
2717 613 2946 665 mundus
2974 612 3122 665 novit
3151 620 3207 666 et
3228 612 3351 666 inde
3380 614 3757 682 conqueritur!

2179 701 2255 757 De
2293 702 2446 772 cujus
2490 702 2675 756 mundi
2719 702 3097 757 remotissimis
3145 703 3390 772 partibus
3440 718 3578 757 unus
3635 718 3766 757 ecce

2179 796 2322 851 inter
2390 809 2490 849 nos
2553 794 2795 849 modesta
2856 794 3227 849 taciturnitate
3278 794 3566 864 quiescens
3614 794 3767 847 mitis

2178 886 2415 952 residet,
2452 886 2606 954 cujus
2642 886 2915 941 silentium
2954 886 3162 942 clamor
3212 901 3439 957 magnus
3467 896 3571 952 est,
3610 888 3770 959 cujus

2176 981 2455 1036 humilitas
2492 990 2547 1036 et
2593 980 2857 1051 patientia
2891 996 2997 1051 quo
3026 980 3285 1035 declivior
3312 993 3473 1051 atque
3505 997 3769 1036 mansue-

2176 1073 2305 1138 tior,
2325 1089 2390 1128 eo
2412 1072 2694 1128 sublimior
2716 1082 2799 1127 est
2820 1082 2945 1127 ante
2968 1072 3134 1126 Deum
3156 1081 3212 1126 et
3235 1072 3286 1125 in
3316 1085 3416 1126 nos
3440 1072 3767 1137 ferventior,

2177 1164 2281 1219 iste
2309 1181 2469 1229 unus,
2508 1180 2677 1227 unus,
2716 1164 2937 1234 inquam
2961 1206 2975 1225 ,
3011 1164 3113 1217 iste
3140 1202 3154 1226 ,
3187 1177 3349 1231 quam
3382 1162 3769 1217 crudelissime

2178 1254 2413 1310 alllicms
2443 1270 2605 1325 quam
2638 1247 2993 1325 injustissim'e
3021 1254 3135 1309 suis
3160 1254 3414 1309 omnibus
3433 1254 3770 1323 exspoliatus

2176 1346 2324 1399 venit
2359 1347 2468 1399 huc
2493 1345 2754 1414 judicium
2795 1356 2849 1399 et
2906 1345 3216 1415 :equitatem
3265 1345 3575 1414 apostolicze
3620 1345 3771 1400 sedis

2177 1436 2241 1489 de
2270 1438 2483 1507 negotio
2513 1452 2609 1491 suo
2637 1436 2964 1507 efﬂagitans.
2992 1434 3112 1489 Jain
3144 1451 3317 1490 annus
3344 1434 3619 1490 secundus
3641 1445 3766 1489 esu

2176 1543 2282 1596 quo
2324 1529 2427 1583 hue
2449 1528 2617 1591 venit,
2643 1528 2735 1582 sed
2772 1526 2854 1582 vel
2886 1527 3015 1596 quid
3057 1528 3342 1596 hucusque
3386 1526 3771 1581 suhveiitionis

2178 1618 2420 1671 invenit?
2468 1619 2524 1672 Si
2564 1619 2628 1671 de
2659 1634 2765 1687 quo
2793 1618 2913 1672 dico
2953 1634 3057 1671 non
3088 1632 3277 1672 omnes
3304 1616 3619 1688 agnoscitis,
3658 1618 3772 1688 ipse

2179 1716 2263 1759 est
2310 1708 2599 1761 Anselmus
2648 1707 3093 1777 archiepiscopus
3154 1707 3378 1777 anglicae
3429 1707 3698 1777 regionis.
3752 1725 3768 1757 ι

2183 1798 2285 1851 llis
2309 1799 2467 1853 dictis
2504 1800 2708 1867 virgam
2740 1799 3089 1868 pastoralem,
3118 1813 3281 1867 quam
3331 1814 3493 1851 manu
3522 1801 3770 1862 tenebat,

2182 1891 2344 1944 tertio
2373 1891 2685 1960 pavimento
2718 1890 2888 1955 illisit,
2927 1890 3356 1960 indignationem
3390 1890 3617 1960 spiritus
3653 1892 3770 1955 sui,

2179 1982 2505 2050 compressis
2557 1982 2780 2050 exploso
2838 1996 3117 2035 murmure
3165 1980 3321 2037 labiis
3365 1990 3423 2037 et
3472 1982 3770 2047 dentibus,

2176 2074 2357 2144 palam
2397 2076 2606 2128 cunctis
2643 2073 2952 2129 ostendens.
2984 2073 3063 2127 Ad
3099 2074 3213 2128 hzec
3242 2089 3377 2144 papa
3408 2073 3457 2127 ei
3490 2073 3758 2135 iiinuens,

2177 2163 2251 2217 ait
2285 2184 2295 2216 :
2332 2182 2349 2213 ι
2391 2163 2585 2217 Frater
2611 2163 2903 2234 Reiiigere,
2952 2161 3178 2227 suﬂicit,
3210 2163 3425 2217 sullicit.
3457 2166 3527 2217 De
3552 2166 3673 2218 hac
3716 2179 3768 2217 re

2183 2254 2383 2308 bonum
2416 2252 2701 2308 consilium
2732 2254 2861 2308 erit.
2902 2272 2920 2306 ι
2972 2254 3043 2308 At
3091 2253 3208 2318 ille,
3249 2254 3513 2323 producto
3542 2254 3602 2307 in
3647 2267 3770 2307 eum

2177 2351 2403 2419 spiritu,
2452 2350 2664 2419 inquit:
2702 2365 2721 2398 ι
2760 2348 2827 2402 Et
2858 2347 3111 2417 equidem
3143 2346 3383 2417 expedit.
3428 2344 3554 2400 Nam
3612 2345 3774 2400 aliter

2177 2456 2299 2495 eum
2352 2442 2443 2510 qui
2488 2442 2636 2512 justa
2673 2439 2900 2509 iudicat,
2931 2454 3037 2493 non
3095 2438 3370 2493 transibit.
3411 2458 3429 2489 ι
3467 2437 3687 2493 Deinde
3712 2439 3772 2491 ad

2174 2533 2501 2601 pet-dicenda
2560 2532 2773 2587 concilii
2839 2531 3056 2585 decreta
3118 2530 3393 2595 monitus,
3440 2529 3618 2583 verba
3694 2544 3774 2583 re-

2176 2625 2404 2692 sumpsit
2431 2636 2496 2677 ae
2533 2624 2586 2677 in
2622 2622 2728 2677 fine
2774 2622 3009 2687 dicendi,
3038 2635 3107 2675 ne
3129 2620 3283 2691 parvi
3310 2620 3654 2690 penderetur
3702 2620 3774 2674 in-

2170 2714 2313 2784 juria
2338 2713 2593 2769 Anselmo
2620 2713 2790 2777 illata,
2817 2712 3034 2780 repetit,
3060 2710 3290 2773 monuit,
3319 2719 3377 2765 et
3400 2724 3624 2763 sessum
3656 2708 3772 2764 ivit.

2172 2805 2303 2859 Hinc
2332 2804 2535 2867 omnia,
2567 2818 2690 2857 cum
2736 2802 2898 2857 Pater
2927 2800 3216 2854 Anselmus
3258 2800 3499 2853 audisset
3543 2805 3613 2851 et
3659 2805 3775 2853 tau-

2177 2896 2299 2949 dem
2326 2894 2470 2949 circa
2500 2893 2663 2947 finem
2703 2891 2990 2945 verborum
3021 2895 3085 2944 de
3116 2905 3173 2944 se
3199 2889 3342 2943 dicta
3377 2888 3767 2949 intellexisset.

2175 2986 2373 3056 oppido
2401 2986 2628 3039 miratus
2656 2994 2770 3049 est,
2807 2982 2989 3036 sciens
3014 2996 3074 3035 se
3104 2996 3209 3035 nec
3244 2980 3445 3034 homini
3493 2980 3563 3034 de
3607 2995 3678 3034 re
3707 2979 3775 3034 lo-

490 3080 639 3137 clare
672 3082 1130 3154 intelligerentur,
1161 3088 1422 3159 praecepit
1456 3090 1566 3159 ipse
1588 3070 1900 3162 pontiﬁcum
1931 3112 2079 3151 sum-
2107 3106 2152 3169 ϐ
2183 3088 2367 3134 culum
2411 3076 2613 3141 fuisse,
2667 3092 2767 3130 nec
2800 3091 2828 3129 a
2868 3091 2925 3129 se
2954 3074 3036 3128 vel
3076 3073 3187 3129 ullo
3225 3087 3489 3169 suorum,
3514 3080 3613 3169 ἰιι
3653 3070 3771 3169 talia

486 3188 609 3226 mus
630 3172 861 3228 Lucensi
896 3174 1168 3244 episcopo,
1191 3176 1455 3250 Reingero
1479 3179 1508 3221 ι
1541 3184 1779 3251 nomine,
1811 3196 2076 3255 quatenus

486 3262 543 3316 in
593 3262 772 3317 medio
814 3268 1027 3320 earteris
1062 3267 1386 3324 eminentior
1412 3279 1614 3339 staret,
1648 3292 1712 3329 ac
1740 3292 1933 3330 sonora
1963 3295 2071 3348 qua

487 3351 724 3424 pollebat
751 3368 884 3408 voce
915 3369 1034 3424 qua:
1076 3365 1276 3412 statuta
1306 3369 1465 3414 erant
1493 3372 1814 3417 cunctorum
1854 3367 2076 3422 auribus

487 3461 747 3516 expresse
771 3448 1083 3517 deponeret.
1115 3450 1276 3507 Pater
1306 3455 1421 3523 ipse
1448 3454 1793 3523 prmsidentis
1824 3457 2073 3528 imperio,

487 3552 677 3593 verum
720 3540 991 3595 nonnullis
1012 3543 1080 3596 ab
1102 3557 1168 3597 eo
1189 3544 1443 3613 capitulis
1468 3546 1520 3599 in
1542 3547 1810 3601 audientia
1835 3549 2075 3603 omnium

489 3631 693 3685 diserte
748 3633 1056 3702 expositis,
1112 3635 1295 3691 subito
1352 3638 1750 3692 admirantibus
1818 3644 2075 3704 cunctis,

487 3720 640 3775 Vttllll
665 3763 681 3789 ,
711 3738 845 3778 voce
869 3764 886 3788 ,
928 3740 993 3780 ac
1036 3735 1189 3796 gestu
1219 3728 1471 3797 corporis
1506 3730 1557 3783 in
1611 3730 1775 3784 alium
1830 3733 2073 3788 habitum

485 3809 796 3867 demutatus
822 3823 940 3879 est,
984 3818 1125 3871 unde
1161 3833 1382 3872 suorum
1415 3818 1682 3874 luminum
1713 3822 1830 3876 acie
1879 3824 1931 3877 in
1962 3826 2072 3879 cir-

493 3902 873 3958 cumsedentes
926 3904 1132 3960 directa
1163 3947 1178 3972 ,
1235 3908 1535 3963 vulnerata:
1588 3911 1785 3966 mentis
1833 3913 2074 3969 dolorem

491 3987 632 4043 ultra
661 3991 1002 4049 dissimulare
1047 4011 1153 4051 non
1202 3998 1394 4066 potuit.
1431 3997 1607 4069 Rupta
1639 3999 1804 4069 igitur
1832 4002 2079 4059 decreto-

495 4096 615 4136 rum
653 4083 813 4148 serie,
843 4099 964 4154 qua:
993 4088 1310 4155 exponenda
1369 4100 1709 4159 susceperat,
1746 4091 1947 4157 intulit,
1997 4093 2078 4147 di-

498 4186 675 4227 cens:
715 4193 733 4226 ι
783 4172 887 4229 Sed
950 4176 1199 4232 videlicet
1238 4179 1365 4248 quid
1421 4179 1725 4235 faciamus?
1785 4182 2075 4253 Praeceptis

491 4264 742 4320 subditos
767 4279 1081 4331 oneramus,
1111 4277 1164 4323 et
1213 4270 1413 4337 iniquis
1460 4283 1812 4342 tyrannorum
1846 4275 2070 4329 szevitiis

492 4370 601 4409 non
625 4355 929 4412 obviamus.
962 4356 1356 4427 Oppressioncs
1395 4377 1626 4432 namque
1667 4379 1804 4432 quas
1836 4364 1933 4433 ipsi
1980 4381 2075 4420 sua

2182 3171 2405 3232 diceret,
2443 3167 2792 3239 processisse.
2836 3165 3073 3220 Sedehat
3110 3178 3241 3234 ergo
3290 3163 3367 3217 uti
3400 3161 3659 3225 solebat,
3701 3162 3771 3216 si-

2175 3264 2354 3319 lenter
2381 3260 2711 3317 auscuitans.
3748 3322 3760 3332 .

2248 3356 2391 3410 Inter
2434 3355 2619 3408 ultima
2674 3367 2804 3407 vero
2842 3350 3071 3423 synodi,
3097 3348 3209 3417 jam
3239 3348 3430 3403 recisis
3467 3361 3599 3417 qua
3641 3347 3771 3402 reei-

2178 3448 2350 3503 denda
2380 3455 2435 3501 et
2480 3445 2698 3501 statutis
2724 3460 2844 3513 quite
2874 3446 2989 3498 visa
3018 3444 3240 3499 fuerunt
3268 3440 3689 3503 constituenda,
3719 3440 3767 3493 in

2191 3541 2535 3593 adversarios
2604 3545 2804 3590 sancta:
2869 3534 3123 3589 Ecclesize
3181 3531 3769 3588 excommunicationi.

2177 3631 2504 3686 sententiam
2559 3643 2680 3683 eum
2743 3637 2854 3681 toto
2896 3626 3124 3681 concilio
3172 3640 3309 3694 papa
3365 3624 3593 3679 intorsit
3643 3624 3763 3695 quia

2178 3723 2449 3778 sententia
2485 3736 2675 3775 omnes
2704 3734 2920 3789 quoque
2966 3719 3131 3773 laicus
3171 3718 3533 3772 investitnras
3589 3716 3765 3772 Eccle-

2178 3816 2378 3870 siarum
2405 3813 2618 3876 dantes,
2669 3822 2722 3868 et
2774 3826 2965 3866 omnes
3015 3810 3230 3865 easdem
3290 3809 3654 3863 investituras
3705 3807 3769 3862 de

2180 3906 2433 3959 manibus
2467 3904 2678 3957 illarum
2712 3903 3077 3971 accipientes,
3129 3915 3301 3955 necne
3340 3916 3542 3954 omnes
3578 3902 3629 3954 in
3653 3898 3766 3953 οβ-

2179 3998 2323 4053 cium
2356 3997 2435 4050 sic
2465 3996 2577 4049 dati
2611 3995 2832 4049 honoris
2861 3993 3167 4061 hujusmodi
3196 4002 3624 4057 consecrantes,
3654 3991 3767 4061 pari

2178 4091 2343 4145 modo
2390 4088 2635 4142 involvit.
2674 4088 2781 4142 Eos
2820 4088 3173 4142 nihilominus
3203 4088 3304 4141 sub
3344 4086 3523 4157 ipsius
3554 4084 3771 4139 anathe-

2179 4181 2341 4234 matis
2376 4178 2587 4233 vinculo
2622 4178 2895 4248 colligavit
2949 4178 3039 4246 qui
3092 4192 3190 4245 pro
3224 4176 3625 4231 ecclesiasticis
3666 4176 3764 4229 hob

2182 4270 2404 4323 nuribus
2443 4269 2700 4322 laicorum
2753 4268 3032 4320 hominum
3093 4266 3343 4320 homines
3392 4260 3539 4319 fiunt
3589 4265 3768 4319 dicens

2182 4364 2341 4415 nimis
2369 4360 2700 4416 exsecrabile
2737 4359 2909 4414 videri
2938 4373 3132 4412 manus
3156 4373 3278 4425 qua:
3309 4357 3362 4411 in
3396 4365 3608 4411 tantam
3632 4355 3767 4410 etni-

489 4446 783 4515 tyrannide
830 4446 1093 4503 Eeelesiis
1131 4449 1394 4514 inferunt,
1425 4454 1924 4521 ctexspoliationes
1956 4472 2079 4525 per-
2112 4453 2154 4506 Ι)
2183 4453 2423 4506 nentiam
2470 4450 2854 4515 excreverint,
2906 4459 3007 4515 ut,
3063 4449 3207 4517 quod
3279 4447 3413 4501 nulli
3475 4448 3766 4515 Anglorum

486 4549 746 4590 sonarum
776 4550 895 4606 qua:
918 4540 1129 4595 tuendis
1150 4539 1255 4595 illis
1280 4540 1537 4596 instituta:
1567 4552 1693 4597 sunt
1724 4546 1967 4614 quotidie
2006 4548 2072 4601 ad

2184 4558 2505 4600 concessum
2530 4551 2636 4610 est,
2667 4544 2832 4598 Deum
2866 4551 3060 4595 cuncta
3089 4548 3366 4596 creantem
3392 4555 3499 4595 suo
3527 4540 3769 4593 ministe-

1740 4651 2149 4709 IlENSCHE-Nll
2182 4652 2415 4710 NOTIE.

491 4756 621 4835 anni
670 4756 807 4835 1099
853 4760 1211 4835 celebrando,
1251 4764 1589 4835 sententiam
1627 4766 2065 4818 excommunica-

492 4828 654 4907 tioiiis
691 4843 749 4907 se
795 4830 1027 4907 latiiriiin
1058 4834 1381 4907 minabatur
1417 4833 1684 4904 pontifex;
1737 4835 1893 4907 ultra
1923 4836 2066 4903 quod

490 4898 841 4974 nihilominus
894 4902 1135 4957 inducias
1191 4898 1463 4958 concessit
1524 4898 1693 4974 usque
1753 4906 1817 4956 ad
1862 4898 2066 4957 festum

490 4966 551 5020 ὃ.
583 4968 893 5043 Michaelis;
936 4990 1003 5025 an
1042 4976 1304 5043 primum,
1345 4992 1435 5028 vm
1477 4966 1620 5027 Maii-
1649 4978 1968 5027 recurrens?
1999 4991 2067 5027 an

489 5051 623 5116 vero
648 5040 937 5116 suleninius
982 5040 1229 5116 alterum,
1260 5062 1385 5099 xxix
1416 5046 1784 5114 Septembris?
1811 5043 2071 5099 Existimo

490 5111 785 5186 secundum
817 5129 828 5164 :
865 5118 990 5186 quia
1030 5115 1153 5169 licet
1190 5119 1336 5184 prior
1371 5111 1633 5169 terminus
1675 5116 1974 5167 sulliciebat
2010 5126 2066 5167 ut

490 5178 627 5230 nihil
672 5197 702 5231 a
746 5178 973 5237 concilio
1030 5178 1206 5240 timeri
1259 5187 1526 5249 deberet,
1589 5187 1727 5237 infra
1779 5194 1956 5238 tamen
2004 5186 2070 5238 de

489 5259 669 5327 morte
709 5250 904 5306 Urbani
949 5269 1119 5323 agens
1150 5266 1646 5327 ιιιιυιυτιθιιιιιιιιιι)
1690 5258 1873 5308 dicens
1920 5256 2069 5324 prius

490 5318 699 5397 obitum
730 5337 891 5397 quain
920 5318 1237 5397 responsum
1265 5342 1333 5379 ex
1360 5318 2072 5394 Anglia-exSpectatuiii've-

490 5394 655 5463 xiiret,
684 5394 817 5445 satis
842 5394 1060 5458 indicat,
1085 5412 1142 5451 se
1174 5397 1255 5449 his
1290 5396 1646 5463 poSteriorem
1674 5397 1959 5449 terminum
1989 5399 2068 5447 ιιι-α

493 5460 764 5532 telligere;
801 5465 1233 5532 quandoquidem
1267 5460 1355 5519 ille
1398 5467 1595 5520 ohierit
1632 5464 1840 5518 duobus
1874 5467 2073 5520 mensi-

490 5528 592 5584 bus
614 5528 744 5600 post
771 5528 1260 5603 prirnum-scilicet
1278 5538 1347 5590 29
1369 5535 1516 5591 Julii.

495 5605 501 5675 ί
566 5603 764 5675 {Quae
798 5606 1018 5670 pictura:
1057 5606 1425 5659 Tiiilentinam
1462 5616 1555 5661 aut
1595 5604 1800 5659 similes
1840 5605 2075 5675 synodos

495 5671 780 5737 exhibent,
824 5686 1208 5741 reprasentant
1248 5678 1434 5732 sedilia
1470 5679 1550 5733 sic
1585 5671 1883 5744 disiiosua,
1920 5688 1977 5731 ut
2019 5677 2072 5730 in

2169 4768 2346 4837 capite
2371 4767 2555 4821 sedeat
2580 4764 2819 4837 pontifex
2841 4780 2962 4819 cum
2988 4764 3101 4837 suis
3135 4772 3227 4817 aut
3256 4762 3418 4833 legati
3452 4763 3765 4837 pontificii:

2170 4833 2486 4905 ex'utroque
2517 4833 2695 4889 autem
2729 4835 2901 4905 latere
2925 4836 3180 4903 producta
3211 4849 3439 4905 scamna
3476 4835 3689 4905 demum
3717 4833 3764 4885 in

2174 4904 2525 4978 lieniicyclnm
2552 4916 2779 4960 coeant:
2816 4904 2917 4978 qui
2946 4905 3275 4978 hemicycliis
3309 4904 3531 4978 videtur
3563 4904 3651 4955 hic
3680 4918 3765 4954 m-

2174 4995 2302 5032 rona
2343 4975 2623 5046 appellari,
2655 4986 2814 5043 atQue
2854 4976 2990 5028 adeo
3030 4975 3186 5043 plane
3217 4988 3298 5046 ex_
3326 4975 3769 5046 upposito__papc

2173 5042 2391 5103 sedisse
2416 5042 2702 5101 Ansclmus
2732 5042 2748 5097 ξ
2780 5046 2844 5098 de
2883 5061 2990 5113 quo
3032 5042 3225 5099 scribit
3262 5042 3560 5113 Ger-vasius
3587 5042 3765 5095 Duro-

2176 5119 2460 5173 bernensis
2511 5119 2561 5169 in
2614 5132 2713 5171 ms.
2772 5117 2911 5183 apud
2964 5114 3285 5179 Seldcnum,
3336 5112 3565 5166 Alterius
3624 5112 3768 5164 orbis

2176 5205 2364 5258 papam
2394 5197 2639 5241 vocatum
2671 5188 2738 5238 ab
2775 5185 3009 5258 Urbano.
3057 5255 3066 5258 _
3297 5196 3363 5258 -‘

2250 5250 2275 5297 ιι
2316 5259 2642 5327 Reingerus,
2684 5254 3131 5327 aliisiliingerius
3168 5263 3236 5327 et
3279 5250 3603 5327 Ruiigerius,
3632 5250 3771 5327 vixit

2178 5344 2348 5399 usque
2382 5322 2673 5381 ad'annuin
2712 5326 2869 5381 1112.
2905 5322 3135 5380 Exstant
3166 5322 3443 5379 Matbildis
3472 5324 3672 5390 regius
3700 5322 3770 5374 ad

2179 5416 2299 5455 eum
2327 5399 2587 5465 epistolze.

2252 5481 2274 5509 ε
2316 5460 2597 5522 Secundus
2622 5482 2793 5539 annus
2812 5464 2880 5519 ab
2902 5465 3135 5539 adventu
3165 5464 3223 5518 S.
3249 5462 3484 5539 Anselnii
3507 5460 3765 5539 quinam,

2181 5557 2285 5595 non
2313 5542 2513 5603 finitus,
2546 5538 2638 5593 sed
2673 5538 2955 5591 inchoatus
2979 5535 3264 5599 duntaxat,
3300 5535 3389 5589 hic
3413 5530 3634 5598 inteh’igi
3666 5531 3765 5582 de-

2182 5611 2303 5667 bet:
2335 5611 2410 5664 uti
2434 5624 2498 5663 ex
2518 5609 2677 5662 dictis
2704 5614 2943 5676 apparet.
