3890 6306
90 313 186 369 Hi

1202 309 1529 370 HISTORIA
1572 309 1937 370 NDVORUM.
1977 343 2050 355 -—
2087 313 2215 371 LIB.
2260 313 2343 371 Il.’

3268 321 3376 379 (2!

88 429 171 483 rio
199 432 423 490 creent,
471 432 527 479 et
564 423 817 480 eumdem
850 425 1173 497 ipsumspro
1206 426 1584 499 redemptione
1620 437 1676 486 et
1706 412 1751 470 Α
1779 427 2103 500 susciperet.
2153 428 2256 497 Qui
2305 430 2560 487 decessus
2597 430 2741 496 vitaz,
2795 432 2886 487 ubi
2924 431 3164 503 ejusdem
3220 435 3369 506 regis

85 519 260 573 ralute
301 518 474 573 totius
522 516 709 571 mundi
765 518 962 574 summi
1014 518 1109 573 Dei
1165 518 1345 576 Patris
1397 522 1676 578 obtutibus

84 612 338 679 oll'eraut,
376 612 428 665 iu
482 611 622 665 hanc
664 610 1017 682 ignominiam
1047 613 1297 679 detrudi,
1351 622 1409 668 ut
1458 614 1670 671 ancilla:

84 707 217 761 ﬂant
246 721 439 761 earnm
498 720 758 759 tnanuum
796 720 918 775 qua:
978 705 1070 761 die
1107 721 1172 760 ac
1223 715 1382 762 nocte
1425 708 1678 763 obscenis

85 797 351 866 contagiis
384 795 753 864 inquinamur,
787 795 998 865 rapinis
1059 810 1123 849 ac
1182 794 1395 865 injttslzn
1449 797 1675 867 sangui-

86 904 213 941 num
239 887 489 942 ell‘usioni
514 887 742 941 addicta:
758 886 1244 942 eommaculantur.
1262 886 1358 942 llis
1382 898 1676 959 praesentes

85 980 438 1045 fuimus,harc
468 980 871 1050 conspeximus,
893 979 976 1034 his
1005 980 1072 1035 ab
1102 981 1393 1045 universis,
1417 980 1529 1046 fiat,
1558 982 1673 1048 fiat,

88 1071 385 1126 acclamari
435 1073 736 1128 audivimus
764 1082 817 1129 et
859 1071 913 1127 in
954 1072 1039 1128 his
1069 1082 1505 1128 consummatum
1540 1089 1675 1130 cen-

85 1164 268 1218 cilium
293 1162 521 1218 scimus.

150 1255 375 1310 Pestcra
407 1256 523 1319 die,
573 1266 790 1326 accepta
838 1256 1081 1321 licentia,
1114 1256 1283 1312 Roma
1315 1256 1672 1328 digredimur,

84 1346 213 1400 nihil
252 1342 445 1415 judicii
506 1344 590 1399 vel
640 1346 1045 1408 suhveutionis,
1102 1354 1468 1416 praeterquam
1527 1345 1672 1417 quod

82 1439 338 1502 diximus,
368 1452 464 1507 per
494 1436 793 1491 Romanum
848 1438 1133 1507 praesulem
1190 1439 1355 1493 nacti.
1408 1438 1503 1494 Via
1546 1454 1674 1494 vere

84 1528 346 1584 redeundi
393 1536 517 1583 tunc
558 1529 817 1600 temporis
848 1527 1030 1584 multis
1067 1538 1184 1582 erat
1215 1529 1469 1597 periculis
1498 1531 1673 1584 obno-

81 1622 195 1686 xia,
247 1621 345 1676 sed
377 1629 692 1691 protegente
724 1636 822 1675 nos
864 1620 1120 1685 Domino,
1171 1621 1411 1692 pericula
1476 1632 1672 1677 cuncta

80 1714 376 1776 evasimus,
405 1728 467 1767 ac
489 1711 810 1781 Lugdunum
841 1713 993 1767 illtesi
1014 1714 1359 1783 pervenimus
1380 1755 1395 1781 ,
1427 1715 1517 1770 ubi
1548 1731 1671 1770 eum

83 1822 296 1859 summa
341 1805 688 1859 veneratione
716 1804 1020 1876 gaudioque
1064 1806 1320 1875 StISCepti,
1352 1814 1406 1861 et
1434 1822 1463 1859 a
1495 1806 1672 1876 ponti-

83 1898 178 1964 fice
207 1900 450 1952 civitatis
481 1898 714 1964 detenti,
762 1897 1100 1953 mansionem
1134 1911 1378 1954 neStratn
1430 1899 1539 1953 illic
1578 1899 1669 1953 lir-

81 1992 395 2057 mavimus,
446 1991 647 2045 amissa
693 1992 841 2046 omni
904 1992 1098 2047 fiducia
1150 1992 1377 2047 ulterius
1427 2002 1670 2063 tempore

77 2082 374 2139 WiHhelmi
407 2082 810 2153 regisAngliam
847 2083 1141 2137 remeandi.
1166 2083 1396 2138 Habitus
1425 2094 1508 2139 est
1538 2098 1669 2155 ergo

76 2178 143 2231 ibi
170 2177 493 2241 Anselmus,
518 2192 624 2231 non
651 2176 1040 2245 sicutliospes,
1074 2185 1173 2233 aut
1200 2176 1544 2247 peregrinus,
1573 2181 1670 2232 sed

82 2269 221 2323 sicut
256 2269 530 2339 indigena,
562 2278 618 2323 et.
652 2281 778 2323 vere
814 2268 916 2322 loci
949 2268 1201 2322 dominus
1229 2269 1369 2324 unde
1397 2284 1666 2339 nusquam

74 2363 182 2431 ipse
212 2362 391 2432 ipsius
438 2360 588 2416 urbis
640 2362 907 2427 antistes,
938 2376 1004 2416 eo
1055 2372 1368 2431 praesente,
1422 2379 1523 2419 suo
1572 2380 1666 2419 vo-

71 2451 209 2507 lebat
240 2451 364 2505 loco
391 2452 709 2521 praisidere,
755 2452 851 2507 sed
903 2453 1229 2523 praesidente
1279 2455 1479 2525 ubique
1531 2456 1658 2510 An-

70 2546 273 2612 selmo,
302 2544 578 2600 inferioris
612 2555 668 2602 et
713 2545 1042 2619 sulfraganei
1074 2549 1193 2605 loco
1222 2549 1384 2605 simul
1411 2558 1467 2605 et
1488 2549 1665 2606 cilicio

72 2637 207 2692 mira
294 2636 489 2692 ductus
564 2637 873 2695 humilitate
943 2638 1290 2712 fungebatur.
1375 2642 1667 2701 Ansclmus

71 2727 445 2794 festivitates,
503 2744 693 2786 sacros
741 2732 1001 2796 ordines,
1043 2733 1395 2789 ecclesiarum
1447 2734 1668 2790 dedica-

72 2821 239 2876 tiones
271 2821 624 2888 celebrabat,
651 2831 707 2879 et
735 2824 1067 2893 pontiﬁcalia
1104 2840 1333 2897 eumque
1357 2824 1531 2881 olIicia
1564 2828 1663 2881 ad-

70 2912 440 2967 ministrabat.

136 3003 251 3059 Sed
286 3018 408 3058 cum
435 3004 589 3058 mttlti
629 3006 808 3076 agnita
838 3006 1231 3064 benevolentia:
1259 3008 1377 3080 ejus
1406 3007 1663 3078 amplitu-

1779 521 2007 575 aurihus
2034 520 2293 588 insonuit,
2322 523 2599 593 respondit
2628 539 2643 578 :
2677 542 2696 575 ι
2735 523 2801 578 Ει
2832 524 2926 580 Dei
2956 525 3139 581 odium
3166 526 3369 585 habent

1780 612 1873 681 qui
1904 611 2028 666 inde
2066 621 2243 669 curat.
2279 633 2299 665 ι
2333 613 2653 693 Adjecitque
2685 632 2699 669 :
2736 633 2756 668 ι
2787 614 2880 670 llle
2919 632 3048 672 vero
3087 616 3179 687 qui
3208 618 3372 673 modo

1779 716 1969 775 papas
2002 714 2106 769 est,
2134 704 2575 774 eujusmodiest?
2623 728 2643 762 ι
2684 708 2781 766 Cui
2826 726 2949 766 eum
2998 711 3054 765 in
3101 710 3374 780 aliquibus

1783 795 2045 850 Anselmo
2075 796 2485 867 archiepiscopo
2516 798 2710 854 similis
2742 800 3032 864 diceretur,
3066 800 3143 854 ait
3169 816 3182 853 :
3217 818 3235 852 ι
3270 800 3374 855 Per

1756 886 1984 941 vultum
2009 888 2133 954 Dei,
2158 888 2203 943 si
2241 888 2361 943 talis
2383 898 2500 955 est,
2538 906 2641 944 non
2675 891 2836 945 valet.
2872 890 3258 946 Verumtamen
3290 892 3363 946 sit

1780 980 1940 1033 modo
1967 979 2080 1048 ipse
2109 993 2205 1049 per
2226 993 2305 1044 se,
2336 980 2463 1050 quia
2494 995 2590 1049 per
2619 980 2720 1036 hoc
2751 990 2805 1035 et
2835 982 2937 1036 hoc
2982 992 3207 1052 papatus
3235 998 3371 1040 suus

1778 1086 1883 1125 non
1914 1073 2157 1126 ascendit
2190 1072 2291 1127 hac
2331 1073 2449 1126 vice
2480 1087 2644 1142 super
2673 1087 2778 1127 me.
2823 1074 2936 1144 Ego
2969 1075 3182 1129 interim
3207 1075 3373 1130 liber-

1784 1170 1895 1217 tate
1943 1163 2144 1233 potitus
2194 1179 2348 1233 agam
2393 1164 2535 1232 quod
2584 1163 2739 1219 libet.
2773 1184 2792 1217 ι
2823 1163 2933 1219 Nec
2970 1168 3113 1221 enim
3144 1169 3372 1236 putabat

1784 1254 2139 1322 apostolicum
2166 1256 2313 1309 orbis
2351 1270 2509 1325 posse
2539 1254 2592 1309 in
2626 1271 2793 1326 regno
2821 1272 2920 1311 suo
2943 1273 3059 1312 esse
3082 1257 3372 1331 cujuslibet

1774 1346 1935 1417 juris,
1963 1346 2066 1401 nisi
2120 1346 2419 1416 permissus
2467 1363 2499 1403 a
2548 1363 2628 1403 se.
2675 1347 2919 1415 Qualiter
2960 1364 3091 1418 ergo
3118 1350 3370 1420 deinceps

1777 1453 1896 1494 sese
1923 1438 2197 1504 habuerit,
2225 1438 2290 1492 ad
2313 1439 2415 1494 alia
2442 1438 2718 1494 festinanti
2745 1441 2982 1496 scribere
3005 1451 3370 1513 opportunum

1776 1548 1884 1586 non
1909 1541 2018 1587 est.
2052 1531 2302 1587 Attamen
2348 1531 2599 1588 libertate
2625 1548 2727 1602 qua
2754 1548 2811 1588 se
2840 1534 3069 1604 potitum
3103 1534 3369 1603 gloriatus

1777 1634 1861 1679 est
1912 1640 2016 1678 non
2068 1623 2157 1678 diu
2209 1622 2313 1677 frtti
2358 1623 2658 1694 permissus
2706 1634 2809 1679 est.
2842 1623 3001 1680 Prius
3033 1627 3176 1680 enim
3205 1642 3369 1695 quam

1778 1731 1952 1770 annus
1977 1716 2229 1781 transiit,
2285 1717 2558 1787 insperata
2584 1727 2639 1771 et
2663 1716 2838 1770 subita
2869 1728 3043 1772 morte
3080 1734 3370 1787 percussus

1777 1821 1897 1860 eam
1923 1807 2176 1878 perdidit.
2208 1805 2446 1862 October
2473 1821 2709 1877 namque
2740 1808 2945 1862 audivit
2984 1824 3106 1864 eum
3133 1810 3370 1876 glorian-

1777 1905 1907 1963 tem,
1948 1897 2190 1951 sccunda
2238 1897 2353 1951 dies
2397 1898 2676 1966 sequentis
2703 1898 2932 1968 Augusti
2962 1899 3095 1953 vidit
3125 1915 3248 1954 eum
3279 1917 3369 1955 ex-

1775 1989 2103 2058 Spirantem.
2157 1986 2432 2057 Siquidem
2467 1988 2555 2042 illa
2602 1988 2690 2044 die
2718 2003 2878 2044 mane
2913 2005 3142 2059 pransus
3178 1991 3229 2045 in
3272 1990 3367 2046 sil-

1772 2096 1891 2133 vam
1919 2080 1968 2145 δ,
2006 2088 2261 2134 venatum
2307 2079 2441 2146 ivit,
2470 2081 2651 2151 ibique
2697 2082 2893 2154 sagitta
2931 2083 2984 2137 iu
3030 2082 3195 2137 corde
3241 2097 3367 2153 per-

1770 2171 2349 2240 cussus,impoenitens
2367 2180 2421 2226 et
2446 2172 2788 2229 ineoufessus
2811 2189 2842 2229 e
2866 2174 3096 2245 vestigio
3121 2183 3368 2245 mortuus

1769 2272 1877 2325 est,
1908 2271 1963 2315 et
2004 2262 2151 2316 omni
2209 2261 2430 2316 homine
2462 2278 2585 2317 mox
2627 2261 2920 2320 derelictus
2954 2263 3096 2337 (24).
3123 2261 3254 2331 Quae
3281 2280 3367 2319 sa-

1768 2351 1901 2422 gitta
1932 2362 2138 2416 utrum,
2184 2352 2327 2407 sicut
2376 2353 2594 2422 quidam
2643 2355 2826 2421 aiunt,
2853 2354 3000 2425 jacta
3033 2356 3210 2428 ipsum
3237 2371 3369 2426 per-

1771 2445 2031 2508 cusscrit,
2080 2459 2146 2497 an
2166 2484 2179 2509 ,
2211 2444 2353 2515 quod
2398 2444 2579 2516 plures
2621 2445 2895 2502 allirmant
2923 2488 2938 2511 ,
2967 2447 3116 2502 illum
3143 2447 3369 2518 pedibus

1767 2533 2128 2590 ol'fendentem
2156 2551 2429 2605 superque
2451 2548 2698 2591 ruentem
2728 2539 2989 2593 occiderit
3017 2581 3031 2603 ,
3063 2539 3368 2608 disquirere

1767 2627 2000 2680 otiosum
2049 2635 2341 2697 putamus,
2386 2642 2507 2682 cum
2564 2629 2708 2683 scire
2751 2628 2984 2685 sulliciat
3039 2646 3162 2685 eum
3214 2629 3366 2698 justo

1758 2716 1968 2785 judicio
1995 2718 2086 2773 Dei
2120 2726 2451 2789 prostratum
2493 2728 2656 2789 atque
2686 2730 2937 2775 necatum
2970 2733 3019 2775 ο.
3048 2721 3147 2777 llic
3176 2738 3363 2777 occur—

1768 2810 1837 2862 rit
1859 2810 2040 2863 animo
2062 2809 2189 2878 quid
2216 2825 2309 2863 rex
2333 2809 2435 2862 iste
2456 2810 2751 2879 quendam,
2773 2822 2830 2864 ttt
2853 2828 3017 2882 supra
3043 2812 3349 2879 retulimus,

1770 2900 2018 2955 Roffcnsi
2065 2901 2320 2972 episcopo
2366 2900 2593 2965 dixerit,
2640 2901 2893 2957 videlicet
2944 2904 3086 2972 quod
3115 2922 3128 2957 :
3159 2923 3175 2955 ε
3221 2904 3363 2958 Deus

1766 3009 2044 3062 nunquam
2112 3008 2235 3047 eum
2288 2994 2487 3048 bonum
2547 2992 2831 3048 habiturus
2881 3003 3029 3048 esset
3085 3010 3182 3064 pro
3223 2994 3365 3050 malo

71 3096 187 3150 diue
214 3096 296 3150 ad
339 3111 462 3151 eum
492 3107 902 3165 concurrerent,
926 3108 982 3154 et
1012 3108 1412 3155 sacramentum
1446 3100 1661 3169 imposi-

1771 3084 1907 3155 quod
1958 3084 2058 3138 sibi
2092 3082 2352 3148 inferret,
2394 3101 2412 3134 ι
2446 3091 2501 3137 ει
2541 3082 2818 3153 perpendo
2850 3083 2978 3152 quid
3014 3085 3360 3154 postmodum

69 3189 228 3245 tionis
289 3204 484 3244 manus
511 3189 751 3260 episcopi
781 3192 850 3246 ab
897 3190 987 3247 illo
1036 3191 1137 3246 sibi
1169 3206 1233 3246 ac
1286 3191 1399 3247 suis
1427 3191 1664 3248 conferri

66 3284 453 3350 deposcerent,
473 3281 587 3351 ipse
617 3283 707 3351 qui
741 3281 793 3335 in
818 3282 1207 3354 cpiscopalium
1236 3281 1536 3339 olliciorum
1566 3283 1662 3338 ad-

68 3372 566 3429 ministrationibus
591 3388 806 3442 semper
834 3383 1022 3429 nutum
1063 3374 1335 3445 pontificis
1382 3382 1669 3444 exspecta-

66 3462 153 3518 bat
195 3464 315 3519 levi
346 3462 665 3520 affabilitate
689 3465 1049 3534 respondebat
1074 3481 1232 3521 suum
1264 3480 1373 3520 non
1404 3480 1527 3520 esse
1558 3464 1665 3520 tale

66 3556 186 3625 quid
232 3556 301 3609 in
346 3556 601 3624 parechia
650 3554 877 3610 alterius
910 3554 1175 3625 epiSCOpi,
1206 3569 1272 3608 co
1322 3554 1663 3622 inconsulte,

65 3662 424 3718 przesumere.
481 3648 537 3702 In
585 3664 692 3718 quo
746 3663 870 3703 cum
902 3648 1113 3702 ratione
1155 3648 1240 3718 agi
1274 3648 1663 3718 intelligentes,

71 3754 190 3795 mox
221 3740 295 3793 ad
345 3754 507 3793 suum
547 3740 857 3810 episcopum
898 3740 1119 3797 nuntios
1158 3739 1430 3809 dirigunt,
1460 3751 1517 3795 et
1557 3756 1664 3811 qua

74 3829 415 3901 benignitate
462 3830 545 3884 vir
590 3833 659 3885 ad
707 3846 834 3885 suas
882 3845 1074 3900 preces
1119 3831 1460 3901 responderit
1505 3831 1665 3886 inuo-

68 3932 368 3987 tescemes,
399 3933 561 3977 erant
591 3923 738 3978 illum
772 3924 944 3994 rogari
978 3938 1078 3993 pro
1108 3939 1186 3978 se.
1228 3924 1303 3977 De
1350 3939 1406 3979 re
1454 3939 1601 4002 ergo.
1630 3940 1660 3979 a

67 4016 321 4087 pontifice
364 4014 690 4085 appellatus,
719 4015 826 4068 imo
854 4030 949 4084 per
973 4025 1139 4068 totam
1168 4015 1480 4084 parochiam
1506 4031 1661 4070 suam

66 4106 165 4162 hoc
189 4119 246 4162 et
274 4106 404 4160 aliis
432 4105 833 4175 pontilicalibus
861 4104 1077 4171 ciliciis,
1113 4106 1166 4159 itt
1192 4105 1337 4159 illius
1363 4106 1662 4161 voluntatis

66 4196 461 4254 deliberatione
509 4197 738 4266 positis,
769 4211 965 4259 omnes
1010 4197 1336 4261 admittere,
1382 4198 1661 4253 nemiuem

66 4291 131 4344 ab
181 4290 360 4358 ipsius
413 4288 588 4356 gratia
640 4288 969 4343 sacramenti
1021 4288 1334 4357 patiebatur
1365 4288 1663 4344 immunem

69 4380 375 4436 discedere.
414 4378 613 4434 Fiebat
662 4380 844 4449 itaque
874 4378 1134 4449 frequens
1181 4380 1503 4448 pepulerunt
1531 4394 1665 4434 con-

68 4487 281 4536 cursus,
309 4480 368 4527 et
406 4486 798 4541 nonnunquam
829 4473 882 4525 in
935 4471 1038 4525 hec
1087 4469 1204 4525 sole
1252 4470 1663 4540 expendebatur
1692 4450 1738 4505 D

70 4564 177 4619 dies
204 4574 378 4629 totus,
426 4565 500 4617 ita
530 4573 588 4618 ut
618 4579 748 4629 nos,
796 4563 887 4633 qui
917 4563 970 4617 ei
1003 4561 1448 4618 ministrabamus
1470 4603 1485 4628 ,
1512 4564 1661 4634 gravi

68 4658 225 4713 taedio
269 4672 417 4727 Sthe
441 4656 818 4727 fatigaremur,
846 4657 963 4727 ipso
1007 4656 1487 4726 semperjneundo
1512 4657 1663 4712 vultu

70 4757 119 4802 et
149 4748 311 4803 hilari
343 4749 631 4804 existente.
661 4747 846 4803 Crevit
873 4759 1053 4803 autem
1094 4749 1149 4804 in
1194 4766 1318 4805 eum
1349 4751 1485 4804 mira
1514 4766 1666 4821 quae-

70 4840 188 4894 dam
222 4856 290 4895 ex
339 4840 426 4895 his
457 4850 512 4896 et
544 4842 781 4896 inaudita
813 4840 1027 4896 dilectio
1061 4843 1328 4910 omnium,
1354 4852 1410 4897 et
1435 4843 1655 4899 bonitas

69 4931 183 5001 ejus
206 4931 594 5001 divulgabatur
617 4947 712 5001 per
735 4932 1046 4985 circuitum.

134 5026 290 5081 lnter
338 5026 488 5087 haec,
520 5038 617 5093 per
665 5024 889 5093 populos
922 5021 1066 5077 fama
1105 5024 1358 5093 dispersit
1387 5023 1664 5080 Urbanum

68 5119 213 5175 sedis
262 5118 583 5189 apostolica:
630 5117 918 5187 praisulem
965 5119 1217 5187 prmsenti
1267 5119 1394 5173 vitae
1449 5120 1665 5172 modum

66 5210 291 5268 fecisse.
320 5211 601 5281 Siquidem
644 5211 797 5280 prius
822 5210 958 5266 obiit
983 5227 1146 5281 quam
1179 5226 1298 5281 quae
1329 5226 1359 5266 a
1408 5226 1533 5279 rege
1560 5211 1669 5266 An-

67 5305 287 5373 glorum
337 5319 438 5376 pro
492 5304 678 5360 causis
720 5304 965 5359 Ansehni
1024 5305 1377 5375 exspectabat
1410 5319 1669 5373 respousa

1769 3176 1910 3230 Deus
1942 3190 2069 3241 erga
2099 3174 2246 3229 illum
2284 3173 2479 3244 egerit,
2504 3172 2676 3227 donec
2706 3172 2829 3226 vitae
2871 3173 3123 3242 praesenti
3169 3187 3364 3243 super-

1766 3271 1886 3325 fuit.
1922 3270 2106 3325 Scitur
2153 3270 2298 3325 enim
2334 3269 2462 3340 quia
2510 3283 2576 3323 ex
2604 3282 2711 3337 quo
2758 3267 2851 3322 illa
2896 3268 3091 3336 verba,
3125 3268 3362 3337 “depulso

1768 3363 2054 3434 languore,
2118 3378 2224 3433 quo
2275 3373 2465 3417 notum
2514 3370 2599 3415 est
2636 3360 2786 3415 illum
2829 3360 2997 3415 fuisse
3041 3369 3361 3432 gravatum,

1765 3455 2032 3527 protulit,
2069 3466 2279 3509 tantum
2315 3454 2369 3509 in
2407 3452 2764 3524 deprimeudo
2789 3462 2843 3508 et
2874 3451 3213 3522 subjugando
3258 3451 3366 3505 ini-

1768 3547 1968 3611 mices,
1995 3546 2049 3599 in
2081 3545 2413 3615 acquirendo
2440 3552 2619 3599 terras
2639 3584 2653 3607 ,
2688 3544 2741 3597 in
2785 3542 3091 3599 exercendo
3120 3541 3364 3617 Volupta-

1768 3652 1850 3698 tes
1898 3657 2024 3697 suas
2070 3650 2421 3712 prosperatus
2477 3648 2594 3709 est,
2646 3648 2703 3694 ut
2736 3642 2918 3696 omnia
2971 3640 3071 3694 sibi
3120 3639 3365 3695 arridere

1764 3746 2007 3806 putares.
2048 3734 2256 3791 Ventus
2282 3735 2525 3804 insuper,
2550 3746 2604 3789 et
2642 3734 2814 3805 ipsum
2852 3750 3001 3790 mare
3038 3734 3364 3788 videbantur

1766 3828 1815 3881 ei
1863 3827 2261 3896 obtemperare.
2314 3825 2512 3881 Verum
2562 3828 2714 3894 dico,
2762 3845 2866 3884 non
2916 3830 3184 3893 mentior,
3230 3830 3359 3899 quia

1767 3904 1889 3974 cum
1926 3919 1991 3973 de
2020 3916 2209 3988 Anglia
2241 3917 2293 3971 in
2339 3917 2791 3979 Nerthmanniam
2840 3920 3095 3982 transire,
3120 3920 3203 3973 vel
3238 3920 3361 3973 inde

1767 4029 2010 4078 cursum,
2045 4022 2206 4084 prout
2255 4014 2429 4083 ipsum
2470 4012 2723 4066 voluntas
2752 4025 2849 4065 sua
2894 4009 3128 4076 ferebat,
3176 4008 3358 4065 redire

1734 4106 2009 4170 .velebat,
2046 4121 2194 4170 mox,
2238 4105 2329 4159 ille
2367 4102 2718 4165 adveniente,
2765 4112 2814 4154 et
2866 4116 3017 4155 mare
3070 4096 3362 4171 appropinA

1767 4208 1999 4268 qttante,
2042 4198 2223 4252 omnis
2268 4204 2600 4264 tempestas,
2654 4208 2776 4263 quae
2824 4206 3215 4261 nonnunquam
3259 4190 3360 4245 im-

1768 4306 1930 4345 mane
1954 4288 2229 4354 smvicbat,
2258 4287 2569 4350 sedabatur,
2605 4295 2662 4339 et
2707 4285 3004 4339 transeunti
3039 4302 3067 4337 n
3093 4282 3172 4339 ira
3210 4294 3361 4338 trau-

1769 4382 2035 4454 quillitate
2085 4379 2470 4434 famulabatur.
2526 4377 2666 4445 Quid
2721 4376 2995 4447 amplius?
3050 4376 3127 4431 Ita
3187 4373 3362 4431 fateor

1769 4476 1824 4531 in
1874 4472 2083 4529 cunctis
2130 4480 2249 4527 erat
2297 4470 2633 4536 fortunatus,
2678 4484 2744 4524 ac
2797 4467 2841 4523 si
2891 4467 3070 4522 verbis
3096 4464 3215 4535 ejus
3247 4467 3354 4521 hoc

1770 4569 1928 4623 modo
1958 4564 2236 4634 respondit
2275 4565 2413 4619 Deus
2443 4582 2455 4617 :
2500 4583 2517 4615 ι
2563 4562 2618 4617 Si
2657 4572 2707 4617 te
2743 4578 2842 4633 pro
2886 4560 3062 4624 male,
3092 4570 3152 4613 ut
3182 4557 3316 4612 dicis
3342 4596 3357 4621 ,

1769 4674 2048 4729 nunquam
2079 4657 2279 4712 bonum
2328 4656 2570 4720 habebo,
2614 4656 2854 4725 probabo
2903 4668 2970 4707 an
3023 4651 3215 4707 saltem
3264 4668 3361 4725 pro

1768 4752 1914 4806 bono
1959 4750 2161 4821 possim
2211 4758 2260 4803 te
2309 4749 2506 4803 bonum
2556 4745 2799 4812 habere,
2856 4754 2911 4799 et
2954 4744 3074 4798 ideo
3129 4743 3181 4796 in
3211 4742 3357 4797 omni

1771 4844 1913 4916 quod
1961 4854 2016 4897 tu
2063 4844 2261 4898 bonum
2307 4843 2545 4896 aestimas
2590 4840 2730 4894 velle
2777 4848 2924 4893 tuum
2971 4836 3295 4907 adimplebo.
3335 4854 3354 4887 ι

1770 4938 1877 4992 Sed
1930 4937 2094 5006 quid?
2138 4935 2193 4989 lit
2240 4943 2449 4989 tantum
2485 4949 2552 4989 ex
2592 4931 2935 4988 successibus
2968 4931 3082 4985 suis
3131 4928 3359 4999 profecit

1770 5038 1852 5093 ut,
1896 5030 2038 5083 sicut
2078 5029 2130 5083 hi
2162 5027 2252 5097 qui
2300 5028 2457 5081 factis
2497 5024 2613 5094 ejus
2643 5025 2730 5078 die
2766 5032 3033 5093 noctuque
3062 5029 3360 5092 praesentes

1772 5121 2095 5176 exstiterunt
2156 5126 2537 5180 attestantur,
2612 5129 2889 5183 nunquam
2956 5112 3039 5167 vel
3093 5114 3160 5169 de
3216 5110 3359 5167 lecte

1773 5218 2060 5279 surgeret,
2103 5208 2187 5262 vel
2221 5207 2272 5260 in
2321 5207 2459 5261 lecte
2506 5218 2563 5259 se
2618 5202 2912 5258 collocaret
2948 5204 3076 5274 quin
3118 5196 3356 5275 seipsum

1774 5310 1868 5356 aut
1897 5300 2198 5354 celloeaute
2233 5306 2327 5352 aut
2371 5303 2627 5366 surgente
2677 5309 2892 5364 semper
2913 5293 3152 5349 deterior
3188 5301 3355 5377 esset.

1345 5415 1757 5475 HENSCHENII
1806 5413 2036 5472 NOTIE.

137 5545 165 5574 ι
202 5532 494 5587 Paschalis
518 5532 575 5595 ll,
607 5540 827 5588 creatus
855 5546 925 5585 xu
953 5531 1199 5602 Augusti.

136 5602 171 5645 δ
214 5603 425 5657 Novam
458 5605 705 5673 forestam
736 5610 987 5656 auctores
1013 5612 1223 5658 vocant.

69 5715 75 5719 ς
140 5684 166 5741 9
209 5670 466 5731 Pluribus
502 5690 615 5729 rem
656 5672 913 5729 describit
946 5672 1237 5727 Ordericus
1265 5670 1449 5727 Vitalis
1477 5670 1570 5727 lib.
1603 5689 1659 5727 ι.

67 5742 259 5803 Abba:
327 5758 501 5800 autem
550 5744 809 5816 Sngeritts
883 5758 1093 5799 coaevus
1159 5752 1379 5799 excusat
1437 5757 1663 5813 operose

1773 5529 2090 5587 Gnalterum
2116 5526 2388 5598 Tyrellum
2412 5565 2427 5591 ,
2466 5524 2697 5598 nobilem
2736 5524 3035 5586 Francum,
3066 5521 3151 5574 cui
3194 5520 3358 5598 ictum

1774 5593 2330 5671 imputabanta'liqui;
2364 5612 2462 5671 suo
2481 5596 2792 5664 juratnento
2819 5603 3153 5671 assercntcm
3172 5633 3185 5655 ,
3217 5593 3359 5660 quod

1776 5666 1865 5798 ειιὲ
1887 5672 1975 5726 die
2003 5686 2104 5726 nec
2128 5669 2180 5726 in
2218 5668 2362 5724 illam
2388 5666 2535 5723 silva:
2554 5678 2763 5741 partem
2787 5666 3016 5731 venerit,
3047 5679 3145 5737 nec
3182 5678 3362 5733 regem

1776 5742 1822 5797 vi
1864 5741 1988 5797 erit.
3330 5750 3337 5763 π

1773 5756 1988 5797 νιαετιι.
3330 5760 3331 5763 “
