3890 6306
604 246 719 306 ³25

1620 240 1951 301 ΕἈῡΜΕΗΙη
1967 240 2185 299 CANTI

2286 243 2533 302 ususrs
2574 246 2879 305 MONACIII
3688 274 3751 332 ηι

604 362 951 432 Quapropter
969 358 1094 416 dum
1138 374 1240 416 nec
1273 354 1414 414 malo
1439 356 1637 428 corrigi
1668 356 1874 422 voluit,
1902 371 2005 413 nec
2039 355 2199 446 ibono
2225 340 2277 399 Α
2299 371 2364 417 .et
2413 373 2792 420 momentanea
2855 365 3005 425 anile
3064 368 3251 437 atqu"!
3307 366 3499 427 Arbiter
3535 374 3634 436 huic
3679 388 3750 446 rita

604 454 675 507 ad
718 453 856 507 bene
893 452 1160 521 agendum
1192 448 1389 504 attrahi
1433 448 1639 518 potuit,
1688 462 1755 501 ne
1800 446 1853 501 in
1897 444 2194 515 perniciem

604 544 873 599 bonorum
903 542 1113 597 diutino
1134 540 1319 596 furore
1350 540 1595 603 smviret,
1629 536 2017 607 compendiosa
2045 534 2195 589 illum

2307 456 2600 510 subtraxit.

623 666 3747 707 ww

1693 837 2113 950 LIBER
2199 830 2818 946 TERTIUS

2034 1014 2419 1028 *—

680 1145 936 1203 Secundo
971 1146 1151 1217 itaque
1175 1163 1318 1201 anno
1346 1158 1371 1186 ει
1404 1158 1468 1200 ex
1501 1156 1607 1214 quo
1634 1160 1663 1198 a
1688 1144 1856 1197 lloma
1876 1138 2201 1214 Lugdunum
2305 1144 2539 1215 quisque
2580 1139 2945 1208 liberandum,
2991 1151 3046 1197 et
3081 1142 3133 1197 in
3156 1149 3349 1198 statum
3374 1148 3548 1212 optata;
3570 1150 3747 1217 prosperi.

599 1235 873 1297 venimus,
908 1234 996 1304 qui
1037 1244 1153 1288 erat
1185 1233 1353 1287 nostri
1376 1232 1549 1287 exsilii
1580 1245 1753 1284 annus
1786 1229 1998 1293 tertius,
2032 1243 2198 1284 vene-

603 1333 730 1379 runt
757 1326 822 1377 ad
871 1324 1182 1377 Anselmum
1218 1322 1329 1392 jam
1391 1329 1606 1375 tertmm
1645 1320 1785 1373 diem
1839 1319 1891 1373 in
1924 1318 2191 1383 etenobio,

596 1410 746 1486 quod
800 1415 1121 1471 Casa-Deib
1161 1415 1379 1479 dicitur,
1440 1422 1709 1485 agentem,
1765 1415 1871 1468 duo
1917 1412 2188 1473 monachi,

596 1499 743 1561 unus
767 1506 1193 1569 Cantuariensis,
1226 1513 1280 1559 et
1308 1505 1446 1558 alter
1471 1504 1777 1569 lleccensis,
1810 1504 2120 1558 nuntiantes
2140 1501 2188 1557 ei

596 1599 709 1672 jam
738 1616 880 1671 saepe
920 1598 1204 1653 memorati
1234 1597 1530 1651 Willhclmi
1567 1597 1709 1668 regis
1739 1597 1862 1649 vitae
1882 1612 2186 1649 excessum.

602 1694 720 1761 Quo
763 1692 847 1747 ille
894 1692 1195 1746 vehementi
1230 1699 1454 1760 stupore
1502 1706 1812 1760 percussus,
1847 1705 1971 1744 mox
2015 1699 2098 1742 est
2135 1689 2187 1742 in

599 1770 1008 1837 acerbissimum
1034 1782 1216 1836 ﬂetum
1242 1798 1557 1837 concussus.
1584 1783 1733 1848 Quod
1760 1783 2001 1837 videntes
2020 1782 2189 1836 admi«

597 1875 703 1928 rati
739 1875 1028 1929 admodum
1079 1891 1284 1930 sumus.
1339 1876 1410 1930 At
1450 1875 1558 1941 ille,
1601 1876 1839 1946 singultu
1880 1874 2043 1930 verba
2075 1874 2192 1944 ejus

598 1965 1053 2038 interrumpente,
1079 1969 1328 2032 asseruit,
1365 1970 1417 2023 in
1450 1969 1564 2040 ipsa
1595 1970 1823 2025 veritate
1871 1986 2032 2039 quam
2078 1986 2194 2026 εει·-

597 2068 726 2110 vum
757 2057 848 2111 Dei
893 2059 1195 2128 transgredi
1248 2073 1352 2111 non
1402 2060 1576 2120 decet,
1607 2060 1731 2129 quia
1757 2060 1801 2114 si
1833 2060 1935 2114 hoc
1980 2057 2192 2116 edicere

597 2154 806 2216 posset,
853 2149 1020 2201 multo
1051 2147 1223 2218 magis
1244 2147 1471 2217 eligeret
1501 2150 1739 2220 seipsum
1773 2165 1997 2219 corpore
2029 2167 2191 2220 quam

599 2235 774 2296 illum,
818 2238 967 2290 sicut
987 2247 1125 2302 erat,
1153 2249 1426 2292 mortuum
1444 2254 1584 2294 esse.

721 2330 839 2384 obis
865 2338 987 2399 post
1025 2329 1141 2384 hrec
1182 2329 1503 2400 Lugdunum
1554 2333 1808 2398 reversis,
1841 2348 1968 2388 ecce
1995 2333 2132 2389 alius
2159 2348 2190 2389 e

600 2420 863 2477 fratribus
915 2420 1171 2478 Ecclesia)
1225 2422 1632 2478 Cautuariensis
1684 2424 1923 2492 advenit,
1982 2426 2191 2484 litteras

601 2512 874 2579 deferens,
904 2529 1095 2585 preces
1149 2513 1407 2578 offerens,
1431 2516 1626 2585 quibus
1661 2517 1862 2573 obnixe
1899 2520 1967 2574 ab
1994 2520 2191 2592 Anglo-

600 2617 721 2683 rum
757 2612 930 2659 matre
958 2604 1193 2659 Ecclesia
1232 2605 1624 2675 interpellatur,
1656 2618 1943 2676 quatenus,
1974 2613 2188 2667 exstin-

598 2703 689 2748 cto
720 2704 967 2765 tyranno,
995 2692 1133 2750 tilios
1163 2712 1313 2763 suos,
1363 2707 1519 2766 rupta
1570 2713 1743 2766 mora,
1786 2700 2022 2755 revisere
2056 2714 2189 2757 con-’

599 2784 874 2856 Solarique
905 2786 1173 2857 dignetur.
1202 2787 1403 2842 Audito
1433 2788 1596 2858 igitur
1627 2789 1694 2844 de
1735 2806 1792 2844 re
1822 2793 2051 2847 consilio
2078 2810 2189 2850 nte-

590 2877 796 2956 lmorati
831 2878 1108 2931 reverendi
1150 2878 1390 2947 llngonis
1414 2879 1583 2948 ipsius
1607 2879 1760 2935 urbis
1785 2883 2042 2953 episcopi,
2088 2886 2192 2941 iter

594 2967 843 3039 Angliam
879 2968 1152 3024 remeandi
1187 2969 1464 3040 ingressus
1509 2981 1615 3035 est,
1669 2971 1783 3041 ipso
1832 2975 2106 3042 pontiﬁce,
2134 2986 2191 3031 et

595 3066 712 3115 toto
756 3061 953 3131 populo
980 3070 1140 3117 terra:
1168 3078 1330 3133 super
1358 3065 1459 3119 hoc
1490 3066 1729 3130 dolente,
1755 3074 1809 3120 et
1844 3068 1946 3121 nisi
1993 3069 2186 3123 rationi

2306 1239 2434 1293 tatis
2480 1238 2684 1292 aditum
2724 1236 2825 1292 sibi
2872 1237 3247 1305 pollicebatur.
3283 1237 3404 1304 Quae
3435 1252 3541 1307 spes
3574 1239 3663 1293 inde
3685 1258 3748 1294 nn-

2302 1330 2445 1383 xime
2472 1330 2802 1401 procedebat
2851 1331 2993 1398 quod
3043 1328 3312 1384 Henricus
3356 1327 3441 1399 qui
3484 1340 3588 1385 tunc
3622 1334 3749 1385 noviter

2298 1419 2450 1473 fratri
2492 1418 2747 1473 defuncto
2778 1418 2831 1472 in
2874 1434 3098 1489 regnum
3143 1427 3486 1480 successerat,
3515 1420 3557 1472 in
3582 1420 3662 1487 ipso
3686 1436 3748 1474 sua

2294 1509 2725 1565 consecrationis
2771 1508 2857 1563 die
2904 1506 3079 1563 bonas
3132 1517 3187 1562 et
3230 1518 3435 1562 sanctas
3469 1510 3591 1561 omni
3631 1508 3749 1577 populi

2298 1598 2446 1668 leges
2469 1614 2527 1653 se
2568 1609 2937 1664 servaturum,
2977 1607 3034 1654 et
3072 1613 3265 1653 omnes
3290 1599 3616 1668 oppressit-nos
3638 1608 3674 1650 et
3692 1599 3748 1649 ini-

2298 1692 2532 1760 qnitates
2556 1707 2675 1761 qua:
2701 1693 2799 1746 sub
2831 1692 2998 1746 lratre
3027 1707 3124 1746 suo
3147 1699 3470 1746 emerserant
3508 1690 3552 1743 in
3575 1690 3679 1741 omni
3697 1702 3748 1741 sua

2298 1783 2686 1846 dominatione,
2715 1794 2822 1837 tam
2865 1785 2917 1837 in
2951 1783 3212 1837 Eeclesiis
3237 1796 3391 1852 quam
3436 1783 3482 1834 in
3508 1780 3749 1834 smcularibus

2295 1875 2546 1943 negotiis,
2574 1874 2975 1944 prohibiturum
3000 1884 3053 1929 et
3079 1873 3453 1928 subversurum
3480 1871 3748 1941 Spoponderat,

2289 1960 2347 2018 et
2377 1964 2490 2018 haec
2510 1965 2692 2018 omnia
2716 1963 3069 2033 jurisjnrandi
3102 1964 3467 2034 interjectioue
3495 1961 3670 2019 ﬁrmata.
3692 1962 3747 2011 sub

2290 2055 2626 2109 monimento
2656 2055 2962 2110 litterarum
3013 2054 3173 2125 sigilli
3206 2054 3290 2108 sui
3317 2052 3591 2108 testimonio
3614 2048 3751 2103 robor:-

2290 2154 2490 2212 tarum,
2526 2162 2625 2216 per
2655 2156 2825 2202 totum
2854 2163 3077 2217 regnum
3124 2145 3449 2215 divulgatum
3487 2143 3541 2196 iri
3576 2152 3750 2211 precetu-

2291 2247 2395 2293 rat.
2424 2237 2718 2294 Praesentia
2742 2240 3093 2295 nihilominus
3118 2234 3419 2293 communis
3436 2236 3631 2290 omnium
3646 2230 3752 2284 Patris

2285 2329 2397 2399 jam
2447 2329 2550 2398 ipsi
2590 2330 2704 2401 spei
2765 2346 2871 2385 non
2925 2346 3115 2401 parum
3166 2330 3376 2384 roboris
3414 2326 3537 2396 apud
3564 2324 3749 2379 hominum

2301 2430 2515 2474 mentes
2530 2418 3195 2491 adjiciebat,constantem
3221 2418 3360 2473 illius
3381 2417 3648 2489 probitatem
3659 2425 3755 2479 agna

2292 2513 2580 2577 scentium,
2617 2524 2669 2568 et
2691 2524 2877 2570 sancta
2909 2516 3155 2584 quaedam
3180 2513 3250 2570 ad
3300 2510 3642 2568 reformandum
3658 2504 3754 2558 Chri-

2290 2604 2481 2659 stiana:
2515 2604 2794 2675 religionis
2816 2612 3017 2661 statum
3048 2604 3138 2674 qui
3166 2612 3290 2673 post
3324 2602 3514 2657 obitum
3539 2593 3753 2653 veneranda

2290 2700 2570 2753 memorite
2621 2697 2909 2754 Lanl'ranci
2940 2697 3335 2767 archiepiscOpi
3368 2698 3418 2750 in
3446 2693 3600 2750 multis
3618 2687 3754 2745 decide

2291 2799 2397 2853 rat,
2432 2791 2677 2858 proxime
2697 2792 2767 2845 ab
2810 2806 2876 2845 eo
2906 2790 3129 2860 prodire
3151 2798 3215 2844 et
3258 2788 3421 2845 statui
3444 2787 3632 2842 arrectis
3651 2780 3756 2837 senui-

2289 2878 2390 2933 bus
2419 2881 2870 2947 exspectantium.

2362 2970 2470 3024 Sed
2500 2987 2619 3025 Clllll
2669 2981 2789 3041 post
2830 2986 3033 3041 paucos
3058 2972 3143 3026 sui
3178 2969 3388 3045 reditus
3422 2970 3525 3026 dies
3547 2962 3753 3023 Serberitu

2290 3062 2355 3117 ad
2406 3078 2586 3132 regem
2635 3064 2891 3129 venisset,
2927 3074 2983 3119 et
3026 3064 3094 3118 ab
3137 3080 3206 3119 eo
3238 3063 3521 3134 gaudenter
3544 3066 3753 3126 suscepit“.

595 3153 919 3221 contrairet,
976 3155 1153 3209 modis
1213 3156 1488 3220 omnibus,
1542 3173 1609 3211 ne
1665 3157 1839 3223 fieret,
1898 3159 2188 3227 prohibere
2215 3180 2257 3237 ρ
2290 3156 2486 3208 rationi
2516 3155 2655 3209 illius
2682 3166 2704 3194 ε
2738 3170 2844 3227 qua
2885 3171 2945 3211 se
2993 3158 3420 3219 excusavitcur,
3449 3156 3496 3209 in
3519 3143 3755 3218 suscipiendi

596 3242 831 3298 volente.
866 3244 1056 3315 Magno
1087 3243 1316 3315 denique
1362 3245 1554 3301 solatio
1585 3261 1642 3301 se
1688 3246 1741 3301 in
1786 3247 2026 3302 discessu
2072 3246 2189 3316 ejus

603 3336 823 3392 destitui
852 3337 1125 3392 videbant.
1146 3337 1422 3392 Prosecuti
1453 3348 1629 3391 autem
1661 3337 1815 3392 illum
1832 3347 1956 3393 sunt
1976 3339 2042 3395 de
2066 3338 2188 3395 villa

598 3428 655 3485 in
686 3429 866 3483 villam
898 3445 996 3500 per
1038 3430 1220 3501 plures
1271 3432 1384 3485 dies
1412 3439 1520 3483 tam
1567 3431 1670 3485 viri
1712 3447 1872 3502 quam
1908 3432 2185 3499 mulieres,

599 3520 793 3592 singuli
850 3523 1099 3577 certatim
1138 3533 1425 3578 currentes
1463 3512 1539 3577 et
1567 3539 1667 3593 pro
1726 3540 1822 3578 sua
1855 3526 2186 3582 desolatione

598 3611 963 3688 gemebundas
992 3628 1151 3668 voces
1171 3615 1408 3670 edentes.
1439 3612 1675 3669 Necdum
1699 3617 2040 3685 pervenimus
2067 3617 2188 3673 Clu-

600 3708 842 3773 niacum,
869 3711 924 3763 et
943 3702 1295 3762 nihilominus
1333 3705 1473 3760 alter
1504 3706 1747 3769 nuntius,
1792 3720 1857 3760 ex
1888 3714 2036 3774 parte
2059 3706 2183 3761 novi

598 3797 741 3868 regis
774 3798 1071 3868 Anglorum
1100 3802 1156 3853 et
1178 3808 1464 3867 procerum
1498 3794 1649 3864 regni
1693 3792 1839 3847 Patri
1868 3809 2181 3862 occurrens,

594 3905 778 3946 moras
819 3889 935 3960 ejus
964 3890 1016 3945 in
1063 3885 1331 3946 veniendo
1359 3885 1659 3961 redarguit,
1704 3893 1869 3942 totam
1903 3896 2101 3941 terram
2128 3888 2181 3942 in

596 3980 830 4035 adventu
877 3981 996 4052 ejus
1026 3981 1335 4044 attonitam,
1381 3987 1436 4034 et
1480 3978 1663 4035 omnia
1701 3979 1912 4050 negotia
1940 3977 2089 4049 regni
2115 3977 2183 4033 ad

595 4072 927 4127 audientiam
959 4081 1014 4128 et
1046 4072 1456 4143 dispositionem
1486 4071 1656 4143 ipsius
1684 4071 1924 4127 relerens
1947 4070 2184 4141 pendere

593 4162 782 4219 dilata.
806 4162 975 4231 Cujus
1003 4164 1168 4219 verba
1212 4164 1409 4220 litterae
1433 4163 1575 4235 regis
1600 4178 1737 4234 quas
1764 4162 2019 4217 attulerat
2048 4168 2182 4215 atte‘

593 4266 824 4321 stantes,
860 4265 913 4312 et
935 4257 1075 4312 dicta
1111 4258 1324 4328 plenius
1353 4257 1728 4324 explanantes,
1759 4270 1947 4326 preces
1976 4262 2030 4309 et
2059 4261 2182 4308 vota

593 4348 769 4421 ipsius
792 4349 937 4421 regis
960 4350 1133 4404 virum
1163 4348 1417 4405 festinato
1442 4348 1625 4402 venire
1649 4360 1974 4419 magnopere
2004 4354 2184 4415 postu-

593 4440 782 4507 lantis,
817 4450 872 4497 et
919 4442 1156 4513 seipsum
1199 4455 1535 4513 regnumque
1578 4456 1732 4494 suum
1781 4440 1899 4508 ejus
1956 4438 2181 4494 consilio

2293 3247 2456 3317 regite
2487 3246 2765 3316 dignitatis
2791 3248 3189 3313 benedicﬁone,
3227 3248 3373 3304 illurn
3411 3245 3546 3315 cujus
3556 3242 3660 3315 juris
3684 3248 3755 3293 ea!

2290 3356 2411 3395 esse
2439 3339 2648 3395 sciebat
2677 3354 2783 3394 non
2816 3340 3247 3410 exspectaverit,
3272 3338 3617 3409 acquievisset.
3642 3338 3755 3401 poste

2290 3428 2432 3483 latus
2467 3438 2551 3484 est
2591 3444 2687 3499 pro
2732 3430 3126 3485 consuetudine
3193 3440 3574 3485 antecessorum
3616 3427 3755 3475 suorum

2288 3523 2400 3592 regi
2434 3522 2729 3576 hominium
2754 3521 2955 3585 facere,
2981 3532 3034 3576 et
3059 3522 3565 3592 archiepiscopatum
3588 3514 3638 3568 de
3655 3519 3757 3564 manl

2288 3610 2404 3682 ejus
2436 3612 2698 3682 recipere.
2735 3611 2944 3679 Quibus
2992 3628 3115 3667 cum
3154 3612 3271 3668 ille
3305 3619 3609 3680 nequaquam
3640 3615 3681 3653 se
3704 3602 3757 3649 ut

2286 3702 2425 3758 velle
2463 3711 2558 3758 aut
2602 3718 2761 3775 posse
2795 3718 3077 3759 assensum
3117 3705 3365 3775 praebere
3392 3696 3691 3769 responderet.
3706 3688 3755 3741 ἰπ-

2287 3796 2692 3867 terrogantibus
2713 3811 2903 3866 quare,
2951 3798 3136 3851 statim
3187 3796 3319 3865 quid
3357 3808 3509 3864 super
3528 3790 3596 3843 his
3627 3776 3758 3847 etqui-

2284 3888 2516 3946 bttsdam
2546 3890 2670 3945 aliis
2703 3888 2757 3943 in
2804 3888 3051 3943 Romano
3083 3887 3320 3944 consilio
3357 3879 3619 3953 acceperit.
3650 3869 3757 3925 mn“

2285 3980 2423 4038 festa
2454 3980 2714 4035 relatione
2736 3981 2991 4046 innotuit,
3029 3981 3214 4050 itaque
3245 3977 3570 4034 suhinlercns
3587 3971 3670 4024 ait:
3694 3959 3758 4013 «Si

2286 4071 2537 4126 dominus
2566 4084 2661 4125 rex
2691 4070 2794 4123 ista
2829 4070 3127 4140 suscipere,
3153 4079 3212 4125 et
3250 4073 3496 4134 suscepta
3522 4062 3757 4116 servare"-

2284 4160 2468 4224 luerit,
2496 4160 2633 4214 bene
2668 4159 2812 4212 inter
2839 4173 2937 4213 nos
2969 4167 3022 4213 et
3048 4159 3206 4212 ﬁrma
3234 4174 3341 4228 pax
3382 4156 3500 4210 erit.
3524 4150 3602 4206 Sin
3630 4154 3757 4200 autem»

2285 4267 2391 4307 non
2423 4252 2580 4306 video
2611 4266 2897 4306 remanere
2924 4265 3117 4305 meum
3148 4251 3204 4305 in
3252 4248 3441 4320 Anglia
3479 4242 3590 4299 utile
3618 4228 3756 4292 [στενά

2283 4344 2594 4408 honestum,
2648 4342 2947 4413 praesertim
2978 4358 3102 4398 cum
3139 4343 3187 4398 si
3213 4345 3545 4413 episcopatus
3567 4326 3759 4388 autablr

2287 4437 2391 4492 tias
2414 4437 2644 4499 dederit,
2679 4436 2879 4506 privari
2928 4450 3014 4491 me
3040 4436 3261 4504 penitus
3294 4445 3401 4488 tam
3446 4448 3474 4486 a
3512 4426 3581 4483 sui
3600 4418 3759 4506 quand

592 4545 662 4587 ac
683 4530 1042 4587 moderamini
1086 4546 1145 4585 se
1191 4529 1563 4599 sul-jecturum
1606 4528 1910 4599 pollicentis
1936 4529 2181 4583 'contine-
2212 4523 2258 4578 Β
2285 4545 2470 4585 corum
2494 4530 2584 4600 qui
2618 4531 2957 4602 susceperint
2977 4529 3365 4583 communione
3394 4532 3594 4580 necesse
3614 4515 3675 4570 sil-
3695 4504 3762 4561 Μ

592 4627 747 4683 bant.
779 4626 904 4682 Haec
930 4635 986 4681 et
1018 4625 1323 4695 hujusmodi
1356 4621 1510 4695 plura
1548 4638 1710 4692 quam
1760 4621 1943 4677 dicere
1991 4621 2175 4690 velim,

593 4732 694 4774 nos
723 4718 789 4774 ad
811 4718 1043 4789 patriam
1078 4720 1372 4788 properare
1392 4724 1704 4785 coegerunt.

588 4800 591 4801 ν
663 4806 1043 4881 Prosperrimo
1072 4809 1256 4878 itaque
1287 4823 1449 4863 cursu
1498 4806 1701 4861 marina
1733 4804 1971 4876 pericula
2000 4815 2176 4861 trans-

590 4899 733 4955 vecti
790 4915 933 4954 nono
986 4897 1213 4954 Kalend.
1247 4896 1499 4954 Octobris
1533 4896 1714 4951 Dofris
1756 4896 2082 4966 appulimus,
2124 4905 2181 4950 et

592 4989 797 5062 ingenti
845 4991 1043 5061 gaudio
1092 5000 1258 5047 totam
1296 5000 1497 5047 terram
1547 4990 1603 5045 in
1658 4990 1891 5045 adventu
1938 4987 2177 5044 Anselmi

2285 4619 2430 4673 enim
2475 4635 2537 4673 ea
2569 4620 2636 4676 de
2677 4636 2841 4677 causa
2870 4619 3118 4690 Angliam
3150 4618 3315 4682 redii,
3341 4624 3400 4671 ut
3443 4614 3485 4670 si
3513 4612 3607 4681 ῑρςο

2285 4722 2357 4765 no
2387 4710 2624 4781 pontiﬁci
2656 4711 2876 4766 obedire
2899 4682 3053 4774 nolit,
3096 4709 3147 4764 in
3164 4724 3231 4764 ea
3262 4706 3537 4763 resideam.
3558 4682 3761 4783 υηὰεςξᾏ

2282 4775 2414 4856 velit
2443 4816 2635 4871 precor
2662 4802 2862 4866 edicat,
2898 4809 2957 4855 ut
2986 4802 3155 4856 sciam
3182 4815 3295 4870 quo
3331 4813 3419 4853 me
3454 4799 3644 4848 lterum-
3666 4775 3760 4878 "Hii

2282 4908 2380 4947 rex
2426 4891 2627 4947 auditis
2661 4891 2894 4960 graviter
2924 4891 3282 4945 conturbatus
3319 4897 3425 4943 est.
3453 4882 3612 4969 Grave
3635 4874 3761 4969 φιψῇ

2282 4983 2382 5039 sibi
2408 4984 2581 5039 visunt
2639 4992 2725 5039 est
2771 4983 3121 5038 investituras
3152 4979 3512 5036 Ecclesiarum
3534 4978 3580 5026 et
3604 4966 3761 5021 Imm"

589 5081 953 5137 exsultantem
980 5085 1299 5155 reperimus.
1336 5082 1594 5153 Quaedam
1618 5082 1817 5138 etenim
1845 5083 2000 5153 quasi
2026 5088 2179 5136 novae
2278 5075 2628 5146 praelalorﬂm
2650 5074 2897 5144 Perdere,
2928 5087 3093 5142 ετθνθ
3115 5069 3466 5126 ηίδίίοωίηυδ

587 5175 1011 5232 resurrectionis
1036 5193 1161 5248 spes
1199 5179 1536 5249 singulorum
1578 5176 1850 5231 mentibus
1872 5173 2167 5237 oriebatur,

587 5276 701 5337 qua
716 5273 770 5320 et
793 5265 861 5322 ab
882 5268 1231 5339 oppressione
1270 5267 1499 5324 calentis
1544 5266 1719 5321 adhuc
1766 5262 2094 5320 calamitatis
2114 5276 2172 5316 se

2282 5144 2471 5237 regno,
2496 5167 2614 5237 ipso
2645 5166 2881 5220 nondum
2913 5165 2965 5219 in
2998 5178 3163 5236 regno
3182 5162 3349 5234 plene
3384 5157 3674 5215 conﬁrmata.

2283 5262 2580 5317 discedere.
2641 5261 2698 5316 In
2754 5275 2863 5316 uno
2910 5259 3177 5330 siquidem
3222 5257 3506 5313 videbatur
3539 5244 3636 5306 sibi
3665 5242 3764 5308 1⁸⁸⁵

1890 5373 2306 5431 HENSCHENII
2347 5372 2581 5429 NOTAE.

657 5504 689 5537 ι
724 5495 882 5551 Anno
908 5495 1108 5552 Christi
1146 5493 1284 5550 1100

658 5565 690 5605 ι’
730 5566 804 5621 De
848 5565 1145 5628 Casa-Dei,
1194 5561 1525 5621 monasterio
1575 5562 1630 5619 in
1677 5558 1972 5627 Arvernis,
2026 5556 2165 5612 infra

585 5648 780 5707 agetur
824 5651 950 5692 xstv
992 5635 1213 5707 Aprilis,
1253 5636 1320 5692 ad
1353 5637 1529 5692 Vitam
1560 5630 1621 5689 S.
1660 5629 1917 5696 Roberti,
1953 5630 2165 5686 abbatis

2278 5483 2518 5557 primiget
2544 5481 2867 5557 fundatoris.

2350 5530 2598 5610 liialii-'5
2606 5530 2954 5609 rationabilis
2988 5568 3109 5610 esse
3147 5551 3330 5622 potuit
3364 5553 3531 5622 πηρωί

2273 5603 3216 5696 {arripui—@566:'tiiuu'ltutﬁé
3228 5603 3453 5694 aliquid
3483 5608 3687 5670 molitum
3701 5603 3762 5669 t"
