  <div class='ocr_page' id='page_1' title='image "/cluster/home/n/w/nwhite01/storage/ocr_20150623/159/hvd.32044024236648/220.png"; bbox 0 0 3988 6302; ppageno 0'>
   <div class='ocr_carea' id='block_1_1' title="bbox 145 338 3386 447">
    <p class='ocr_par' dir='ltr' id='par_1_1' title="bbox 145 338 3386 447">
     <span class='ocr_line' id='line_1_1' title="bbox 145 338 3386 447; baseline -0.014 -11"><span class='ocrx_word' id='word_1_1' title='bbox 145 356 230 437; x_wconf 62' lang='lat' dir='ltr'><strong>ita</strong></span> <span class='ocrx_word' id='word_1_2' title='bbox 1198 361 1513 421; x_wconf 74' lang='lat' dir='ltr'><strong>lllSTOlilA</strong></span> <span class='ocrx_word' id='word_1_3' title='bbox 1550 355 1916 447; x_wconf 62' lang='lat' dir='ltr'><strong>sutorium.</strong></span> <span class='ocrx_word' id='word_1_4' title='bbox 1956 382 2027 397; x_wconf 72' lang='grc' dir='ltr'><strong>-ο</strong></span> <span class='ocrx_word' id='word_1_5' title='bbox 2062 352 2192 410; x_wconf 85' lang='lat' dir='ltr'><strong>LIB.</strong></span> <span class='ocrx_word' id='word_1_6' title='bbox 2236 350 2318 405; x_wconf 93' lang='grc' dir='ltr'>ιιι.</span> <span class='ocrx_word' id='word_1_7' title='bbox 3281 338 3386 393; x_wconf 69' lang='lat' dir='ltr'><strong>tas</strong></span> 
     </span>
    </p>
   </div>
   <div class='ocr_carea' id='block_1_2' title="bbox 151 453 3393 560">
    <p class='ocr_par' dir='ltr' id='par_1_2' title="bbox 151 453 3393 560">
     <span class='ocr_line' id='line_1_2' title="bbox 151 453 3393 560; baseline -0.013 -8"><span class='ocrx_word' id='word_1_8' title='bbox 151 472 394 552; x_wconf 71' lang='lat' dir='ltr'><strong>dimidium</strong></span> <span class='ocrx_word' id='word_1_9' title='bbox 442 470 589 560; x_wconf 83' lang='lat' dir='ltr'><strong>regni</strong></span> <span class='ocrx_word' id='word_1_10' title='bbox 624 468 895 557; x_wconf 84' lang='lat' dir='ltr'><strong>perderet,</strong></span> <span class='ocrx_word' id='word_1_11' title='bbox 929 483 981 536; x_wconf 90' lang='lat' dir='ltr'><strong>in</strong></span> <span class='ocrx_word' id='word_1_12' title='bbox 1023 480 1111 536; x_wconf 91' lang='lat' dir='ltr'><strong>illo</strong></span> <span class='ocrx_word' id='word_1_13' title='bbox 1156 482 1447 534; x_wconf 81' lang='lat' dir='ltr'><strong>verebatur</strong></span> <span class='ocrx_word' id='word_1_14' title='bbox 1489 492 1555 533; x_wconf 85' lang='lat' dir='ltr'><strong>ne</strong></span> <span class='ocrx_word' id='word_1_15' title='bbox 1584 478 1694 528; x_wconf 84' lang='lat' dir='ltr'><strong>lra-</strong></span> <span class='ocrx_word' id='word_1_16' title='bbox 1728 480 1773 536; x_wconf 77' lang='grc' dir='ltr'><strong>Α</strong></span> <span class='ocrx_word' id='word_1_17' title='bbox 1802 478 1963 541; x_wconf 85' lang='lat' dir='ltr'><strong>negat</strong></span> <span class='ocrx_word' id='word_1_18' title='bbox 1988 468 2256 530; x_wconf 86' lang='lat' dir='ltr'><strong>oblatam;</strong></span> <span class='ocrx_word' id='word_1_19' title='bbox 2297 472 2459 535; x_wconf 83' lang='lat' dir='ltr'><strong>negat</strong></span> <span class='ocrx_word' id='word_1_20' title='bbox 2476 460 2644 560; x_wconf 79' lang='lat' dir='ltr'><strong>etiam</strong></span> <span class='ocrx_word' id='word_1_21' title='bbox 2670 476 2730 517; x_wconf 90' lang='lat' dir='ltr'><strong>se</strong></span> <span class='ocrx_word' id='word_1_22' title='bbox 2759 457 2851 560; x_wconf 70' lang='lat' dir='ltr'><strong>vel</strong></span> <span class='ocrx_word' id='word_1_23' title='bbox 2874 455 3049 560; x_wconf 74' lang='lat' dir='ltr'><strong>semei</strong></span> <span class='ocrx_word' id='word_1_24' title='bbox 3083 453 3393 560; x_wconf 63' lang='lat' dir='ltr'><strong>aliquando</strong></span> 
     </span>
    </p>
   </div>
   <div class='ocr_carea' id='block_1_3' title="bbox 154 545 3391 644">
    <p class='ocr_par' dir='ltr' id='par_1_3' title="bbox 154 545 3391 644">
     <span class='ocr_line' id='line_1_3' title="bbox 154 545 3391 644; baseline -0.014 1"><span class='ocrx_word' id='word_1_25' title='bbox 154 599 261 644; x_wconf 87' lang='lat' dir='ltr'><strong>trem</strong></span> <span class='ocrx_word' id='word_1_26' title='bbox 281 596 428 637; x_wconf 88' lang='lat' dir='ltr'><strong>suum</strong></span> <span class='ocrx_word' id='word_1_27' title='bbox 456 545 748 634; x_wconf 59' lang='lat' dir='ltr'><strong>“ubertum</strong></span> <span class='ocrx_word' id='word_1_28' title='bbox 776 577 866 635; x_wconf 68' lang='lat' dir='ltr'><strong>cui</strong></span> <span class='ocrx_word' id='word_1_29' title='bbox 906 584 1033 627; x_wconf 86' lang='lat' dir='ltr'><strong>tunc</strong></span> <span class='ocrx_word' id='word_1_30' title='bbox 1072 572 1138 626; x_wconf 90' lang='lat' dir='ltr'><strong>de</strong></span> <span class='ocrx_word' id='word_1_31' title='bbox 1169 570 1471 625; x_wconf 79' lang='lat' dir='ltr'><strong>Jerusalem</strong></span> <span class='ocrx_word' id='word_1_32' title='bbox 1504 565 1701 621; x_wconf 56' lang='lat' dir='ltr'><strong>North.</strong></span> <span class='ocrx_word' id='word_1_33' title='bbox 1806 579 1904 619; x_wconf 88' lang='lat' dir='ltr'><strong>sua</strong></span> <span class='ocrx_word' id='word_1_34' title='bbox 1926 560 2203 616; x_wconf 86' lang='lat' dir='ltr'><strong>voluntate</strong></span> <span class='ocrx_word' id='word_1_35' title='bbox 2225 557 2387 611; x_wconf 88' lang='lat' dir='ltr'><strong>fuisse</strong></span> <span class='ocrx_word' id='word_1_36' title='bbox 2410 553 2731 620; x_wconf 85' lang='lat' dir='ltr'><strong>velatam,et</strong></span> <span class='ocrx_word' id='word_1_37' title='bbox 2758 553 2874 607; x_wconf 62' lang='lat' dir='ltr'><strong>hinc</strong></span> <span class='ocrx_word' id='word_1_38' title='bbox 2898 548 2943 605; x_wconf 86' lang='lat' dir='ltr'><strong>si</strong></span> <span class='ocrx_word' id='word_1_39' title='bbox 2969 547 3193 644; x_wconf 56' lang='lat' dir='ltr'><strong>credere</strong></span> <span class='ocrx_word' id='word_1_40' title='bbox 3230 545 3391 644; x_wconf 75' lang='lat' dir='ltr'><strong>aliter</strong></span> 
     </span>
    </p>
   </div>
   <div class='ocr_carea' id='block_1_4' title="bbox 156 637 3391 732">
    <p class='ocr_par' dir='ltr' id='par_1_4' title="bbox 156 637 3391 732">
     <span class='ocr_line' id='line_1_4' title="bbox 156 637 3391 732; baseline -0.013 0"><span class='ocrx_word' id='word_1_41' title='bbox 156 637 387 732; x_wconf 72' lang='lat' dir='ltr'><strong>inanitiain</strong></span> <span class='ocrx_word' id='word_1_42' title='bbox 417 671 669 731; x_wconf 89' lang='lat' dir='ltr'><strong>redierat,</strong></span> <span class='ocrx_word' id='word_1_43' title='bbox 707 667 995 720; x_wconf 80' lang='lat' dir='ltr'><strong>Anselmus</strong></span> <span class='ocrx_word' id='word_1_44' title='bbox 1029 662 1224 725; x_wconf 86' lang='lat' dir='ltr'><strong>adiret,</strong></span> <span class='ocrx_word' id='word_1_45' title='bbox 1255 669 1312 713; x_wconf 91' lang='lat' dir='ltr'><strong>et</strong></span> <span class='ocrx_word' id='word_1_46' title='bbox 1344 675 1466 713; x_wconf 89' lang='lat' dir='ltr'><strong>eum</strong></span> <span class='ocrx_word' id='word_1_47' title='bbox 1494 658 1544 712; x_wconf 90' lang='lat' dir='ltr'><strong>in</strong></span> <span class='ocrx_word' id='word_1_48' title='bbox 1569 674 1703 728; x_wconf 62' lang='lat' dir='ltr'><strong>apoc</strong></span> <span class='ocrx_word' id='word_1_49' title='bbox 1806 654 1959 717; x_wconf 83' lang='lat' dir='ltr'><strong>nolit,</strong></span> <span class='ocrx_word' id='word_1_50' title='bbox 2016 648 2176 704; x_wconf 83' lang='lat' dir='ltr'><strong>olfert</strong></span> <span class='ocrx_word' id='word_1_51' title='bbox 2223 661 2281 701; x_wconf 89' lang='lat' dir='ltr'><strong>se</strong></span> <span class='ocrx_word' id='word_1_52' title='bbox 2316 646 2520 716; x_wconf 85' lang='lat' dir='ltr'><strong>judicio</strong></span> <span class='ocrx_word' id='word_1_53' title='bbox 2571 644 2738 700; x_wconf 91' lang='lat' dir='ltr'><strong>totius</strong></span> <span class='ocrx_word' id='word_1_54' title='bbox 2789 641 3084 712; x_wconf 81' lang='lat' dir='ltr'><strong>Anglorum</strong></span> <span class='ocrx_word' id='word_1_55' title='bbox 3133 637 3391 694; x_wconf 70' lang='lat' dir='ltr'><strong>Eeclcs’a:</strong></span> 
     </span>
    </p>
   </div>
   <div class='ocr_carea' id='block_1_5' title="bbox 158 732 3391 827">
    <p class='ocr_par' dir='ltr' id='par_1_5' title="bbox 158 732 3391 827">
     <span class='ocr_line' id='line_1_5' title="bbox 158 732 3391 827; baseline -0.012 -5"><span class='ocrx_word' id='word_1_56' title='bbox 158 765 324 822; x_wconf 71' lang='lat' dir='ltr'><strong>stolica:</strong></span> <span class='ocrx_word' id='word_1_57' title='bbox 340 760 479 815; x_wconf 80' lang='lat' dir='ltr'><strong>sedis</strong></span> <span class='ocrx_word' id='word_1_58' title='bbox 495 758 890 827; x_wconf 79' lang='lat' dir='ltr'><strong>subjectiouem</strong></span> <span class='ocrx_word' id='word_1_59' title='bbox 913 751 1375 821; x_wconf 85' lang='lat' dir='ltr'><strong>deductmn,quod</strong></span> <span class='ocrx_word' id='word_1_60' title='bbox 1395 748 1702 803; x_wconf 89' lang='lat' dir='ltr'><strong>facillimum</strong></span> <span class='ocrx_word' id='word_1_61' title='bbox 1805 745 2153 815; x_wconf 86' lang='lat' dir='ltr'><strong>probaturam</strong></span> <span class='ocrx_word' id='word_1_62' title='bbox 2182 757 2195 795; x_wconf 90' lang='lat'><strong>:</strong></span> <span class='ocrx_word' id='word_1_63' title='bbox 2240 757 2259 791; x_wconf 71' lang='grc' dir='ltr'><strong>ι</strong></span> <span class='ocrx_word' id='word_1_64' title='bbox 2290 741 2568 804; x_wconf 84' lang='lat' dir='ltr'><strong>Attamen,</strong></span> <span class='ocrx_word' id='word_1_65' title='bbox 2612 736 2804 806; x_wconf 89' lang='lat' dir='ltr'><strong>inquit,</strong></span> <span class='ocrx_word' id='word_1_66' title='bbox 2832 750 2917 789; x_wconf 88' lang='lat' dir='ltr'><strong>tne</strong></span> <span class='ocrx_word' id='word_1_67' title='bbox 2946 732 3120 789; x_wconf 86' lang='lat' dir='ltr'><strong>velum</strong></span> <span class='ocrx_word' id='word_1_68' title='bbox 3147 739 3391 802; x_wconf 77' lang='lat' dir='ltr'><strong>portasse</strong></span> 
     </span>
    </p>
   </div>
   <div class='ocr_carea' id='block_1_6' title="bbox 162 827 3394 921">
    <p class='ocr_par' dir='ltr' id='par_1_6' title="bbox 162 827 3394 921">
     <span class='ocr_line' id='line_1_6' title="bbox 162 827 3394 921; baseline -0.011 -9"><span class='ocrx_word' id='word_1_69' title='bbox 162 860 270 912; x_wconf 80' lang='lat' dir='ltr'><strong>factu</strong></span> <span class='ocrx_word' id='word_1_70' title='bbox 289 853 506 915; x_wconf 84' lang='lat' dir='ltr'><strong>sciebat,</strong></span> <span class='ocrx_word' id='word_1_71' title='bbox 558 866 741 921; x_wconf 82' lang='lat' dir='ltr'><strong>regem</strong></span> <span class='ocrx_word' id='word_1_72' title='bbox 772 848 975 919; x_wconf 80' lang='lat' dir='ltr'><strong>Angliae</strong></span> <span class='ocrx_word' id='word_1_73' title='bbox 1018 845 1244 900; x_wconf 87' lang='lat' dir='ltr'><strong>faceret.</strong></span> <span class='ocrx_word' id='word_1_74' title='bbox 1276 845 1351 899; x_wconf 88' lang='lat' dir='ltr'><strong>De</strong></span> <span class='ocrx_word' id='word_1_75' title='bbox 1392 842 1569 897; x_wconf 88' lang='lat' dir='ltr'><strong>verbis</strong></span> <span class='ocrx_word' id='word_1_76' title='bbox 1601 839 1704 910; x_wconf 86' lang='lat' dir='ltr'><strong>igi-</strong></span> <span class='ocrx_word' id='word_1_77' title='bbox 1807 854 1913 893; x_wconf 93' lang='lat' dir='ltr'><strong>non</strong></span> <span class='ocrx_word' id='word_1_78' title='bbox 1944 839 2173 907; x_wconf 75' lang='lat' dir='ltr'><strong>abnego.</strong></span> <span class='ocrx_word' id='word_1_79' title='bbox 2223 834 2357 891; x_wconf 75' lang='lat' dir='ltr'><strong>Nam</strong></span> <span class='ocrx_word' id='word_1_80' title='bbox 2406 849 2528 887; x_wconf 90' lang='lat' dir='ltr'><strong>cum</strong></span> <span class='ocrx_word' id='word_1_81' title='bbox 2559 827 2957 885; x_wconf 82' lang='lat' dir='ltr'><strong>adolescentnla</strong></span> <span class='ocrx_word' id='word_1_82' title='bbox 2989 840 3187 889; x_wconf 88' lang='lat' dir='ltr'><strong>essem,</strong></span> <span class='ocrx_word' id='word_1_83' title='bbox 3212 834 3264 881; x_wconf 90' lang='lat' dir='ltr'><strong>et</strong></span> <span class='ocrx_word' id='word_1_84' title='bbox 3294 827 3394 878; x_wconf 88' lang='lat' dir='ltr'><strong>sub</strong></span> 
     </span>
    </p>
   </div>
   <div class='ocr_carea' id='block_1_7' title="bbox 164 918 3393 1005">
    <p class='ocr_par' dir='ltr' id='par_1_7' title="bbox 164 918 3393 1005">
     <span class='ocr_line' id='line_1_7' title="bbox 164 918 3393 1005; baseline -0.01 -3"><span class='ocrx_word' id='word_1_85' title='bbox 164 960 232 1002; x_wconf 82' lang='lat' dir='ltr'><strong>tur</strong></span> <span class='ocrx_word' id='word_1_86' title='bbox 252 946 559 1000; x_wconf 78' lang='lat' dir='ltr'><strong>altrinsecus</strong></span> <span class='ocrx_word' id='word_1_87' title='bbox 607 918 769 995; x_wconf 84' lang='lat' dir='ltr'><strong>motis</strong></span> <span class='ocrx_word' id='word_1_88' title='bbox 800 918 1034 994; x_wconf 64' lang='lat' dir='ltr'><strong>inducite</strong></span> <span class='ocrx_word' id='word_1_89' title='bbox 1081 951 1251 1005; x_wconf 86' lang='lat' dir='ltr'><strong>usque</strong></span> <span class='ocrx_word' id='word_1_90' title='bbox 1280 934 1487 989; x_wconf 79' lang='lat' dir='ltr'><strong>Pascha</strong></span> <span class='ocrx_word' id='word_1_91' title='bbox 1524 932 1706 1001; x_wconf 76' lang='lat' dir='ltr'><strong>potine</strong></span> <span class='ocrx_word' id='word_1_92' title='bbox 1808 930 1997 986; x_wconf 71' lang='lat' dir='ltr'><strong>amica:</strong></span> <span class='ocrx_word' id='word_1_93' title='bbox 2028 944 2161 983; x_wconf 70' lang='lat' dir='ltr'><strong>meae</strong></span> <span class='ocrx_word' id='word_1_94' title='bbox 2208 926 2557 988; x_wconf 61' lang='lat' dir='ltr'><strong>Christianae,</strong></span> <span class='ocrx_word' id='word_1_95' title='bbox 2588 938 2749 993; x_wconf 89' lang='lat' dir='ltr'><strong>quam</strong></span> <span class='ocrx_word' id='word_1_96' title='bbox 2783 933 2837 976; x_wconf 92' lang='lat' dir='ltr'><strong>tu</strong></span> <span class='ocrx_word' id='word_1_97' title='bbox 2882 921 3019 974; x_wconf 90' lang='lat' dir='ltr'><strong>bene</strong></span> <span class='ocrx_word' id='word_1_98' title='bbox 3052 918 3218 980; x_wconf 88' lang='lat' dir='ltr'><strong>nosti,</strong></span> <span class='ocrx_word' id='word_1_99' title='bbox 3244 918 3393 987; x_wconf 75' lang='lat' dir='ltr'><strong>virga</strong></span> 
     </span>
    </p>
   </div>
   <div class='ocr_carea' id='block_1_8' title="bbox 163 1013 3391 1108">
    <p class='ocr_par' dir='ltr' id='par_1_8' title="bbox 163 1013 3391 1108">
     <span class='ocr_line' id='line_1_8' title="bbox 163 1013 3391 1108; baseline -0.007 -16"><span class='ocrx_word' id='word_1_100' title='bbox 163 1050 275 1105; x_wconf 82' lang='lat' dir='ltr'><strong>sunt,</strong></span> <span class='ocrx_word' id='word_1_101' title='bbox 303 1044 563 1108; x_wconf 81' lang='lat' dir='ltr'><strong>quatenus</strong></span> <span class='ocrx_word' id='word_1_102' title='bbox 608 1034 865 1101; x_wconf 91' lang='lat' dir='ltr'><strong>utrinque</strong></span> <span class='ocrx_word' id='word_1_103' title='bbox 914 1030 1143 1084; x_wconf 80' lang='lat' dir='ltr'><strong>Romam</strong></span> <span class='ocrx_word' id='word_1_104' title='bbox 1194 1027 1559 1090; x_wconf 83' lang='lat' dir='ltr'><strong>mitterentur,</strong></span> <span class='ocrx_word' id='word_1_105' title='bbox 1614 1023 1704 1092; x_wconf 86' lang='lat' dir='ltr'><strong>qui</strong></span> <span class='ocrx_word' id='word_1_106' title='bbox 1809 1036 2081 1091; x_wconf 86' lang='lat' dir='ltr'><strong>paverem,</strong></span> <span class='ocrx_word' id='word_1_107' title='bbox 2129 1021 2215 1075; x_wconf 85' lang='lat' dir='ltr'><strong>illa</strong></span> <span class='ocrx_word' id='word_1_108' title='bbox 2256 1020 2507 1077; x_wconf 89' lang='lat' dir='ltr'><strong>servandi</strong></span> <span class='ocrx_word' id='word_1_109' title='bbox 2558 1015 2804 1086; x_wconf 89' lang='lat' dir='ltr'><strong>corporis</strong></span> <span class='ocrx_word' id='word_1_110' title='bbox 2844 1013 2947 1067; x_wconf 91' lang='lat' dir='ltr'><strong>tnei</strong></span> <span class='ocrx_word' id='word_1_111' title='bbox 2990 1029 3161 1074; x_wconf 82' lang='lat' dir='ltr'><strong>causa</strong></span> <span class='ocrx_word' id='word_1_112' title='bbox 3200 1027 3391 1076; x_wconf 81' lang='lat' dir='ltr'><strong>contra</strong></span> 
     </span>
    </p>
   </div>
   <div class='ocr_carea' id='block_1_9' title="bbox 165 1110 3396 1196">
    <p class='ocr_par' dir='ltr' id='par_1_9' title="bbox 165 1110 3396 1196">
     <span class='ocr_line' id='line_1_9' title="bbox 165 1110 3396 1196; baseline -0.007 -11"><span class='ocrx_word' id='word_1_113' title='bbox 165 1134 339 1185; x_wconf 83' lang='lat' dir='ltr'><strong>decreta</strong></span> <span class='ocrx_word' id='word_1_114' title='bbox 364 1125 657 1196; x_wconf 77' lang='lat' dir='ltr'><strong>apostolica</strong></span> <span class='ocrx_word' id='word_1_115' title='bbox 692 1126 747 1178; x_wconf 93' lang='lat' dir='ltr'><strong>in</strong></span> <span class='ocrx_word' id='word_1_116' title='bbox 793 1120 1085 1192; x_wconf 83' lang='lat' dir='ltr'><strong>pristinum</strong></span> <span class='ocrx_word' id='word_1_117' title='bbox 1139 1117 1286 1187; x_wconf 88' lang='lat' dir='ltr'><strong>regni</strong></span> <span class='ocrx_word' id='word_1_118' title='bbox 1326 1132 1481 1171; x_wconf 88' lang='lat' dir='ltr'><strong>usum</strong></span> <span class='ocrx_word' id='word_1_119' title='bbox 1533 1124 1708 1169; x_wconf 79' lang='lat' dir='ltr'><strong>muta-</strong></span> <span class='ocrx_word' id='word_1_120' title='bbox 1810 1111 2077 1166; x_wconf 83' lang='lat' dir='ltr'><strong>furentem</strong></span> <span class='ocrx_word' id='word_1_121' title='bbox 2102 1121 2156 1165; x_wconf 89' lang='lat' dir='ltr'><strong>et</strong></span> <span class='ocrx_word' id='word_1_122' title='bbox 2176 1111 2436 1182; x_wconf 82' lang='lat' dir='ltr'><strong>cujusque</strong></span> <span class='ocrx_word' id='word_1_123' title='bbox 2466 1110 2655 1180; x_wconf 92' lang='lat' dir='ltr'><strong>pudori</strong></span> <span class='ocrx_word' id='word_1_124' title='bbox 2694 1126 2755 1165; x_wconf 89' lang='lat' dir='ltr'><strong>ea</strong></span> <span class='ocrx_word' id='word_1_125' title='bbox 2782 1116 3105 1178; x_wconf 80' lang='lat' dir='ltr'><strong>tempestate</strong></span> <span class='ocrx_word' id='word_1_126' title='bbox 3130 1111 3396 1165; x_wconf 77' lang='lat' dir='ltr'><strong>insidian-</strong></span> 
     </span>
    </p>
   </div>
   <div class='ocr_carea' id='block_1_10' title="bbox 167 1199 3392 1284">
    <p class='ocr_par' dir='ltr' id='par_1_10' title="bbox 167 1199 3392 1284">
     <span class='ocr_line' id='line_1_10' title="bbox 167 1199 3392 1284; baseline -0.008 -8"><span class='ocrx_word' id='word_1_127' title='bbox 167 1230 275 1284; x_wconf 87' lang='lat' dir='ltr'><strong>rent,</strong></span> <span class='ocrx_word' id='word_1_128' title='bbox 296 1229 345 1272; x_wconf 91' lang='lat' dir='ltr'><strong>et</strong></span> <span class='ocrx_word' id='word_1_129' title='bbox 368 1218 582 1270; x_wconf 77' lang='lat' dir='ltr'><strong>interim</strong></span> <span class='ocrx_word' id='word_1_130' title='bbox 618 1214 878 1269; x_wconf 72' lang='lat' dir='ltr'><strong>Ecciesiis</strong></span> <span class='ocrx_word' id='word_1_131' title='bbox 906 1210 1111 1280; x_wconf 56' lang='lat' dir='ltr'><strong>Anglia</strong></span> <span class='ocrx_word' id='word_1_132' title='bbox 1140 1210 1193 1264; x_wconf 90' lang='lat' dir='ltr'><strong>in</strong></span> <span class='ocrx_word' id='word_1_133' title='bbox 1228 1222 1339 1278; x_wconf 85' lang='lat' dir='ltr'><strong>quo</strong></span> <span class='ocrx_word' id='word_1_134' title='bbox 1370 1215 1529 1261; x_wconf 87' lang='lat' dir='ltr'><strong>erant</strong></span> <span class='ocrx_word' id='word_1_135' title='bbox 1563 1214 1706 1260; x_wconf 82' lang='lat' dir='ltr'><strong>statu</strong></span> <span class='ocrx_word' id='word_1_136' title='bbox 1810 1212 1916 1256; x_wconf 86' lang='lat' dir='ltr'><strong>tem</strong></span> <span class='ocrx_word' id='word_1_137' title='bbox 1943 1199 2441 1257; x_wconf 74' lang='lat' dir='ltr'><strong>Northmannerum</strong></span> <span class='ocrx_word' id='word_1_138' title='bbox 2470 1200 2770 1265; x_wconf 85' lang='lat' dir='ltr'><strong>libidinem,</strong></span> <span class='ocrx_word' id='word_1_139' title='bbox 2803 1200 3017 1270; x_wconf 77' lang='lat' dir='ltr'><strong>nigrum</strong></span> <span class='ocrx_word' id='word_1_140' title='bbox 3045 1200 3392 1269; x_wconf 86' lang='lat' dir='ltr'><strong>panniculum</strong></span> 
     </span>
    </p>
   </div>
   <div class='ocr_carea' id='block_1_11' title="bbox 170 1291 3396 1370">
    <p class='ocr_par' dir='ltr' id='par_1_11' title="bbox 170 1291 3396 1370">
     <span class='ocr_line' id='line_1_11' title="bbox 170 1291 3396 1370; baseline -0.008 -1"><span class='ocrx_word' id='word_1_141' title='bbox 170 1311 479 1370; x_wconf 71' lang='lat' dir='ltr'><strong>manentibus,</strong></span> <span class='ocrx_word' id='word_1_142' title='bbox 512 1307 800 1363; x_wconf 85' lang='lat' dir='ltr'><strong>Anseimus</strong></span> <span class='ocrx_word' id='word_1_143' title='bbox 826 1305 1050 1360; x_wconf 83' lang='lat' dir='ltr'><strong>redditis</strong></span> <span class='ocrx_word' id='word_1_144' title='bbox 1075 1303 1235 1357; x_wconf 86' lang='lat' dir='ltr'><strong>terris</strong></span> <span class='ocrx_word' id='word_1_145' title='bbox 1268 1314 1405 1370; x_wconf 88' lang='lat' dir='ltr'><strong>quas</strong></span> <span class='ocrx_word' id='word_1_146' title='bbox 1434 1314 1528 1353; x_wconf 76' lang='lat' dir='ltr'><strong>rex</strong></span> <span class='ocrx_word' id='word_1_147' title='bbox 1560 1313 1708 1352; x_wconf 80' lang='lat' dir='ltr'><strong>mor-</strong></span> <span class='ocrx_word' id='word_1_148' title='bbox 1810 1294 1974 1363; x_wconf 78' lang='lat' dir='ltr'><strong>capiti</strong></span> <span class='ocrx_word' id='word_1_149' title='bbox 2005 1308 2125 1347; x_wconf 88' lang='lat' dir='ltr'><strong>meo</strong></span> <span class='ocrx_word' id='word_1_150' title='bbox 2172 1308 2565 1363; x_wconf 88' lang='lat' dir='ltr'><strong>superponere,</strong></span> <span class='ocrx_word' id='word_1_151' title='bbox 2610 1302 2667 1348; x_wconf 86' lang='lat' dir='ltr'><strong>et</strong></span> <span class='ocrx_word' id='word_1_152' title='bbox 2707 1307 2793 1347; x_wconf 90' lang='lat' dir='ltr'><strong>me</strong></span> <span class='ocrx_word' id='word_1_153' title='bbox 2851 1292 2998 1346; x_wconf 91' lang='lat' dir='ltr'><strong>illum</strong></span> <span class='ocrx_word' id='word_1_154' title='bbox 3051 1291 3396 1360; x_wconf 88' lang='lat' dir='ltr'><strong>abjicicntem</strong></span> 
     </span>
    </p>
   </div>
   <div class='ocr_carea' id='block_1_12' title="bbox 172 1379 3397 1458">
    <p class='ocr_par' dir='ltr' id='par_1_12' title="bbox 172 1379 3397 1458">
     <span class='ocr_line' id='line_1_12' title="bbox 172 1379 3397 1458; baseline -0.008 0"><span class='ocrx_word' id='word_1_155' title='bbox 172 1414 264 1458; x_wconf 87' lang='lat' dir='ltr'><strong>tuus</strong></span> <span class='ocrx_word' id='word_1_156' title='bbox 281 1400 520 1455; x_wconf 56' lang='lat' dir='ltr'><strong>Ecclesia:</strong></span> <span class='ocrx_word' id='word_1_157' title='bbox 548 1396 925 1454; x_wconf 81' lang='lat' dir='ltr'><strong>Cantuariensi</strong></span> <span class='ocrx_word' id='word_1_158' title='bbox 955 1392 1276 1456; x_wconf 76' lang='lat' dir='ltr'><strong>abstulerat,</strong></span> <span class='ocrx_word' id='word_1_159' title='bbox 1314 1392 1427 1446; x_wconf 88' lang='lat' dir='ltr'><strong>suis</strong></span> <span class='ocrx_word' id='word_1_160' title='bbox 1457 1390 1711 1445; x_wconf 85' lang='lat' dir='ltr'><strong>omnibus</strong></span> <span class='ocrx_word' id='word_1_161' title='bbox 1811 1384 1955 1438; x_wconf 83' lang='lat' dir='ltr'><strong>acris</strong></span> <span class='ocrx_word' id='word_1_162' title='bbox 1984 1383 2299 1437; x_wconf 77' lang='lat' dir='ltr'><strong>verberibus</strong></span> <span class='ocrx_word' id='word_1_163' title='bbox 2324 1392 2379 1436; x_wconf 90' lang='lat' dir='ltr'><strong>et</strong></span> <span class='ocrx_word' id='word_1_164' title='bbox 2411 1383 2636 1436; x_wconf 85' lang='lat' dir='ltr'><strong>nimium</strong></span> <span class='ocrx_word' id='word_1_165' title='bbox 2666 1382 2917 1437; x_wconf 81' lang='lat' dir='ltr'><strong>obscenis</strong></span> <span class='ocrx_word' id='word_1_166' title='bbox 2947 1379 3232 1435; x_wconf 87' lang='lat' dir='ltr'><strong>verborum</strong></span> <span class='ocrx_word' id='word_1_167' title='bbox 3263 1394 3397 1435; x_wconf 83' lang='lat' dir='ltr'><strong>con-</strong></span> 
     </span>
    </p>
   </div>
   <div class='ocr_carea' id='block_1_13' title="bbox 174 1473 3398 1559">
    <p class='ocr_par' dir='ltr' id='par_1_13' title="bbox 174 1473 3398 1559">
     <span class='ocr_line' id='line_1_13' title="bbox 174 1473 3398 1559; baseline -0.007 -8"><span class='ocrx_word' id='word_1_168' title='bbox 174 1498 497 1556; x_wconf 79' lang='lat' dir='ltr'><strong>revestiretur,</strong></span> <span class='ocrx_word' id='word_1_169' title='bbox 555 1490 744 1559; x_wconf 86' lang='lat' dir='ltr'><strong>sicque</strong></span> <span class='ocrx_word' id='word_1_170' title='bbox 797 1489 947 1544; x_wconf 79' lang='lat' dir='ltr'><strong>ﬁeret</strong></span> <span class='ocrx_word' id='word_1_171' title='bbox 989 1496 1048 1541; x_wconf 90' lang='lat' dir='ltr'><strong>ut</strong></span> <span class='ocrx_word' id='word_1_172' title='bbox 1089 1487 1133 1542; x_wconf 88' lang='lat' dir='ltr'><strong>si</strong></span> <span class='ocrx_word' id='word_1_173' title='bbox 1182 1500 1211 1540; x_wconf 89' lang='lat' dir='ltr'><strong>a</strong></span> <span class='ocrx_word' id='word_1_174' title='bbox 1247 1483 1516 1541; x_wconf 73' lang='lat' dir='ltr'><strong>sententia</strong></span> <span class='ocrx_word' id='word_1_175' title='bbox 1566 1482 1709 1537; x_wconf 78' lang='lat' dir='ltr'><strong>ﬂecti</strong></span> <span class='ocrx_word' id='word_1_176' title='bbox 1810 1478 1968 1533; x_wconf 83' lang='lat' dir='ltr'><strong>viciis</strong></span> <span class='ocrx_word' id='word_1_177' title='bbox 2005 1492 2147 1548; x_wconf 77' lang='lat' dir='ltr'><strong>saepe</strong></span> <span class='ocrx_word' id='word_1_178' title='bbox 2183 1476 2434 1532; x_wconf 88' lang='lat' dir='ltr'><strong>cruciare</strong></span> <span class='ocrx_word' id='word_1_179' title='bbox 2470 1475 2629 1530; x_wconf 87' lang='lat' dir='ltr'><strong>simul</strong></span> <span class='ocrx_word' id='word_1_180' title='bbox 2658 1484 2716 1529; x_wconf 90' lang='lat' dir='ltr'><strong>et</strong></span> <span class='ocrx_word' id='word_1_181' title='bbox 2770 1476 3133 1530; x_wconf 87' lang='lat' dir='ltr'><strong>dehonestare</strong></span> <span class='ocrx_word' id='word_1_182' title='bbox 3162 1473 3398 1529; x_wconf 84' lang='lat' dir='ltr'><strong>solebat.</strong></span> 
     </span>
    </p>
   </div>
   <div class='ocr_carea' id='block_1_14' title="bbox 174 1569 3403 1659">
    <p class='ocr_par' dir='ltr' id='par_1_14' title="bbox 174 1569 3403 1659">
     <span class='ocr_line' id='line_1_14' title="bbox 174 1569 3403 1659; baseline -0.006 -18"><span class='ocrx_word' id='word_1_183' title='bbox 174 1605 274 1659; x_wconf 75' lang='lat' dir='ltr'><strong>papa</strong></span> <span class='ocrx_word' id='word_1_184' title='bbox 319 1585 583 1655; x_wconf 74' lang='lat' dir='ltr'><strong>nequiret,</strong></span> <span class='ocrx_word' id='word_1_185' title='bbox 628 1583 795 1637; x_wconf 89' lang='lat' dir='ltr'><strong>totius</strong></span> <span class='ocrx_word' id='word_1_186' title='bbox 822 1579 1021 1650; x_wconf 85' lang='lat' dir='ltr'><strong>negotii</strong></span> <span class='ocrx_word' id='word_1_187' title='bbox 1072 1592 1286 1633; x_wconf 89' lang='lat' dir='ltr'><strong>summa</strong></span> <span class='ocrx_word' id='word_1_188' title='bbox 1336 1577 1391 1632; x_wconf 87' lang='lat' dir='ltr'><strong>in</strong></span> <span class='ocrx_word' id='word_1_189' title='bbox 1445 1590 1568 1631; x_wconf 90' lang='lat' dir='ltr'><strong>eum</strong></span> <span class='ocrx_word' id='word_1_190' title='bbox 1602 1589 1711 1644; x_wconf 88' lang='lat' dir='ltr'><strong>quo</strong></span> <span class='ocrx_word' id='word_1_191' title='bbox 1813 1572 1983 1638; x_wconf 85' lang='lat' dir='ltr'><strong>Quem</strong></span> <span class='ocrx_word' id='word_1_192' title='bbox 2013 1585 2252 1641; x_wconf 89' lang='lat' dir='ltr'><strong>pannum</strong></span> <span class='ocrx_word' id='word_1_193' title='bbox 2300 1570 2353 1624; x_wconf 89' lang='lat' dir='ltr'><strong>in</strong></span> <span class='ocrx_word' id='word_1_194' title='bbox 2393 1570 2562 1641; x_wconf 82' lang='lat' dir='ltr'><strong>ipsius</strong></span> <span class='ocrx_word' id='word_1_195' title='bbox 2588 1570 2805 1640; x_wconf 89' lang='lat' dir='ltr'><strong>quidem</strong></span> <span class='ocrx_word' id='word_1_196' title='bbox 2855 1569 3142 1640; x_wconf 84' lang='lat' dir='ltr'><strong>praesentia</strong></span> <span class='ocrx_word' id='word_1_197' title='bbox 3174 1583 3403 1639; x_wconf 79' lang='lat' dir='ltr'><strong>gemens</strong></span> 
     </span>
    </p>
   </div>
   <div class='ocr_carea' id='block_1_15' title="bbox 175 1660 3404 1736">
    <p class='ocr_par' dir='ltr' id='par_1_15' title="bbox 175 1660 3404 1736">
     <span class='ocr_line' id='line_1_15' title="bbox 175 1660 3404 1736; baseline -0.006 -3"><span class='ocrx_word' id='word_1_198' title='bbox 175 1690 272 1733; x_wconf 79' lang='lat' dir='ltr'><strong>tuac</strong></span> <span class='ocrx_word' id='word_1_199' title='bbox 290 1687 436 1731; x_wconf 83' lang='lat' dir='ltr'><strong>erant</strong></span> <span class='ocrx_word' id='word_1_200' title='bbox 464 1684 666 1730; x_wconf 84' lang='lat' dir='ltr'><strong>statum</strong></span> <span class='ocrx_word' id='word_1_201' title='bbox 700 1672 923 1728; x_wconf 88' lang='lat' dir='ltr'><strong>rediret.</strong></span> <span class='ocrx_word' id='word_1_202' title='bbox 960 1670 1085 1726; x_wconf 64' lang='lat' dir='ltr'><strong>Haec</strong></span> <span class='ocrx_word' id='word_1_203' title='bbox 1116 1668 1426 1732; x_wconf 77' lang='lat' dir='ltr'><strong>Ansclmus,</strong></span> <span class='ocrx_word' id='word_1_204' title='bbox 1465 1666 1714 1736; x_wconf 81' lang='lat' dir='ltr'><strong>quamvis</strong></span> <span class='ocrx_word' id='word_1_205' title='bbox 1815 1680 1879 1721; x_wconf 85' lang='lat' dir='ltr'><strong>ac</strong></span> <span class='ocrx_word' id='word_1_206' title='bbox 1910 1663 2263 1719; x_wconf 89' lang='lat' dir='ltr'><strong>tremebunda</strong></span> <span class='ocrx_word' id='word_1_207' title='bbox 2290 1662 2558 1726; x_wconf 81' lang='lat' dir='ltr'><strong>ferebam,</strong></span> <span class='ocrx_word' id='word_1_208' title='bbox 2595 1661 2687 1716; x_wconf 88' lang='lat' dir='ltr'><strong>sed</strong></span> <span class='ocrx_word' id='word_1_209' title='bbox 2714 1676 2835 1715; x_wconf 78' lang='lat' dir='ltr'><strong>mox</strong></span> <span class='ocrx_word' id='word_1_210' title='bbox 2873 1670 2931 1715; x_wconf 91' lang='lat' dir='ltr'><strong>ut</strong></span> <span class='ocrx_word' id='word_1_211' title='bbox 2978 1675 3065 1716; x_wconf 91' lang='lat' dir='ltr'><strong>me</strong></span> <span class='ocrx_word' id='word_1_212' title='bbox 3086 1660 3404 1731; x_wconf 79' lang='lat' dir='ltr'><strong>conspectui</strong></span> 
     </span>
    </p>
   </div>
   <div class='ocr_carea' id='block_1_16' title="bbox 175 1752 3402 1830">
    <p class='ocr_par' dir='ltr' id='par_1_16' title="bbox 175 1752 3402 1830">
     <span class='ocr_line' id='line_1_16' title="bbox 175 1752 3402 1830; baseline -0.006 -5"><span class='ocrx_word' id='word_1_213' title='bbox 175 1770 325 1825; x_wconf 78' lang='lat' dir='ltr'><strong>frivola</strong></span> <span class='ocrx_word' id='word_1_214' title='bbox 350 1782 467 1823; x_wconf 89' lang='lat' dir='ltr'><strong>esse</strong></span> <span class='ocrx_word' id='word_1_215' title='bbox 513 1777 570 1820; x_wconf 86' lang='lat' dir='ltr'><strong>et</strong></span> <span class='ocrx_word' id='word_1_216' title='bbox 615 1767 667 1819; x_wconf 80' lang='lat' dir='ltr'><strong>in</strong></span> <span class='ocrx_word' id='word_1_217' title='bbox 709 1764 844 1819; x_wconf 80' lang='lat' dir='ltr'><strong>nihil</strong></span> <span class='ocrx_word' id='word_1_218' title='bbox 890 1762 1021 1818; x_wconf 85' lang='lat' dir='ltr'><strong>utile</strong></span> <span class='ocrx_word' id='word_1_219' title='bbox 1054 1761 1281 1816; x_wconf 78' lang='lat' dir='ltr'><strong>tendere</strong></span> <span class='ocrx_word' id='word_1_220' title='bbox 1328 1760 1495 1814; x_wconf 90' lang='lat' dir='ltr'><strong>sciret</strong></span> <span class='ocrx_word' id='word_1_221' title='bbox 1550 1766 1715 1827; x_wconf 91' lang='lat' dir='ltr'><strong>atque</strong></span> <span class='ocrx_word' id='word_1_222' title='bbox 1749 1826 1784 1830; x_wconf 85' lang='lat'><strong><em>_</em></strong></span> <span class='ocrx_word' id='word_1_223' title='bbox 1816 1757 1936 1830; x_wconf 83' lang='lat' dir='ltr'><strong>ejus</strong></span> <span class='ocrx_word' id='word_1_224' title='bbox 1966 1756 2289 1812; x_wconf 82' lang='lat' dir='ltr'><strong>subtrahere</strong></span> <span class='ocrx_word' id='word_1_225' title='bbox 2317 1762 2582 1825; x_wconf 86' lang='lat' dir='ltr'><strong>poterant,</strong></span> <span class='ocrx_word' id='word_1_226' title='bbox 2612 1762 2890 1823; x_wconf 87' lang='lat' dir='ltr'><strong>arreptum</strong></span> <span class='ocrx_word' id='word_1_227' title='bbox 2924 1753 2976 1807; x_wconf 93' lang='lat' dir='ltr'><strong>in</strong></span> <span class='ocrx_word' id='word_1_228' title='bbox 3011 1754 3234 1807; x_wconf 88' lang='lat' dir='ltr'><strong>humum</strong></span> <span class='ocrx_word' id='word_1_229' title='bbox 3256 1752 3402 1822; x_wconf 86' lang='lat' dir='ltr'><strong>jace-</strong></span> 
     </span>
    </p>
   </div>
   <div class='ocr_carea' id='block_1_17' title="bbox 174 1826 3391 1934">
    <p class='ocr_par' dir='ltr' id='par_1_17' title="bbox 174 1826 3391 1934">
     <span class='ocr_line' id='line_1_17' title="bbox 174 1826 3391 1934; baseline -0.007 -17"><span class='ocrx_word' id='word_1_230' title='bbox 174 1863 466 1934; x_wconf 68' lang='lat' dir='ltr'><strong>priediceret,</strong></span> <span class='ocrx_word' id='word_1_231' title='bbox 492 1870 670 1913; x_wconf 88' lang='lat' dir='ltr'><strong>tamen</strong></span> <span class='ocrx_word' id='word_1_232' title='bbox 699 1872 765 1912; x_wconf 88' lang='lat' dir='ltr'><strong>ne</strong></span> <span class='ocrx_word' id='word_1_233' title='bbox 790 1870 929 1910; x_wconf 78' lang='lat' dir='ltr'><strong>novo</strong></span> <span class='ocrx_word' id='word_1_234' title='bbox 952 1855 1064 1925; x_wconf 87' lang='lat' dir='ltr'><strong>regi</strong></span> <span class='ocrx_word' id='word_1_235' title='bbox 1088 1869 1181 1909; x_wconf 89' lang='lat' dir='ltr'><strong>seu</strong></span> <span class='ocrx_word' id='word_1_236' title='bbox 1204 1850 1535 1923; x_wconf 88' lang='lat' dir='ltr'><strong>principibus</strong></span> <span class='ocrx_word' id='word_1_237' title='bbox 1552 1826 1714 1904; x_wconf 87' lang='lat' dir='ltr'><strong>ullam</strong></span> <span class='ocrx_word' id='word_1_238' title='bbox 1748 1826 1792 1885; x_wconf 72' lang='grc' dir='ltr'><strong>Β</strong></span> <span class='ocrx_word' id='word_1_239' title='bbox 1822 1826 1899 1915; x_wconf 79' lang='lat' dir='ltr'><strong>re,</strong></span> <span class='ocrx_word' id='word_1_240' title='bbox 1926 1849 2152 1919; x_wconf 85' lang='lat' dir='ltr'><strong>pedibus</strong></span> <span class='ocrx_word' id='word_1_241' title='bbox 2179 1856 2478 1917; x_wconf 88' lang='lat' dir='ltr'><strong>proterere,</strong></span> <span class='ocrx_word' id='word_1_242' title='bbox 2506 1854 2561 1900; x_wconf 90' lang='lat' dir='ltr'><strong>et</strong></span> <span class='ocrx_word' id='word_1_243' title='bbox 2596 1845 2669 1899; x_wconf 91' lang='lat' dir='ltr'><strong>ita</strong></span> <span class='ocrx_word' id='word_1_244' title='bbox 2696 1859 2805 1914; x_wconf 90' lang='lat' dir='ltr'><strong>quo</strong></span> <span class='ocrx_word' id='word_1_245' title='bbox 2850 1844 2903 1900; x_wconf 93' lang='lat' dir='ltr'><strong>in</strong></span> <span class='ocrx_word' id='word_1_246' title='bbox 2934 1846 3061 1900; x_wconf 89' lang='lat' dir='ltr'><strong>odio</strong></span> <span class='ocrx_word' id='word_1_247' title='bbox 3089 1844 3391 1908; x_wconf 78' lang='lat' dir='ltr'><strong>fervebant,</strong></span> 
     </span>
    </p>
   </div>
   <div class='ocr_carea' id='block_1_18' title="bbox 174 1937 3403 2021">
    <p class='ocr_par' dir='ltr' id='par_1_18' title="bbox 174 1937 3403 2021">
     <span class='ocr_line' id='line_1_18' title="bbox 174 1937 3403 2021; baseline -0.006 -13"><span class='ocrx_word' id='word_1_248' title='bbox 174 1963 321 2008; x_wconf 84' lang='lat' dir='ltr'><strong>contra</strong></span> <span class='ocrx_word' id='word_1_249' title='bbox 356 1968 412 2007; x_wconf 89' lang='lat' dir='ltr'><strong>se</strong></span> <span class='ocrx_word' id='word_1_250' title='bbox 461 1951 829 2021; x_wconf 78' lang='lat' dir='ltr'><strong>suspicionem</strong></span> <span class='ocrx_word' id='word_1_251' title='bbox 881 1949 951 2003; x_wconf 86' lang='lat' dir='ltr'><strong>de</strong></span> <span class='ocrx_word' id='word_1_252' title='bbox 1004 1947 1155 2017; x_wconf 89' lang='lat' dir='ltr'><strong>regni</strong></span> <span class='ocrx_word' id='word_1_253' title='bbox 1208 1944 1571 1999; x_wconf 86' lang='lat' dir='ltr'><strong>translatione</strong></span> <span class='ocrx_word' id='word_1_254' title='bbox 1628 1946 1724 1996; x_wconf 88' lang='lat' dir='ltr'><strong>aut</strong></span> <span class='ocrx_word' id='word_1_255' title='bbox 1822 1944 2073 2015; x_wconf 84' lang='lat' dir='ltr'><strong>quamvis</strong></span> <span class='ocrx_word' id='word_1_256' title='bbox 2126 1941 2469 2012; x_wconf 80' lang='lat' dir='ltr'><strong>insipiemcr,</strong></span> <span class='ocrx_word' id='word_1_257' title='bbox 2528 1953 2916 1995; x_wconf 84' lang='lat' dir='ltr'><strong>consueveram</strong></span> <span class='ocrx_word' id='word_1_258' title='bbox 2959 1938 3241 1995; x_wconf 64' lang='lat' dir='ltr'><strong>desaavire.</strong></span> <span class='ocrx_word' id='word_1_259' title='bbox 3272 1937 3403 2002; x_wconf 89' lang='lat' dir='ltr'><strong>isto,</strong></span> 
     </span>
    </p>
   </div>
   <div class='ocr_carea' id='block_1_19' title="bbox 176 2028 3403 2112">
    <p class='ocr_par' dir='ltr' id='par_1_19' title="bbox 176 2028 3403 2112">
     <span class='ocr_line' id='line_1_19' title="bbox 176 2028 3403 2112; baseline -0.005 -15"><span class='ocrx_word' id='word_1_260' title='bbox 176 2045 358 2099; x_wconf 83' lang='lat' dir='ltr'><strong>aliunde</strong></span> <span class='ocrx_word' id='word_1_261' title='bbox 413 2045 701 2107; x_wconf 88' lang='lat' dir='ltr'><strong>incuteret,</strong></span> <span class='ocrx_word' id='word_1_262' title='bbox 746 2041 998 2112; x_wconf 78' lang='lat' dir='ltr'><strong>precibus</strong></span> <span class='ocrx_word' id='word_1_263' title='bbox 1034 2039 1244 2093; x_wconf 87' lang='lat' dir='ltr'><strong>illorum</strong></span> <span class='ocrx_word' id='word_1_264' title='bbox 1272 2050 1464 2107; x_wconf 85' lang='lat' dir='ltr'><strong>passus</strong></span> <span class='ocrx_word' id='word_1_265' title='bbox 1497 2042 1582 2089; x_wconf 91' lang='lat' dir='ltr'><strong>est</strong></span> <span class='ocrx_word' id='word_1_266' title='bbox 1608 2034 1725 2087; x_wconf 88' lang='lat' dir='ltr'><strong>vin-</strong></span> <span class='ocrx_word' id='word_1_267' title='bbox 1824 2053 1929 2091; x_wconf 91' lang='lat' dir='ltr'><strong>non</strong></span> <span class='ocrx_word' id='word_1_268' title='bbox 1960 2035 2067 2089; x_wconf 91' lang='lat' dir='ltr'><strong>alio</strong></span> <span class='ocrx_word' id='word_1_269' title='bbox 2100 2036 2282 2097; x_wconf 87' lang='lat' dir='ltr'><strong>modo,</strong></span> <span class='ocrx_word' id='word_1_270' title='bbox 2319 2042 2454 2087; x_wconf 89' lang='lat' dir='ltr'><strong>teste</strong></span> <span class='ocrx_word' id='word_1_271' title='bbox 2472 2030 2803 2086; x_wconf 88' lang='lat' dir='ltr'><strong>conscientia</strong></span> <span class='ocrx_word' id='word_1_272' title='bbox 2824 2045 2965 2094; x_wconf 91' lang='lat' dir='ltr'><strong>mea,</strong></span> <span class='ocrx_word' id='word_1_273' title='bbox 2997 2029 3171 2084; x_wconf 79' lang='lat' dir='ltr'><strong>velata</strong></span> <span class='ocrx_word' id='word_1_274' title='bbox 3202 2028 3298 2083; x_wconf 90' lang='lat' dir='ltr'><strong>fui.</strong></span> <span class='ocrx_word' id='word_1_275' title='bbox 3324 2031 3403 2083; x_wconf 78' lang='lat' dir='ltr'><strong>Ac</strong></span> 
     </span>
    </p>
   </div>
   <div class='ocr_carea' id='block_1_20' title="bbox 173 2122 3405 2206">
    <p class='ocr_par' dir='ltr' id='par_1_20' title="bbox 173 2122 3405 2206">
     <span class='ocr_line' id='line_1_20' title="bbox 173 2122 3405 2206; baseline -0.004 -17"><span class='ocrx_word' id='word_1_276' title='bbox 173 2138 229 2195; x_wconf 86' lang='lat' dir='ltr'><strong>ci.</strong></span> <span class='ocrx_word' id='word_1_277' title='bbox 253 2147 301 2191; x_wconf 91' lang='lat' dir='ltr'><strong>et</strong></span> <span class='ocrx_word' id='word_1_278' title='bbox 332 2136 470 2206; x_wconf 89' lang='lat' dir='ltr'><strong>quod</strong></span> <span class='ocrx_word' id='word_1_279' title='bbox 510 2134 768 2190; x_wconf 85' lang='lat' dir='ltr'><strong>volebant</strong></span> <span class='ocrx_word' id='word_1_280' title='bbox 820 2131 1036 2197; x_wconf 84' lang='lat' dir='ltr'><strong>annuit,</strong></span> <span class='ocrx_word' id='word_1_281' title='bbox 1087 2129 1423 2198; x_wconf 87' lang='lat' dir='ltr'><strong>dimissaque</strong></span> <span class='ocrx_word' id='word_1_282' title='bbox 1471 2128 1623 2182; x_wconf 89' lang='lat' dir='ltr'><strong>curia</strong></span> <span class='ocrx_word' id='word_1_283' title='bbox 1669 2126 1722 2180; x_wconf 75' lang='lat' dir='ltr'><strong>ia</strong></span> <span class='ocrx_word' id='word_1_284' title='bbox 1825 2130 1870 2184; x_wconf 89' lang='lat' dir='ltr'><strong>si</strong></span> <span class='ocrx_word' id='word_1_285' title='bbox 1909 2144 1997 2183; x_wconf 90' lang='lat' dir='ltr'><strong>me</strong></span> <span class='ocrx_word' id='word_1_286' title='bbox 2038 2127 2280 2182; x_wconf 87' lang='lat' dir='ltr'><strong>oblatam</strong></span> <span class='ocrx_word' id='word_1_287' title='bbox 2321 2125 2553 2195; x_wconf 88' lang='lat' dir='ltr'><strong>quisque</strong></span> <span class='ocrx_word' id='word_1_288' title='bbox 2600 2124 2765 2188; x_wconf 89' lang='lat' dir='ltr'><strong>dicet,</strong></span> <span class='ocrx_word' id='word_1_289' title='bbox 2795 2132 2850 2177; x_wconf 88' lang='lat' dir='ltr'><strong>et</strong></span> <span class='ocrx_word' id='word_1_290' title='bbox 2898 2124 3000 2178; x_wconf 90' lang='lat' dir='ltr'><strong>hoc</strong></span> <span class='ocrx_word' id='word_1_291' title='bbox 3042 2122 3200 2192; x_wconf 90' lang='lat' dir='ltr'><strong>quale</strong></span> <span class='ocrx_word' id='word_1_292' title='bbox 3231 2123 3303 2177; x_wconf 87' lang='lat' dir='ltr'><strong>sit</strong></span> <span class='ocrx_word' id='word_1_293' title='bbox 3336 2138 3405 2176; x_wconf 78' lang='lat' dir='ltr'><strong>ex</strong></span> 
     </span>
    </p>
   </div>
   <div class='ocr_carea' id='block_1_21' title="bbox 173 2212 3407 2296">
    <p class='ocr_par' dir='ltr' id='par_1_21' title="bbox 173 2212 3407 2296">
     <span class='ocr_line' id='line_1_21' title="bbox 173 2212 3407 2296; baseline -0.004 -17"><span class='ocrx_word' id='word_1_294' title='bbox 173 2241 279 2296; x_wconf 80' lang='lat' dir='ltr'><strong>pare</strong></span> <span class='ocrx_word' id='word_1_295' title='bbox 297 2227 357 2280; x_wconf 91' lang='lat' dir='ltr'><strong>ad</strong></span> <span class='ocrx_word' id='word_1_296' title='bbox 383 2241 477 2281; x_wconf 79' lang='lat' dir='ltr'><strong>sua</strong></span> <span class='ocrx_word' id='word_1_297' title='bbox 509 2225 759 2280; x_wconf 79' lang='lat' dir='ltr'><strong>secessit.</strong></span> <span class='ocrx_word' id='word_1_298' title='bbox 1710 2244 1713 2245; x_wconf 52' lang='grc' dir='ltr'><em>ν</em></span> <span class='ocrx_word' id='word_1_299' title='bbox 1825 2236 1892 2274; x_wconf 87' lang='lat' dir='ltr'><strong>eo</strong></span> <span class='ocrx_word' id='word_1_300' title='bbox 1921 2218 2099 2289; x_wconf 83' lang='lat' dir='ltr'><strong>colligi</strong></span> <span class='ocrx_word' id='word_1_301' title='bbox 2129 2226 2325 2288; x_wconf 89' lang='lat' dir='ltr'><strong>potest,</strong></span> <span class='ocrx_word' id='word_1_302' title='bbox 2354 2216 2521 2285; x_wconf 90' lang='lat' dir='ltr'><strong>quod,</strong></span> <span class='ocrx_word' id='word_1_303' title='bbox 2551 2215 2694 2270; x_wconf 89' lang='lat' dir='ltr'><strong>sicut</strong></span> <span class='ocrx_word' id='word_1_304' title='bbox 2730 2214 2943 2284; x_wconf 86' lang='lat' dir='ltr'><strong>plurimi</strong></span> <span class='ocrx_word' id='word_1_305' title='bbox 2983 2214 3074 2283; x_wconf 88' lang='lat' dir='ltr'><strong>qui</strong></span> <span class='ocrx_word' id='word_1_306' title='bbox 3106 2212 3283 2267; x_wconf 84' lang='lat' dir='ltr'><strong>adhuc</strong></span> <span class='ocrx_word' id='word_1_307' title='bbox 3311 2228 3407 2266; x_wconf 91' lang='lat' dir='ltr'><strong>su-</strong></span> 
     </span>
    </p>
   </div>
   <div class='ocr_carea' id='block_1_22' title="bbox 231 2305 3409 2387">
    <p class='ocr_par' dir='ltr' id='par_1_22' title="bbox 231 2305 3409 2387">
     <span class='ocr_line' id='line_1_22' title="bbox 231 2305 3409 2387; baseline -0.003 -17"><span class='ocrx_word' id='word_1_308' title='bbox 231 2317 348 2371; x_wconf 81' lang='lat' dir='ltr'><strong>tlinc</strong></span> <span class='ocrx_word' id='word_1_309' title='bbox 406 2316 595 2387; x_wconf 82' lang='lat' dir='ltr'><strong>paucis</strong></span> <span class='ocrx_word' id='word_1_310' title='bbox 661 2315 849 2369; x_wconf 88' lang='lat' dir='ltr'><strong>diebus</strong></span> <span class='ocrx_word' id='word_1_311' title='bbox 890 2310 1249 2383; x_wconf 85' lang='lat' dir='ltr'><strong>interpositis,</strong></span> <span class='ocrx_word' id='word_1_312' title='bbox 1298 2309 1570 2365; x_wconf 73' lang='lat' dir='ltr'><strong>Mathildis</strong></span> <span class='ocrx_word' id='word_1_313' title='bbox 1618 2308 1725 2364; x_wconf 84' lang='lat' dir='ltr'><strong>tilia</strong></span> <span class='ocrx_word' id='word_1_314' title='bbox 1826 2321 2053 2383; x_wconf 86' lang='lat' dir='ltr'><strong>persuut</strong></span> <span class='ocrx_word' id='word_1_315' title='bbox 2082 2318 2368 2375; x_wconf 87' lang='lat' dir='ltr'><strong>noverunt,</strong></span> <span class='ocrx_word' id='word_1_316' title='bbox 2395 2318 2549 2377; x_wconf 90' lang='lat' dir='ltr'><strong>pater</strong></span> <span class='ocrx_word' id='word_1_317' title='bbox 2578 2322 2731 2363; x_wconf 88' lang='lat' dir='ltr'><strong>meus</strong></span> <span class='ocrx_word' id='word_1_318' title='bbox 2759 2320 2882 2362; x_wconf 91' lang='lat' dir='ltr'><strong>cum</strong></span> <span class='ocrx_word' id='word_1_319' title='bbox 2909 2322 3015 2372; x_wconf 88' lang='lat' dir='ltr'><strong>me,</strong></span> <span class='ocrx_word' id='word_1_320' title='bbox 3057 2305 3409 2374; x_wconf 64' lang='lat' dir='ltr'><strong>quetnadmoo</strong></span> 
     </span>
    </p>
   </div>
   <div class='ocr_carea' id='block_1_23' title="bbox 172 2394 3407 2475">
    <p class='ocr_par' dir='ltr' id='par_1_23' title="bbox 172 2394 3407 2475">
     <span class='ocr_line' id='line_1_23' title="bbox 172 2394 3407 2475; baseline -0.005 -14"><span class='ocrx_word' id='word_1_321' title='bbox 172 2407 439 2463; x_wconf 61' lang='lat' dir='ltr'><strong>ilaieliolmi</strong></span> <span class='ocrx_word' id='word_1_322' title='bbox 490 2406 813 2465; x_wconf 80' lang='lat' dir='ltr'><strong>nobilissimi</strong></span> <span class='ocrx_word' id='word_1_323' title='bbox 860 2405 1006 2475; x_wconf 88' lang='lat' dir='ltr'><strong>regis</strong></span> <span class='ocrx_word' id='word_1_324' title='bbox 1045 2404 1357 2467; x_wconf 84' lang='lat' dir='ltr'><strong>Scotorum,</strong></span> <span class='ocrx_word' id='word_1_325' title='bbox 1421 2412 1477 2459; x_wconf 85' lang='lat' dir='ltr'><strong>et</strong></span> <span class='ocrx_word' id='word_1_326' title='bbox 1523 2401 1730 2472; x_wconf 81' lang='lat' dir='ltr'><strong>Marga-</strong></span> <span class='ocrx_word' id='word_1_327' title='bbox 1829 2404 1955 2457; x_wconf 90' lang='lat' dir='ltr'><strong>dum</strong></span> <span class='ocrx_word' id='word_1_328' title='bbox 2006 2399 2399 2465; x_wconf 77' lang='lat' dir='ltr'><strong>dixi,velatam</strong></span> <span class='ocrx_word' id='word_1_329' title='bbox 2428 2396 2572 2452; x_wconf 89' lang='lat' dir='ltr'><strong>forte</strong></span> <span class='ocrx_word' id='word_1_330' title='bbox 2609 2396 2854 2461; x_wconf 84' lang='lat' dir='ltr'><strong>vidisset,</strong></span> <span class='ocrx_word' id='word_1_331' title='bbox 2888 2394 3069 2450; x_wconf 81' lang='lat' dir='ltr'><strong>furore</strong></span> <span class='ocrx_word' id='word_1_332' title='bbox 3092 2408 3407 2456; x_wconf 86' lang='lat' dir='ltr'><strong>succensus,</strong></span> 
     </span>
    </p>
   </div>
   <div class='ocr_carea' id='block_1_24' title="bbox 175 2486 3409 2570">
    <p class='ocr_par' dir='ltr' id='par_1_24' title="bbox 175 2486 3409 2570">
     <span class='ocr_line' id='line_1_24' title="bbox 175 2486 3409 2570; baseline -0.005 -16"><span class='ocrx_word' id='word_1_333' title='bbox 175 2512 277 2554; x_wconf 76' lang='lat' dir='ltr'><strong>rete</strong></span> <span class='ocrx_word' id='word_1_334' title='bbox 301 2512 347 2564; x_wconf 78' lang='grc' dir='ltr'>ι,</span> <span class='ocrx_word' id='word_1_335' title='bbox 375 2515 496 2570; x_wconf 77' lang='lat' dir='ltr'><strong>quze</strong></span> <span class='ocrx_word' id='word_1_336' title='bbox 524 2500 698 2553; x_wconf 83' lang='lat' dir='ltr'><strong>scitur</strong></span> <span class='ocrx_word' id='word_1_337' title='bbox 740 2507 928 2551; x_wconf 74' lang='lat' dir='ltr'><strong>exorta</strong></span> <span class='ocrx_word' id='word_1_338' title='bbox 955 2496 1021 2549; x_wconf 91' lang='lat' dir='ltr'><strong>de</strong></span> <span class='ocrx_word' id='word_1_339' title='bbox 1060 2495 1265 2549; x_wconf 87' lang='lat' dir='ltr'><strong>semine</strong></span> <span class='ocrx_word' id='word_1_340' title='bbox 1297 2510 1488 2565; x_wconf 86' lang='lat' dir='ltr'><strong>regum</strong></span> <span class='ocrx_word' id='word_1_341' title='bbox 1523 2494 1726 2565; x_wconf 82' lang='lat' dir='ltr'><strong>Anglo-</strong></span> <span class='ocrx_word' id='word_1_342' title='bbox 1829 2493 2023 2562; x_wconf 81' lang='lat' dir='ltr'><strong>injecta</strong></span> <span class='ocrx_word' id='word_1_343' title='bbox 2049 2508 2207 2547; x_wconf 87' lang='lat' dir='ltr'><strong>manu</strong></span> <span class='ocrx_word' id='word_1_344' title='bbox 2233 2494 2408 2549; x_wconf 81' lang='lat' dir='ltr'><strong>velum</strong></span> <span class='ocrx_word' id='word_1_345' title='bbox 2428 2490 2675 2561; x_wconf 86' lang='lat' dir='ltr'><strong>arripuit,</strong></span> <span class='ocrx_word' id='word_1_346' title='bbox 2691 2496 2746 2543; x_wconf 88' lang='lat' dir='ltr'><strong>et.</strong></span> <span class='ocrx_word' id='word_1_347' title='bbox 2772 2488 3039 2556; x_wconf 87' lang='lat' dir='ltr'><strong>dissipans</strong></span> <span class='ocrx_word' id='word_1_348' title='bbox 3054 2486 3409 2551; x_wconf 88' lang='lat' dir='ltr'><strong>iliud,odium</strong></span> 
     </span>
    </p>
   </div>
   <div class='ocr_carea' id='block_1_25' title="bbox 173 2578 3416 2662">
    <p class='ocr_par' dir='ltr' id='par_1_25' title="bbox 173 2578 3416 2662">
     <span class='ocr_line' id='line_1_25' title="bbox 173 2578 3416 2662; baseline -0.005 -17"><span class='ocrx_word' id='word_1_349' title='bbox 173 2607 270 2646; x_wconf 87' lang='lat' dir='ltr'><strong>ram</strong></span> <span class='ocrx_word' id='word_1_350' title='bbox 294 2634 307 2657; x_wconf 89' lang='lat'><strong>,</strong></span> <span class='ocrx_word' id='word_1_351' title='bbox 340 2592 520 2662; x_wconf 75' lang='lat' dir='ltr'><strong>nupsit</strong></span> <span class='ocrx_word' id='word_1_352' title='bbox 575 2590 800 2660; x_wconf 72' lang='lat' dir='ltr'><strong>pruzfato</strong></span> <span class='ocrx_word' id='word_1_353' title='bbox 842 2588 1079 2643; x_wconf 87' lang='lat' dir='ltr'><strong>ilenrico</strong></span> <span class='ocrx_word' id='word_1_354' title='bbox 1103 2587 1214 2656; x_wconf 87' lang='lat' dir='ltr'><strong>regi</strong></span> <span class='ocrx_word' id='word_1_355' title='bbox 1254 2584 1569 2656; x_wconf 81' lang='lat' dir='ltr'><strong>Anglorum.</strong></span> <span class='ocrx_word' id='word_1_356' title='bbox 1612 2586 1727 2655; x_wconf 86' lang='lat' dir='ltr'><strong>Ipsa</strong></span> <span class='ocrx_word' id='word_1_357' title='bbox 1832 2587 1925 2641; x_wconf 89' lang='lat' dir='ltr'><strong>Dei</strong></span> <span class='ocrx_word' id='word_1_358' title='bbox 1978 2586 2305 2656; x_wconf 75' lang='lat' dir='ltr'><strong>imprecatus</strong></span> <span class='ocrx_word' id='word_1_359' title='bbox 2341 2594 2425 2639; x_wconf 89' lang='lat' dir='ltr'><strong>est</strong></span> <span class='ocrx_word' id='word_1_360' title='bbox 2449 2583 2499 2638; x_wconf 88' lang='lat' dir='ltr'><strong>ei</strong></span> <span class='ocrx_word' id='word_1_361' title='bbox 2528 2582 2619 2652; x_wconf 90' lang='lat' dir='ltr'><strong>qui</strong></span> <span class='ocrx_word' id='word_1_362' title='bbox 2643 2580 2775 2635; x_wconf 89' lang='lat' dir='ltr'><strong>mihi</strong></span> <span class='ocrx_word' id='word_1_363' title='bbox 2821 2578 2949 2634; x_wconf 87' lang='lat' dir='ltr'><strong>iiittd</strong></span> <span class='ocrx_word' id='word_1_364' title='bbox 2982 2579 3255 2650; x_wconf 86' lang='lat' dir='ltr'><strong>imposuit,</strong></span> <span class='ocrx_word' id='word_1_365' title='bbox 3285 2594 3416 2632; x_wconf 80' lang='lat' dir='ltr'><strong>con-</strong></span> 
     </span>
    </p>
   </div>
   <div class='ocr_carea' id='block_1_26' title="bbox 172 2673 3410 2753">
    <p class='ocr_par' dir='ltr' id='par_1_26' title="bbox 172 2673 3410 2753">
     <span class='ocr_line' id='line_1_26' title="bbox 172 2673 3410 2753; baseline -0.003 -18"><span class='ocrx_word' id='word_1_366' title='bbox 172 2684 341 2753; x_wconf 83' lang='lat' dir='ltr'><strong>qnippe</strong></span> <span class='ocrx_word' id='word_1_367' title='bbox 389 2683 689 2751; x_wconf 80' lang='lat' dir='ltr'><strong>Margareta</strong></span> <span class='ocrx_word' id='word_1_368' title='bbox 736 2680 843 2734; x_wconf 86' lang='lat' dir='ltr'><strong>tilia</strong></span> <span class='ocrx_word' id='word_1_369' title='bbox 874 2679 974 2733; x_wconf 91' lang='lat' dir='ltr'><strong>fuit</strong></span> <span class='ocrx_word' id='word_1_370' title='bbox 1010 2678 1259 2732; x_wconf 72' lang='lat' dir='ltr'><strong>Edwardi</strong></span> <span class='ocrx_word' id='word_1_371' title='bbox 1318 2676 1410 2730; x_wconf 84' lang='lat' dir='ltr'><strong>lilii</strong></span> <span class='ocrx_word' id='word_1_372' title='bbox 1454 2677 1600 2747; x_wconf 87' lang='lat' dir='ltr'><strong>regis</strong></span> <span class='ocrx_word' id='word_1_373' title='bbox 1629 2677 1731 2730; x_wconf 78' lang='lat' dir='ltr'><strong>Ed-</strong></span> <span class='ocrx_word' id='word_1_374' title='bbox 1832 2687 2037 2733; x_wconf 87' lang='lat' dir='ltr'><strong>testans</strong></span> <span class='ocrx_word' id='word_1_375' title='bbox 2058 2694 2116 2733; x_wconf 92' lang='lat' dir='ltr'><strong>se</strong></span> <span class='ocrx_word' id='word_1_376' title='bbox 2141 2678 2322 2733; x_wconf 89' lang='lat' dir='ltr'><strong>comiti</strong></span> <span class='ocrx_word' id='word_1_377' title='bbox 2350 2677 2523 2733; x_wconf 83' lang='lat' dir='ltr'><strong>Alano</strong></span> <span class='ocrx_word' id='word_1_378' title='bbox 2555 2689 2640 2729; x_wconf 90' lang='lat' dir='ltr'><strong>me</strong></span> <span class='ocrx_word' id='word_1_379' title='bbox 2666 2673 2845 2742; x_wconf 84' lang='lat' dir='ltr'><strong>potius</strong></span> <span class='ocrx_word' id='word_1_380' title='bbox 2881 2673 2933 2727; x_wconf 90' lang='lat' dir='ltr'><strong>in</strong></span> <span class='ocrx_word' id='word_1_381' title='bbox 2964 2686 3211 2737; x_wconf 78' lang='lat' dir='ltr'><strong>uxorem,</strong></span> <span class='ocrx_word' id='word_1_382' title='bbox 3245 2688 3410 2742; x_wconf 86' lang='lat' dir='ltr'><strong>quant</strong></span> 
     </span>
    </p>
   </div>
   <div class='ocr_carea' id='block_1_27' title="bbox 173 2763 3415 2847">
    <p class='ocr_par' dir='ltr' id='par_1_27' title="bbox 173 2763 3415 2847">
     <span class='ocr_line' id='line_1_27' title="bbox 173 2763 3415 2847; baseline -0.003 -18"><span class='ocrx_word' id='word_1_383' title='bbox 173 2778 348 2838; x_wconf 80' lang='lat' dir='ltr'><strong>mundi,</strong></span> <span class='ocrx_word' id='word_1_384' title='bbox 373 2779 465 2847; x_wconf 91' lang='lat' dir='ltr'><strong>qui</strong></span> <span class='ocrx_word' id='word_1_385' title='bbox 498 2776 599 2830; x_wconf 89' lang='lat' dir='ltr'><strong>fuit</strong></span> <span class='ocrx_word' id='word_1_386' title='bbox 628 2776 769 2829; x_wconf 81' lang='lat' dir='ltr'><strong>filius</strong></span> <span class='ocrx_word' id='word_1_387' title='bbox 808 2774 954 2843; x_wconf 82' lang='lat' dir='ltr'><strong>regis</strong></span> <span class='ocrx_word' id='word_1_388' title='bbox 978 2771 1247 2826; x_wconf 84' lang='lat' dir='ltr'><strong>Ethelredi</strong></span> <span class='ocrx_word' id='word_1_389' title='bbox 1282 2770 1375 2824; x_wconf 81' lang='lat' dir='ltr'><strong>lilii</strong></span> <span class='ocrx_word' id='word_1_390' title='bbox 1401 2769 1730 2839; x_wconf 80' lang='lat' dir='ltr'><strong>gloriosissi-</strong></span> <span class='ocrx_word' id='word_1_391' title='bbox 1833 2768 1888 2823; x_wconf 90' lang='lat' dir='ltr'><strong>in</strong></span> <span class='ocrx_word' id='word_1_392' title='bbox 1968 2768 2415 2822; x_wconf 86' lang='lat' dir='ltr'><strong>conturbernium</strong></span> <span class='ocrx_word' id='word_1_393' title='bbox 2485 2763 2971 2822; x_wconf 85' lang='lat' dir='ltr'><strong>sanctimonialium</strong></span> <span class='ocrx_word' id='word_1_394' title='bbox 3035 2764 3415 2833; x_wconf 67' lang='lat' dir='ltr'><strong>prtedestinas-</strong></span> 
     </span>
    </p>
   </div>
   <div class='ocr_carea' id='block_1_28' title="bbox 172 2859 3414 2936">
    <p class='ocr_par' dir='ltr' id='par_1_28' title="bbox 172 2859 3414 2936">
     <span class='ocr_line' id='line_1_28' title="bbox 172 2859 3414 2936; baseline -0.004 -13"><span class='ocrx_word' id='word_1_395' title='bbox 172 2869 229 2923; x_wconf 83' lang='lat' dir='ltr'><strong>uti</strong></span> <span class='ocrx_word' id='word_1_396' title='bbox 252 2871 382 2935; x_wconf 69' lang='lat' dir='ltr'><strong>regis</strong></span> <span class='ocrx_word' id='word_1_397' title='bbox 412 2866 665 2936; x_wconf 74' lang='lat' dir='ltr'><strong>Esdgari,</strong></span> <span class='ocrx_word' id='word_1_398' title='bbox 692 2866 849 2935; x_wconf 86' lang='lat' dir='ltr'><strong>cujus</strong></span> <span class='ocrx_word' id='word_1_399' title='bbox 887 2878 1010 2918; x_wconf 79' lang='lat' dir='ltr'><strong>mov</strong></span> <span class='ocrx_word' id='word_1_400' title='bbox 1049 2863 1101 2917; x_wconf 91' lang='lat' dir='ltr'><strong>in</strong></span> <span class='ocrx_word' id='word_1_401' title='bbox 1150 2861 1330 2930; x_wconf 89' lang='lat' dir='ltr'><strong>capite</strong></span> <span class='ocrx_word' id='word_1_402' title='bbox 1362 2859 1520 2929; x_wconf 83' lang='lat' dir='ltr'><strong>hujus</strong></span> <span class='ocrx_word' id='word_1_403' title='bbox 1545 2862 1731 2931; x_wconf 79' lang='lat' dir='ltr'><strong>Operis</strong></span> <span class='ocrx_word' id='word_1_404' title='bbox 1833 2876 1894 2915; x_wconf 81' lang='lat' dir='ltr'><strong>se</strong></span> <span class='ocrx_word' id='word_1_405' title='bbox 1955 2860 2005 2916; x_wconf 68' lang='grc' dir='ltr'>ιι.</span> <span class='ocrx_word' id='word_1_406' title='bbox 2047 2860 2172 2917; x_wconf 66' lang='lat' dir='ltr'><strong>Haec</strong></span> <span class='ocrx_word' id='word_1_407' title='bbox 2235 2870 2320 2917; x_wconf 85' lang='lat' dir='ltr'><strong>est</strong></span> <span class='ocrx_word' id='word_1_408' title='bbox 2366 2861 2507 2918; x_wconf 90' lang='lat' dir='ltr'><strong>unde</strong></span> <span class='ocrx_word' id='word_1_409' title='bbox 2539 2862 2841 2919; x_wconf 86' lang='lat' dir='ltr'><strong>calumniur</strong></span> <span class='ocrx_word' id='word_1_410' title='bbox 2877 2862 3014 2917; x_wconf 85' lang='lat' dir='ltr'><strong>ratio</strong></span> <span class='ocrx_word' id='word_1_411' title='bbox 3044 2875 3185 2925; x_wconf 87' lang='lat' dir='ltr'><strong>mea,</strong></span> <span class='ocrx_word' id='word_1_412' title='bbox 3219 2875 3414 2930; x_wconf 83' lang='lat' dir='ltr'><strong>quam,</strong></span> 
     </span>
    </p>
   </div>
   <div class='ocr_carea' id='block_1_29' title="bbox 178 2953 3415 3029">
    <p class='ocr_par' dir='ltr' id='par_1_29' title="bbox 178 2953 3415 3029">
     <span class='ocr_line' id='line_1_29' title="bbox 178 2953 3415 3029; baseline -0.003 -15"><span class='ocrx_word' id='word_1_413' title='bbox 178 2964 347 3015; x_wconf 59' lang='lat' dir='ltr'><strong>:n-utio</strong></span> <span class='ocrx_word' id='word_1_414' title='bbox 388 2960 534 3015; x_wconf 83' lang='lat' dir='ltr'><strong>facta</strong></span> <span class='ocrx_word' id='word_1_415' title='bbox 580 2968 682 3014; x_wconf 89' lang='lat' dir='ltr'><strong>est.</strong></span> <span class='ocrx_word' id='word_1_416' title='bbox 726 2956 1011 3028; x_wconf 78' lang='lat' dir='ltr'><strong>Negotium</strong></span> <span class='ocrx_word' id='word_1_417' title='bbox 1066 2954 1250 3025; x_wconf 87' lang='lat' dir='ltr'><strong>itaque</strong></span> <span class='ocrx_word' id='word_1_418' title='bbox 1293 2957 1464 3029; x_wconf 89' lang='lat' dir='ltr'><strong>ipsius</strong></span> <span class='ocrx_word' id='word_1_419' title='bbox 1502 2953 1731 3026; x_wconf 66' lang='lat' dir='ltr'><strong>copulae,</strong></span> <span class='ocrx_word' id='word_1_420' title='bbox 1834 2968 2041 3023; x_wconf 70' lang='lat' dir='ltr'><strong>qumso,</strong></span> <span class='ocrx_word' id='word_1_421' title='bbox 2071 2954 2366 3025; x_wconf 80' lang='lat' dir='ltr'><strong>perpendat</strong></span> <span class='ocrx_word' id='word_1_422' title='bbox 2408 2954 2697 3028; x_wconf 81' lang='lat' dir='ltr'><strong>prudentia</strong></span> <span class='ocrx_word' id='word_1_423' title='bbox 2751 2965 2863 3021; x_wconf 91' lang='lat' dir='ltr'><strong>tua,</strong></span> <span class='ocrx_word' id='word_1_424' title='bbox 2910 2964 2967 3010; x_wconf 89' lang='lat' dir='ltr'><strong>et</strong></span> <span class='ocrx_word' id='word_1_425' title='bbox 3014 2961 3139 3026; x_wconf 83' lang='lat' dir='ltr'><strong>agat</strong></span> <span class='ocrx_word' id='word_1_426' title='bbox 3176 2968 3274 3019; x_wconf 86' lang='lat' dir='ltr'><strong>pro</strong></span> <span class='ocrx_word' id='word_1_427' title='bbox 3328 2967 3415 3006; x_wconf 88' lang='lat' dir='ltr'><strong>me</strong></span> 
     </span>
    </p>
   </div>
   <div class='ocr_carea' id='block_1_30' title="bbox 174 3043 3417 3123">
    <p class='ocr_par' dir='ltr' id='par_1_30' title="bbox 174 3043 3417 3123">
     <span class='ocr_line' id='line_1_30' title="bbox 174 3043 3417 3123; baseline -0.002 -18"><span class='ocrx_word' id='word_1_428' title='bbox 174 3052 279 3105; x_wconf 79' lang='lat' dir='ltr'><strong>iicrt</strong></span> <span class='ocrx_word' id='word_1_429' title='bbox 308 3053 575 3123; x_wconf 74' lang='lat' dir='ltr'><strong>propositi</strong></span> <span class='ocrx_word' id='word_1_430' title='bbox 634 3052 813 3123; x_wconf 85' lang='lat' dir='ltr'><strong>operis</strong></span> <span class='ocrx_word' id='word_1_431' title='bbox 866 3052 1248 3115; x_wconf 89' lang='lat' dir='ltr'><strong>intentionem,</strong></span> <span class='ocrx_word' id='word_1_432' title='bbox 1300 3060 1361 3106; x_wconf 90' lang='lat' dir='ltr'><strong>ut</strong></span> <span class='ocrx_word' id='word_1_433' title='bbox 1408 3048 1733 3119; x_wconf 85' lang='lat' dir='ltr'><strong>quibusdam</strong></span> <span class='ocrx_word' id='word_1_434' title='bbox 1835 3044 1979 3099; x_wconf 78' lang='lat' dir='ltr'><strong>sicut</strong></span> <span class='ocrx_word' id='word_1_435' title='bbox 2026 3044 2174 3100; x_wconf 87' lang='lat' dir='ltr'><strong>novit</strong></span> <span class='ocrx_word' id='word_1_436' title='bbox 2219 3046 2490 3117; x_wconf 84' lang='lat' dir='ltr'><strong>agendum</strong></span> <span class='ocrx_word' id='word_1_437' title='bbox 2536 3046 2839 3117; x_wconf 86' lang='lat' dir='ltr'><strong>paternitas</strong></span> <span class='ocrx_word' id='word_1_438' title='bbox 2906 3056 3063 3100; x_wconf 64' lang='lat' dir='ltr'><strong>tua.»</strong></span> <span class='ocrx_word' id='word_1_439' title='bbox 3116 3044 3255 3113; x_wconf 83' lang='lat' dir='ltr'><strong>Quid</strong></span> <span class='ocrx_word' id='word_1_440' title='bbox 3295 3043 3417 3115; x_wconf 86' lang='lat' dir='ltr'><strong>piu-</strong></span> 
     </span>
    </p>
   </div>
   <div class='ocr_carea' id='block_1_31' title="bbox 176 3137 1732 3209">
    <p class='ocr_par' dir='ltr' id='par_1_31' title="bbox 176 3137 1732 3209">
     <span class='ocr_line' id='line_1_31' title="bbox 176 3137 1732 3209; baseline -0.002 -18"><span class='ocrx_word' id='word_1_441' title='bbox 176 3139 289 3195; x_wconf 78' lang='lat' dir='ltr'><strong>forte</strong></span> <span class='ocrx_word' id='word_1_442' title='bbox 314 3142 543 3205; x_wconf 83' lang='lat' dir='ltr'><strong>videtur,</strong></span> <span class='ocrx_word' id='word_1_443' title='bbox 594 3140 1013 3209; x_wconf 85' lang='lat' dir='ltr'><strong>haudquaquam</strong></span> <span class='ocrx_word' id='word_1_444' title='bbox 1053 3138 1326 3208; x_wconf 88' lang='lat' dir='ltr'><strong>respiciat,</strong></span> <span class='ocrx_word' id='word_1_445' title='bbox 1374 3146 1555 3191; x_wconf 85' lang='lat' dir='ltr'><strong>tamen</strong></span> <span class='ocrx_word' id='word_1_446' title='bbox 1607 3137 1732 3205; x_wconf 86' lang='lat' dir='ltr'><strong>quia</strong></span> 
     </span>
    </p>
   </div>
   <div class='ocr_carea' id='block_1_32' title="bbox 177 3229 1731 3302">
    <p class='ocr_par' dir='ltr' id='par_1_32' title="bbox 177 3229 1731 3302">
     <span class='ocr_line' id='line_1_32' title="bbox 177 3229 1731 3302; baseline -0.002 -17"><span class='ocrx_word' id='word_1_447' title='bbox 177 3245 258 3301; x_wconf 62' lang='lat' dir='ltr'><strong>rer</strong></span> <span class='ocrx_word' id='word_1_448' title='bbox 281 3232 585 3288; x_wconf 75' lang='lat' dir='ltr'><strong>Anselmum</strong></span> <span class='ocrx_word' id='word_1_449' title='bbox 642 3232 1081 3285; x_wconf 83' lang='lat' dir='ltr'><strong>administratum</strong></span> <span class='ocrx_word' id='word_1_450' title='bbox 1118 3241 1209 3285; x_wconf 83' lang='lat' dir='ltr'><strong>est</strong></span> <span class='ocrx_word' id='word_1_451' title='bbox 1254 3230 1412 3302; x_wconf 90' lang='lat' dir='ltr'><strong>(nam</strong></span> <span class='ocrx_word' id='word_1_452' title='bbox 1470 3238 1643 3284; x_wconf 90' lang='lat' dir='ltr'><strong>cteos</strong></span> <span class='ocrx_word' id='word_1_453' title='bbox 1679 3229 1731 3282; x_wconf 92' lang='lat' dir='ltr'><strong>in</strong></span> 
     </span>
    </p>
   </div>
   <div class='ocr_carea' id='block_1_33' title="bbox 179 3320 1734 3391">
    <p class='ocr_par' dir='ltr' id='par_1_33' title="bbox 179 3320 1734 3391">
     <span class='ocr_line' id='line_1_33' title="bbox 179 3320 1734 3391; baseline -0.002 -14"><span class='ocrx_word' id='word_1_454' title='bbox 179 3321 455 3390; x_wconf 70' lang='lat' dir='ltr'><strong>coniugium</strong></span> <span class='ocrx_word' id='word_1_455' title='bbox 486 3322 782 3385; x_wconf 79' lang='lat' dir='ltr'><strong>benedixit,</strong></span> <span class='ocrx_word' id='word_1_456' title='bbox 825 3331 879 3377; x_wconf 86' lang='lat' dir='ltr'><strong>et</strong></span> <span class='ocrx_word' id='word_1_457' title='bbox 933 3321 1079 3376; x_wconf 88' lang='lat' dir='ltr'><strong>illam</strong></span> <span class='ocrx_word' id='word_1_458' title='bbox 1134 3323 1344 3391; x_wconf 76' lang='lat' dir='ltr'><strong>pariter</strong></span> <span class='ocrx_word' id='word_1_459' title='bbox 1386 3322 1439 3376; x_wconf 91' lang='lat' dir='ltr'><strong>in</strong></span> <span class='ocrx_word' id='word_1_460' title='bbox 1492 3320 1734 3391; x_wconf 86' lang='lat' dir='ltr'><strong>reginam</strong></span> 
     </span>
    </p>
   </div>
   <div class='ocr_carea' id='block_1_34' title="bbox 178 3414 1738 3485">
    <p class='ocr_par' dir='ltr' id='par_1_34' title="bbox 178 3414 1738 3485">
     <span class='ocr_line' id='line_1_34' title="bbox 178 3414 1738 3485; baseline -0.002 -14"><span class='ocrx_word' id='word_1_461' title='bbox 178 3416 524 3482; x_wconf 74' lang='lat' dir='ltr'><strong>consecravit)</strong></span> <span class='ocrx_word' id='word_1_462' title='bbox 567 3416 714 3470; x_wconf 85' lang='lat' dir='ltr'><strong>brevi</strong></span> <span class='ocrx_word' id='word_1_463' title='bbox 764 3423 990 3469; x_wconf 84' lang='lat' dir='ltr'><strong>autumo</strong></span> <span class='ocrx_word' id='word_1_464' title='bbox 1042 3414 1455 3469; x_wconf 84' lang='lat' dir='ltr'><strong>describendum</strong></span> <span class='ocrx_word' id='word_1_465' title='bbox 1504 3414 1738 3485; x_wconf 88' lang='lat' dir='ltr'><strong>qualiter</strong></span> 
     </span>
    </p>
   </div>
   <div class='ocr_carea' id='block_1_35' title="bbox 176 3506 1740 3562">
    <p class='ocr_par' dir='ltr' id='par_1_35' title="bbox 176 3506 1740 3562">
     <span class='ocr_line' id='line_1_35' title="bbox 176 3506 1740 3562; baseline 0.001 -3"><span class='ocrx_word' id='word_1_466' title='bbox 176 3517 331 3561; x_wconf 79' lang='lat' dir='ltr'><strong>artum</strong></span> <span class='ocrx_word' id='word_1_467' title='bbox 357 3508 446 3561; x_wconf 90' lang='lat' dir='ltr'><strong>sit.</strong></span> <span class='ocrx_word' id='word_1_468' title='bbox 482 3506 596 3561; x_wconf 82' lang='lat' dir='ltr'><strong>Hoc</strong></span> <span class='ocrx_word' id='word_1_469' title='bbox 626 3518 805 3561; x_wconf 87' lang='lat' dir='ltr'><strong>autem</strong></span> <span class='ocrx_word' id='word_1_470' title='bbox 842 3523 905 3562; x_wconf 88' lang='lat' dir='ltr'><strong>ea</strong></span> <span class='ocrx_word' id='word_1_471' title='bbox 940 3523 998 3561; x_wconf 89' lang='lat' dir='ltr'><strong>re</strong></span> <span class='ocrx_word' id='word_1_472' title='bbox 1027 3508 1181 3562; x_wconf 90' lang='lat' dir='ltr'><strong>nobis</strong></span> <span class='ocrx_word' id='word_1_473' title='bbox 1212 3507 1448 3562; x_wconf 77' lang='lat' dir='ltr'><strong>maxime</strong></span> <span class='ocrx_word' id='word_1_474' title='bbox 1472 3508 1524 3561; x_wconf 92' lang='lat' dir='ltr'><strong>in</strong></span> <span class='ocrx_word' id='word_1_475' title='bbox 1558 3507 1740 3560; x_wconf 83' lang='lat' dir='ltr'><strong>volun-</strong></span> 
     </span>
    </p>
   </div>
   <div class='ocr_carea' id='block_1_36' title="bbox 179 3600 1742 3669">
    <p class='ocr_par' dir='ltr' id='par_1_36' title="bbox 179 3600 1742 3669">
     <span class='ocr_line' id='line_1_36' title="bbox 179 3600 1742 3669; baseline 0.001 -18"><span class='ocrx_word' id='word_1_476' title='bbox 179 3608 320 3655; x_wconf 79' lang='lat' dir='ltr'><strong>tatem</strong></span> <span class='ocrx_word' id='word_1_477' title='bbox 343 3600 571 3662; x_wconf 81' lang='lat' dir='ltr'><strong>cecidit,</strong></span> <span class='ocrx_word' id='word_1_478' title='bbox 596 3600 849 3669; x_wconf 88' lang='lat' dir='ltr'><strong>quoniam</strong></span> <span class='ocrx_word' id='word_1_479' title='bbox 882 3600 1192 3654; x_wconf 80' lang='lat' dir='ltr'><strong>Ansehnum</strong></span> <span class='ocrx_word' id='word_1_480' title='bbox 1233 3601 1286 3653; x_wconf 91' lang='lat' dir='ltr'><strong>in</strong></span> <span class='ocrx_word' id='word_1_481' title='bbox 1331 3600 1433 3654; x_wconf 91' lang='lat' dir='ltr'><strong>hoc</strong></span> <span class='ocrx_word' id='word_1_482' title='bbox 1455 3615 1484 3653; x_wconf 81' lang='lat' dir='ltr'><strong>a</strong></span> <span class='ocrx_word' id='word_1_483' title='bbox 1518 3600 1742 3654; x_wconf 87' lang='lat' dir='ltr'><strong>rectitu-</strong></span> 
     </span>
    </p>
   </div>
   <div class='ocr_carea' id='block_1_37' title="bbox 176 3689 1742 3761">
    <p class='ocr_par' dir='ltr' id='par_1_37' title="bbox 176 3689 1742 3761">
     <span class='ocr_line' id='line_1_37' title="bbox 176 3689 1742 3761; baseline 0 -17"><span class='ocrx_word' id='word_1_484' title='bbox 176 3691 286 3746; x_wconf 79' lang='lat' dir='ltr'><strong>rﬁne</strong></span> <span class='ocrx_word' id='word_1_485' title='bbox 304 3694 545 3747; x_wconf 61' lang='lat' dir='ltr'><strong>Miasse</strong></span> <span class='ocrx_word' id='word_1_486' title='bbox 578 3691 833 3747; x_wconf 88' lang='lat' dir='ltr'><strong>nonnulla</strong></span> <span class='ocrx_word' id='word_1_487' title='bbox 876 3705 1003 3761; x_wconf 87' lang='lat' dir='ltr'><strong>pars</strong></span> <span class='ocrx_word' id='word_1_488' title='bbox 1036 3691 1335 3753; x_wconf 86' lang='lat' dir='ltr'><strong>hominum,</strong></span> <span class='ocrx_word' id='word_1_489' title='bbox 1364 3699 1422 3743; x_wconf 89' lang='lat' dir='ltr'><strong>ut</strong></span> <span class='ocrx_word' id='word_1_490' title='bbox 1454 3690 1554 3759; x_wconf 86' lang='lat' dir='ltr'><strong>ipsi</strong></span> <span class='ocrx_word' id='word_1_491' title='bbox 1591 3689 1742 3744; x_wconf 68' lang='lat' dir='ltr'><strong>audio</strong></span> 
     </span>
    </p>
   </div>
   <div class='ocr_carea' id='block_1_38' title="bbox 176 3781 1741 3851">
    <p class='ocr_par' dir='ltr' id='par_1_38' title="bbox 176 3781 1741 3851">
     <span class='ocr_line' id='line_1_38' title="bbox 176 3781 1741 3851; baseline 0.003 -20"><span class='ocrx_word' id='word_1_492' title='bbox 176 3782 349 3844; x_wconf 82' lang='lat' dir='ltr'><strong>vimus,</strong></span> <span class='ocrx_word' id='word_1_493' title='bbox 398 3782 815 3851; x_wconf 77' lang='lat' dir='ltr'><strong>blaspliemavit.</strong></span> <span class='ocrx_word' id='word_1_494' title='bbox 866 3781 1149 3851; x_wconf 83' lang='lat' dir='ltr'><strong>Siquidem</strong></span> <span class='ocrx_word' id='word_1_495' title='bbox 1200 3782 1387 3836; x_wconf 87' lang='lat' dir='ltr'><strong>eadem</strong></span> <span class='ocrx_word' id='word_1_496' title='bbox 1445 3781 1741 3847; x_wconf 77' lang='lat' dir='ltr'><strong>Mathildis,</strong></span> 
     </span>
    </p>
   </div>
   <div class='ocr_carea' id='block_1_39' title="bbox 177 3873 1745 3929">
    <p class='ocr_par' dir='ltr' id='par_1_39' title="bbox 177 3873 1745 3929">
     <span class='ocr_line' id='line_1_39' title="bbox 177 3873 1745 3929; baseline 0.001 -4"><span class='ocrx_word' id='word_1_497' title='bbox 177 3873 305 3928; x_wconf 89' lang='lat' dir='ltr'><strong>inter</strong></span> <span class='ocrx_word' id='word_1_498' title='bbox 346 3874 792 3929; x_wconf 84' lang='lat' dir='ltr'><strong>sanctitnoniales</strong></span> <span class='ocrx_word' id='word_1_499' title='bbox 833 3873 887 3927; x_wconf 91' lang='lat' dir='ltr'><strong>in</strong></span> <span class='ocrx_word' id='word_1_500' title='bbox 926 3874 1263 3928; x_wconf 85' lang='lat' dir='ltr'><strong>monasterio</strong></span> <span class='ocrx_word' id='word_1_501' title='bbox 1289 3875 1359 3928; x_wconf 89' lang='lat' dir='ltr'><strong>ab</strong></span> <span class='ocrx_word' id='word_1_502' title='bbox 1390 3874 1615 3929; x_wconf 88' lang='lat' dir='ltr'><strong>infantia</strong></span> <span class='ocrx_word' id='word_1_503' title='bbox 1645 3890 1745 3927; x_wconf 79' lang='lat' dir='ltr'><strong>nu-</strong></span> 
     </span>
    </p>
   </div>
   <div class='ocr_carea' id='block_1_40' title="bbox 179 3952 1742 4027">
    <p class='ocr_par' dir='ltr' id='par_1_40' title="bbox 179 3952 1742 4027">
     <span class='ocr_line' id='line_1_40' title="bbox 179 3952 1742 4027; baseline 0.001 -10"><span class='ocrx_word' id='word_1_504' title='bbox 179 3966 359 4019; x_wconf 73' lang='lat' dir='ltr'><strong>tritae!</strong></span> <span class='ocrx_word' id='word_1_505' title='bbox 380 3966 587 4027; x_wconf 78' lang='lat' dir='ltr'><strong>adulta,</strong></span> <span class='ocrx_word' id='word_1_506' title='bbox 626 3965 953 4020; x_wconf 84' lang='lat' dir='ltr'><strong>credebatur</strong></span> <span class='ocrx_word' id='word_1_507' title='bbox 976 3952 1227 4019; x_wconf 14' lang='lat' dir='ltr'><strong>a’mnltis</strong></span> <span class='ocrx_word' id='word_1_508' title='bbox 1252 3965 1305 4018; x_wconf 90' lang='lat' dir='ltr'><strong>in</strong></span> <span class='ocrx_word' id='word_1_509' title='bbox 1333 3965 1616 4019; x_wconf 87' lang='lat' dir='ltr'><strong>servitium</strong></span> <span class='ocrx_word' id='word_1_510' title='bbox 1652 3965 1742 4019; x_wconf 81' lang='lat' dir='ltr'><strong>Dei</strong></span> 
     </span>
    </p>
   </div>
   <div class='ocr_carea' id='block_1_41' title="bbox 180 4056 1744 4126">
    <p class='ocr_par' dir='ltr' id='par_1_41' title="bbox 180 4056 1744 4126">
     <span class='ocr_line' id='line_1_41' title="bbox 180 4056 1744 4126; baseline 0.001 -19"><span class='ocrx_word' id='word_1_511' title='bbox 180 4070 207 4107; x_wconf 91' lang='lat' dir='ltr'><strong>a</strong></span> <span class='ocrx_word' id='word_1_512' title='bbox 244 4058 549 4124; x_wconf 75' lang='lat' dir='ltr'><strong>parentibus</strong></span> <span class='ocrx_word' id='word_1_513' title='bbox 576 4056 781 4119; x_wconf 86' lang='lat' dir='ltr'><strong>oblata,</strong></span> <span class='ocrx_word' id='word_1_514' title='bbox 816 4071 901 4111; x_wconf 91' lang='lat' dir='ltr'><strong>-eo</strong></span> <span class='ocrx_word' id='word_1_515' title='bbox 941 4056 1084 4126; x_wconf 83' lang='lat' dir='ltr'><strong>quod</strong></span> <span class='ocrx_word' id='word_1_516' title='bbox 1129 4057 1345 4124; x_wconf 88' lang='lat' dir='ltr'><strong>publice</strong></span> <span class='ocrx_word' id='word_1_517' title='bbox 1401 4056 1519 4110; x_wconf 87' lang='lat' dir='ltr'><strong>visa</strong></span> <span class='ocrx_word' id='word_1_518' title='bbox 1567 4056 1744 4110; x_wconf 84' lang='lat' dir='ltr'><strong>fuerat</strong></span> 
     </span>
    </p>
   </div>
   <div class='ocr_carea' id='block_1_42' title="bbox 176 4147 1745 4218">
    <p class='ocr_par' dir='ltr' id='par_1_42' title="bbox 176 4147 1745 4218">
     <span class='ocr_line' id='line_1_42' title="bbox 176 4147 1745 4218; baseline 0.002 -20"><span class='ocrx_word' id='word_1_519' title='bbox 176 4162 346 4202; x_wconf 76' lang='lat' dir='ltr'><strong>canini</strong></span> <span class='ocrx_word' id='word_1_520' title='bbox 368 4151 513 4203; x_wconf 73' lang='lat' dir='ltr'><strong>inter</strong></span> <span class='ocrx_word' id='word_1_521' title='bbox 530 4164 668 4218; x_wconf 89' lang='lat' dir='ltr'><strong>quas</strong></span> <span class='ocrx_word' id='word_1_522' title='bbox 698 4150 910 4204; x_wconf 73' lang='lat' dir='ltr'><strong>vivebat</strong></span> <span class='ocrx_word' id='word_1_523' title='bbox 932 4162 1083 4203; x_wconf 82' lang='lat' dir='ltr'><strong>more</strong></span> <span class='ocrx_word' id='word_1_524' title='bbox 1107 4147 1304 4202; x_wconf 84' lang='lat' dir='ltr'><strong>velata.</strong></span> <span class='ocrx_word' id='word_1_525' title='bbox 1330 4148 1461 4215; x_wconf 68' lang='lat' dir='ltr'><strong>Quae</strong></span> <span class='ocrx_word' id='word_1_526' title='bbox 1487 4162 1591 4211; x_wconf 82' lang='lat' dir='ltr'><strong>res,</strong></span> <span class='ocrx_word' id='word_1_527' title='bbox 1617 4149 1745 4202; x_wconf 90' lang='lat' dir='ltr'><strong>dum</strong></span> 
     </span>
    </p>
   </div>
   <div class='ocr_carea' id='block_1_43' title="bbox 180 4238 1742 4311">
    <p class='ocr_par' dir='ltr' id='par_1_43' title="bbox 180 4238 1742 4311">
     <span class='ocr_line' id='line_1_43' title="bbox 180 4238 1742 4311; baseline 0.003 -22"><span class='ocrx_word' id='word_1_528' title='bbox 180 4239 257 4291; x_wconf 82' lang='lat' dir='ltr'><strong>illa</strong></span> <span class='ocrx_word' id='word_1_529' title='bbox 281 4238 389 4306; x_wconf 80' lang='lat' dir='ltr'><strong>jam</strong></span> <span class='ocrx_word' id='word_1_530' title='bbox 424 4240 550 4295; x_wconf 88' lang='lat' dir='ltr'><strong>olim</strong></span> <span class='ocrx_word' id='word_1_531' title='bbox 609 4239 837 4297; x_wconf 80' lang='lat' dir='ltr'><strong>dimisso</strong></span> <span class='ocrx_word' id='word_1_532' title='bbox 880 4239 999 4295; x_wconf 89' lang='lat' dir='ltr'><strong>velo</strong></span> <span class='ocrx_word' id='word_1_533' title='bbox 1039 4254 1068 4293; x_wconf 86' lang='lat' dir='ltr'><strong>a</strong></span> <span class='ocrx_word' id='word_1_534' title='bbox 1114 4254 1238 4310; x_wconf 82' lang='lat' dir='ltr'><strong>rege</strong></span> <span class='ocrx_word' id='word_1_535' title='bbox 1290 4250 1583 4305; x_wconf 86' lang='lat' dir='ltr'><strong>amaretur,</strong></span> <span class='ocrx_word' id='word_1_536' title='bbox 1619 4239 1742 4311; x_wconf 79' lang='lat' dir='ltr'><strong>[leg.</strong></span> 
     </span>
    </p>
   </div>
   <div class='ocr_carea' id='block_1_44' title="bbox 181 4331 1747 4404">
    <p class='ocr_par' dir='ltr' id='par_1_44' title="bbox 181 4331 1747 4404">
     <span class='ocr_line' id='line_1_44' title="bbox 181 4331 1747 4404; baseline 0 -21"><span class='ocrx_word' id='word_1_537' title='bbox 181 4332 311 4404; x_wconf 68' lang='lat' dir='ltr'><strong>cuin)</strong></span> <span class='ocrx_word' id='word_1_538' title='bbox 339 4333 633 4401; x_wconf 81' lang='lat' dir='ltr'><strong>plurimum</strong></span> <span class='ocrx_word' id='word_1_539' title='bbox 690 4347 784 4386; x_wconf 84' lang='lat' dir='ltr'><strong>ora</strong></span> <span class='ocrx_word' id='word_1_540' title='bbox 822 4333 1050 4399; x_wconf 77' lang='lat' dir='ltr'><strong>laxaret,</strong></span> <span class='ocrx_word' id='word_1_541' title='bbox 1080 4340 1138 4387; x_wconf 83' lang='lat' dir='ltr'><strong>et</strong></span> <span class='ocrx_word' id='word_1_542' title='bbox 1176 4348 1272 4387; x_wconf 89' lang='lat' dir='ltr'><strong>eos</strong></span> <span class='ocrx_word' id='word_1_543' title='bbox 1302 4348 1331 4385; x_wconf 83' lang='lat' dir='ltr'><strong>a</strong></span> <span class='ocrx_word' id='word_1_544' title='bbox 1383 4331 1582 4401; x_wconf 83' lang='lat' dir='ltr'><strong>cupitis</strong></span> <span class='ocrx_word' id='word_1_545' title='bbox 1626 4348 1747 4386; x_wconf 68' lang='lat' dir='ltr'><strong>ani.</strong></span> 
     </span>
    </p>
   </div>
   <div class='ocr_carea' id='block_1_45' title="bbox 183 4421 1749 4493">
    <p class='ocr_par' dir='ltr' id='par_1_45' title="bbox 183 4421 1749 4493">
     <span class='ocr_line' id='line_1_45' title="bbox 183 4421 1749 4493; baseline 0.004 -21"><span class='ocrx_word' id='word_1_546' title='bbox 183 4421 408 4488; x_wconf 72' lang='lat' dir='ltr'><strong>plexibus</strong></span> <span class='ocrx_word' id='word_1_547' title='bbox 442 4426 765 4489; x_wconf 85' lang='lat' dir='ltr'><strong>retardaret,</strong></span> <span class='ocrx_word' id='word_1_548' title='bbox 792 4424 903 4492; x_wconf 82' lang='lat' dir='ltr'><strong>ipsa</strong></span> <span class='ocrx_word' id='word_1_549' title='bbox 958 4422 1298 4486; x_wconf 77' lang='lat' dir='ltr'><strong>Anselmum,</strong></span> <span class='ocrx_word' id='word_1_550' title='bbox 1342 4423 1498 4493; x_wconf 82' lang='lat' dir='ltr'><strong>cujus</strong></span> <span class='ocrx_word' id='word_1_551' title='bbox 1540 4423 1595 4479; x_wconf 92' lang='lat' dir='ltr'><strong>in</strong></span> <span class='ocrx_word' id='word_1_552' title='bbox 1644 4423 1749 4479; x_wconf 82' lang='lat' dir='ltr'><strong>hoc</strong></span> 
     </span>
    </p>
   </div>
   <div class='ocr_carea' id='block_1_46' title="bbox 1838 3136 3414 3205">
    <p class='ocr_par' dir='ltr' id='par_1_46' title="bbox 1838 3136 3414 3205">
     <span class='ocr_line' id='line_1_46' title="bbox 1838 3136 3414 3205; baseline 0 -14"><span class='ocrx_word' id='word_1_553' title='bbox 1838 3138 1937 3191; x_wconf 86' lang='lat' dir='ltr'><strong>ra?</strong></span> <span class='ocrx_word' id='word_1_554' title='bbox 1993 3136 2181 3193; x_wconf 81' lang='lat' dir='ltr'><strong>Dill‘ert</strong></span> <span class='ocrx_word' id='word_1_555' title='bbox 2222 3138 2510 3196; x_wconf 82' lang='lat' dir='ltr'><strong>Anselmus</strong></span> <span class='ocrx_word' id='word_1_556' title='bbox 2568 3141 2890 3197; x_wconf 76' lang='lat' dir='ltr'><strong>sententiam</strong></span> <span class='ocrx_word' id='word_1_557' title='bbox 2956 3138 3122 3205; x_wconf 88' lang='lat' dir='ltr'><strong>ferre,</strong></span> <span class='ocrx_word' id='word_1_558' title='bbox 3174 3149 3231 3195; x_wconf 90' lang='lat' dir='ltr'><strong>et</strong></span> <span class='ocrx_word' id='word_1_559' title='bbox 3282 3154 3414 3192; x_wconf 88' lang='lat' dir='ltr'><strong>cau-</strong></span> 
     </span>
    </p>
   </div>
   <div class='ocr_carea' id='block_1_47' title="bbox 1838 3227 3421 3302">
    <p class='ocr_par' dir='ltr' id='par_1_47' title="bbox 1838 3227 3421 3302">
     <span class='ocr_line' id='line_1_47' title="bbox 1838 3227 3421 3302; baseline 0 -19"><span class='ocrx_word' id='word_1_560' title='bbox 1838 3242 1952 3283; x_wconf 81' lang='lat' dir='ltr'><strong>sam</strong></span> <span class='ocrx_word' id='word_1_561' title='bbox 1979 3227 2187 3296; x_wconf 80' lang='lat' dir='ltr'><strong>judicio</strong></span> <span class='ocrx_word' id='word_1_562' title='bbox 2226 3230 2601 3301; x_wconf 87' lang='lat' dir='ltr'><strong>religiosarum</strong></span> <span class='ocrx_word' id='word_1_563' title='bbox 2640 3236 2993 3302; x_wconf 81' lang='lat' dir='ltr'><strong>personarum</strong></span> <span class='ocrx_word' id='word_1_564' title='bbox 3047 3229 3197 3298; x_wconf 83' lang='lat' dir='ltr'><strong>regni</strong></span> <span class='ocrx_word' id='word_1_565' title='bbox 3238 3230 3421 3285; x_wconf 85' lang='lat' dir='ltr'><strong>deter-</strong></span> 
     </span>
    </p>
   </div>
   <div class='ocr_carea' id='block_1_48' title="bbox 1838 3320 3422 3392">
    <p class='ocr_par' dir='ltr' id='par_1_48' title="bbox 1838 3320 3422 3392">
     <span class='ocr_line' id='line_1_48' title="bbox 1838 3320 3422 3392; baseline 0.001 -19"><span class='ocrx_word' id='word_1_566' title='bbox 1838 3320 2148 3375; x_wconf 86' lang='lat' dir='ltr'><strong>minandam</strong></span> <span class='ocrx_word' id='word_1_567' title='bbox 2192 3322 2525 3391; x_wconf 87' lang='lat' dir='ltr'><strong>pronuntiat.</strong></span> <span class='ocrx_word' id='word_1_568' title='bbox 2580 3321 2797 3379; x_wconf 86' lang='lat' dir='ltr'><strong>Statuto</strong></span> <span class='ocrx_word' id='word_1_569' title='bbox 2852 3324 3034 3392; x_wconf 85' lang='lat' dir='ltr'><strong>itaque</strong></span> <span class='ocrx_word' id='word_1_570' title='bbox 3079 3323 3167 3377; x_wconf 92' lang='lat' dir='ltr'><strong>die</strong></span> <span class='ocrx_word' id='word_1_571' title='bbox 3219 3330 3422 3377; x_wconf 87' lang='lat' dir='ltr'><strong>coeunt.</strong></span> 
     </span>
    </p>
   </div>
   <div class='ocr_carea' id='block_1_49' title="bbox 1839 3411 3421 3485">
    <p class='ocr_par' dir='ltr' id='par_1_49' title="bbox 1839 3411 3421 3485">
     <span class='ocr_line' id='line_1_49' title="bbox 1839 3411 3421 3485; baseline -0.001 -18"><span class='ocrx_word' id='word_1_572' title='bbox 1839 3411 1907 3467; x_wconf 76' lang='lat' dir='ltr'><strong>ad</strong></span> <span class='ocrx_word' id='word_1_573' title='bbox 1964 3421 2154 3467; x_wconf 90' lang='lat' dir='ltr'><strong>nutum</strong></span> <span class='ocrx_word' id='word_1_574' title='bbox 2203 3413 2347 3468; x_wconf 87' lang='lat' dir='ltr'><strong>illius</strong></span> <span class='ocrx_word' id='word_1_575' title='bbox 2395 3414 2668 3485; x_wconf 90' lang='lat' dir='ltr'><strong>episcopi,</strong></span> <span class='ocrx_word' id='word_1_576' title='bbox 2723 3414 2951 3469; x_wconf 82' lang='lat' dir='ltr'><strong>abbates</strong></span> <span class='ocrx_word' id='word_1_577' title='bbox 3016 3414 3243 3477; x_wconf 88' lang='lat' dir='ltr'><strong>nobiles.</strong></span> <span class='ocrx_word' id='word_1_578' title='bbox 3295 3414 3421 3483; x_wconf 87' lang='lat' dir='ltr'><strong>qui-</strong></span> 
     </span>
    </p>
   </div>
   <div class='ocr_carea' id='block_1_50' title="bbox 1840 3505 3419 3578">
    <p class='ocr_par' dir='ltr' id='par_1_50' title="bbox 1840 3505 3419 3578">
     <span class='ocr_line' id='line_1_50' title="bbox 1840 3505 3419 3578; baseline 0.001 -18"><span class='ocrx_word' id='word_1_579' title='bbox 1840 3520 1989 3576; x_wconf 89' lang='lat' dir='ltr'><strong>que,</strong></span> <span class='ocrx_word' id='word_1_580' title='bbox 2049 3523 2114 3561; x_wconf 92' lang='lat' dir='ltr'><strong>ac</strong></span> <span class='ocrx_word' id='word_1_581' title='bbox 2180 3507 2418 3578; x_wconf 84' lang='lat' dir='ltr'><strong>religiosi</strong></span> <span class='ocrx_word' id='word_1_582' title='bbox 2482 3508 2692 3563; x_wconf 81' lang='lat' dir='ltr'><strong>ordinis</strong></span> <span class='ocrx_word' id='word_1_583' title='bbox 2757 3507 2861 3563; x_wconf 90' lang='lat' dir='ltr'><strong>viri</strong></span> <span class='ocrx_word' id='word_1_584' title='bbox 2926 3509 2977 3562; x_wconf 91' lang='lat' dir='ltr'><strong>in</strong></span> <span class='ocrx_word' id='word_1_585' title='bbox 3038 3507 3163 3561; x_wconf 88' lang='lat' dir='ltr'><strong>villa</strong></span> <span class='ocrx_word' id='word_1_586' title='bbox 3232 3505 3419 3563; x_wconf 84' lang='lat' dir='ltr'><strong>Sancti</strong></span> 
     </span>
    </p>
   </div>
   <div class='ocr_carea' id='block_1_51' title="bbox 1840 3599 3421 3669">
    <p class='ocr_par' dir='ltr' id='par_1_51' title="bbox 1840 3599 3421 3669">
     <span class='ocr_line' id='line_1_51' title="bbox 1840 3599 3421 3669; baseline 0 -17"><span class='ocrx_word' id='word_1_587' title='bbox 1840 3599 2073 3655; x_wconf 70' lang='lat' dir='ltr'><strong>Androm</strong></span> <span class='ocrx_word' id='word_1_588' title='bbox 2120 3600 2189 3655; x_wconf 89' lang='lat' dir='ltr'><strong>dc</strong></span> <span class='ocrx_word' id='word_1_589' title='bbox 2245 3599 2615 3668; x_wconf 80' lang='lat' dir='ltr'><strong>Rovecestra,</strong></span> <span class='ocrx_word' id='word_1_590' title='bbox 2672 3616 2793 3669; x_wconf 62' lang='lat' dir='ltr'><strong>quae</strong></span> <span class='ocrx_word' id='word_1_591' title='bbox 2866 3599 3121 3655; x_wconf 82' lang='lat' dir='ltr'><strong>Lambcta</strong></span> <span class='ocrx_word' id='word_1_592' title='bbox 3176 3608 3421 3665; x_wconf 79' lang='lat' dir='ltr'><strong>vocatur,</strong></span> 
     </span>
    </p>
   </div>
   <div class='ocr_carea' id='block_1_52' title="bbox 1843 3691 3422 3761">
    <p class='ocr_par' dir='ltr' id='par_1_52' title="bbox 1843 3691 3422 3761">
     <span class='ocr_line' id='line_1_52' title="bbox 1843 3691 3422 3761; baseline 0 -19"><span class='ocrx_word' id='word_1_593' title='bbox 1843 3705 1951 3761; x_wconf 90' lang='lat' dir='ltr'><strong>quo</strong></span> <span class='ocrx_word' id='word_1_594' title='bbox 2010 3700 2066 3747; x_wconf 90' lang='lat' dir='ltr'><strong>et</strong></span> <span class='ocrx_word' id='word_1_595' title='bbox 2123 3691 2297 3760; x_wconf 90' lang='lat' dir='ltr'><strong>ipsum</strong></span> <span class='ocrx_word' id='word_1_596' title='bbox 2349 3692 2633 3761; x_wconf 71' lang='lat' dir='ltr'><strong>prresentis</strong></span> <span class='ocrx_word' id='word_1_597' title='bbox 2680 3693 2878 3761; x_wconf 85' lang='lat' dir='ltr'><strong>negotii</strong></span> <span class='ocrx_word' id='word_1_598' title='bbox 2922 3701 3052 3747; x_wconf 85' lang='lat' dir='ltr'><strong>tunc</strong></span> <span class='ocrx_word' id='word_1_599' title='bbox 3108 3702 3263 3747; x_wconf 89' lang='lat' dir='ltr'><strong>tenor</strong></span> <span class='ocrx_word' id='word_1_600' title='bbox 3322 3691 3422 3745; x_wconf 84' lang='lat' dir='ltr'><strong>ad-</strong></span> 
     </span>
    </p>
   </div>
   <div class='ocr_carea' id='block_1_53' title="bbox 1843 3782 3424 3855">
    <p class='ocr_par' dir='ltr' id='par_1_53' title="bbox 1843 3782 3424 3855">
     <span class='ocr_line' id='line_1_53' title="bbox 1843 3782 3424 3855; baseline -0.002 -16"><span class='ocrx_word' id='word_1_601' title='bbox 1843 3784 2093 3839; x_wconf 82' lang='lat' dir='ltr'><strong>duxerat.</strong></span> <span class='ocrx_word' id='word_1_602' title='bbox 2123 3782 2296 3838; x_wconf 88' lang='lat' dir='ltr'><strong>Causa</strong></span> <span class='ocrx_word' id='word_1_603' title='bbox 2344 3784 2511 3853; x_wconf 88' lang='lat' dir='ltr'><strong>igitur</strong></span> <span class='ocrx_word' id='word_1_604' title='bbox 2545 3784 2697 3854; x_wconf 80' lang='lat' dir='ltr'><strong>juxta</strong></span> <span class='ocrx_word' id='word_1_605' title='bbox 2737 3784 3111 3855; x_wconf 82' lang='lat' dir='ltr'><strong>praescriptam</strong></span> <span class='ocrx_word' id='word_1_606' title='bbox 3146 3784 3341 3837; x_wconf 84' lang='lat' dir='ltr'><strong>seriem</strong></span> <span class='ocrx_word' id='word_1_607' title='bbox 3372 3784 3424 3836; x_wconf 91' lang='lat' dir='ltr'><strong>in</strong></span> 
     </span>
    </p>
   </div>
   <div class='ocr_carea' id='block_1_54' title="bbox 1845 3874 3427 3931">
    <p class='ocr_par' dir='ltr' id='par_1_54' title="bbox 1845 3874 3427 3931">
     <span class='ocr_line' id='line_1_54' title="bbox 1845 3874 3427 3931; baseline -0.003 0"><span class='ocrx_word' id='word_1_608' title='bbox 1845 3877 2084 3931; x_wconf 90' lang='lat' dir='ltr'><strong>medium</strong></span> <span class='ocrx_word' id='word_1_609' title='bbox 2145 3876 2377 3931; x_wconf 89' lang='lat' dir='ltr'><strong>deducta</strong></span> <span class='ocrx_word' id='word_1_610' title='bbox 2422 3885 2528 3931; x_wconf 88' lang='lat' dir='ltr'><strong>est.</strong></span> <span class='ocrx_word' id='word_1_611' title='bbox 2577 3877 2847 3931; x_wconf 85' lang='lat' dir='ltr'><strong>Prodeunt</strong></span> <span class='ocrx_word' id='word_1_612' title='bbox 2898 3876 3024 3931; x_wconf 91' lang='lat' dir='ltr'><strong>hinc</strong></span> <span class='ocrx_word' id='word_1_613' title='bbox 3070 3876 3194 3929; x_wconf 89' lang='lat' dir='ltr'><strong>inde</strong></span> <span class='ocrx_word' id='word_1_614' title='bbox 3246 3874 3427 3929; x_wconf 85' lang='lat' dir='ltr'><strong>idonei</strong></span> 
     </span>
    </p>
   </div>
   <div class='ocr_carea' id='block_1_55' title="bbox 1848 3967 3430 4038">
    <p class='ocr_par' dir='ltr' id='par_1_55' title="bbox 1848 3967 3430 4038">
     <span class='ocr_line' id='line_1_55' title="bbox 1848 3967 3430 4038; baseline -0.001 -16"><span class='ocrx_word' id='word_1_615' title='bbox 1848 3976 2034 4032; x_wconf 86' lang='lat' dir='ltr'><strong>testes,</strong></span> <span class='ocrx_word' id='word_1_616' title='bbox 2064 3969 2226 4023; x_wconf 86' lang='lat' dir='ltr'><strong>verba</strong></span> <span class='ocrx_word' id='word_1_617' title='bbox 2276 3967 2464 4037; x_wconf 72' lang='lat' dir='ltr'><strong>puella:</strong></span> <span class='ocrx_word' id='word_1_618' title='bbox 2514 3984 2663 4038; x_wconf 69' lang='lat' dir='ltr'><strong>pura:</strong></span> <span class='ocrx_word' id='word_1_619' title='bbox 2711 3969 2928 4023; x_wconf 61' lang='lat' dir='ltr'><strong>veritati</strong></span> <span class='ocrx_word' id='word_1_620' title='bbox 2971 3968 3198 4022; x_wconf 79' lang='lat' dir='ltr'><strong>subnixa</strong></span> <span class='ocrx_word' id='word_1_621' title='bbox 3248 3975 3430 4035; x_wconf 85' lang='lat' dir='ltr'><strong>prote-</strong></span> 
     </span>
    </p>
   </div>
   <div class='ocr_carea' id='block_1_56' title="bbox 1844 4056 3430 4123">
    <p class='ocr_par' dir='ltr' id='par_1_56' title="bbox 1844 4056 3430 4123">
     <span class='ocr_line' id='line_1_56' title="bbox 1844 4056 3430 4123; baseline 0 -11"><span class='ocrx_word' id='word_1_622' title='bbox 1844 4068 2073 4113; x_wconf 88' lang='lat' dir='ltr'><strong>stantes.</strong></span> <span class='ocrx_word' id='word_1_623' title='bbox 2100 4059 2379 4113; x_wconf 80' lang='lat' dir='ltr'><strong>Accedunt</strong></span> <span class='ocrx_word' id='word_1_624' title='bbox 2408 4058 2526 4113; x_wconf 87' lang='lat' dir='ltr'><strong>istis</strong></span> <span class='ocrx_word' id='word_1_625' title='bbox 2550 4058 2916 4112; x_wconf 62' lang='lat' dir='ltr'><strong>arcltidiac&#39;vii</strong></span> <span class='ocrx_word' id='word_1_626' title='bbox 2940 4057 3065 4123; x_wconf 84' lang='lat' dir='ltr'><strong>duo,</strong></span> <span class='ocrx_word' id='word_1_627' title='bbox 3088 4056 3430 4113; x_wconf 75' lang='lat' dir='ltr'><strong>Wilihelmus</strong></span> 
     </span>
    </p>
   </div>
   <div class='ocr_carea' id='block_1_57' title="bbox 1848 4148 3429 4217">
    <p class='ocr_par' dir='ltr' id='par_1_57' title="bbox 1848 4148 3429 4217">
     <span class='ocr_line' id='line_1_57' title="bbox 1848 4148 3429 4217; baseline 0.002 -16"><span class='ocrx_word' id='word_1_628' title='bbox 1848 4150 2101 4204; x_wconf 88' lang='lat' dir='ltr'><strong>videlicet</strong></span> <span class='ocrx_word' id='word_1_629' title='bbox 2129 4150 2555 4213; x_wconf 83' lang='lat' dir='ltr'><strong>Cantuariensis,</strong></span> <span class='ocrx_word' id='word_1_630' title='bbox 2586 4159 2641 4204; x_wconf 88' lang='lat' dir='ltr'><strong>et</strong></span> <span class='ocrx_word' id='word_1_631' title='bbox 2677 4148 2852 4203; x_wconf 79' lang='lat' dir='ltr'><strong>ilumb</strong></span> <span class='ocrx_word' id='word_1_632' title='bbox 2874 4150 3009 4204; x_wconf 85' lang='lat' dir='ltr'><strong>ddus</strong></span> <span class='ocrx_word' id='word_1_633' title='bbox 3040 4149 3429 4217; x_wconf 86' lang='lat' dir='ltr'><strong>Serbcriensis,</strong></span> 
     </span>
    </p>
   </div>
   <div class='ocr_carea' id='block_1_58' title="bbox 1848 4240 3433 4312">
    <p class='ocr_par' dir='ltr' id='par_1_58' title="bbox 1848 4240 3433 4312">
     <span class='ocr_line' id='line_1_58' title="bbox 1848 4240 3433 4312; baseline 0.003 -20"><span class='ocrx_word' id='word_1_634' title='bbox 1848 4256 1985 4312; x_wconf 86' lang='lat' dir='ltr'><strong>quos</strong></span> <span class='ocrx_word' id='word_1_635' title='bbox 2033 4241 2193 4296; x_wconf 83' lang='lat' dir='ltr'><strong>Pater</strong></span> <span class='ocrx_word' id='word_1_636' title='bbox 2236 4240 2526 4297; x_wconf 80' lang='lat' dir='ltr'><strong>Anseimus</strong></span> <span class='ocrx_word' id='word_1_637' title='bbox 2571 4240 2889 4296; x_wconf 82' lang='lat' dir='ltr'><strong>Wiltuniam</strong></span> <span class='ocrx_word' id='word_1_638' title='bbox 2916 4252 2964 4306; x_wconf 72' lang='grc' dir='ltr'><strong>ε,</strong></span> <span class='ocrx_word' id='word_1_639' title='bbox 3003 4241 3093 4296; x_wconf 88' lang='lat' dir='ltr'><strong>ubi</strong></span> <span class='ocrx_word' id='word_1_640' title='bbox 3135 4241 3222 4295; x_wconf 90' lang='lat' dir='ltr'><strong>illa</strong></span> <span class='ocrx_word' id='word_1_641' title='bbox 3255 4241 3433 4296; x_wconf 80' lang='lat' dir='ltr'><strong>fuerat</strong></span> 
     </span>
    </p>
   </div>
   <div class='ocr_carea' id='block_1_59' title="bbox 1848 4330 3486 4401">
    <p class='ocr_par' dir='ltr' id='par_1_59' title="bbox 1848 4330 3486 4401">
     <span class='ocr_line' id='line_1_59' title="bbox 1848 4330 3486 4401; baseline -0.001 -14"><span class='ocrx_word' id='word_1_642' title='bbox 1848 4333 2103 4398; x_wconf 83' lang='lat' dir='ltr'><strong>educata,</strong></span> <span class='ocrx_word' id='word_1_643' title='bbox 2134 4346 2235 4401; x_wconf 90' lang='lat' dir='ltr'><strong>pro</strong></span> <span class='ocrx_word' id='word_1_644' title='bbox 2260 4330 2378 4399; x_wconf 82' lang='lat' dir='ltr'><strong>ejus</strong></span> <span class='ocrx_word' id='word_1_645' title='bbox 2401 4331 2479 4385; x_wconf 89' lang='lat' dir='ltr'><strong>rei</strong></span> <span class='ocrx_word' id='word_1_646' title='bbox 2504 4331 2831 4387; x_wconf 89' lang='lat' dir='ltr'><strong>certitudine</strong></span> <span class='ocrx_word' id='word_1_647' title='bbox 2858 4332 3102 4386; x_wconf 88' lang='lat' dir='ltr'><strong>rimanda</strong></span> <span class='ocrx_word' id='word_1_648' title='bbox 3134 4332 3433 4396; x_wconf 77' lang='lat' dir='ltr'><strong>direxerat,</strong></span> <span class='ocrx_word' id='word_1_649' title='bbox 3476 4379 3486 4385; x_wconf 76' lang='grc'>,</span> 
     </span>
    </p>
   </div>
   <div class='ocr_carea' id='block_1_60' title="bbox 1848 4421 3433 4493">
    <p class='ocr_par' dir='ltr' id='par_1_60' title="bbox 1848 4421 3433 4493">
     <span class='ocr_line' id='line_1_60' title="bbox 1848 4421 3433 4493; baseline 0.003 -19"><span class='ocrx_word' id='word_1_650' title='bbox 1848 4421 1942 4493; x_wconf 89' lang='lat' dir='ltr'><strong>qui</strong></span> <span class='ocrx_word' id='word_1_651' title='bbox 1979 4422 2193 4491; x_wconf 90' lang='lat' dir='ltr'><strong>publica</strong></span> <span class='ocrx_word' id='word_1_652' title='bbox 2220 4437 2351 4477; x_wconf 87' lang='lat' dir='ltr'><strong>voce</strong></span> <span class='ocrx_word' id='word_1_653' title='bbox 2387 4423 2567 4478; x_wconf 88' lang='lat' dir='ltr'><strong>testati</strong></span> <span class='ocrx_word' id='word_1_654' title='bbox 2600 4431 2725 4477; x_wconf 89' lang='lat' dir='ltr'><strong>sunt</strong></span> <span class='ocrx_word' id='word_1_655' title='bbox 2770 4437 2828 4477; x_wconf 90' lang='lat' dir='ltr'><strong>se</strong></span> <span class='ocrx_word' id='word_1_656' title='bbox 2865 4432 2922 4477; x_wconf 92' lang='lat' dir='ltr'><strong>et</strong></span> <span class='ocrx_word' id='word_1_657' title='bbox 2958 4439 3070 4477; x_wconf 87' lang='lat' dir='ltr'><strong>rem</strong></span> <span class='ocrx_word' id='word_1_658' title='bbox 3101 4439 3130 4476; x_wconf 83' lang='lat' dir='ltr'><strong>a</strong></span> <span class='ocrx_word' id='word_1_659' title='bbox 3157 4424 3433 4479; x_wconf 81' lang='lat' dir='ltr'><strong>sororibus</strong></span> 
     </span>
    </p>
   </div>
   <div class='ocr_carea' id='block_1_61' title="bbox 176 4514 3433 4587">
    <p class='ocr_par' dir='ltr' id='par_1_61' title="bbox 176 4514 3433 4587">
     <span class='ocr_line' id='line_1_61' title="bbox 176 4514 3433 4587; baseline 0.001 -22"><span class='ocrx_word' id='word_1_660' title='bbox 176 4521 353 4568; x_wconf 76' lang='lat' dir='ltr'><strong>nutum</strong></span> <span class='ocrx_word' id='word_1_661' title='bbox 397 4530 589 4571; x_wconf 82' lang='lat' dir='ltr'><strong>omnes</strong></span> <span class='ocrx_word' id='word_1_662' title='bbox 614 4515 1025 4584; x_wconf 74' lang='lat' dir='ltr'><strong>exspectabant,</strong></span> <span class='ocrx_word' id='word_1_663' title='bbox 1052 4515 1207 4579; x_wconf 85' lang='lat' dir='ltr'><strong>adiit,</strong></span> <span class='ocrx_word' id='word_1_664' title='bbox 1248 4514 1535 4570; x_wconf 88' lang='lat' dir='ltr'><strong>consilium</strong></span> <span class='ocrx_word' id='word_1_665' title='bbox 1557 4514 1626 4569; x_wconf 86' lang='lat' dir='ltr'><strong>de</strong></span> <span class='ocrx_word' id='word_1_666' title='bbox 1650 4531 1749 4569; x_wconf 86' lang='lat' dir='ltr'><strong>ne-</strong></span> <span class='ocrx_word' id='word_1_667' title='bbox 1782 4531 1828 4587; x_wconf 76' lang='grc' dir='ltr'>ι)</span> <span class='ocrx_word' id='word_1_668' title='bbox 1852 4514 2273 4585; x_wconf 87' lang='lat' dir='ltr'><strong>diligentissime</strong></span> <span class='ocrx_word' id='word_1_669' title='bbox 2303 4515 2658 4585; x_wconf 86' lang='lat' dir='ltr'><strong>perquisissc,</strong></span> <span class='ocrx_word' id='word_1_670' title='bbox 2689 4524 2747 4570; x_wconf 87' lang='lat' dir='ltr'><strong>et</strong></span> <span class='ocrx_word' id='word_1_671' title='bbox 2782 4515 2918 4570; x_wconf 83' lang='lat' dir='ltr'><strong>nihil</strong></span> <span class='ocrx_word' id='word_1_672' title='bbox 2958 4517 3102 4587; x_wconf 91' lang='lat' dir='ltr'><strong>quod</strong></span> <span class='ocrx_word' id='word_1_673' title='bbox 3134 4516 3314 4571; x_wconf 68' lang='lat' dir='ltr'><strong>relata</strong></span> <span class='ocrx_word' id='word_1_674' title='bbox 3344 4531 3433 4570; x_wconf 87' lang='lat' dir='ltr'><strong>ra-</strong></span> 
     </span>
    </p>
   </div>
   <div class='ocr_carea' id='block_1_62' title="bbox 184 4604 1747 4675">
    <p class='ocr_par' dir='ltr' id='par_1_62' title="bbox 184 4604 1747 4675">
     <span class='ocr_line' id='line_1_62' title="bbox 184 4604 1747 4675; baseline 0.003 -18"><span class='ocrx_word' id='word_1_675' title='bbox 184 4604 335 4669; x_wconf 75' lang='lat' dir='ltr'><strong>gotio,</strong></span> <span class='ocrx_word' id='word_1_676' title='bbox 375 4614 430 4660; x_wconf 88' lang='lat' dir='ltr'><strong>et</strong></span> <span class='ocrx_word' id='word_1_677' title='bbox 486 4606 749 4660; x_wconf 76' lang='lat' dir='ltr'><strong>auxilium</strong></span> <span class='ocrx_word' id='word_1_678' title='bbox 793 4604 1062 4660; x_wconf 84' lang='lat' dir='ltr'><strong>submissa</strong></span> <span class='ocrx_word' id='word_1_679' title='bbox 1122 4618 1284 4675; x_wconf 81' lang='lat' dir='ltr'><strong>prece</strong></span> <span class='ocrx_word' id='word_1_680' title='bbox 1337 4605 1604 4675; x_wconf 64' lang='lat' dir='ltr'><strong>quasivit.</strong></span> <span class='ocrx_word' id='word_1_681' title='bbox 1650 4604 1747 4662; x_wconf 85' lang='lat' dir='ltr'><strong>Cui</strong></span> 
     </span>
    </p>
   </div>
   <div class='ocr_carea' id='block_1_63' title="bbox 188 4692 1751 4766">
    <p class='ocr_par' dir='ltr' id='par_1_63' title="bbox 188 4692 1751 4766">
     <span class='ocr_line' id='line_1_63' title="bbox 188 4692 1751 4766; baseline 0.005 -24"><span class='ocrx_word' id='word_1_682' title='bbox 188 4692 283 4755; x_wconf 78' lang='lat' dir='ltr'><strong>ille,</strong></span> <span class='ocrx_word' id='word_1_683' title='bbox 347 4695 547 4749; x_wconf 83' lang='lat' dir='ltr'><strong>fatuam</strong></span> <span class='ocrx_word' id='word_1_684' title='bbox 605 4710 727 4766; x_wconf 74' lang='lat' dir='ltr'><strong>qua:</strong></span> <span class='ocrx_word' id='word_1_685' title='bbox 774 4695 1054 4750; x_wconf 80' lang='lat' dir='ltr'><strong>ferebatur</strong></span> <span class='ocrx_word' id='word_1_686' title='bbox 1110 4695 1394 4765; x_wconf 85' lang='lat' dir='ltr'><strong>injiciens,</strong></span> <span class='ocrx_word' id='word_1_687' title='bbox 1449 4694 1751 4751; x_wconf 82' lang='lat' dir='ltr'><strong>aiiirmabat</strong></span> 
     </span>
    </p>
   </div>
   <div class='ocr_carea' id='block_1_64' title="bbox 182 4784 1753 4857">
    <p class='ocr_par' dir='ltr' id='par_1_64' title="bbox 182 4784 1753 4857">
     <span class='ocr_line' id='line_1_64' title="bbox 182 4784 1753 4857; baseline 0.005 -22"><span class='ocrx_word' id='word_1_688' title='bbox 182 4784 313 4839; x_wconf 82' lang='lat' dir='ltr'><strong>nulla</strong></span> <span class='ocrx_word' id='word_1_689' title='bbox 348 4802 406 4841; x_wconf 84' lang='lat' dir='ltr'><strong>se</strong></span> <span class='ocrx_word' id='word_1_690' title='bbox 449 4803 689 4857; x_wconf 88' lang='lat' dir='ltr'><strong>unquam</strong></span> <span class='ocrx_word' id='word_1_691' title='bbox 730 4788 952 4843; x_wconf 79' lang='lat' dir='ltr'><strong>ratione</strong></span> <span class='ocrx_word' id='word_1_692' title='bbox 1000 4788 1055 4842; x_wconf 91' lang='lat' dir='ltr'><strong>in</strong></span> <span class='ocrx_word' id='word_1_693' title='bbox 1106 4788 1212 4843; x_wconf 83' lang='lat' dir='ltr'><strong>hoc</strong></span> <span class='ocrx_word' id='word_1_694' title='bbox 1256 4788 1659 4853; x_wconf 88' lang='lat' dir='ltr'><strong>declinandum,</strong></span> <span class='ocrx_word' id='word_1_695' title='bbox 1693 4796 1753 4843; x_wconf 89' lang='lat' dir='ltr'><strong>ut</strong></span> 
     </span>
    </p>
   </div>
   <div class='ocr_carea' id='block_1_65' title="bbox 176 4879 1749 4949">
    <p class='ocr_par' dir='ltr' id='par_1_65' title="bbox 176 4879 1749 4949">
     <span class='ocr_line' id='line_1_65' title="bbox 176 4879 1749 4949; baseline 0.006 -22"><span class='ocrx_word' id='word_1_696' title='bbox 176 4890 322 4931; x_wconf 75' lang='lat' dir='ltr'><strong>suam</strong></span> <span class='ocrx_word' id='word_1_697' title='bbox 353 4881 463 4935; x_wconf 78' lang='lat' dir='ltr'><strong>Deo</strong></span> <span class='ocrx_word' id='word_1_698' title='bbox 502 4895 760 4949; x_wconf 83' lang='lat' dir='ltr'><strong>sponsam</strong></span> <span class='ocrx_word' id='word_1_699' title='bbox 791 4879 967 4945; x_wconf 89' lang='lat' dir='ltr'><strong>tollat,</strong></span> <span class='ocrx_word' id='word_1_700' title='bbox 1010 4888 1069 4934; x_wconf 91' lang='lat' dir='ltr'><strong>et</strong></span> <span class='ocrx_word' id='word_1_701' title='bbox 1106 4895 1224 4934; x_wconf 85' lang='lat' dir='ltr'><strong>eam</strong></span> <span class='ocrx_word' id='word_1_702' title='bbox 1274 4889 1494 4935; x_wconf 86' lang='lat' dir='ltr'><strong>terreno</strong></span> <span class='ocrx_word' id='word_1_703' title='bbox 1545 4882 1749 4937; x_wconf 89' lang='lat' dir='ltr'><strong>homini</strong></span> 
     </span>
    </p>
   </div>
   <div class='ocr_carea' id='block_1_66' title="bbox 174 4964 1751 5040">
    <p class='ocr_par' dir='ltr' id='par_1_66' title="bbox 174 4964 1751 5040">
     <span class='ocr_line' id='line_1_66' title="bbox 174 4964 1751 5040; baseline 0.007 -23"><span class='ocrx_word' id='word_1_704' title='bbox 174 4964 238 5017; x_wconf 58' lang='lat' dir='ltr'><strong>fin</strong></span> <span class='ocrx_word' id='word_1_705' title='bbox 278 4964 681 5024; x_wconf 82' lang='lat' dir='ltr'><strong>matrim&#39;onium</strong></span> <span class='ocrx_word' id='word_1_706' title='bbox 726 4969 933 5040; x_wconf 83' lang='lat' dir='ltr'><strong>jungat.</strong></span> <span class='ocrx_word' id='word_1_707' title='bbox 976 4968 1165 5025; x_wconf 80' lang='lat' dir='ltr'><strong>Refert</strong></span> <span class='ocrx_word' id='word_1_708' title='bbox 1211 4969 1322 5033; x_wconf 83' lang='lat' dir='ltr'><strong>iila,</strong></span> <span class='ocrx_word' id='word_1_709' title='bbox 1370 4981 1425 5025; x_wconf 91' lang='lat' dir='ltr'><strong>et</strong></span> <span class='ocrx_word' id='word_1_710' title='bbox 1455 4971 1669 5040; x_wconf 86' lang='lat' dir='ltr'><strong>penitus</strong></span> <span class='ocrx_word' id='word_1_711' title='bbox 1694 4987 1751 5028; x_wconf 88' lang='lat' dir='ltr'><strong>se</strong></span> 
     </span>
    </p>
   </div>
   <div class='ocr_carea' id='block_1_67' title="bbox 1853 4606 3437 4679">
    <p class='ocr_par' dir='ltr' id='par_1_67' title="bbox 1853 4606 3437 4679">
     <span class='ocr_line' id='line_1_67' title="bbox 1853 4606 3437 4679; baseline -0.003 -18"><span class='ocrx_word' id='word_1_712' title='bbox 1853 4607 1986 4662; x_wconf 89' lang='lat' dir='ltr'><strong>tioni</strong></span> <span class='ocrx_word' id='word_1_713' title='bbox 2016 4606 2308 4663; x_wconf 77' lang='lat' dir='ltr'><strong>obsisteret</strong></span> <span class='ocrx_word' id='word_1_714' title='bbox 2336 4607 2406 4663; x_wconf 87' lang='lat' dir='ltr'><strong>ab</strong></span> <span class='ocrx_word' id='word_1_715' title='bbox 2436 4609 2517 4663; x_wconf 85' lang='lat' dir='ltr'><strong>eis</strong></span> <span class='ocrx_word' id='word_1_716' title='bbox 2558 4623 2755 4679; x_wconf 85' lang='lat' dir='ltr'><strong>capere</strong></span> <span class='ocrx_word' id='word_1_717' title='bbox 2784 4608 3042 4678; x_wconf 86' lang='lat' dir='ltr'><strong>potuisse.</strong></span> <span class='ocrx_word' id='word_1_718' title='bbox 3088 4607 3270 4662; x_wconf 80' lang='lat' dir='ltr'><strong>Ilonet</strong></span> <span class='ocrx_word' id='word_1_719' title='bbox 3304 4621 3437 4676; x_wconf 78' lang='lat' dir='ltr'><strong>ergo</strong></span> 
     </span>
    </p>
   </div>
   <div class='ocr_carea' id='block_1_68' title="bbox 1852 4694 3438 4766">
    <p class='ocr_par' dir='ltr' id='par_1_68' title="bbox 1852 4694 3438 4766">
     <span class='ocr_line' id='line_1_68' title="bbox 1852 4694 3438 4766; baseline -0.001 -15"><span class='ocrx_word' id='word_1_720' title='bbox 1852 4694 2144 4751; x_wconf 77' lang='lat' dir='ltr'><strong>Anselmus</strong></span> <span class='ocrx_word' id='word_1_721' title='bbox 2174 4706 2231 4752; x_wconf 92' lang='lat' dir='ltr'><strong>et</strong></span> <span class='ocrx_word' id='word_1_722' title='bbox 2258 4711 2355 4766; x_wconf 86' lang='lat' dir='ltr'><strong>per</strong></span> <span class='ocrx_word' id='word_1_723' title='bbox 2381 4696 2748 4753; x_wconf 78' lang='lat' dir='ltr'><strong>Christianam</strong></span> <span class='ocrx_word' id='word_1_724' title='bbox 2778 4697 3143 4754; x_wconf 83' lang='lat' dir='ltr'><strong>obedientiam</strong></span> <span class='ocrx_word' id='word_1_725' title='bbox 3187 4696 3438 4751; x_wconf 83' lang='lat' dir='ltr'><strong>omnibus</strong></span> 
     </span>
    </p>
   </div>
   <div class='ocr_carea' id='block_1_69' title="bbox 1856 4787 3437 4857">
    <p class='ocr_par' dir='ltr' id='par_1_69' title="bbox 1856 4787 3437 4857">
     <span class='ocr_line' id='line_1_69' title="bbox 1856 4787 3437 4857; baseline 0 -15"><span class='ocrx_word' id='word_1_726' title='bbox 1856 4788 2088 4857; x_wconf 89' lang='lat' dir='ltr'><strong>imperat</strong></span> <span class='ocrx_word' id='word_1_727' title='bbox 2131 4798 2189 4843; x_wconf 89' lang='lat' dir='ltr'><strong>ut</strong></span> <span class='ocrx_word' id='word_1_728' title='bbox 2219 4789 2426 4844; x_wconf 88' lang='lat' dir='ltr'><strong>nullum</strong></span> <span class='ocrx_word' id='word_1_729' title='bbox 2453 4804 2483 4843; x_wconf 93' lang='lat' dir='ltr'><strong>a</strong></span> <span class='ocrx_word' id='word_1_730' title='bbox 2510 4790 2739 4846; x_wconf 74' lang='lat' dir='ltr'><strong>veritate</strong></span> <span class='ocrx_word' id='word_1_731' title='bbox 2770 4791 2927 4845; x_wconf 83' lang='lat' dir='ltr'><strong>favor</strong></span> <span class='ocrx_word' id='word_1_732' title='bbox 2960 4798 3059 4845; x_wconf 90' lang='lat' dir='ltr'><strong>aut</strong></span> <span class='ocrx_word' id='word_1_733' title='bbox 3084 4789 3250 4843; x_wconf 87' lang='lat' dir='ltr'><strong>timor</strong></span> <span class='ocrx_word' id='word_1_734' title='bbox 3276 4787 3437 4842; x_wconf 79' lang='lat' dir='ltr'><strong>delle-</strong></span> 
     </span>
    </p>
   </div>
   <div class='ocr_carea' id='block_1_70' title="bbox 1855 4878 3437 4951">
    <p class='ocr_par' dir='ltr' id='par_1_70' title="bbox 1855 4878 3437 4951">
     <span class='ocr_line' id='line_1_70' title="bbox 1855 4878 3437 4951; baseline -0.004 -15"><span class='ocrx_word' id='word_1_735' title='bbox 1855 4890 1994 4945; x_wconf 88' lang='lat' dir='ltr'><strong>ctat,</strong></span> <span class='ocrx_word' id='word_1_736' title='bbox 2023 4881 2119 4935; x_wconf 85' lang='lat' dir='ltr'><strong>sed</strong></span> <span class='ocrx_word' id='word_1_737' title='bbox 2148 4881 2289 4936; x_wconf 83' lang='lat' dir='ltr'><strong>sicut</strong></span> <span class='ocrx_word' id='word_1_738' title='bbox 2312 4897 2501 4937; x_wconf 74' lang='lat' dir='ltr'><strong>revera</strong></span> <span class='ocrx_word' id='word_1_739' title='bbox 2531 4897 2708 4938; x_wconf 67' lang='lat' dir='ltr'><strong>cantate</strong></span> <span class='ocrx_word' id='word_1_740' title='bbox 2735 4882 2850 4948; x_wconf 87' lang='lat' dir='ltr'><strong>Dei,</strong></span> <span class='ocrx_word' id='word_1_741' title='bbox 2876 4896 2985 4951; x_wconf 91' lang='lat' dir='ltr'><strong>quo</strong></span> <span class='ocrx_word' id='word_1_742' title='bbox 3010 4880 3157 4949; x_wconf 85' lang='lat' dir='ltr'><strong>jnste</strong></span> <span class='ocrx_word' id='word_1_743' title='bbox 3180 4878 3437 4934; x_wconf 82' lang='lat' dir='ltr'><strong>determi-</strong></span> 
     </span>
    </p>
   </div>
   <div class='ocr_carea' id='block_1_71' title="bbox 1857 4970 3441 5045">
    <p class='ocr_par' dir='ltr' id='par_1_71' title="bbox 1857 4970 3441 5045">
     <span class='ocr_line' id='line_1_71' title="bbox 1857 4970 3441 5045; baseline -0.003 -17"><span class='ocrx_word' id='word_1_744' title='bbox 1857 4974 2425 5044; x_wconf 83' lang='lat' dir='ltr'><strong>netur,unusquisque</strong></span> <span class='ocrx_word' id='word_1_745' title='bbox 2452 4989 2550 5045; x_wconf 91' lang='lat' dir='ltr'><strong>pro</strong></span> <span class='ocrx_word' id='word_1_746' title='bbox 2583 4974 2787 5030; x_wconf 88' lang='lat' dir='ltr'><strong>viribus</strong></span> <span class='ocrx_word' id='word_1_747' title='bbox 2808 4990 2964 5030; x_wconf 89' lang='lat' dir='ltr'><strong>ooem</strong></span> <span class='ocrx_word' id='word_1_748' title='bbox 2992 4973 3148 5037; x_wconf 84' lang='lat' dir='ltr'><strong>ferat,</strong></span> <span class='ocrx_word' id='word_1_749' title='bbox 3174 4985 3262 5036; x_wconf 87' lang='lat' dir='ltr'><strong>ne,</strong></span> <span class='ocrx_word' id='word_1_750' title='bbox 3294 4970 3441 5040; x_wconf 83' lang='lat' dir='ltr'><strong>quod</strong></span> 
     </span>
    </p>
   </div>
   <div class='ocr_carea' id='block_1_72' title="bbox 1496 5068 2168 5166">
    <p class='ocr_par' dir='ltr' id='par_1_72' title="bbox 1496 5068 2168 5166">
     <span class='ocr_line' id='line_1_72' title="bbox 1496 5068 2168 5166; baseline 0.004 -5"><span class='ocrx_word' id='word_1_751' title='bbox 1496 5068 1897 5164; x_wconf 61' lang='lat' dir='ltr'><strong>transmissa</strong></span> <span class='ocrx_word' id='word_1_752' title='bbox 1933 5108 2168 5166; x_wconf 71' lang='lat' dir='ltr'><strong>nom.</strong></span> 
     </span>
    </p>
   </div>
   <div class='ocr_carea' id='block_1_73' title="bbox 144 5266 1753 5341">
    <p class='ocr_par' dir='ltr' id='par_1_73' title="bbox 144 5266 1753 5341">
     <span class='ocr_line' id='line_1_73' title="bbox 144 5266 1753 5341; baseline 0.007 -26"><span class='ocrx_word' id='word_1_753' title='bbox 144 5266 323 5341; x_wconf 50' lang='lat' dir='ltr'><strong>regni</strong></span> <span class='ocrx_word' id='word_1_754' title='bbox 362 5268 571 5341; x_wconf 72' lang='lat' dir='ltr'><strong>paterni</strong></span> <span class='ocrx_word' id='word_1_755' title='bbox 609 5268 1017 5341; x_wconf 85' lang='lat' dir='ltr'><strong>recuperatione</strong></span> <span class='ocrx_word' id='word_1_756' title='bbox 1053 5283 1068 5323; x_wconf 87' lang='lat'><strong>:</strong></span> <span class='ocrx_word' id='word_1_757' title='bbox 1102 5285 1279 5340; x_wconf 86' lang='lat' dir='ltr'><strong>regem</strong></span> <span class='ocrx_word' id='word_1_758' title='bbox 1310 5287 1437 5341; x_wconf 83' lang='lat' dir='ltr'><strong>ergo</strong></span> <span class='ocrx_word' id='word_1_759' title='bbox 1478 5272 1753 5327; x_wconf 72' lang='lat' dir='ltr'><strong>benedixit</strong></span> 
     </span>
    </p>
   </div>
   <div class='ocr_carea' id='block_1_74' title="bbox 175 5337 1751 5413">
    <p class='ocr_par' dir='ltr' id='par_1_74' title="bbox 175 5337 1751 5413">
     <span class='ocr_line' id='line_1_74' title="bbox 175 5337 1751 5413; baseline 0.011 -29"><span class='ocrx_word' id='word_1_760' title='bbox 175 5337 408 5413; x_wconf 37' lang='lat' dir='ltr'><strong>mrcltiep.</strong></span> <span class='ocrx_word' id='word_1_761' title='bbox 434 5339 1079 5413; x_wconf 22' lang='lat' dir='ltr'><strong>EboracensisA&#39;l&#39;itomas,</strong></span> <span class='ocrx_word' id='word_1_762' title='bbox 1101 5337 1249 5413; x_wconf 74' lang='lat' dir='ltr'><strong>anno</strong></span> <span class='ocrx_word' id='word_1_763' title='bbox 1265 5341 1285 5392; x_wconf 81' lang='lat' dir='ltr'><strong>i</strong></span> <span class='ocrx_word' id='word_1_764' title='bbox 1302 5337 1421 5405; x_wconf 73' lang='lat'><strong>100,</strong></span> <span class='ocrx_word' id='word_1_765' title='bbox 1452 5358 1482 5395; x_wconf 91' lang='lat' dir='ltr'><strong>v</strong></span> <span class='ocrx_word' id='word_1_766' title='bbox 1503 5344 1751 5413; x_wconf 81' lang='lat' dir='ltr'><strong>Augusti.</strong></span> 
     </span>
    </p>
   </div>
   <div class='ocr_carea' id='block_1_75' title="bbox 200 5409 1753 5483">
    <p class='ocr_par' dir='ltr' id='par_1_75' title="bbox 200 5409 1753 5483">
     <span class='ocr_line' id='line_1_75' title="bbox 200 5409 1753 5483; baseline 0.002 -19"><span class='ocrx_word' id='word_1_767' title='bbox 200 5412 297 5464; x_wconf 68' lang='lat' dir='ltr'><strong>Wst</strong></span> <span class='ocrx_word' id='word_1_768' title='bbox 321 5412 525 5483; x_wconf 54' lang='lat' dir='ltr'><strong>(,pitum</strong></span> <span class='ocrx_word' id='word_1_769' title='bbox 548 5409 819 5483; x_wconf 80' lang='lat' dir='ltr'><strong>Guilleimi</strong></span> <span class='ocrx_word' id='word_1_770' title='bbox 844 5410 930 5464; x_wconf 89' lang='lat' dir='ltr'><strong>die</strong></span> <span class='ocrx_word' id='word_1_771' title='bbox 956 5413 1137 5476; x_wconf 82' lang='lat' dir='ltr'><strong>tertia,</strong></span> <span class='ocrx_word' id='word_1_772' title='bbox 1161 5410 1255 5482; x_wconf 72' lang='lat' dir='ltr'><strong>qui</strong></span> <span class='ocrx_word' id='word_1_773' title='bbox 1285 5424 1339 5466; x_wconf 86' lang='lat' dir='ltr'><strong>et</strong></span> <span class='ocrx_word' id='word_1_774' title='bbox 1370 5414 1482 5482; x_wconf 88' lang='lat' dir='ltr'><strong>ipse</strong></span> <span class='ocrx_word' id='word_1_775' title='bbox 1507 5409 1753 5483; x_wconf 63' lang='lat' dir='ltr'><strong>sequenti</strong></span> 
     </span>
    </p>
   </div>
   <div class='ocr_carea' id='block_1_76' title="bbox 211 5478 798 5532">
    <p class='ocr_par' dir='ltr' id='par_1_76' title="bbox 211 5478 798 5532">
     <span class='ocr_line' id='line_1_76' title="bbox 211 5478 798 5532; baseline 0.009 -5"><span class='ocrx_word' id='word_1_776' title='bbox 211 5484 299 5527; x_wconf 71' lang='lat' dir='ltr'><strong>lim</strong></span> <span class='ocrx_word' id='word_1_777' title='bbox 331 5478 617 5532; x_wconf 79' lang='lat' dir='ltr'><strong>Novembri</strong></span> <span class='ocrx_word' id='word_1_778' title='bbox 645 5481 798 5532; x_wconf 88' lang='lat' dir='ltr'><strong>obiit.</strong></span> 
     </span>
    </p>
   </div>
   <div class='ocr_carea' id='block_1_77' title="bbox 265 5549 1753 5623">
    <p class='ocr_par' dir='ltr' id='par_1_77' title="bbox 265 5549 1753 5623">
     <span class='ocr_line' id='line_1_77' title="bbox 265 5549 1753 5623; baseline 0.003 -23"><span class='ocrx_word' id='word_1_779' title='bbox 265 5554 283 5582; x_wconf 80' lang='grc' dir='ltr'><strong>ι</strong></span> <span class='ocrx_word' id='word_1_780' title='bbox 303 5549 514 5623; x_wconf 69' lang='lat' dir='ltr'><strong>Colitur</strong></span> <span class='ocrx_word' id='word_1_781' title='bbox 545 5550 602 5623; x_wconf 82' lang='lat' dir='ltr'><strong>S.</strong></span> <span class='ocrx_word' id='word_1_782' title='bbox 638 5549 936 5623; x_wconf 82' lang='lat' dir='ltr'><strong>Margareta</strong></span> <span class='ocrx_word' id='word_1_783' title='bbox 967 5551 1149 5622; x_wconf 89' lang='lat' dir='ltr'><strong>regina</strong></span> <span class='ocrx_word' id='word_1_784' title='bbox 1177 5568 1207 5605; x_wconf 67' lang='grc' dir='ltr'>χ</span> <span class='ocrx_word' id='word_1_785' title='bbox 1231 5549 1394 5617; x_wconf 84' lang='lat' dir='ltr'><strong>Junii,</strong></span> <span class='ocrx_word' id='word_1_786' title='bbox 1416 5552 1753 5623; x_wconf 77' lang='lat' dir='ltr'><strong>etiamMar-</strong></span> 
     </span>
    </p>
   </div>
   <div class='ocr_carea' id='block_1_78' title="bbox 212 5617 841 5688">
    <p class='ocr_par' dir='ltr' id='par_1_78' title="bbox 212 5617 841 5688">
     <span class='ocr_line' id='line_1_78' title="bbox 212 5617 841 5688; baseline -0.011 -10"><span class='ocrx_word' id='word_1_787' title='bbox 212 5617 333 5688; x_wconf 59' lang='lat' dir='ltr'><strong>limi.</strong></span> <span class='ocrx_word' id='word_1_788' title='bbox 362 5621 519 5674; x_wconf 76' lang='lat' dir='ltr'><strong>lium.</strong></span> <span class='ocrx_word' id='word_1_789' title='bbox 563 5617 841 5688; x_wconf 71' lang='lat' dir='ltr'><strong>inscripta.</strong></span> 
     </span>
    </p>
   </div>
   <div class='ocr_carea' id='block_1_79' title="bbox 260 5682 1748 5758">
    <p class='ocr_par' dir='ltr' id='par_1_79' title="bbox 260 5682 1748 5758">
     <span class='ocr_line' id='line_1_79' title="bbox 260 5682 1748 5758; baseline -0.001 -14"><span class='ocrx_word' id='word_1_790' title='bbox 260 5682 280 5717; x_wconf 77' lang='grc'><strong>⁵</strong></span> <span class='ocrx_word' id='word_1_791' title='bbox 307 5687 549 5744; x_wconf 87' lang='lat' dir='ltr'><strong>Celebris</strong></span> <span class='ocrx_word' id='word_1_792' title='bbox 577 5682 1037 5758; x_wconf 42' lang='lat' dir='ltr'><strong>apud’historicos</strong></span> <span class='ocrx_word' id='word_1_793' title='bbox 1062 5702 1144 5746; x_wconf 77' lang='lat' dir='ltr'><strong>est</strong></span> <span class='ocrx_word' id='word_1_794' title='bbox 1174 5692 1397 5752; x_wconf 80' lang='lat' dir='ltr'><strong>Alanus,</strong></span> <span class='ocrx_word' id='word_1_795' title='bbox 1422 5708 1603 5747; x_wconf 85' lang='lat' dir='ltr'><strong>comes</strong></span> <span class='ocrx_word' id='word_1_796' title='bbox 1628 5692 1748 5744; x_wconf 82' lang='lat' dir='ltr'><strong>Bri-</strong></span> 
     </span>
    </p>
   </div>
   <div class='ocr_carea' id='block_1_80' title="bbox 209 5752 1752 5835">
    <p class='ocr_par' dir='ltr' id='par_1_80' title="bbox 209 5752 1752 5835">
     <span class='ocr_line' id='line_1_80' title="bbox 209 5752 1752 5835; baseline 0.011 -36"><span class='ocrx_word' id='word_1_797' title='bbox 209 5752 360 5813; x_wconf 69' lang='lat' dir='ltr'><strong>locum</strong></span> <span class='ocrx_word' id='word_1_798' title='bbox 394 5752 838 5826; x_wconf 74' lang='lat' dir='ltr'><strong>Armoricorum,</strong></span> <span class='ocrx_word' id='word_1_799' title='bbox 873 5762 1013 5816; x_wconf 84' lang='lat' dir='ltr'><strong>inter</strong></span> <span class='ocrx_word' id='word_1_800' title='bbox 1048 5764 1310 5835; x_wconf 66' lang='lat' dir='ltr'><strong>principia</strong></span> <span class='ocrx_word' id='word_1_801' title='bbox 1348 5762 1752 5819; x_wconf 75' lang='lat' dir='ltr'><strong>Northntannici</strong></span> 
     </span>
    </p>
   </div>
   <div class='ocr_carea' id='block_1_81' title="bbox 459 5873 973 5939">
    <p class='ocr_par' dir='ltr' id='par_1_81' title="bbox 459 5873 973 5939">
     <span class='ocr_line' id='line_1_81' title="bbox 459 5873 973 5939; baseline -0.002 -5"><span class='ocrx_word' id='word_1_802' title='bbox 459 5875 732 5934; x_wconf 77' lang='lat' dir='ltr'><strong>Pntt0t..</strong></span> <span class='ocrx_word' id='word_1_803' title='bbox 757 5873 973 5939; x_wconf 82' lang='lat' dir='ltr'><strong>CLIX.</strong></span> 
     </span>
    </p>
   </div>
   <div class='ocr_carea' id='block_1_82' title="bbox 1854 5267 3441 5338">
    <p class='ocr_par' dir='ltr' id='par_1_82' title="bbox 1854 5267 3441 5338">
     <span class='ocr_line' id='line_1_82' title="bbox 1854 5267 3441 5338; baseline -0.006 -9"><span class='ocrx_word' id='word_1_804' title='bbox 1854 5276 2163 5329; x_wconf 84' lang='lat' dir='ltr'><strong>dominatus</strong></span> <span class='ocrx_word' id='word_1_805' title='bbox 2209 5272 2260 5327; x_wconf 91' lang='lat' dir='ltr'><strong>in</strong></span> <span class='ocrx_word' id='word_1_806' title='bbox 2311 5271 2563 5338; x_wconf 77' lang='lat' dir='ltr'><strong>Francia,</strong></span> <span class='ocrx_word' id='word_1_807' title='bbox 2616 5280 2790 5326; x_wconf 89' lang='lat' dir='ltr'><strong>matre</strong></span> <span class='ocrx_word' id='word_1_808' title='bbox 2840 5267 3261 5323; x_wconf 73' lang='lat' dir='ltr'><strong>Nortitmannica</strong></span> <span class='ocrx_word' id='word_1_809' title='bbox 3312 5282 3441 5336; x_wconf 85' lang='lat' dir='ltr'><strong>pro-</strong></span> 
     </span>
    </p>
   </div>
   <div class='ocr_carea' id='block_1_83' title="bbox 1853 5338 3434 5409">
    <p class='ocr_par' dir='ltr' id='par_1_83' title="bbox 1853 5338 3434 5409">
     <span class='ocr_line' id='line_1_83' title="bbox 1853 5338 3434 5409; baseline -0.006 -10"><span class='ocrx_word' id='word_1_810' title='bbox 1853 5355 2105 5399; x_wconf 86' lang='lat' dir='ltr'><strong>creatus:</strong></span> <span class='ocrx_word' id='word_1_811' title='bbox 2146 5344 2359 5397; x_wconf 82' lang='lat' dir='ltr'><strong>videtur</strong></span> <span class='ocrx_word' id='word_1_812' title='bbox 2393 5353 2572 5396; x_wconf 89' lang='lat' dir='ltr'><strong>autent</strong></span> <span class='ocrx_word' id='word_1_813' title='bbox 2605 5341 2915 5409; x_wconf 74' lang='lat' dir='ltr'><strong>conjectura</strong></span> <span class='ocrx_word' id='word_1_814' title='bbox 2970 5339 3265 5408; x_wconf 76' lang='lat' dir='ltr'><strong>probabilis</strong></span> <span class='ocrx_word' id='word_1_815' title='bbox 3308 5338 3434 5409; x_wconf 30' lang='lat' dir='ltr'><strong>fune</strong></span> 
     </span>
    </p>
   </div>
   <div class='ocr_carea' id='block_1_84' title="bbox 1854 5404 3441 5479">
    <p class='ocr_par' dir='ltr' id='par_1_84' title="bbox 1854 5404 3441 5479">
     <span class='ocr_line' id='line_1_84' title="bbox 1854 5404 3441 5479; baseline -0.006 -10"><span class='ocrx_word' id='word_1_816' title='bbox 1854 5416 1972 5469; x_wconf 88' lang='lat' dir='ltr'><strong>dari</strong></span> <span class='ocrx_word' id='word_1_817' title='bbox 2005 5416 2057 5468; x_wconf 89' lang='lat' dir='ltr'><strong>in</strong></span> <span class='ocrx_word' id='word_1_818' title='bbox 2099 5415 2369 5469; x_wconf 89' lang='lat' dir='ltr'><strong>communi</strong></span> <span class='ocrx_word' id='word_1_819' title='bbox 2417 5404 2720 5479; x_wconf 79' lang='lat' dir='ltr'><strong>Anglorum</strong></span> <span class='ocrx_word' id='word_1_820' title='bbox 2755 5404 3151 5479; x_wconf 82' lang='lat' dir='ltr'><strong>Scotormnque</strong></span> <span class='ocrx_word' id='word_1_821' title='bbox 3190 5410 3316 5463; x_wconf 91' lang='lat' dir='ltr'><strong>odio</strong></span> <span class='ocrx_word' id='word_1_822' title='bbox 3342 5404 3441 5461; x_wconf 55' lang='lat' dir='ltr'><strong>ad;</strong></span> 
     </span>
    </p>
   </div>
   <div class='ocr_carea' id='block_1_85' title="bbox 1854 5481 3439 5554">
    <p class='ocr_par' dir='ltr' id='par_1_85' title="bbox 1854 5481 3439 5554">
     <span class='ocr_line' id='line_1_85' title="bbox 1854 5481 3439 5554; baseline -0.004 -17"><span class='ocrx_word' id='word_1_823' title='bbox 1854 5500 2043 5540; x_wconf 78' lang='lat' dir='ltr'><strong>versus</strong></span> <span class='ocrx_word' id='word_1_824' title='bbox 2074 5485 2349 5547; x_wconf 87' lang='lat' dir='ltr'><strong>Britones,</strong></span> <span class='ocrx_word' id='word_1_825' title='bbox 2376 5481 2525 5554; x_wconf 86' lang='lat' dir='ltr'><strong>quod</strong></span> <span class='ocrx_word' id='word_1_826' title='bbox 2552 5484 2636 5537; x_wconf 85' lang='lat' dir='ltr'><strong>hic</strong></span> <span class='ocrx_word' id='word_1_827' title='bbox 2667 5481 2745 5536; x_wconf 89' lang='lat' dir='ltr'><strong>vel</strong></span> <span class='ocrx_word' id='word_1_828' title='bbox 2782 5481 2986 5554; x_wconf 83' lang='lat' dir='ltr'><strong>Alanus</strong></span> <span class='ocrx_word' id='word_1_829' title='bbox 3013 5495 3194 5554; x_wconf 75' lang='lat' dir='ltr'><strong>co-nes</strong></span> <span class='ocrx_word' id='word_1_830' title='bbox 3228 5481 3439 5554; x_wconf 82' lang='lat' dir='ltr'><strong>dicatur</strong></span> 
     </span>
    </p>
   </div>
   <div class='ocr_carea' id='block_1_86' title="bbox 1857 5550 3437 5635">
    <p class='ocr_par' dir='ltr' id='par_1_86' title="bbox 1857 5550 3437 5635">
     <span class='ocr_line' id='line_1_86' title="bbox 1857 5550 3437 5635; baseline -0.006 -28"><span class='ocrx_word' id='word_1_831' title='bbox 1857 5557 2287 5635; x_wconf 62' lang='lat' dir='ltr'><strong>proverbialiter,</strong></span> <span class='ocrx_word' id='word_1_832' title='bbox 2334 5550 2448 5635; x_wconf 43' lang='lat' dir='ltr'><strong>prii.</strong></span> <span class='ocrx_word' id='word_1_833' title='bbox 2481 5568 2675 5635; x_wconf 64' lang='lat' dir='ltr'><strong>magno</strong></span> <span class='ocrx_word' id='word_1_834' title='bbox 2722 5551 2919 5606; x_wconf 79' lang='lat' dir='ltr'><strong>Scotici</strong></span> <span class='ocrx_word' id='word_1_835' title='bbox 2968 5550 3437 5635; x_wconf 45' lang='lat' dir='ltr'><strong>nominis-inmte,</strong></span> 
     </span>
    </p>
   </div>
   <div class='ocr_carea' id='block_1_87' title="bbox 1860 5620 3439 5694">
    <p class='ocr_par' dir='ltr' id='par_1_87' title="bbox 1860 5620 3439 5694">
     <span class='ocr_line' id='line_1_87' title="bbox 1860 5620 3439 5694; baseline -0.004 -16"><span class='ocrx_word' id='word_1_836' title='bbox 1860 5620 1942 5678; x_wconf 75' lang='lat' dir='ltr'><strong>vel</strong></span> <span class='ocrx_word' id='word_1_837' title='bbox 1979 5626 2172 5694; x_wconf 77' lang='lat' dir='ltr'><strong>aliquis</strong></span> <span class='ocrx_word' id='word_1_838' title='bbox 2193 5620 2348 5693; x_wconf 83' lang='lat' dir='ltr'><strong>primi</strong></span> <span class='ocrx_word' id='word_1_839' title='bbox 2378 5624 2519 5676; x_wconf 88' lang='lat' dir='ltr'><strong>illius</strong></span> <span class='ocrx_word' id='word_1_840' title='bbox 2546 5620 2777 5679; x_wconf 75' lang='lat' dir='ltr'><strong>fortasse</strong></span> <span class='ocrx_word' id='word_1_841' title='bbox 2797 5637 2982 5692; x_wconf 83' lang='lat' dir='ltr'><strong>nepos,</strong></span> <span class='ocrx_word' id='word_1_842' title='bbox 3006 5632 3059 5675; x_wconf 90' lang='lat' dir='ltr'><strong>et</strong></span> <span class='ocrx_word' id='word_1_843' title='bbox 3088 5620 3264 5675; x_wconf 80' lang='lat' dir='ltr'><strong>Scotis</strong></span> <span class='ocrx_word' id='word_1_844' title='bbox 3285 5632 3439 5687; x_wconf 61' lang='lat' dir='ltr'><strong>atque</strong></span> 
     </span>
    </p>
   </div>
   <div class='ocr_carea' id='block_1_88' title="bbox 1860 5695 2593 5764">
    <p class='ocr_par' dir='ltr' id='par_1_88' title="bbox 1860 5695 2593 5764">
     <span class='ocr_line' id='line_1_88' title="bbox 1860 5695 2593 5764; baseline -0.007 -12"><span class='ocrx_word' id='word_1_845' title='bbox 1860 5697 2220 5755; x_wconf 86' lang='lat' dir='ltr'><strong>abominatus,</strong></span> <span class='ocrx_word' id='word_1_846' title='bbox 2243 5695 2593 5764; x_wconf 76' lang='lat' dir='ltr'><strong>signiﬁcetur.</strong></span> 
     </span>
    </p>
   </div>
   <div class='ocr_carea' id='block_1_89' title="bbox 1936 5758 3437 5835">
    <p class='ocr_par' dir='ltr' id='par_1_89' title="bbox 1936 5758 3437 5835">
     <span class='ocr_line' id='line_1_89' title="bbox 1936 5758 3437 5835; baseline -0.007 -15"><span class='ocrx_word' id='word_1_847' title='bbox 1936 5778 1957 5805; x_wconf 77' lang='grc' dir='ltr'><strong>ο</strong></span> <span class='ocrx_word' id='word_1_848' title='bbox 2000 5766 2255 5820; x_wconf 86' lang='lat' dir='ltr'><strong>Wiitonia</strong></span> <span class='ocrx_word' id='word_1_849' title='bbox 2294 5758 2668 5835; x_wconf 67' lang='lat' dir='ltr'><strong>Episcoparum</strong></span> <span class='ocrx_word' id='word_1_850' title='bbox 2699 5764 2852 5819; x_wconf 85' lang='lat' dir='ltr'><strong>sedes</strong></span> <span class='ocrx_word' id='word_1_851' title='bbox 2878 5804 2891 5829; x_wconf 91' lang='lat'><strong>,</strong></span> <span class='ocrx_word' id='word_1_852' title='bbox 2934 5772 3222 5833; x_wconf 75' lang='lat' dir='ltr'><strong>antequam</strong></span> <span class='ocrx_word' id='word_1_853' title='bbox 3251 5773 3312 5812; x_wconf 84' lang='lat' dir='ltr'><strong>ea</strong></span> <span class='ocrx_word' id='word_1_854' title='bbox 3341 5758 3437 5810; x_wconf 82' lang='lat' dir='ltr'><strong>Sa-</strong></span> 
     </span>
    </p>
   </div>
   <div class='ocr_carea' id='block_1_90' title="bbox 3046 5877 3119 5939">
    <p class='ocr_par' dir='ltr' id='par_1_90' title="bbox 3046 5877 3119 5939">
     <span class='ocr_line' id='line_1_90' title="bbox 3046 5877 3119 5939; baseline -0.027 0"><span class='ocrx_word' id='word_1_855' title='bbox 3046 5877 3119 5939; x_wconf 62' lang='lat'><strong>15</strong></span> 
     </span>
    </p>
   </div>
  </div>
