3890 6306
679 328 785 411 tsi
1712 350 2014 410 causam
2038 348 2614 409 .csNrusntsasts
2652 348 2959 409 uomunt
3786 362 3829 415 ιι

654 472 841 539 'absit,
891 472 1042 527 aiens
1064 509 1079 535 ,
1131 468 1251 523 talis
1287 457 1479 537 'jndieii
1529 475 1797 521 sententia
1843 467 2091 537 prodeat:
2115 467 2269 536 cujus
2299 475 2341 529 Α
2374 464 2612 533 suscipio
2652 478 2759 531 quo
2791 466 2925 518 tanti
2968 460 3151 525 Patris
3177 463 3499 521 auctoritate
3525 468 3755 528 soluitur:
3787 494 3830 532 ια

676 565 922 637 exemplo
960 566 1010 620 in
1051 561 1458 635 superventuris
1499 560 1853 631 temperibus,
1894 558 1973 613 vel
2006 574 2103 613 sua
2143 556 2265 629 qui-
2370 557 2479 611 dio.
2538 574 2555 609 ι
2593 554 2683 610 llla
2722 558 2923 613 dehinc
2969 557 3023 612 in
3062 556 3300 627 medium
3338 560 3572 628 ducitur,
3609 576 3733 634 gesta
3758 584 3829 626 (ω

673 658 803 716 libet
832 660 1081 714 libertate
1125 673 1230 713 non
1268 655 1391 725 jure
1427 655 1692 726 privetur,
1724 653 1809 707 vel
1855 652 1997 707 Deus
2034 652 2121 707 his
2145 665 2265 721 qtae
2372 648 2524 704 vultu
2547 649 3151 719 auditetamplectitnr,
3173 652 3415 707 auditum
3432 653 3528 707 sibi
3552 661 3830 732 praestaripn

668 755 750 808 sui
782 752 925 823 juris
948 766 1069 807 esse
1096 751 1294 806 debent
1322 746 1522 816 injuria
1545 745 1639 802 def
1642 747 1916 800 raudetur.
1950 743 2263 799 Acclamaut
2367 740 2446 794 cis
2468 750 2741 809 precatur.
2768 740 3022 810 Loquens
3045 755 3175 810 ergo
3199 740 3391 797 obtulit
3417 757 3476 799 se
3499 744 3573 798 vel
3593 760 3830 808 sacrantent

667 860 859 899 ttttlllCS
892 846 963 899 ita
997 842 1327 905 faciendum,
1354 849 1408 895 et
1438 854 1627 895 senon
1655 836 1813 891 aliter
1836 835 2075 889 facturos
2096 850 2259 901 spon-

667 936 817 988 dent.
846 935 1079 989 Remoto
1106 934 1291 1001 itaque
1320 947 1349 985 a
1380 938 1647 987 conventu
1673 928 1788 983 solo
1816 936 1986 997 patre,
2022 925 2259 982 Ecclesia

661 1023 875 1093 Anglia:
907 1039 1026 1093 qua:
1056 1032 1387 1079 convenerat
1419 1022 1472 1075 in
1502 1036 1665 1075 unum
1698 1019 1764 1073 de
1794 1018 2113 1088 proferenda
2139 1033 2261 1073 sen-

667 1112 831 1165 tentia
889 1119 1108 1165 tractat.
1160 1110 1363 1164 Deinde
1417 1107 1507 1162 illo
1556 1107 1609 1160 in
1666 1106 1899 1160 medium
1946 1114 2259 1160 reverenter

666 1200 922 1263 adducto,
972 1199 1278 1270 expositum
1324 1206 1406 1252 est
1440 1196 1568 1267 quid
1599 1196 1665 1249 de
1696 1196 1910 1266 negotio
1953 1195 2256 1249 communis

662 1292 907 1349 omnium
936 1306 1235 1345 consensus
1264 1288 1551 1343 invenerit.
1581 1283 1774 1340 flatum
1802 1286 1951 1339 aiunt
1974 1294 2253 1356 perspecta

663 1397 723 1436 re
750 1382 851 1437 sibi
888 1382 1083 1446 videri,
1111 1389 1164 1436 et
1210 1381 1275 1435 ad
1320 1380 1422 1434 hoc
1449 1377 1910 1448 comprobandum
1948 1389 2167 1450 paratos
2194 1391 2254 1433 se

661 1484 917 1531 asserunt
962 1474 1106 1529 nulla
1147 1472 1415 1528 sententia
1467 1486 1625 1542 posse
1673 1469 1906 1540 puellam
1949 1486 2046 1539 pro
2086 1484 2251 1525 causa

658 1583 758 1624 sua
793 1567 910 1636 iure
936 1565 1254 1636 constringi,
1278 1565 1409 1635 quin
1442 1563 1693 1618 libertate
1723 1562 1967 1631 corporis
2001 1562 2083 1616 sui
2111 1575 2248 1629 qun-

659 1676 877 1731 cunque
903 1659 1062 1715 modo
1091 1657 1333 1728 legaliter
1373 1654 1533 1719 velit,
1566 1654 1744 1709 valeat
1773 1653 1872 1707 uti.
1904 1651 2058 1719 Quod
2092 1652 2244 1713 licet.

656 1752 928 1822 inquiunt,
969 1751 1071 1804 levi
1111 1757 1434 1819 argumento
1465 1745 1697 1816 probare
1722 1758 2024 1815 possemus,
2054 1756 2119 1797 eo
2160 1752 2244 1796 ta-

2365 830 2447 885 vel
2466 829 2592 897 alia,
2607 846 2768 899 quam
2788 832 2959 902 magis
2974 832 3257 903 eligerent,
3277 834 3627 891 ecclesiastica
3642 839 3746 909 lege.
3759 858 3830 911 pro

2364 920 2613 976 baturam
2634 920 2821 976 solida:
2842 923 3054 976 veritati
3082 924 3369 979 subnixam
3391 941 3507 981 esse
3527 925 3630 995 jatn
3646 930 3829 987 definiunt

2363 1013 2625 1068 rationem
2655 1030 2829 1068 suam.
2872 1014 3029 1083 Quod
3060 1031 3166 1072 non
3194 1026 3478 1087 propterea
3515 1020 3735 1077 facturam
3755 1026 3830 1085 bis

2362 1106 2639 1175 tur,quasi
2665 1105 2766 1161 sibi
2798 1121 2907 1161 non
2935 1107 3201 1163 creditum
3223 1123 3343 1165 esse
3370 1119 3534 1179 putet,
3557 1112 3639 1166 sed
3663 1123 3709 1167 ut
3728 1116 3830 1171 male

2358 1196 2494 1250 votis
2524 1197 2832 1252 hominibus
2864 1211 3080 1253 omnem
3117 1197 3378 1266 deinceps
3408 1198 3829 1269 blasphemando:-

2356 1285 2630 1341 casionem
2672 1297 2933 1358 amputet.
2974 1288 3355 1360 Respondetur
3408 1292 3537 1351 nihil
3569 1292 3722 1349 borum
3748 1312 3829 1367 opus

2353 1391 2494 1443 esse,
2541 1380 2823 1448 quoniam,
2852 1380 2896 1435 si
2941 1380 3117 1436 malus
3174 1383 3335 1438 homo
3386 1382 3451 1439 de
3501 1385 3627 1440 malo
3663 1387 3826 1443 thesauro

2346 1472 2534 1527 cordis
2565 1473 2653 1526 sui
2687 1473 2973 1543 protulerit
3010 1474 3185 1539 mala,
3221 1476 3369 1531 dicto
3397 1476 3551 1533 citius
3590 1480 3824 1550 opprimetur

2351 1563 2467 1634 ipsa
2510 1566 2767 1631 veritate,
2809 1564 2925 1634 jam
2973 1575 3249 1623 tantarum
3286 1581 3620 1637 personarum
3655 1573 3822 1642 astipula-

2353 1658 2498 1712 tioue
2526 1659 2777 1728 probata,
2813 1667 2869 1712 et
2904 1658 3183 1713 roborata.
3228 1659 3561 1717 Allocutioue
3591 1663 3765 1731 posle
3791 1674 3820 1714 rt

2349 1752 2723 1807 benedictione
2759 1752 3007 1808 Anselmi
3033 1752 3217 1823 .potita
3260 1754 3426 1821 abiit,
3466 1755 3677 1824 pauculis
3703 1755 3817 1809 diebus

655 1821 801 1907 men,
834 1856 957 1896 cum
1009 1853 1145 1911 opus
1177 1853 1283 1895 non
1324 1838 1416 1903 sit,
1462 1836 1898 1907 supersedemus,
1928 1836 2133 1891 nostris
2158 1850 2244 1889 ar-
2276 1821 2319 1880 Β
2347 1843 2579 1898 evolutis
2604 1843 2684 1910 tit,
2715 1852 2773 1899 ut
2815 1845 2964 1909 dixi,
2997 1821 3180 1916 regina
3216 1854 3271 1901 et
3314 1821 3523 1916 conjn'x.
3554 1847 3724 1911 Verum.
3744 1863 3814 1902 cum

651 1933 927 2004 gumentis
977 1931 1285 1987 firmiorum‘
1320 1938 1568 1984 tenentes
1618 1942 1804 1998 parem
1845 1927 2033 1997 judicii
2083 1928 2244 1997 ltujus

649 2032 997 2089 sententiam,
1056 2041 1085 2080 a
1136 2023 1458 2079 venerandae
1515 2021 1790 2076 memoria:
1848 2021 2243 2091 prredecessore

649 2127 835 2171 vestro
874 2126 925 2170 et
958 2116 1119 2169 Patre
1145 2123 1201 2168 et
1227 2114 1489 2183 magistro
1521 2121 1715 2166 nostro
1746 2109 2047 2164 Lanlranco
2077 2109 2241 2164 simili

647 2209 717 2264 de
752 2223 915 2262 causa
963 2205 1377 2276 promulgatam.
1429 2201 1566 2258 Nam
1615 2203 1832 2273 quando
1882 2202 1971 2256 ille
2014 2216 2241 2273 magnus

647 2299 995 2353 Willbelmus
1021 2296 1158 2350 banc
1184 2305 1382 2349 terram
1407 2294 1581 2365 primo
1602 2292 1818 2359 devicit,
1846 2292 1996 2347 multi
2019 2306 2237 2347 suorum

646 2391 751 2446 sibi
783 2407 881 2461 pro
920 2398 1069 2443 tanta
1098 2389 1323 2444 victoria
1358 2387 1768 2459 applaudentes,
1801 2388 2091 2455 omniaque
2125 2387 2237 2440 suis

645 2481 1016 2535 voluntatibus
1046 2491 1208 2551 atque
1248 2478 1477 2533 luxuriis
1506 2477 1729 2533 obedire
1760 2491 1825 2532 ac
1852 2477 2007 2557 subdi
2039 2477 2237 2533 debere

645 2585 1025 2639 autumantes,
1057 2590 1160 2629 non
1206 2574 1382 2628 solum
1434 2572 1485 2626 in
1535 2571 1907 2642 possessiones
1940 2569 2232 2636 victorum,

644 2674 747 2725 sed
769 2680 826 2725 et
855 2672 906 2723 in
935 2670 1079 2739 ipsas
1107 2676 1382 2722 matronas
1404 2674 1459 2720 et
1492 2664 1747 2735 virgines,
1778 2664 1867 2719 ubi
1894 2663 1973 2719 eis
2004 2661 2234 2721 facultas

638 2763 939 2835 aspirabat,
970 2759 1199 2817 nefanda
1228 2759 1453 2813 libidine
1481 2766 1769 2827 coeperunt
1790 2755 2053 2810 insanire.
2079 2753 2233 2821 Quod

637 2854 915 2913 nonnulla:
966 2852 1370 2924 praevidetttes,
1420 2857 1473 2904 et
1524 2862 1624 2903 suo
1680 2846 1869 2919 pudori
1926 2854 2231 2903 metuentes

636 2946 970 3003 monasteria
1003 2945 1276 3015 virginum
1306 2941 1568 3013 petivere,
1598 2937 2079 3009 acceptoquevelo
2107 2953 2230 2995 sese

634 3041 777 3095 inter
808 3039 955 3109 ipsas
993 3051 1023 3090 a
1064 3044 1215 3090 tanta
1265 3032 1489 3089 infamia
1537 3043 1844 3104 proterrere.
1888 3031 2019 3098 Quae
2046 3030 2228 3087 clades

631 3149 755 3188 cum
800 3129 1142 3203 postmodum
1171 3129 1395 3195 sedata,
1439 3136 1493 3183 et
1528 3142 1626 3198 pro
1666 3126 1927 3195 temporis
1965 3124 2226 3195 qualitate

632 3241 735 3293 pax
769 3223 934 3278 rebus
968 3222 1093 3276 data
1132 3220 1363 3283 fuisset,
1394 3219 1680 3290 quaesitum
1725 3218 1794 3273 ab
1835 3217 2025 3272 eodem
2060 3213 2222 3273 Patre

631 3313 939 3370 Laufranco
970 3322 1055 3369 est
1090 3313 1216 3383 quid
1255 3312 1320 3367 de
1358 3311 1464 3375 bis,
1497 3327 1619 3381 quae
1669 3310 1763 3365 tali
1813 3307 2024 3380 refugio
2065 3324 2221 3365 suam

628 3406 948 3477 pudicitiam
977 3416 1353 3468 servaverunt,
1381 3403 1497 3473 ipse
1521 3402 1772 3466 sentiret,
1800 3410 2054 3457 essentne
2074 3401 2221 3457 vide-

629 3498 758 3552 licet
776 3496 1212 3565 coustringeudze
1228 3495 1282 3549 in
1307 3495 1641 3550 monasterio
1662 3492 1841 3548 velum
1867 3501 2057 3560 tenere
2075 3491 2219 3562 quod

624 3599 965 3661 acceperant,
986 3604 1174 3647 necne.
1189 3590 1258 3644 At
1281 3590 1396 3660 ipse
1414 3588 1769 3659 quaestionem
1794 3587 1965 3658 ipsam
1990 3585 2217 3643 consilio

624 3682 896 3754 generalis
925 3681 1142 3738 concilii
1175 3681 1358 3736 taliter
1392 3680 1586 3746 solvit,
1615 3688 1675 3734 ut
1711 3680 1793 3736 eis
1829 3694 1929 3751 pro
1963 3678 2216 3734 castitate

621 3788 785 3843 quam
809 3787 869 3828 se
892 3782 999 3828 tam
1030 3771 1333 3828 manifesta:
1356 3773 1435 3828 rei
1457 3773 1773 3828 ostensione
1798 3786 1983 3827 amare
2007 3778 2215 3826 testatas

617 3863 855 3929 fuerant,
887 3864 1126 3920 debitam
1167 3865 1344 3937 magis
1380 3864 1743 3919 reverentiam
1768 3863 2039 3933 iudicaret
2062 3862 2214 3917 exbi-

616 3956 851 4011 bendam
881 3972 1045 4026 quam
1075 3956 1240 4011 ullam
1289 3955 1570 4011 servanda:
1610 3954 1886 4025 religionis
1923 3956 2210 4012 continen-

616 4050 768 4117 tiam,
795 4050 898 4105 nisi
929 4049 1147 4119 propria
1172 4048 1316 4104 illam
1343 4047 1620 4103 voluntate
1642 4047 1979 4118 appeterent,
2006 4048 2213 4104 violen-

615 4151 700 4197 ter
730 4141 1109 4211 ingerendam.
1138 4140 1206 4195 Et
1227 4140 1595 4209 adiunxerunt
1620 4157 1633 4194 :
1668 4158 1687 4192 α
1719 4139 1814 4196 llis
1843 4141 2203 4202 interfuimus,

612 4232 729 4286 haec
786 4231 1072 4300 approbari
1124 4244 1155 4283 a
1206 4231 1539 4301 sapientibus
1579 4231 1713 4287 viris
1763 4231 2102 4297 audivimus,
2153 4241 2210 4287 et

612 4323 732 4378 lucc
763 4322 814 4376 in
854 4322 1107 4392 praesenti
1137 4323 1352 4393 negotio
1370 4324 1551 4377 valere
1578 4323 1847 4386 volumus,
1876 4338 1938 4377 ac
1961 4324 2203 4379 roborari
2234 4348 2239 4349 ί

612 4411 971 4485 postulamus.
1025 4410 1180 4467 Licet
1234 4412 1382 4467 enim
1430 4412 1665 4467 sciamus
1720 4426 1940 4466 causam
1991 4411 2202 4469 illarum

610 4503 774 4559 istius
791 4517 913 4557 esse
935 4502 1216 4568 leviorem,
1244 4503 1372 4559 dum
1396 4504 1486 4559 illa
1514 4514 1728 4573 sponte,
1754 4504 1855 4558 ista
1875 4515 2063 4561 coacta
2088 4506 2200 4575 pari
2236 4525 2280 4582 ι)
2326 4487 2340 4490 ⁷
2378 4508 2579 4563 Eodem
2602 4521 2747 4562 anno
2774 4506 2923 4563 venit
2953 4505 3003 4560 in
3035 4503 3286 4574 Angliam
3332 4502 3494 4559 Guido
3513 4487 3751 4557 ωτειιῑορίκε-

609 4594 681 4649 de
699 4609 860 4649 causa
891 4594 1066 4649 velum
1092 4595 1631 4665 portaverit,tameu,
1664 4611 1731 4650 ne
1749 4596 1873 4666 quis
1898 4610 1998 4651 nos
2020 4597 2203 4653 favore
2303 4615 2406 4673 pus
2434 4600 2780 4664 Viennensis,
2814 4598 3120 4662 functurus,
3155 4609 3217 4652 ut
3249 4598 3476 4660 diccbat,
3509 4584 3749 4658 legium"

607 4685 851 4754 cuiusvis
873 4687 997 4741 duci
1025 4688 1324 4751 existimet,
1350 4703 1455 4742 non
1482 4686 1620 4741 ultra
1646 4687 1895 4757 progredi
1926 4688 1978 4742 in
1993 4688 2200 4759 judicio

606 4779 879 4844 volumus,
904 4781 1009 4835 boc
1035 4779 1153 4835 solo
1176 4780 1442 4845 contenti,
1474 4788 1535 4833 ut
1559 4780 1701 4845 quod
1730 4778 1898 4834 valuit
1924 4780 1977 4834 in
2006 4780 2198 4849 majori

566 4930 579 4953 _.
604 4874 784 4929 valeat
821 4875 873 4928 in
906 4874 1125 4929 minori.
1164 4893 1183 4927 ι
1214 4874 1363 4928 Tunc
1390 4872 1684 4928 Auselmus
1709 4873 1776 4926 ad
1806 4873 1953 4928 haec:
1982 4892 2003 4925 r
2035 4872 2198 4929 Scitis

601 4966 731 5035 quid
773 4966 1097 5029 monuerim,
1138 4965 1267 5036 quid
1303 4966 1680 5038 praeceperim,
1706 4964 1942 5034 quidque
1973 4965 2194 5035 polliciti

602 5058 744 5110 sitis.
786 5058 920 5111 Cum
964 5058 1127 5128 igitur
1169 5058 1464 5112 secundum
1510 5056 1655 5126 quod
1706 5055 1858 5110 vobis
1900 5057 2073 5111 visum
2108 5065 2193 5111 est

596 5147 820 5218 jnstius,
844 5147 895 5202 in
924 5163 1211 5204 commune
1227 5149 1629 5219 judicaveritis,
1653 5147 2071 5210 sicutasseritis,
2091 5164 2190 5218 ego

594 5238 857 5310 judicium
890 5250 1128 5297 vestrum
1160 5255 1267 5294 non
1295 5239 1529 5311 abjicio,
1558 5240 1654 5295 sed
1691 5256 1756 5295 eo
1782 5241 2028 5296 securius
2062 5241 2187 5296 illud

1882 5331 2296 5388 HENSCHENH
2338 5334 2573 5390 ΝΟΤᾸΞ.

558 5422 885 5517 gI‘isthria'm
927 5424 1028 5479 sub
1073 5423 1291 5517 regibus
1333 5420 1725 5517 Nortltmannis
1776 5423 2183 5517 transferretur.
2218 5437 2264 5492 Α
2294 5428 2691 5517 nestauratione
2732 5434 2960 5517 testatur
2980 5408 3731 5517 adolescentem

595 5493 695 5548 llic
721 5494 999 5562 Eadgarus
1033 5493 1583 5561 rexprzenomimitus
1628 5495 2016 5547 monasterium
2060 5494 2183 5547 Vir-

594 5565 777 5639 ginnm
799 5578 1013 5639 magno
1035 5563 1214 5639 studio
1237 5565 1590 5639 condiderat,
1611 5566 1685 5639 uti
1712 5564 1902 5618 scribit
1932 5565 2181 5639 Ethelre-

594 5633 695 5689 ilns
724 5637 893 5688 abbas
928 5634 1281 5687 ltievallensis
1310 5634 1362 5687 in
1394 5633 1715 5705 Geuealogia
1756 5650 1940 5705 regqu
1978 5634 2181 5704 Anglo-

596 5721 739 5768 rum,
770 5705 912 5758 edita
947 5720 975 5756 κ
1003 5704 1381 5773 scriptoribus.

668 5788 694 5814 ι·
734 5774 1119 5834 Herimannus,
1160 5774 1325 5829 abbas
1372 5774 1562 5828 tertius
1602 5774 1660 5830 S.
1698 5773 1910 5829 Martini
1951 5776 2003 5829 in
2043 5776 2177 5830 civi-

600 5853 709 5905 tate
741 5845 1105 5911 Toruacensi,
1142 5845 1193 5899 in
1232 5854 1465 5902 tractatu
1503 5860 1603 5902 ms.
1644 5848 1710 5904 de
1748 5846 1829 5901 sui
1860 5846 2177 5903 monasterii

2347 1934 2459 2006 ipsa
2484 1936 2794 2006 conjunctio
2811 1936 2966 2007 juxta
2993 1937 3155 1991 ritum
3189 1936 3452 1994 Ecclesia:
3478 1939 3581 1994 fieri
3606 1939 3812 2006 lirutariqae

2345 2027 2588 2093 deberet,
2640 2028 2802 2083 Pater
2833 2029 2949 2099 ipse
2989 2038 3156 2084 totam
3193 2031 3346 2100 regni
3386 2032 3681 2086 nobilitatem
3710 2046 3809 2099 [ιυρι-

2344 2120 2563 2191 lumque
2612 2122 2908 2187 minorem,
2962 2138 3061 2191 pro
3109 2122 3215 2179 hoc
3268 2124 3389 2193 ipso
3432 2122 3806 2183 cireumllueutw.

2342 2225 2549 2267 necnon
2585 2227 2684 2279 pro
2712 2211 2919 2267 foribus
2954 2211 3197 2267 ecclesia:
3232 2226 3421 2285 regem
3454 2222 3506 2268 et
3528 2212 3651 2267 illam
3666 2213 3806 2266 circlu-

2343 2300 2629 2357 vallantem
2656 2342 2672 2367 ,
2728 2300 3012 2357 sublimius
3062 2303 3279 2358 casteria
3331 2311 3478 2359 stans
3531 2302 3577 2358 in
3620 2316 3804 2356 conrnune

2337 2393 2573 2455 edocuit,
2605 2407 2714 2463 quo
2738 2391 2932 2448 ordine
2961 2407 3125 2447 causa
3157 2392 3413 2464 virginis,
3445 2407 3587 2462 quam
3619 2388 3718 2445 fama
3739 2390 3803 2441 nl-

2336 2496 2507 2557 garat.
2542 2502 2639 2557 per
2661 2486 2946 2557 episcopos
2972 2494 3029 2540 et
3062 2485 3350 2557 religiosas
3388 2500 3619 2556 personas
3641 2480 3799 2537 restitui

2334 2576 2437 2632 fuit
2465 2588 2521 2632 et
2541 2577 2923 2633 determinata.
2945 2575 3068 2643 Quo
3088 2575 3257 2637 facto.
3288 2577 3559 2637 monendo,
3582 2572 3797 2628 auctoritate

2334 2671 2429 2726 Dei
2458 2670 2733 2740 praecepit,
2759 2677 3030 2739 quatenus
3066 2668 3112 2724 si
3138 2670 3265 2739 quis
3292 2668 3451 2725 aliter
3482 2667 3542 2724 de
3572 2666 3729 2738 negotio
3748 2660 3795 2713 illo

2332 2762 2591 2826 sentiret,
2632 2776 2697 2816 ac
2729 2762 3002 2818 sententia
3042 2760 3246 2816 tulerat
3291 2760 3452 2832 (unde
3489 2759 3660 2815 scilicet
3693 2758 3791 2825 ips-tl

2328 2852 2611 2923 copulam,
2657 2853 2954 2908 secundum
2983 2852 3157 2925 legem
3192 2851 3580 2915 Christianam,
3609 2847 3694 2903 ﬁeri
3732 2858 3789 2898 non

2329 2942 2528 2999 debere
2574 2952 2755 3014 posset
2806 2943 3065 3013 ostendi),
3102 2942 3237 2998 nihil
3296 2942 3554 3007 haesitans,
3580 2937 3688 2994 salta
3715 2946 3789 3004 pace

2327 3034 2591 3099 omnium,
2635 3048 2821 3101 coram
2870 3032 3159 3103 proferret.
3215 3032 3304 3088 Ad
3347 3048 3493 3099 aute,
3538 3028 3698 3086 cunctis
3727 3038 3783 3075 ιιω

2326 3127 2709 3193 clamantibus,
2752 3141 2868 3182 rem
2903 3127 3051 3197 jnste
3095 3124 3411 3190 dentritam,
3449 3139 3539 3180 nec
3576 3125 3685 3176 inea
3711 3115 3782 3183 qn“

2328 3222 2565 3277 residere
2614 3223 2759 3277 unde
2792 3219 2946 3291 quis,
2975 3218 3079 3274 nisi
3114 3217 3259 3274 forte
3302 3219 3497 3275 malitia
3532 3208 3781 3275 ductus.jtm

2322 3310 2557 3382 aliquam
2606 3321 2791 3382 posset
2843 3325 3064 3366 movere
3111 3309 3462 3376 calumniam,
3508 3306 3689 3375 legitime
3709 3315 3780 3353 cot-

2315 3401 2487 3472 juncti
2516 3411 2665 3470 sunt,
2701 3402 2908 3457 honore
2933 3401 3081 3472 quod
3118 3402 3310 3457 decuit
3341 3415 3508 3472 regem
3539 3408 3587 3453 et
3610 3393 3775 3463 regium

2320 3495 2400 3550 En
2436 3495 2681 3550 ordinem
2704 3504 2872 3566 gestae
2899 3494 3007 3558 rei,
3046 3500 3184 3549 teste
3216 3490 3548 3549 conscientiae
3578 3499 3675 3542 mem
3695 3480 3773 3532 κεί-

2320 3597 2459 3654 tate;
2510 3589 2654 3644 sicut
2696 3602 2817 3642 eam
2862 3600 3100 3658 praesens
3145 3586 3334 3642 audivi
3375 3594 3428 3641 et
3467 3581 3561 3638 vidi
3593 3572 3770 3667 inimith
3812 3660 3813 3667 γ

2315 3689 2523 3750 partem
2551 3679 2871 3735 declinando
2895 3677 3189 3747 descripsi,
3222 3676 3388 3733 verba
3436 3674 3599 3745 puella
3621 3671 3673 3725 ἱιι
3694 3666 3770 3719 ἀιο·
3810 3720 3811 3731 χ

2316 3780 2465 3827 taxat
2496 3773 2548 3826 in
2582 3770 2761 3827 medio
2787 3785 3011 3841 ponens,
3038 3779 3098 3825 ut
3125 3784 3236 3827 non
3264 3782 3497 3827 asseram
3521 3777 3622 3820 vers
3635 3755 3767 3815 οιειίιθ
3804 3768 3809 3841 j

2314 3866 2425 3920 rint
2457 3880 2646 3920 necne.
2691 3863 2749 3920 Si
2786 3877 2918 3934 ergo
2951 3864 3075 3933 quis
3109 3862 3164 3917 in
3209 3863 3332 3919 istis
3365 3858 3633 3918 Anselmum
3658 3854 3766 3942 Mill

2311 3972 2526 4027 aequum
2552 3957 2757 4028 aliquid
2785 3958 2961 4027 egisse
2990 3956 3185 4019 dicere.
3201 3956 3348 4012 ultra
3375 3950 3602 4011 voluerit.
3626 3944 3762 4033 in“?

2311 4051 2471 4106 derit.
2515 4048 2623 4105 Nos
2653 4027 2813 4114 vero,
2859 4047 2951 4118 qui
2987 4062 3086 4102 cor
3123 4045 3247 4116 eius
3291 4048 3345 4102 ίιι
3390 4045 3485 4100 hoc
3512 4049 3560 4097 °‘
3592 4038 3635 4127 δέ

2309 4142 2655 4214 agnovimus,
2688 4140 3058 4195 testimonium
3088 4137 3140 4192 ei
3183 4136 3544 4209 perhibemus,
3570 4125 3659 4198 quia
3682 4124 3758 4173 sint

2309 4235 2426 4303 ipse
2450 4234 2606 4290 fateri
2632 4233 2872 4301 solebat,
2903 4247 3006 4288 nec
3030 4232 3176 4288 scire
3210 4247 3314 4288 nec
3346 4243 3493 4301 posse
3521 4224 3594 4280 illo
3614 4221 3756 4282 ωωροη

2310 4326 2521 4392 habuit,
2534 4324 2805 4395 quomodo
2831 4325 2884 4379 in
2910 4325 3014 4379 hac
3040 4339 3102 4379 re
3115 4323 3314 4380 melius
3337 4330 3429 4378 aut
3450 4317 3619 4388 aquius
3636 4306 3751 4361 [ποκα

3784 3814 3807 4261 l

3770 4344 3791 4717 Ι

3760 4717 3779 4901 J

2308 4433 2469 4490 quam
2494 4416 2623 4473 fecit
2648 4428 2697 4470 ι.

2305 4695 2411 4750 tius
2442 4693 2765 4757 Britanniae,
2797 4708 2863 4747 ex
2902 4701 3175 4761 praecepto
3208 4699 3264 4745 et
3304 4686 3589 4744 auctoritate
3616 4676 3747 4767 *τέω*

2301 4784 2418 4854 lica:
2437 4783 2608 4840 sedis.
2642 4784 2828 4851 Quod,
2856 4799 2957 4853 per
2981 4782 3230 4853 Angliam
3266 4782 3514 4840 auditum,
3541 4775 3583 4828 in
3600 4766 3743 4863 alluit“

2300 4879 2501 4932 tionem
2528 4878 2779 4933 omnibus
2803 4877 2949 4930 venit
2972 4893 2985 4928 :
3015 4875 3315 4929 inauditum
3344 4871 3531 4929 scilicet
3554 4864 3595 4918 in
3615 4858 3741 4911 Βῖθυν

2298 4970 2392 5024 nia
2430 4970 2609 5023 cuncti
2660 4969 2925 5032 scientes,
2969 4968 3267 5036 quemlibet
3302 4965 3551 5021 hominum
3581 4959 3686 5016 ξυνα
3709 4944 3738 4988 ⁵

2300 5061 2447 5117 vices
2482 5060 2808 5129 apostolicos
2843 5073 3033 5129 gerere
3074 5058 3173 5111 nisi
3208 5057 3379 5113 solum
3413 5038 3735 5129 arcltiepiswf’iI

2299 5128 2628 5206 Cantuarizc.
2660 5128 3003 5219 Quapropter
3023 5148 3163 5203 sicut
3195 5149 3342 5200 venit
3372 5145 3439 5197 ita
3465 5141 3653 5219 rever“?
3669 5128 3733 5219 δίς

2300 5260 2328 5297 a
2362 5244 2577 5297 nemine
2611 5256 2710 5311 pro
2738 5242 2911 5311 legato
2936 5248 3248 5312 susceptus,
3284 5252 3381 5293 nec
3419 5237 3466 5289 in
3490 5230 3626 5295 aliquo
3642 5204 3751 5280 1⁸8³⁸-

2292 5479 2601 5579 νὲεθξειιεε
2624 5512 2825 5579 ea_quae
2841 5500 2906 5551 ad
2930 5497 3030 5551 ltoc
3045 5494 3430 5579 matrimonium

2287 5548 2423 5647 ana;
2448 5548 2527 5621 S.'
2542 5548 2854 5647 snsi-uiuis,
2882 5548 2958 5620 ἐἰ
2973 5548 3136 5647 1.33....
3171 5548 3724 5647 veracitet_P[ffP1'ﬁuim

2288 5620 2509 5691 minime
2540 5620 2960 5718 felix-futurum.
2986 5620 3173 5718 iverba
3216 5633 3329 5718 ejus

2285 5717 2549 5793 attexere,
2594 5709 2718 5789 quia
2772 5697 2983 5774 aliquas
3023 5689 3721 5793 circurnstan‘tifsmﬂlnﬁﬂg

2284 5755 2930 5861 diVCrS:lﬁ,Cfl'llllnf3lll,lel
2960 5779 3263 5861 rem_tot‘.tm
3292 5755 3717 5861 ad

2284 5824 3281 5918 .1;.;gi;‘in;.r.1;.';.'i’;‘satis;rant;
3295 5824 3351 5893 ἶ
3365 5839 3435 5896 De
3458 5848 3543 5904 quo
3575 5824 3664 5877 "et"
