3890 6306
46 384 146 443 429

1102 374 1425 433 HISTORlA
1462 372 1828 443 ιιυιτοιιυιι.
1870 401 1939 418 -
1974 372 2249 439 LlBJlL

3205 374 3310 431 £30

42 498 210 556 ollicio
238 494 474 550 functus.
500 489 737 558 Exinde,
767 500 892 547 cum
928 492 993 546 ad
1033 500 1246 556 tempus
1276 491 1614 547 induciarttm
1648 474 1694 527 Α
1727 502 1880 544 versa
1911 489 2196 559 permovit.
2234 489 2347 544 Rex
2406 488 2567 561 igitur
2596 486 2897 561 principes,
2940 496 2995 546 et
3036 490 3308 563 principes

40 591 239 646 Pascha
274 598 301 628 ι
330 594 547 640 ventum
576 592 744 649 esset,
770 593 824 638 ct
850 585 941 654 qui
975 583 1199 638 Romam
1226 583 1375 638 missi
1404 582 1616 639 fuerant

1723 594 1903 650 regem
1941 590 2249 648 suspectum
2283 580 2585 636 habentes:
2624 580 2713 636 ille
2745 580 2953 637 scilicet
2989 580 3143 647 istos,
3179 598 3245 638 ne
3272 601 3305 653 tt

42 682 205 739 nuntii
240 697 343 737 nec
375 683 503 737 dum
542 681 841 745 redissent,
875 693 1048 750 usque
1077 678 1147 733 ad
1173 677 1468 732 adventum
1499 676 1616 730 illo-
1721 689 1779 727 se
1802 671 2059 736 instabili,
2090 682 2150 726 ut
2180 674 2269 737 lit,
2304 671 2407 726 ﬁde
2436 673 2767 751 dissilirent,
2799 684 2853 729 et
2891 673 2980 730 isti
3016 674 3165 730 illum
3197 676 3307 731 for—

39 792 152 835 rum
176 776 405 831 induciae
434 775 613 830 dilata:
634 782 779 830 sunt.

101 868 158 923 In
206 868 556 937 subsequenti
617 875 799 920 autem
853 863 1198 920 solemnitate
1224 862 1613 929 Pentecostes,

40 962 291 1014 adventus
318 958 534 1014 comitis
565 957 782 1014 Roberti
805 997 821 1021 ,
846 955 1040 1010 fratris
1069 956 1244 1027 regis,
1271 957 1327 1011 in
1360 957 1611 1027 Angliam

41 1048 224 1120 pravia
258 1048 402 1104 fama
443 1058 609 1104 totam
658 1046 894 1119 regalem
929 1047 1140 1103 curiam
1189 1048 1513 1113 commovit,
1556 1056 1614 1103 et

41 1140 383 1210 quorumdam
419 1141 669 1205 animos,
711 1148 771 1194 ιιι
812 1140 1154 1212 postmodum
1195 1139 1396 1209 patuit,
1437 1139 1492 1194 in
1529 1139 1611 1193 di-

1722 763 1997 829 midando,
2014 779 2081 819 ne
2111 763 2348 833 undique
2370 779 2503 833 pace
2523 766 2746 834 potitus,
2777 767 2829 821 itt
2863 782 2922 822 se
2947 764 3156 838 legibus
3181 765 3310 822 effe-

1725 856 1860 912 ratis
1897 856 2181 913 desaeviret
2201 896 2217 920 ,
2250 866 2429 910 actum
2459 871 2525 911 ex
2564 856 2812 912 consulto
2840 866 2922 913 est
2955 867 3013 911 ιιι
3039 859 3309 914 certitudo

1722 953 1843 1009 talis
1868 952 1993 1008 hinc
2017 952 2141 1008 inde
2170 952 2344 1019 ﬁeret,
2375 966 2496 1021 qua;
2544 952 2798 1022 utrinque
2829 951 2970 1022 qttod
3018 952 3312 1008 verebatur

1718 1047 2050 1103 excluderet.
2090 1046 2198 1102 Sed
2231 1046 2321 1101 ubi
2354 1045 2422 1099 ad
2458 1045 2804 1114 sponsionem
2838 1044 2961 1099 fidei
3002 1046 3144 1116 regis
3175 1061 3305 1101 ven-

1722 1147 1835 1192 tum
1858 1148 1973 1206 est,
2010 1149 2123 1201 tota
2152 1136 2305 1209 regni
2342 1133 2595 1192 nobilitas
2625 1149 2747 1190 cum
2777 1134 2958 1205 populi
2998 1136 3307 1192 numerosi-

1308 1270 1729 1328 llENSCllENll
1764 1275 1995 1331 NOTAE.

40 1366 149 1435 quia
197 1368 527 1423 mentionem
576 1367 677 1425 feci
715 1376 770 1422 et
811 1367 949 1421 alios
998 1364 1263 1420 referendi
1302 1366 1454 1420 locus
1495 1382 1605 1420 non

39 1438 155 1497 erit,
188 1436 319 1491 licet
361 1440 585 1493 multum
628 1454 658 1493 a
695 1448 870 1508 ca'pta
914 1438 1224 1492 narratione
1270 1437 1475 1506 digredi
1525 1438 1609 1490 vi-

40 1509 174 1572 dear,
205 1509 466 1576 quiddam
507 1520 685 1563 tamen
719 1511 940 1579 dignum
979 1509 1238 1562 memoria
1275 1509 1471 1579 dientu.
1512 1508 1610 1561 llic

38 1593 158 1650 ergo
197 1579 557 1635 conﬁrmatus
582 1582 633 1634 itt
669 1578 837 1650 regno
881 1579 1049 1633 voluit
1088 1578 1610 1650 cnttjttgemshabere

39 1649 255 1720 puellam
300 1652 610 1719 quamdam.
666 1648 829 1703 ﬁliam
882 1649 1023 1720 regis
1080 1648 1317 1704 Scotite:
1366 1648 1611 1718 dixitque

40 1719 91 1771 1).
123 1720 408 1788 Ausclmo,
438 1728 565 1776 tunc
605 1721 862 1790 temporis
893 1719 1300 1776 Gautttarieusis
1342 1721 1493 1775 urbis
1521 1736 1611 1774 ve—

1714 1370 2017 1441 piscopttm,
2043 1370 2087 1425 si
2113 1368 2241 1438 quid
2277 1367 2327 1422 in
2357 1366 2977 1441 eo_vellet_calumniari.
3006 1365 3311 1439 Respondit

1714 1440 1775 1493 ῐ).
1808 1438 2097 1495 Auseltnus
2116 1456 2185 1495 se
2231 1454 2336 1494 non
2388 1439 2514 1493 illud
2548 1438 3038 1502 calumniaturum,
3069 1438 3191 1494 cum
3225 1455 3309 1494 re-

1713 1526 1843 1565 vera
1887 1512 2181 1566 secundum
2213 1524 2481 1565 canonum
2510 1510 2725 1564 decreta
2759 1508 3115 1576 iudicassent.
3149 1509 3191 1563 Τ
3196 1525 3309 1565 unc

1718 1597 1834 1647 rex,
1882 1601 1899 1634 t
1945 1580 2426 1650 Quandoquidem,
2473 1581 2675 1649 inquit,
2719 1579 2982 1650 judicium
3030 1580 3298 1644 laudaris,

1712 1653 1837 1706 volo
1882 1663 1941 1705 ut
1968 1648 2118 1722 Lmilti
2167 1648 2397 1722 puellam
2432 1648 2796 1722 idesponsetis.
2829 1648 2998 1722 rSetl
3020 1650 3083 1704 Ι).
3113 1651 3308 1722 Ausci-

1716 1738 1862 1777 ntus:
1897 1742 1918 1773 ‹
1958 1719 2263 1785 iudiciuin,
2295 1721 2504 1789 inquit,
2540 1719 2652 1775 non
2701 1719 3067 1789 reprehendo;
3111 1721 3210 1777 sed
3260 1722 3309 1777 si

39 1791 266 1863 ne_rabili_
289 1789 730 1863 archiepiscopo,
762 1803 821 1846 ut
847 1807 967 1845 eam
994 1792 1095 1846 sibi
1145 1790 1511 1863 bettediceret,
1540 1799 1612 1863 et
1645 1789 1687 1847 Β
1716 1792 1972 1860 majestas
1998 1802 2178 1847 vestra
2204 1791 2337 1846 mihi
2367 1793 2589 1847 credere
2616 1790 2796 1853 vellet,
2833 1800 2890 1845 ttt
2925 1805 3045 1845 eam
3066 1808 3184 1863 non
3209 1793 3308 1848 du-

38 1860 361 1916 snlemnibus
394 1860 599 1932 nuptiis
631 1860 975 1918 benedictatu
1015 1862 1066 1916 in
1098 1860 1407 1932 conjugiunt
1441 1861 1613 1932 socia-

40 1941 129 1984 tet.
159 1931 939 2003 lteSpontlitarchiepiscopus
967 1948 1024 1987 se
1054 1933 1193 2003 nolle
1229 1949 1349 1986 eam
1393 1931 1613 2003 benedif

39 2017 167 2065 rere,
220 2019 321 2058 nec
353 2021 449 2057 suo
470 2001 699 2058 consilio
726 2001 902 2073 regem
940 2005 991 2056 itt
1016 2002 1326 2073 ctmjugium
1356 2016 1473 2073 eam
1508 2001 1608 2055 sibi

39 2075 381 2136 sociatttrttm,
406 2090 527 2127 cum
564 2074 739 2128 velum
774 2072 1303 2135 sanctimonialium,
1336 2072 1475 2126 sicut
1501 2073 1614 2141 ipse

40 2158 124 2206 ιω
144 2158 267 2197 vero
292 2145 600 2210 audiverat,
629 2154 897 2213 gestasset
917 2159 1079 2213 super
1110 2154 1271 2211 caput
1296 2158 1477 2205 suum,
1505 2157 1613 2211 quo

40 2216 346 2269 set-celestis
394 2218 577 2284 potius
633 2232 794 2285 quam
839 2216 1038 2270 terteni
1080 2216 1220 2285 regis
1256 2221 1614 2285 monstrasset

40 2286 139 2338 fore
182 2301 457 2355 sponsam.
510 2286 623 2340 Rex
654 2284 880 2341 econtra
923 2285 1059 2340 dixit
1101 2284 1158 2338 se
1196 2284 1511 2355 promisisse
1550 2299 1616 2338 ac

39 2356 182 2408 etiam
213 2353 570 2425 jurejurando
605 2356 957 2411 conﬁrmasse
994 2356 1131 2424 patri
1156 2353 1294 2424 ejus,
1323 2354 1466 2425 quod
1492 2369 1613 2408 eam

37 2426 304 2495 cnujugem
348 2428 609 2482 duceret:
647 2427 877 2497 ideoque
920 2443 1017 2497 pro
1060 2424 1437 2482 conservando
1465 2425 1616 2497 jura-

38 2506 200 2548 tttemo
228 2513 333 2551 suo
364 2512 425 2551 se
453 2513 573 2552 eam
624 2513 730 2551 non
786 2496 1159 2563 dimiSSttrutn,
1207 2498 1309 2552 nisi
1352 2496 1615 2550 canonico

39 2566 215 2638 judicio
236 2569 432 2620 fuisset
453 2569 872 2623 determinatam
908 2587 920 2621 :
955 2568 1320 2638 praecepitque
1350 2576 1409 2619 ut
1441 2566 1615 2638 ascito

40 2636 349 2691 Eboraci-nsi
386 2638 795 2708 archiepiscopo
847 2636 1271 2709 congregaretur
1319 2636 1611 2691 concilium

40 2709 422 2776 episroporttw,
452 2710 705 2763 abbatum
745 2719 798 2764 et
835 2710 1328 2764 ecclesiasticarum
1357 2722 1617 2776 persona-

39 2791 140 2829 rtuu
171 2782 340 2832 totius
361 2780 592 2851 Attglite,
617 2781 685 2833 ad
715 2780 1081 2834 deﬁniendum
1101 2778 1467 2851 ecclesiastica
1490 2792 1617 2833 cen-

40 2863 155 2921 sura
175 2858 389 2904 tantum
428 2847 721 2921 n'egoittm.
756 2852 810 2904 Ιιι
849 2850 1087 2920 generali
1118 2866 1247 2921 ergo
1276 2847 1503 2921 concilio
1533 2863 1619 2921 re-

40 2920 213 2991 qttisila
234 2936 322 2975 est
346 2922 617 2991 abbatissa
660 2920 767 2984 illa,
801 2918 1041 2991 in'cujtts
1080 2918 1412 2974 monasterio
1440 2918 1615 2989 puclla

40 2989 114 3039 illa
151 2990 324 3044 fuerat
372 2990 597 3051 nutrita,
639 3002 891 3046 utrumne
926 2989 1111 3046 revera
1151 3005 1302 3045 more
1324 2992 1619 3045 sanctimo-

42 3059 260 3131 nialium,
288 3062 413 3115 velo
440 3063 601 3130 capiti
623 3063 898 3131 imposito,
926 3063 1298 3117 benedictione
1323 3059 1614 3130 episcOpali

1712 1865 1912 1920 ceretis
1940 1864 2279 1919 consulerem
2308 1879 2321 1915 :
2356 1876 2480 1915 cum
2518 1862 3010 1933 quomodomtnque
3049 1861 3308 1933 contigit,

1716 1943 1893 1987 tamen
1925 1934 2100 1987 velum
2133 1950 2294 2001 super
2322 1942 2483 2001 caput
2510 1933 2779 2000 portavit;
2809 1941 2864 1986 et
2895 1931 3223 1987 sullicientcr
3242 1934 3309 1989 de

1715 2004 1925 2057 ﬁliabus
1954 2020 2135 2075 regunt
2162 2014 2255 2057 aut
2278 2002 2533 2075 comitum
2568 2004 2719 2057 vobis
2746 2002 2987 2057 invenire
3018 2007 3302 2072 possetis.»

1718 2075 1861 2145 Rege
1889 2074 2027 2129 vero
2046 2076 2101 2130 itt
2137 2091 2202 2130 eo
2231 2074 2373 2143 quod
2396 2082 2725 2145 conceperat
2748 2083 3149 2145 perseverante,
3171 2075 3304 2129 sub-

1707 2144 1888 2213 jttn’xit
1913 2146 2005 2201 ille
2032 2146 2116 2199 vir
2156 2144 2532 2200 sanctissimus
2562 2162 2577 2197 :
2621 2161 2644 2196 ι
2680 2144 2787 2199 Vos
2816 2144 3030 2211 quidem
3049 2182 3068 2209 ,
3091 2145 3308 2201 domine

1722 2232 1837 2278 rex,
1875 2217 2101 2271 consilio
2132 2230 2251 2269 meo
2281 2214 2665 2285 prtetertnisso,
2713 2214 2923 2269 facietis
2964 2216 3109 2283 quod
3155 2217 3308 2271 vobis

1716 2287 1976 2357 placuerit
2004 2304 2017 2340 :
2054 2285 2147 2340 sed
2182 2283 2503 2357 qui—diutius
2532 2284 2750 2357 vixerit,
2781 2294 2912 2357 puto
2935 2286 3078 2354 quod
3097 2286 3310 2341 videbit

1713 2356 1960 2427 Angliam
1993 2373 2098 2413 non
2136 2358 2226 2411 diu
2259 2356 2563 2427 gavisurum
2587 2356 2655 2408 de
2678 2356 2829 2427 prole
2855 2370 2976 2422 qua:
3000 2357 3066 2410 de
3086 2370 3151 2409 ea
3179 2367 3307 2412 nata

1714 2429 1839 2483 erit.
1863 2447 1881 2481 ο
1913 2426 2038 2484 Htec
2064 2442 2166 2497 ego
2195 2426 2513 2481 adulescens
2538 2441 2662 2497 eum
2693 2426 2895 2497 dixisse
2924 2427 3128 2497 audivi,
3162 2443 3306 2482 nunc

1716 2512 1844 2553 vero
1876 2515 2067 2568 magna
2096 2495 2161 2553 ex
2196 2506 2349 2567 parte
2379 2497 2532 2550 video
2552 2495 3008 2568 jatngcontigisse.
3052 2495 3165 2551 Rex
3205 2497 3308 2568 ita-

1714 2584 1820 2637 que
1849 2568 1915 2624 de
1941 2566 2002 2623 ea
2034 2569 2169 2624 duos
2200 2566 2341 2622 ’tilios
2370 2575 2425 2622 et
2449 2582 2611 2620 unam
2636 2566 2799 2637 filiam
2823 2567 3026 2636 genuit.
3050 2583 3080 2620 e
3111 2567 3306 2635 quibus

1716 2635 1942 2708 liliijam
1972 2638 2362 2703 adolescentes,
2402 2637 2528 2695 dum
2569 2652 2635 2692 ex
2680 2635 3071 2708 Northmannia
3110 2638 3163 2691 itt
3197 2638 3307 2691 An-

1716 2707 1877 2781 gliam
1909 2711 2166 2773 redirent,
2191 2709 2365 2763 fracta
2403 2722 2538 2761 nave
2564 2723 2691 2781 cum
2718 2707 2847 2781 aliis
2875 2708 3066 2781 multis
3087 2708 3137 2760 in
3166 2709 3305 2762 mari

1716 2777 2025 2852 perierunt;
2057 2781 2219 2852 tiliam
2246 2794 2374 2852 vero
2395 2793 2517 2852 cum
2543 2777 2725 2831 multis
2745 2777 2937 2852 opibus
2966 2777 3067 2831 sibi
3091 2793 3121 2831 a
3148 2789 3308 2852 patre

1718 2845 2097 2906 transmissum
2145 2850 2412 2905 Henricus
2455 2848 2749 2917 imperator
2782 2845 3072 2915 conjugem
3125 2845 3302 2916 tinxit,

1716 2924 2039 2994 nuptiasque
2063 2921 2239 2975 Leodii
2270 2935 2391 2994 cum
2422 2934 2613 2994 magna
2648 2918 2817 2988 gloria
2844 2917 3145 2972 celebravit
3173 2939 3183 2971 :
3210 2920 3303 2973 sed

1716 2989 1826 3047 uno
1855 2989 1968 3047 ﬁlio
2003 3007 2070 3045 ex
2105 3006 2165 3045 ea
2195 2991 2410 3061 genito,
2442 2989 2609 3061 celeri
2644 2999 2818 3042 morte
2847 2998 3149 3061 praeventus
3179 3005 3301 3043 eam

1717 3065 1933 3120 Viduam
1970 3059 2383 3133 rcliqttitjiqua:
2421 3059 2641 3133 viduata
2680 3074 2869 3133 rursus
2901 3060 3308 3133 comiti‘Antle-

43 3129 207 3184 fuisset
243 3129 603 3215 curiosorum;
624 3129 920 3215 Respondit
963 3132 1242 3215 abbatissa
1267 3129 1480 3211 publice
1511 3129 1612 3185 co-
1644 3146 1688 3209 ρ
1720 3135 1940 3215 gaveusi
1973 3129 2197 3215 nupsit."
2213 3129 2346 3215 Cu'm
2395 3130 2571 3215 subito
2616 3140 2767 3200 patre
2804 3132 2920 3200 ejus
2960 3130 3011 3183 itt
3042 3129 3173 3215 urbe.
3204 3130 3307 3215 lto-

42 3215 138 3252 ratu
170 3203 466 3256 omnibus:
501 3222 522 3253 t
566 3203 771 3257 Revera
806 3214 960 3270 pater
989 3203 1106 3269 ejus
1153 3202 1282 3255 ntilti
1323 3216 1442 3255 eam
1471 3216 1617 3255 com-

42 3271 322 3336 tueudavit,
356 3290 464 3327 non
497 3284 553 3326 ιιι
604 3274 1033 3328 sanctimonialis
1072 3271 1245 3335 ﬁeret,
1290 3275 1384 3327 sed
1418 3272 1618 3326 solum-

46 3346 179 3395 modo
215 3354 271 3396 ut
324 3343 377 3397 itt
410 3343 637 3399 ecclesia
680 3355 860 3397 nostra
900 3355 1119 3413 propter
1156 3343 1445 3406 cautelam,
1491 3359 1614 3397 cum

44 3415 224 3484 ca'tcris
246 3414 453 3484 puellis
490 3415 690 3468 nostris
726 3415 1025 3475 extraneis,
1068 3414 1365 3468 nutriretur
1390 3423 1446 3466 et
1477 3414 1616 3467 litte-

44 3483 105 3535 ris
139 3483 473 3539 erudiretur.
520 3485 656 3540 Cum
702 3494 881 3538 attteut
923 3485 1269 3549 adolevisset,
1311 3484 1615 3537 nuntiatum

43 3563 109 3603 est
152 3556 273 3625 milii
336 3557 564 3623 quodam
605 3556 719 3619 die,
756 3570 934 3625 regem
977 3555 1322 3611 Guilielmttm
1348 3594 1365 3619 ,
1412 3553 1615 3607 domini

43 3625 128 3675 ntei
162 3624 384 3679 lit-nrici
416 3640 772 3696 germanum,
814 3624 905 3695 qui
944 3636 1072 3680 tunc
1120 3625 1365 3696 vivebat,
1395 3633 1619 3694 propter

40 3709 142 3747 eam
177 3695 467 3751 videndam
506 3697 751 3763 venisse;
794 3696 1018 3765 jamque
1054 3712 1174 3749 cum
1220 3695 1479 3749 militibus
1506 3696 1621 3749 suis

44 3774 145 3818 ante
194 3765 428 3833 januatu
483 3767 724 3821 ecclesia:
774 3778 972 3822 nostra:
1021 3766 1393 3827 descendisse,
1454 3774 1620 3834 utque

42 3851 188 3902 pinna:
208 3839 304 3892 sibi
349 3838 539 3891 orandi
571 3839 741 3903 gratia
766 3838 1108 3905 aperirentur
1138 3837 1477 3907 praecepisse.
1496 3835 1621 3890 llaec

43 3908 235 3962 audiens
270 3909 612 3977 nimiumque
641 3909 965 3978 perterrita,
1013 3922 1081 3962 ne
1113 3910 1253 3963 forte
1284 3908 1368 3962 illa
1390 3947 1405 3969 ,
1436 3914 1494 3961 ut
1528 3908 1619 3977 ju-

47 3978 191 4039 venis,
234 3979 347 4049 regi
409 3982 682 4048 placeret;
740 3987 793 4031 et
842 3993 938 4049 rex
989 3979 1306 4044 indomitus,
1335 3978 1426 4049 qui
1458 3991 1621 4032 omne

45 4050 167 4112 quod
188 4048 285 4103 sibi
312 4048 653 4104 Occurrisset
692 4049 834 4104 illico
863 4048 1044 4104 facere
1072 4049 1321 4112 volebat,
1361 4049 1474 4103 visa
1502 4049 1621 4116 pul-

48 4118 327 4173 chritudine
354 4120 550 4190 puellm
578 4120 814 4188 aliquam
846 4117 894 4173 ei
926 4120 1166 4174 illicitatn
1204 4118 1515 4173 violentiam
1540 4117 1622 4171 fa-

48 4198 189 4260 ceret,
216 4192 305 4259 qui
337 4202 454 4243 tattt
485 4190 812 4258 improvisus
839 4200 895 4244 et
921 4191 1228 4259 insperatus
1249 4199 1477 4260 propter
1497 4203 1618 4242 eam

47 4258 299 4334 videndam
348 4262 695 4334 advenisset;
744 4262 796 4314 in
850 4258 1447 4334 secretuscnbicnlutn
1477 4273 1619 4334 _eam

48 4328 329 4400 introduxi:
374 4347 491 4384 rem
529 4331 669 4385 sicut
702 4338 819 4387 erat
849 4330 897 4385 ei
943 4330 1154 4400 aperui,
1193 4345 1366 4400 eaque
1406 4328 1619 4384 volente

49 4397 196 4450 velum
227 4416 395 4471 unum
440 4401 603 4471 capiti
644 4402 761 4471 ejus
791 4397 1051 4471 imposui,
1084 4397 1353 4471 quatenus
1395 4415 1462 4455 eo
1485 4400 1616 4471 viso

48 4480 121 4519 rex
147 4470 209 4521 ab
238 4469 429 4525 illicito
456 4469 737 4540 conquesti
781 4469 1147 4527 revocaretur.
1178 4471 1286 4526 Nec
1309 4486 1393 4527 me
1421 4469 1615 4526 fefellit

47 4551 309 4613 spesntea.
344 4544 459 4595 Rex
486 4543 782 4610 siquidem,
821 4555 1042 4613 propter
1074 4541 1437 4613 inspiciendas
1462 4556 1614 4597 rosas

48 4616 89 4657 et
110 4610 228 4664 alias
256 4611 518 4667 ﬂorentes
548 4613 766 4675 herbas,
799 4610 1092 4667 claustrum
1123 4610 1368 4669 nostrum
1406 4614 1614 4683 ingres-

47 4688 149 4742 Sus;
176 4698 293 4735 mor
328 4695 389 4735 ttt
424 4698 542 4735 eam
580 4683 744 4745 vidit,
771 4698 893 4737 cum
924 4684 1139 4737 caneris
1184 4684 1374 4745 puellis
1412 4682 1613 4738 uestris

48 4749 196 4823 velum
232 4756 415 4823 capite
448 4763 773 4823 gestantem,
822 4754 1009 4819 exivit,
1054 4764 1109 4808 et
1146 4749 1212 4806 ab
1259 4753 1489 4807 ecclesia
1530 4768 1614 4807 re.

49 4820 214 4885 cessit;
274 4820 468 4893 aperte
514 4825 808 4878 ostendens
855 4839 913 4878 se
952 4840 1056 4877 non
1105 4824 1205 4878 nisi
1241 4835 1463 4893 propter
1492 4840 1611 4879 eant

50 4899 255 4964 vctusse.
305 4897 444 4949 Cum
496 4906 675 4949 autem
730 4905 885 4964 pater
925 4894 1117 4964 puellm
1173 4897 1311 4949 intra
1365 4898 1610 4949 eamdem

50 4953 416 5017 hebdomadam
444 4967 509 5017 ad
536 4953 818 5020 ecclesiam
853 4953 1095 5020 nostram
1122 4966 1382 5027 venisset,
1410 4964 1614 5017 velum-

48 5040 137 5094 que
177 5051 336 5102 super
389 5046 551 5103 caput
604 5038 725 5089 lilite
764 5052 873 5090 sua:
922 5037 1172 5101 vidisset,
1223 5037 1393 5090 iratus
1437 5035 1611 5088 velunt

50 5104 311 5178 conscidit,
334 5114 397 5178 et
422 5108 487 5157 :td
518 5118 715 5160 terram
745 5107 1042 5175 projectum
1084 5108 1310 5178 pedibus
1339 5106 1451 5162 suis
1491 5122 1613 5161 con-

50 5167 276 5249 culca-vit,
312 5175 586 5249 liliumque
628 5167 778 5229 sttatit
810 5167 991 5232 secum
1026 5167 1256 5231 reduxit.
1301 5197 1319 5229 ι
1355 5178 1609 5249 lttquisita

48 5234 220 5295 deinde
248 5234 524 5317 abbatissa
554 5256 683 5315 quot
707 5263 973 5300 annorum
1009 5257 1135 5301 tunc
1179 5249 1368 5301 fuisset
1401 5234 1606 5317 puella;

50 5316 303 5377 respondit
344 5316 652 5386 duodenum
706 5331 825 5371 esse
862 5318 1117 5386 potuisse.
1150 5317 1300 5370 Tunc
1342 5316 1466 5385 rege
1500 5333 1613 5370 mo-

52 5388 188 5455 gcnte
214 5384 685 5455 archiepiscopum
713 5397 770 5439 ιιι
795 5384 1011 5453 jttbcret
1036 5386 1192 5453 juxta
1232 5388 1330 5441 hoc
1350 5384 1610 5452 judicium

51 5444 169 5527 ﬁeri,
198 5444 440 5527 episcopi
478 5464 537 5527 et
560 5444 814 5521 'abltates:
847 5444 1071 5511 consilio
1102 5468 1325 5527 accepto
1350 5444 1614 5524 lectisque

53 5512 257 5597 diversis
288 5512 539 5594 capitulis
573 5512 870 5589 canonum,
919 5529 968 5581 itt
1014 5512 1299 5582 commune
1338 5512 1615 5597 judicave-

55 5596 158 5668 [lltll
205 5610 304 5668 pro
348 5596 649 5666 ltnjusrnodi
702 5598 847 5650 facto
904 5614 1007 5668 non
1053 5614 1173 5653 esse
1221 5596 1613 5668 prohibendum

55 5650 372 5738 Eofljugium;
420 5650 538 5721 cum
566 5668 825 5738 quandiu
869 5650 1006 5723 infra
1058 5650 1613 5738 legititruaiuﬁtetaletn

57 5728 135 5809 tul)
159 5728 318 5809 tutela
353 5741 519 5809 patris
555 5728 762 5809 fuerat,
798 5738 942 5792 nilei
971 5740 1089 5792 sine
1110 5728 1336 5795 assensu
1377 5739 1493 5809 ejus
1534 5740 1615 5793 fa-

59 5807 158 5853 cere
183 5802 430 5861 licuerat.
457 5808 630 5862 Finito
650 5802 857 5879 judicio
892 5824 983 5862 rex
1020 5810 1371 5882 interrogavit
1404 5802 1616 5866 archic-

1724 3202 2059 3286 tbomagen’si
2102 3203 2377 3288 defuncto,
2432 3202 3041 3288 Anglo'rlttttuplrtrceres
3071 3203 3308 3288 Stepha-

1722 3291 1847 3329 num
1878 3271 2133 3330 comitem
2160 3271 2559 3336 Boloniensaui,
2587 3271 2882 3326 Theobaldi
2904 3272 3120 3326 comitis
3146 3271 3306 3327 Canto

1758 3362 1823 3401 :tn
1847 3350 1993 3401 ensis
2036 3360 2387 3415 genitalium,
2427 3358 2589 3412 super
2612 3358 2682 3415 se
2722 3357 2901 3413 regem
2943 3343 3302 3415 constituunt.

1758 3362 1823 3401 an
1847 3362 1993 3401 cnsui
2036 3362 2387 3415 germanum,
2427 3362 2589 3412 super
2622 3362 2682 3398 se
2722 3362 2901 3413 regem
2943 3362 3302 3399 consumunt.

1720 3362 1874 3472 itinde
1913 3417 2205 3479 Roberttts,
2246 3414 2461 3469 llenrici
2511 3414 2655 3485 regis
2696 3429 2762 3467 ex
2801 3413 3101 3485 concubina
3141 3416 3305 3485 filius,

1720 3488 1959 3556 graviter
2001 3488 2327 3557 indignatus,
2367 3493 2557 3557 contra
2584 3484 2726 3557 "eum
2776 3484 2951 3553 palam
2994 3484 3302 3557 rebellavit;

1719 3554 1953 3627 éttntque
1990 3554 2176 3627 ιιι-αξιἶο
2219 3566 2433 3625 captum
2479 3555 2532 3627 in
2578 3568 2685 3623 quo
2705 3556 2809 3608 lant
2838 3554 3111 3627 rastello,
3159 3558 3304 3625 quod

1721 3627 1823 3682 sibi
1863 3625 2016 3697 pater
2045 3643 2176 3681 suos
2196 3628 2442 3686 dederat,
2467 3625 2709 3697 vinctum
2742 3625 2991 3697 reclusit;
3029 3638 3084 3680 et
3116 3626 3304 3697 sorori

1721 3696 1949 3761 suanut
1975 3713 2095 3752 cum
2128 3697 2235 3751 lilio
2256 3713 2355 3751 suo
2395 3697 2554 3749 citius
2596 3696 2646 3748 itt
2678 3696 2923 3765 Angliam
2955 3696 3213 3751 transiret
3251 3708 3307 3750 et

1722 3784 1947 3838 regnum
1981 3777 2263 3836 paternum
2294 3767 2612 3834 susciperet,
2634 3766 2927 3838 mandavit.
2961 3765 3074 3830 Illa,
3108 3778 3305 3834 putans

1720 3836 2009 3893 se_cuncta
2047 3853 2303 3908 prospera
2339 3846 2703 3908 reperturum,
2732 3836 2982 3908 celeriter
3028 3848 3306 3905 pertranso

1721 3910 1818 3965 ivit
1868 3924 1883 3963 :
1936 3906 2241 3964 sed’secus
2294 3924 2457 3978 quam
2504 3907 2834 3978 crediderat,
2882 3906 3139 3978 invenit:
3180 3922 3304 3961 nam

1721 3978 1919 4046 conjux
1951 3979 2234 4048 Stephani,
2272 3974 2606 4049 principibus
2633 3976 2732 4032 sibi
2757 3974 2982 4045 junctis,
3015 3976 3233 4049 fortiter
3254 3978 3304 4032 ei

1722 4051 1948 4120 restitit.
1990 4046 2105 4117 Ipse
2151 4046 2365 4120 qttoque
2397 4046 2735 4120 Stephanus,
2784 4054 2907 4116 post
2932 4062 3151 4120 paucos
3185 4046 3304 4119 dies

1723 4115 2042 4191 quibusdam
2087 4115 2425 4189 pactionibus
2464 4119 2701 4191 ltoberto
2730 4115 3114 4191 reconciliatus
3137 4129 3211 4191 Aet
3233 4116 3306 4191 de

1722 4188 1953 4244 vinculis
1974 4188 2218 4253 eduCtus,
2250 4204 2438 4244 rursus
2462 4188 2755 4257 Anglorum
2790 4203 3012 4257 regnum
3035 4189 3301 4244 obtinuit:

1723 4262 1923 4331 Sicque
1947 4260 2055 4315 ﬁlia
2088 4261 2231 4331 regis
2258 4260 2500 4322 llenrici,
2527 4274 2662 4331 vana
2684 4273 2782 4328 spc
2810 4273 2869 4313 se
2894 4258 3135 4331 delusam
3166 4260 3299 4323 fore,

1723 4329 2005 4403 ingemuit.
2045 4331 2113 4385 Et
2142 4329 2447 4403 futurorum
2474 4330 2690 4399 quidem
2725 4329 2915 4403 incerti
2943 4345 3164 4385 sumus:
3197 4331 3303 4403 hoc

1722 4400 1853 4473 vei-o
1885 4417 2056 4473 unum
2091 4412 2295 4473 apertos
2318 4400 2595 4468 videmus,
2630 4401 2929 4473 secundum
2962 4401 3302 4473 prophetiam

1722 4472 1785 4527 1).
1818 4471 2082 4536 Anseltni,
2106 4488 2214 4526 non
2246 4471 2333 4525 diu
2355 4473 2598 4542 gavisam
2628 4486 2750 4527 esse
2783 4471 3033 4543 Angliam
3059 4471 3127 4525 de
3151 4474 3305 4543 prole

1669 4543 1690 4581 -’
1721 4544 1863 4598 illius
1914 4545 2144 4615 reginae,
2179 4558 2300 4615 quas
2349 4552 2470 4611 post
2496 4543 2685 4615 velum
2740 4552 3018 4613 portatum
3069 4543 3304 4600 Henrico

1719 4614 2009 4686 nupserat:
2039 4615 2149 4686 ittto
2173 4614 2381 4686 diutina
2411 4614 2674 4686 seditione
2704 4622 2971 4671 vastatam
2992 4628 3065 4677 ac,
3085 4628 3306 4684 oppres-

1717 4684 1860 4764 sam,
1893 4686 1959 4764 de
1993 4685 2241 4764 pristinis
2275 4684 2482 4764 divitiis
2523 4684 2589 4737 ad
2634 4700 2897 4764 magnam
2923 4692 3299 4764 paupertatem

1718 4754 2017 4810 devenisse}
2052 4754 2166 4810 Non
2189 4771 2322 4825 ergo
2356 4755 2771 4825 contemnenda,
2805 4755 2897 4807 sed
2942 4754 3121 4825 potius
3145 4769 3301 4825 reveo

1718 4827 1884 4879 renda
1915 4836 1970 4880 et
1991 4824 2227 4880 timenda
2264 4823 2389 4879 sunt
2424 4825 2586 4878 verba
2619 4824 2940 4894 sapientium
2960 4832 3018 4877 et
3046 4823 3302 4881 Ecclesiae

1718 4896 2096 4965 praelatorum;
2131 4911 2252 4949 cum
2286 4904 2340 4950 et
2378 4895 2741 4965 supradictatn
2787 4894 3131 4965 prophetiam
3167 4895 3301 4950 Leo-

1719 4963 1803 5022 itis
1836 4982 1985 5036 papae
2020 4969 2087 5021 de
2124 4966 2386 5020 Balduino
2428 4963 2625 5020 comite
2664 4963 3014 5027 Flatidrensi,
3045 4963 3137 5035 qui
3178 4982 3303 5021 cou-

1718 5038 2068 5106 sanguioeam
2096 5052 2247 5091 suam
2274 5036 2447 5099 duxit,
2462 5046 2515 5090 et
2537 5045 2851 5106 sequentem
2874 5036 2935 5088 D.
2963 5036 3203 5089 Ansclnti
3236 5040 3302 5091 de

1719 5104 1846 5177 rege
1876 5107 2193 5177 Anglorum,
2236 5122 2394 5161 veras
2424 5107 2588 5161 fuisse
2618 5104 2962 5160 manifestum
2986 5116 3120 5161 est.»
3154 5106 3301 5161 Hac-

1719 5186 1877 5231 tenus
1911 5177 2286 5247 Hermauntts,
2345 5178 2529 5245 utique
2564 5186 2698 5247 ante
2738 5191 2939 5229 anuutn
2988 5178 3153 5241 1155,
3194 5192 3304 5247 quo

1718 5249 2027 5317 Stephanus
2052 5262 2143 5302 rex
2171 5246 2308 5300 obiit
2336 5264 2351 5300 :
2377 5247 2528 5317 cujus
2551 5245 2730 5300 verbis
2758 5246 3094 5303 illttstrandis
3115 5245 3305 5303 inuito-

1719 5316 1829 5372 rari
1848 5332 1951 5372 non
1981 5325 2165 5381 vacat;
2197 5332 2361 5371 ttnum
2386 5316 2625 5372 dicimus
2646 5331 2714 5371 ea
2754 5318 3008 5372 habuisse
3032 5334 3129 5374 nos
3152 5327 3303 5371 lran.

1717 5390 1923 5459 scripta
1956 5403 2022 5443 ex
2058 5387 2308 5457 originali
2339 5388 2625 5458 aJoseplto
2654 5387 2862 5458 lgnatio
2884 5390 2951 5443 de
2978 5390 3037 5445 S.
3065 5390 3303 5445 Antonio

1717 5459 1997 5514 carmelita
2028 5460 2384 5530 discalceato,
2414 5461 2468 5514 itt
2508 5460 2681 5529 iisque
2710 5460 3089 5530 corrigendum
3132 5459 3302 5513 fuisse

1717 5544 1977 5602 errorem,
2006 5545 2111 5602 quo
2146 5528 2438 5585 identidem
2484 5528 2636 5599 pater
2664 5530 2853 5602 puellae
2867 5528 3177 5585 vocabatur
3211 5544 3304 5582 rea:

1718 5599 1915 5664 David,
1945 5604 2033 5668 qui
2062 5599 2233 5654 frater
2265 5602 2396 5665 fuit;
2428 5616 2527 5655 nec
2550 5599 2830 5656 nisi'anno
2858 5603 2925 5655 ab
2948 5602 3097 5656 obitu
3133 5602 3303 5671 patris

1720 5685 1868 5751 xxiv,
1898 5672 1967 5751 ab
1995 5672 2157 5751 hisce.
2172 5673 2375 5751 nuptiis
2397 5687 2487 5735 xx,
2520 5672 2878 5751 Ch_ri_sti_ve_ro
2906 5673 3037 5728 1121
3076 5685 3301 5751 regnum

1718 5741 1982 5804 obtinuit,
2014 5739 2257 5795 omnium
2296 5739 2527 5796 filiorum
2560 5741 2824 5799 Malcolmi
2858 5752 2988 5797 natu
3021 5739 3301 5796 minimus.

1724 5856 1731 5879 ,
1795 5823 1818 5849 ι
1859 5815 2015 5866 Auno
2045 5812 2174 5870 1101
2216 5811 2421 5868 Pascha
2450 5813 2780 5869 celebratum
2813 5810 2909 5869 fuit
2944 5827 3037 5870 χχι
3078 5809 3296 5881 Aprilis.
