  <div class='ocr_page' id='page_1' title='image "/cluster/home/n/w/nwhite01/storage/ocr_20150623/159/hvd.32044024236648/225.png"; bbox 0 0 3890 6306; ppageno 0'>
   <div class='ocr_carea' id='block_1_1' title="bbox 524 364 533 385">
    <p class='ocr_par' dir='ltr' id='par_1_1' title="bbox 524 364 533 385">
     <span class='ocr_line' id='line_1_1' title="bbox 524 364 533 385; baseline 0 -4"><span class='ocrx_word' id='word_1_1' title='bbox 524 364 533 385; x_wconf 76' lang='lat'>;</span> 
     </span>
    </p>
   </div>
   <div class='ocr_carea' id='block_1_2' title="bbox 508 392 617 453">
    <p class='ocr_par' dir='ltr' id='par_1_2' title="bbox 508 392 617 453">
     <span class='ocr_line' id='line_1_2' title="bbox 508 392 617 453; baseline -0.046 1"><span class='ocrx_word' id='word_1_2' title='bbox 508 392 617 453; x_wconf 65' lang='lat'><strong>£35</strong></span> 
     </span>
    </p>
   </div>
   <div class='ocr_carea' id='block_1_3' title="bbox 1538 352 3793 446">
    <p class='ocr_par' dir='ltr' id='par_1_3' title="bbox 1538 352 3793 446">
     <span class='ocr_line' id='line_1_3' title="bbox 1538 352 3793 446; baseline 0.001 -2"><span class='ocrx_word' id='word_1_3' title='bbox 1538 352 1849 444; x_wconf 59' lang='grc' dir='ltr'><strong>εΑὑΜεηι</strong></span> <span class='ocrx_word' id='word_1_4' title='bbox 1891 383 2447 445; x_wconf 61' lang='grc' dir='ltr'><strong>ςΑῖςτιπΑῐιιΕΝδιδ</strong></span> <span class='ocrx_word' id='word_1_5' title='bbox 2480 386 2790 445; x_wconf 45' lang='grc' dir='ltr'><strong>κιιισλιιεηι</strong></span> <span class='ocrx_word' id='word_1_6' title='bbox 3028 442 3029 445; x_wconf 20' lang='grc' dir='ltr'>γ</span> <span class='ocrx_word' id='word_1_7' title='bbox 3702 391 3793 446; x_wconf 60' lang='grc' dir='ltr'><strong>ιδσ</strong></span> 
     </span>
    </p>
   </div>
   <div class='ocr_carea' id='block_1_4' title="bbox 586 470 3793 557">
    <p class='ocr_par' dir='ltr' id='par_1_4' title="bbox 586 470 3793 557">
     <span class='ocr_line' id='line_1_4' title="bbox 586 470 3793 557; baseline -0.001 -15"><span class='ocrx_word' id='word_1_8' title='bbox 586 486 839 543; x_wconf 85' lang='lat' dir='ltr'><strong>lteversis</strong></span> <span class='ocrx_word' id='word_1_9' title='bbox 872 481 1165 555; x_wconf 81' lang='lat' dir='ltr'><strong>episcopis,</strong></span> <span class='ocrx_word' id='word_1_10' title='bbox 1218 491 1274 539; x_wconf 85' lang='lat' dir='ltr'><strong>et</strong></span> <span class='ocrx_word' id='word_1_11' title='bbox 1294 482 1429 538; x_wconf 76' lang='lat' dir='ltr'><strong>aliis</strong></span> <span class='ocrx_word' id='word_1_12' title='bbox 1455 482 1545 552; x_wconf 86' lang='lat' dir='ltr'><strong>qui</strong></span> <span class='ocrx_word' id='word_1_13' title='bbox 1574 482 1804 537; x_wconf 78' lang='lat' dir='ltr'><strong>Romam</strong></span> <span class='ocrx_word' id='word_1_14' title='bbox 1832 514 1855 547; x_wconf 60' lang='grc' dir='ltr'><strong>,η</strong></span> <span class='ocrx_word' id='word_1_15' title='bbox 1877 470 2099 537; x_wconf 76' lang='lat' dir='ltr'><strong>trtdixi-</strong></span> <span class='ocrx_word' id='word_1_16' title='bbox 2129 488 2172 544; x_wconf 73' lang='grc' dir='ltr'><strong>Α</strong></span> <span class='ocrx_word' id='word_1_17' title='bbox 2205 481 2319 553; x_wconf 87' lang='lat' dir='ltr'><strong>ipse</strong></span> <span class='ocrx_word' id='word_1_18' title='bbox 2338 481 2474 536; x_wconf 85' lang='lat' dir='ltr'><strong>ordo</strong></span> <span class='ocrx_word' id='word_1_19' title='bbox 2496 481 2803 553; x_wconf 66' lang='lat' dir='ltr'><strong>espostulat</strong></span> <span class='ocrx_word' id='word_1_20' title='bbox 2834 490 2893 536; x_wconf 91' lang='lat' dir='ltr'><strong>ut</strong></span> <span class='ocrx_word' id='word_1_21' title='bbox 2920 481 3390 554; x_wconf 85' lang='lat' dir='ltr'><strong>archiepiscopum</strong></span> <span class='ocrx_word' id='word_1_22' title='bbox 3425 499 3590 541; x_wconf 83' lang='lat' dir='ltr'><strong>unum</strong></span> <span class='ocrx_word' id='word_1_23' title='bbox 3614 489 3793 557; x_wconf 79' lang='lat' dir='ltr'><strong>ponti-</strong></span> 
     </span>
    </p>
   </div>
   <div class='ocr_carea' id='block_1_5' title="bbox 510 573 2101 646">
    <p class='ocr_par' dir='ltr' id='par_1_5' title="bbox 510 573 2101 646">
     <span class='ocr_line' id='line_1_5' title="bbox 510 573 2101 646; baseline -0.004 -10"><span class='ocrx_word' id='word_1_24' title='bbox 510 592 661 645; x_wconf 80' lang='lat' dir='ltr'><strong>mus,‘</strong></span> <span class='ocrx_word' id='word_1_25' title='bbox 697 579 885 634; x_wconf 89' lang='lat' dir='ltr'><strong>directi</strong></span> <span class='ocrx_word' id='word_1_26' title='bbox 913 579 1142 640; x_wconf 87' lang='lat' dir='ltr'><strong>fuerant,</strong></span> <span class='ocrx_word' id='word_1_27' title='bbox 1176 591 1269 632; x_wconf 80' lang='lat' dir='ltr'><strong>rex</strong></span> <span class='ocrx_word' id='word_1_28' title='bbox 1299 574 1549 630; x_wconf 68' lang='lat' dir='ltr'><strong>adunati!</strong></span> <span class='ocrx_word' id='word_1_29' title='bbox 1576 573 1873 630; x_wconf 74' lang='lat' dir='ltr'><strong>Lundonia:</strong></span> <span class='ocrx_word' id='word_1_30' title='bbox 1902 575 2101 646; x_wconf 72' lang='lat' dir='ltr'><strong>princi-</strong></span> 
     </span>
    </p>
   </div>
   <div class='ocr_carea' id='block_1_6' title="bbox 510 668 2105 745">
    <p class='ocr_par' dir='ltr' id='par_1_6' title="bbox 510 668 2105 745">
     <span class='ocr_line' id='line_1_6' title="bbox 510 668 2105 745; baseline -0.003 -15"><span class='ocrx_word' id='word_1_31' title='bbox 510 676 668 745; x_wconf 85' lang='lat' dir='ltr'><strong>pilms</strong></span> <span class='ocrx_word' id='word_1_32' title='bbox 694 671 878 742; x_wconf 91' lang='lat' dir='ltr'><strong>regni,</strong></span> <span class='ocrx_word' id='word_1_33' title='bbox 913 670 1226 725; x_wconf 80' lang='lat' dir='ltr'><strong>Anselmntn</strong></span> <span class='ocrx_word' id='word_1_34' title='bbox 1282 684 1381 739; x_wconf 89' lang='lat' dir='ltr'><strong>per</strong></span> <span class='ocrx_word' id='word_1_35' title='bbox 1420 668 1784 723; x_wconf 87' lang='lat' dir='ltr'><strong>internuntios</strong></span> <span class='ocrx_word' id='word_1_36' title='bbox 1834 684 1898 724; x_wconf 76' lang='lat' dir='ltr'><strong>ex</strong></span> <span class='ocrx_word' id='word_1_37' title='bbox 1950 683 2105 741; x_wconf 82' lang='lat' dir='ltr'><strong>more</strong></span> 
     </span>
    </p>
   </div>
   <div class='ocr_carea' id='block_1_7' title="bbox 516 762 2101 834">
    <p class='ocr_par' dir='ltr' id='par_1_7' title="bbox 516 762 2101 834">
     <span class='ocr_line' id='line_1_7' title="bbox 516 762 2101 834; baseline -0.003 -12"><span class='ocrx_word' id='word_1_38' title='bbox 516 763 791 829; x_wconf 78' lang='lat' dir='ltr'><strong>convenit,</strong></span> <span class='ocrx_word' id='word_1_39' title='bbox 823 772 1095 834; x_wconf 89' lang='lat' dir='ltr'><strong>quatenus</strong></span> <span class='ocrx_word' id='word_1_40' title='bbox 1127 762 1227 817; x_wconf 88' lang='lat' dir='ltr'><strong>sibi</strong></span> <span class='ocrx_word' id='word_1_41' title='bbox 1261 774 1354 817; x_wconf 90' lang='lat' dir='ltr'><strong>aut</strong></span> <span class='ocrx_word' id='word_1_42' title='bbox 1399 763 1823 818; x_wconf 85' lang='lat' dir='ltr'><strong>consuetudines</strong></span> <span class='ocrx_word' id='word_1_43' title='bbox 1845 770 2101 831; x_wconf 83' lang='lat' dir='ltr'><strong>paternas</strong></span> 
     </span>
    </p>
   </div>
   <div class='ocr_carea' id='block_1_8' title="bbox 511 854 2099 928">
    <p class='ocr_par' dir='ltr' id='par_1_8' title="bbox 511 854 2099 928">
     <span class='ocr_line' id='line_1_8' title="bbox 511 854 2099 928; baseline 0 -17"><span class='ocrx_word' id='word_1_44' title='bbox 511 859 655 912; x_wconf 81' lang='lat' dir='ltr'><strong>ultra</strong></span> <span class='ocrx_word' id='word_1_45' title='bbox 680 874 785 914; x_wconf 91' lang='lat' dir='ltr'><strong>non</strong></span> <span class='ocrx_word' id='word_1_46' title='bbox 840 866 1085 927; x_wconf 84' lang='lat' dir='ltr'><strong>negaret,</strong></span> <span class='ocrx_word' id='word_1_47' title='bbox 1118 864 1212 909; x_wconf 90' lang='lat' dir='ltr'><strong>aut</strong></span> <span class='ocrx_word' id='word_1_48' title='bbox 1239 856 1386 928; x_wconf 87' lang='lat' dir='ltr'><strong>regni</strong></span> <span class='ocrx_word' id='word_1_49' title='bbox 1417 856 1499 910; x_wconf 89' lang='lat' dir='ltr'><strong>sui</strong></span> <span class='ocrx_word' id='word_1_50' title='bbox 1533 855 1708 911; x_wconf 79' lang='lat' dir='ltr'><strong>cultor</strong></span> <span class='ocrx_word' id='word_1_51' title='bbox 1736 869 1858 911; x_wconf 89' lang='lat' dir='ltr'><strong>esse</strong></span> <span class='ocrx_word' id='word_1_52' title='bbox 1888 854 2099 911; x_wconf 67' lang='lat' dir='ltr'><strong>desinev</strong></span> 
     </span>
    </p>
   </div>
   <div class='ocr_carea' id='block_1_9' title="bbox 513 947 2102 1021">
    <p class='ocr_par' dir='ltr' id='par_1_9' title="bbox 513 947 2102 1021">
     <span class='ocr_line' id='line_1_9' title="bbox 513 947 2102 1021; baseline -0.002 -17"><span class='ocrx_word' id='word_1_53' title='bbox 513 960 614 1004; x_wconf 88' lang='lat' dir='ltr'><strong>ret.</strong></span> <span class='ocrx_word' id='word_1_54' title='bbox 642 947 979 1020; x_wconf 80' lang='lat' dir='ltr'><strong>Respondit:</strong></span> <span class='ocrx_word' id='word_1_55' title='bbox 1020 966 1040 1000; x_wconf 71' lang='grc' dir='ltr'>ί</span> <span class='ocrx_word' id='word_1_56' title='bbox 1075 947 1437 1018; x_wconf 89' lang='lat' dir='ltr'><strong>lnspiciantur</strong></span> <span class='ocrx_word' id='word_1_57' title='bbox 1465 949 1509 1004; x_wconf 89' lang='lat' dir='ltr'><strong>si</strong></span> <span class='ocrx_word' id='word_1_58' title='bbox 1547 949 1723 1021; x_wconf 83' lang='lat' dir='ltr'><strong>placet</strong></span> <span class='ocrx_word' id='word_1_59' title='bbox 1759 948 1952 1004; x_wconf 68' lang='lat' dir='ltr'><strong>litterae</strong></span> <span class='ocrx_word' id='word_1_60' title='bbox 1980 964 2102 1018; x_wconf 77' lang='lat' dir='ltr'><strong>qua:</strong></span> 
     </span>
    </p>
   </div>
   <div class='ocr_carea' id='block_1_10' title="bbox 513 1040 2101 1107">
    <p class='ocr_par' dir='ltr' id='par_1_10' title="bbox 513 1040 2101 1107">
     <span class='ocr_line' id='line_1_10' title="bbox 513 1040 2101 1107; baseline 0.002 -14"><span class='ocrx_word' id='word_1_61' title='bbox 513 1042 689 1096; x_wconf 75' lang='lat' dir='ltr'><strong>allatae</strong></span> <span class='ocrx_word' id='word_1_62' title='bbox 718 1050 866 1107; x_wconf 92' lang='lat' dir='ltr'><strong>sunt,</strong></span> <span class='ocrx_word' id='word_1_63' title='bbox 914 1050 974 1096; x_wconf 93' lang='lat' dir='ltr'><strong>et</strong></span> <span class='ocrx_word' id='word_1_64' title='bbox 1028 1040 1176 1096; x_wconf 89' lang='lat' dir='ltr'><strong>salva</strong></span> <span class='ocrx_word' id='word_1_65' title='bbox 1228 1042 1512 1097; x_wconf 85' lang='lat' dir='ltr'><strong>honestate</strong></span> <span class='ocrx_word' id='word_1_66' title='bbox 1558 1057 1697 1105; x_wconf 85' lang='lat' dir='ltr'><strong>mea,</strong></span> <span class='ocrx_word' id='word_1_67' title='bbox 1761 1041 1911 1096; x_wconf 86' lang='lat' dir='ltr'><strong>salva</strong></span> <span class='ocrx_word' id='word_1_68' title='bbox 1955 1040 2101 1097; x_wconf 90' lang='lat' dir='ltr'><strong>sedis</strong></span> 
     </span>
    </p>
   </div>
   <div class='ocr_carea' id='block_1_11' title="bbox 511 1130 2099 1202">
    <p class='ocr_par' dir='ltr' id='par_1_11' title="bbox 511 1130 2099 1202">
     <span class='ocr_line' id='line_1_11' title="bbox 511 1130 2099 1202; baseline 0.001 -17"><span class='ocrx_word' id='word_1_69' title='bbox 511 1131 823 1202; x_wconf 82' lang='lat' dir='ltr'><strong>apostolicae</strong></span> <span class='ocrx_word' id='word_1_70' title='bbox 871 1130 1220 1197; x_wconf 90' lang='lat' dir='ltr'><strong>obedientia,</strong></span> <span class='ocrx_word' id='word_1_71' title='bbox 1279 1140 1539 1201; x_wconf 87' lang='lat' dir='ltr'><strong>quantum</strong></span> <span class='ocrx_word' id='word_1_72' title='bbox 1593 1141 1781 1201; x_wconf 91' lang='lat' dir='ltr'><strong>potero</strong></span> <span class='ocrx_word' id='word_1_73' title='bbox 1834 1131 2099 1187; x_wconf 84' lang='lat' dir='ltr'><strong>voluntati</strong></span> 
     </span>
    </p>
   </div>
   <div class='ocr_carea' id='block_1_12' title="bbox 511 1222 2101 1293">
    <p class='ocr_par' dir='ltr' id='par_1_12' title="bbox 511 1222 2101 1293">
     <span class='ocr_line' id='line_1_12' title="bbox 511 1222 2101 1293; baseline 0.001 -18"><span class='ocrx_word' id='word_1_74' title='bbox 511 1223 633 1293; x_wconf 90' lang='lat' dir='ltr'><strong>ejus</strong></span> <span class='ocrx_word' id='word_1_75' title='bbox 663 1234 869 1279; x_wconf 87' lang='lat' dir='ltr'><strong>morem</strong></span> <span class='ocrx_word' id='word_1_76' title='bbox 904 1236 1098 1293; x_wconf 87' lang='lat' dir='ltr'><strong>gerere</strong></span> <span class='ocrx_word' id='word_1_77' title='bbox 1126 1223 1484 1292; x_wconf 67' lang='lat' dir='ltr'><strong>praetentabo.</strong></span> <span class='ocrx_word' id='word_1_78' title='bbox 1539 1222 1595 1278; x_wconf 92' lang='lat' dir='ltr'><strong>Si</strong></span> <span class='ocrx_word' id='word_1_79' title='bbox 1647 1222 1781 1289; x_wconf 89' lang='lat' dir='ltr'><strong>vult,</strong></span> <span class='ocrx_word' id='word_1_80' title='bbox 1840 1223 1934 1287; x_wconf 91' lang='lat' dir='ltr'><strong>ait,</strong></span> <span class='ocrx_word' id='word_1_81' title='bbox 1988 1238 2101 1278; x_wconf 70' lang='lat' dir='ltr'><strong>sure</strong></span> 
     </span>
    </p>
   </div>
   <div class='ocr_carea' id='block_1_13' title="bbox 514 1316 2095 1384">
    <p class='ocr_par' dir='ltr' id='par_1_13' title="bbox 514 1316 2095 1384">
     <span class='ocr_line' id='line_1_13' title="bbox 514 1316 2095 1384; baseline -0.001 -15"><span class='ocrx_word' id='word_1_82' title='bbox 514 1316 839 1381; x_wconf 80' lang='lat' dir='ltr'><strong>videantur;</strong></span> <span class='ocrx_word' id='word_1_83' title='bbox 884 1330 1043 1384; x_wconf 74' lang='lat' dir='ltr'><strong>meae,</strong></span> <span class='ocrx_word' id='word_1_84' title='bbox 1069 1316 1224 1380; x_wconf 80' lang='lat' dir='ltr'><strong>sciat,</strong></span> <span class='ocrx_word' id='word_1_85' title='bbox 1273 1317 1373 1372; x_wconf 87' lang='lat' dir='ltr'><strong>hac</strong></span> <span class='ocrx_word' id='word_1_86' title='bbox 1404 1318 1522 1373; x_wconf 89' lang='lat' dir='ltr'><strong>vice</strong></span> <span class='ocrx_word' id='word_1_87' title='bbox 1552 1333 1657 1371; x_wconf 88' lang='lat' dir='ltr'><strong>non</strong></span> <span class='ocrx_word' id='word_1_88' title='bbox 1687 1317 2036 1372; x_wconf 89' lang='lat' dir='ltr'><strong>videbuntur.</strong></span> <span class='ocrx_word' id='word_1_89' title='bbox 2077 1337 2095 1367; x_wconf 76' lang='grc' dir='ltr'><strong><em>ι</em></strong></span> 
     </span>
    </p>
   </div>
   <div class='ocr_carea' id='block_1_14' title="bbox 511 1405 2101 1478">
    <p class='ocr_par' dir='ltr' id='par_1_14' title="bbox 511 1405 2101 1478">
     <span class='ocr_line' id='line_1_14' title="bbox 511 1405 2101 1478; baseline 0.002 -17"><span class='ocrx_word' id='word_1_90' title='bbox 511 1405 725 1471; x_wconf 68' lang='lat' dir='ltr'><strong>Refert,</strong></span> <span class='ocrx_word' id='word_1_91' title='bbox 764 1423 785 1459; x_wconf 88' lang='grc'><em>‹</em></span> <span class='ocrx_word' id='word_1_92' title='bbox 816 1406 951 1463; x_wconf 89' lang='lat' dir='ltr'><strong>Cum</strong></span> <span class='ocrx_word' id='word_1_93' title='bbox 988 1407 1173 1478; x_wconf 84' lang='lat' dir='ltr'><strong>igitur,</strong></span> <span class='ocrx_word' id='word_1_94' title='bbox 1200 1406 1473 1477; x_wconf 85' lang='lat' dir='ltr'><strong>inquiens,</strong></span> <span class='ocrx_word' id='word_1_95' title='bbox 1527 1406 1629 1460; x_wconf 74' lang='lat' dir='ltr'><strong>alia</strong></span> <span class='ocrx_word' id='word_1_96' title='bbox 1688 1408 1808 1463; x_wconf 86' lang='lat' dir='ltr'><strong>vice</strong></span> <span class='ocrx_word' id='word_1_97' title='bbox 1856 1407 1959 1462; x_wconf 87' lang='lat' dir='ltr'><strong>sibi</strong></span> <span class='ocrx_word' id='word_1_98' title='bbox 2007 1422 2101 1464; x_wconf 83' lang='lat' dir='ltr'><strong>eas</strong></span> 
     </span>
    </p>
   </div>
   <div class='ocr_carea' id='block_1_15' title="bbox 511 1496 2101 1567">
    <p class='ocr_par' dir='ltr' id='par_1_15' title="bbox 511 1496 2101 1567">
     <span class='ocr_line' id='line_1_15' title="bbox 511 1496 2101 1567; baseline 0 -16"><span class='ocrx_word' id='word_1_99' title='bbox 511 1498 799 1553; x_wconf 81' lang='lat' dir='ltr'><strong>ostendere</strong></span> <span class='ocrx_word' id='word_1_100' title='bbox 824 1496 1109 1567; x_wconf 84' lang='lat' dir='ltr'><strong>placuerit,</strong></span> <span class='ocrx_word' id='word_1_101' title='bbox 1140 1504 1267 1551; x_wconf 91' lang='lat' dir='ltr'><strong>tunc</strong></span> <span class='ocrx_word' id='word_1_102' title='bbox 1314 1506 1371 1551; x_wconf 90' lang='lat' dir='ltr'><strong>et</strong></span> <span class='ocrx_word' id='word_1_103' title='bbox 1400 1512 1486 1552; x_wconf 90' lang='lat' dir='ltr'><strong>me</strong></span> <span class='ocrx_word' id='word_1_104' title='bbox 1519 1498 1585 1551; x_wconf 90' lang='lat' dir='ltr'><strong>ad</strong></span> <span class='ocrx_word' id='word_1_105' title='bbox 1622 1512 1715 1553; x_wconf 87' lang='lat' dir='ltr'><strong>cas</strong></span> <span class='ocrx_word' id='word_1_106' title='bbox 1749 1512 1888 1567; x_wconf 87' lang='lat' dir='ltr'><strong>quas</strong></span> <span class='ocrx_word' id='word_1_107' title='bbox 1940 1496 2101 1552; x_wconf 89' lang='lat' dir='ltr'><strong>modo</strong></span> 
     </span>
    </p>
   </div>
   <div class='ocr_carea' id='block_1_16' title="bbox 512 1587 2099 1660">
    <p class='ocr_par' dir='ltr' id='par_1_16' title="bbox 512 1587 2099 1660">
     <span class='ocr_line' id='line_1_16' title="bbox 512 1587 2099 1660; baseline -0.001 -16"><span class='ocrx_word' id='word_1_108' title='bbox 512 1588 699 1654; x_wconf 80' lang='lat' dir='ltr'><strong>habet,</strong></span> <span class='ocrx_word' id='word_1_109' title='bbox 747 1597 1056 1660; x_wconf 87' lang='lat' dir='ltr'><strong>promptum</strong></span> <span class='ocrx_word' id='word_1_110' title='bbox 1105 1587 1345 1643; x_wconf 81' lang='lat' dir='ltr'><strong>habebit.</strong></span> <span class='ocrx_word' id='word_1_111' title='bbox 1402 1607 1420 1639; x_wconf 84' lang='grc'><strong>›</strong></span> <span class='ocrx_word' id='word_1_112' title='bbox 1461 1589 1797 1657; x_wconf 71' lang='lat' dir='ltr'><strong>Respondit:</strong></span> <span class='ocrx_word' id='word_1_113' title='bbox 1831 1608 1848 1641; x_wconf 74' lang='grc' dir='ltr'>ι</span> <span class='ocrx_word' id='word_1_114' title='bbox 1887 1588 2099 1659; x_wconf 44' lang='lat' dir='ltr'><strong>Nequa:</strong></span> 
     </span>
    </p>
   </div>
   <div class='ocr_carea' id='block_1_17' title="bbox 510 1677 2100 1753">
    <p class='ocr_par' dir='ltr' id='par_1_17' title="bbox 510 1677 2100 1753">
     <span class='ocr_line' id='line_1_17' title="bbox 510 1677 2100 1753; baseline 0.002 -23"><span class='ocrx_word' id='word_1_115' title='bbox 510 1692 673 1749; x_wconf 89' lang='lat' dir='ltr'><strong>quam</strong></span> <span class='ocrx_word' id='word_1_116' title='bbox 697 1680 762 1735; x_wconf 92' lang='lat' dir='ltr'><strong>de</strong></span> <span class='ocrx_word' id='word_1_117' title='bbox 782 1678 978 1734; x_wconf 89' lang='lat' dir='ltr'><strong>litteris</strong></span> <span class='ocrx_word' id='word_1_118' title='bbox 1003 1692 1105 1747; x_wconf 85' lang='lat' dir='ltr'><strong>ago</strong></span> <span class='ocrx_word' id='word_1_119' title='bbox 1134 1677 1216 1731; x_wconf 89' lang='lat' dir='ltr'><strong>vel</strong></span> <span class='ocrx_word' id='word_1_120' title='bbox 1254 1692 1443 1746; x_wconf 84' lang='lat' dir='ltr'><strong>agam;</strong></span> <span class='ocrx_word' id='word_1_121' title='bbox 1495 1680 1589 1732; x_wconf 89' lang='lat' dir='ltr'><strong>sed</strong></span> <span class='ocrx_word' id='word_1_122' title='bbox 1628 1694 1694 1733; x_wconf 86' lang='lat' dir='ltr'><strong>an</strong></span> <span class='ocrx_word' id='word_1_123' title='bbox 1746 1694 1879 1734; x_wconf 66' lang='lat' dir='ltr'><strong>mere</strong></span> <span class='ocrx_word' id='word_1_124' title='bbox 1907 1678 2100 1753; x_wconf 84' lang='lat' dir='ltr'><strong>volun-</strong></span> 
     </span>
    </p>
   </div>
   <div class='ocr_carea' id='block_1_18' title="bbox 511 1767 2099 1840">
    <p class='ocr_par' dir='ltr' id='par_1_18' title="bbox 511 1767 2099 1840">
     <span class='ocr_line' id='line_1_18' title="bbox 511 1767 2099 1840; baseline 0.001 -16"><span class='ocrx_word' id='word_1_125' title='bbox 511 1769 630 1834; x_wconf 91' lang='lat' dir='ltr'><strong>tati,</strong></span> <span class='ocrx_word' id='word_1_126' title='bbox 664 1770 809 1825; x_wconf 92' lang='lat' dir='ltr'><strong>omni</strong></span> <span class='ocrx_word' id='word_1_127' title='bbox 839 1769 1069 1840; x_wconf 81' lang='lat' dir='ltr'><strong>ambage</strong></span> <span class='ocrx_word' id='word_1_128' title='bbox 1116 1767 1365 1832; x_wconf 89' lang='lat' dir='ltr'><strong>dimissa,</strong></span> <span class='ocrx_word' id='word_1_129' title='bbox 1401 1769 1453 1823; x_wconf 87' lang='lat' dir='ltr'><strong>itt</strong></span> <span class='ocrx_word' id='word_1_130' title='bbox 1500 1771 1717 1826; x_wconf 89' lang='lat' dir='ltr'><strong>cunctis</strong></span> <span class='ocrx_word' id='word_1_131' title='bbox 1764 1785 2099 1827; x_wconf 84' lang='lat' dir='ltr'><strong>concurrere</strong></span> 
     </span>
    </p>
   </div>
   <div class='ocr_carea' id='block_1_19' title="bbox 510 1858 2099 1934">
    <p class='ocr_par' dir='ltr' id='par_1_19' title="bbox 510 1858 2099 1934">
     <span class='ocr_line' id='line_1_19' title="bbox 510 1858 2099 1934; baseline 0.005 -22"><span class='ocrx_word' id='word_1_132' title='bbox 510 1861 657 1927; x_wconf 77' lang='lat' dir='ltr'><strong>velit,</strong></span> <span class='ocrx_word' id='word_1_133' title='bbox 688 1861 868 1917; x_wconf 87' lang='lat' dir='ltr'><strong>edicat</strong></span> <span class='ocrx_word' id='word_1_134' title='bbox 893 1871 951 1915; x_wconf 93' lang='lat' dir='ltr'><strong>ttt</strong></span> <span class='ocrx_word' id='word_1_135' title='bbox 971 1858 1374 1926; x_wconf 86' lang='lat' dir='ltr'><strong>audiant.Quod</strong></span> <span class='ocrx_word' id='word_1_136' title='bbox 1402 1860 1645 1916; x_wconf 88' lang='lat' dir='ltr'><strong>auditum</strong></span> <span class='ocrx_word' id='word_1_137' title='bbox 1681 1862 1865 1919; x_wconf 86' lang='lat' dir='ltr'><strong>multis</strong></span> <span class='ocrx_word' id='word_1_138' title='bbox 1891 1878 2099 1934; x_wconf 67' lang='lat' dir='ltr'><strong>magnae</strong></span> 
     </span>
    </p>
   </div>
   <div class='ocr_carea' id='block_1_20' title="bbox 506 1954 2100 2026">
    <p class='ocr_par' dir='ltr' id='par_1_20' title="bbox 506 1954 2100 2026">
     <span class='ocr_line' id='line_1_20' title="bbox 506 1954 2100 2026; baseline 0.004 -20"><span class='ocrx_word' id='word_1_139' title='bbox 506 1954 853 2010; x_wconf 83' lang='lat' dir='ltr'><strong>admirationi</strong></span> <span class='ocrx_word' id='word_1_140' title='bbox 889 1954 990 2008; x_wconf 88' lang='lat' dir='ltr'><strong>fttit</strong></span> <span class='ocrx_word' id='word_1_141' title='bbox 1012 1996 1027 2020; x_wconf 92' lang='lat'><strong>,</strong></span> <span class='ocrx_word' id='word_1_142' title='bbox 1058 1954 1369 2012; x_wconf 81' lang='lat' dir='ltr'><strong>dicentibus</strong></span> <span class='ocrx_word' id='word_1_143' title='bbox 1403 1956 1544 2011; x_wconf 86' lang='lat' dir='ltr'><strong>inter</strong></span> <span class='ocrx_word' id='word_1_144' title='bbox 1579 1970 1637 2010; x_wconf 87' lang='lat' dir='ltr'><strong>se</strong></span> <span class='ocrx_word' id='word_1_145' title='bbox 1667 1956 1791 2026; x_wconf 86' lang='lat' dir='ltr'><strong>quia</strong></span> <span class='ocrx_word' id='word_1_146' title='bbox 1822 1956 1867 2011; x_wconf 87' lang='lat' dir='ltr'><strong>si</strong></span> <span class='ocrx_word' id='word_1_147' title='bbox 1906 1957 2100 2013; x_wconf 65' lang='lat' dir='ltr'><strong>litterae</strong></span> 
     </span>
    </p>
   </div>
   <div class='ocr_carea' id='block_1_21' title="bbox 506 2044 2099 2115">
    <p class='ocr_par' dir='ltr' id='par_1_21' title="bbox 506 2044 2099 2115">
     <span class='ocr_line' id='line_1_21' title="bbox 506 2044 2099 2115; baseline 0.001 -15"><span class='ocrx_word' id='word_1_148' title='bbox 506 2052 633 2100; x_wconf 70' lang='lat' dir='ltr'><strong>voto</strong></span> <span class='ocrx_word' id='word_1_149' title='bbox 656 2045 825 2115; x_wconf 86' lang='lat' dir='ltr'><strong>ipsius</strong></span> <span class='ocrx_word' id='word_1_150' title='bbox 841 2045 1256 2112; x_wconf 87' lang='lat' dir='ltr'><strong>concordarent,</strong></span> <span class='ocrx_word' id='word_1_151' title='bbox 1271 2061 1384 2102; x_wconf 88' lang='lat' dir='ltr'><strong>eas.</strong></span> <span class='ocrx_word' id='word_1_152' title='bbox 1402 2046 1564 2101; x_wconf 88' lang='lat' dir='ltr'><strong>etiam</strong></span> <span class='ocrx_word' id='word_1_153' title='bbox 1589 2044 1808 2101; x_wconf 90' lang='lat' dir='ltr'><strong>nolente</strong></span> <span class='ocrx_word' id='word_1_154' title='bbox 1822 2044 2099 2112; x_wconf 80' lang='lat' dir='ltr'><strong>Anselmo,</strong></span> 
     </span>
    </p>
   </div>
   <div class='ocr_carea' id='block_1_22' title="bbox 506 2133 2102 2209">
    <p class='ocr_par' dir='ltr' id='par_1_22' title="bbox 506 2133 2102 2209">
     <span class='ocr_line' id='line_1_22' title="bbox 506 2133 2102 2209; baseline 0.005 -22"><span class='ocrx_word' id='word_1_155' title='bbox 506 2133 789 2191; x_wconf 84' lang='lat' dir='ltr'><strong>ultroneus</strong></span> <span class='ocrx_word' id='word_1_156' title='bbox 814 2136 1141 2207; x_wconf 86' lang='lat' dir='ltr'><strong>publicaret.</strong></span> <span class='ocrx_word' id='word_1_157' title='bbox 1175 2133 1292 2191; x_wconf 80' lang='lat' dir='ltr'><strong>Non</strong></span> <span class='ocrx_word' id='word_1_158' title='bbox 1338 2151 1469 2209; x_wconf 89' lang='lat' dir='ltr'><strong>ergo</strong></span> <span class='ocrx_word' id='word_1_159' title='bbox 1522 2136 1680 2192; x_wconf 92' lang='lat' dir='ltr'><strong>nobis</strong></span> <span class='ocrx_word' id='word_1_160' title='bbox 1738 2151 1805 2192; x_wconf 91' lang='lat' dir='ltr'><strong>eo</strong></span> <span class='ocrx_word' id='word_1_161' title='bbox 1858 2145 2102 2207; x_wconf 73' lang='lat' dir='ltr'><strong>tempore</strong></span> 
     </span>
    </p>
   </div>
   <div class='ocr_carea' id='block_1_23' title="bbox 508 2229 2099 2302">
    <p class='ocr_par' dir='ltr' id='par_1_23' title="bbox 508 2229 2099 2302">
     <span class='ocr_line' id='line_1_23' title="bbox 508 2229 2099 2302; baseline 0.001 -18"><span class='ocrx_word' id='word_1_162' title='bbox 508 2230 876 2285; x_wconf 78' lang='lat' dir='ltr'><strong>innatuerunt.</strong></span> <span class='ocrx_word' id='word_1_163' title='bbox 895 2232 1147 2286; x_wconf 84' lang='lat' dir='ltr'><strong>Attamen</strong></span> <span class='ocrx_word' id='word_1_164' title='bbox 1169 2247 1277 2302; x_wconf 90' lang='lat' dir='ltr'><strong>quo</strong></span> <span class='ocrx_word' id='word_1_165' title='bbox 1302 2240 1411 2286; x_wconf 88' lang='lat' dir='ltr'><strong>tam</strong></span> <span class='ocrx_word' id='word_1_166' title='bbox 1439 2229 1718 2286; x_wconf 88' lang='lat' dir='ltr'><strong>sollicitius</strong></span> <span class='ocrx_word' id='word_1_167' title='bbox 1738 2238 1868 2286; x_wconf 91' lang='lat' dir='ltr'><strong>sunt</strong></span> <span class='ocrx_word' id='word_1_168' title='bbox 1888 2230 2099 2301; x_wconf 70' lang='lat' dir='ltr'><strong>eelataa,</strong></span> 
     </span>
    </p>
   </div>
   <div class='ocr_carea' id='block_1_24' title="bbox 507 2320 2098 2393">
    <p class='ocr_par' dir='ltr' id='par_1_24' title="bbox 507 2320 2098 2393">
     <span class='ocr_line' id='line_1_24' title="bbox 507 2320 2098 2393; baseline 0.001 -16"><span class='ocrx_word' id='word_1_169' title='bbox 507 2336 575 2377; x_wconf 86' lang='lat' dir='ltr'><strong>eo</strong></span> <span class='ocrx_word' id='word_1_170' title='bbox 602 2322 763 2377; x_wconf 87' lang='lat' dir='ltr'><strong>latins</strong></span> <span class='ocrx_word' id='word_1_171' title='bbox 789 2332 909 2392; x_wconf 90' lang='lat' dir='ltr'><strong>post</strong></span> <span class='ocrx_word' id='word_1_172' title='bbox 938 2322 1144 2393; x_wconf 87' lang='lat' dir='ltr'><strong>aliquot</strong></span> <span class='ocrx_word' id='word_1_173' title='bbox 1186 2324 1302 2379; x_wconf 87' lang='lat' dir='ltr'><strong>dies</strong></span> <span class='ocrx_word' id='word_1_174' title='bbox 1359 2334 1487 2379; x_wconf 91' lang='lat' dir='ltr'><strong>sunt</strong></span> <span class='ocrx_word' id='word_1_175' title='bbox 1527 2321 1838 2392; x_wconf 73' lang='lat' dir='ltr'><strong>divulgatte.</strong></span> <span class='ocrx_word' id='word_1_176' title='bbox 1899 2320 2098 2378; x_wconf 82' lang='lat' dir='ltr'><strong>Verum</strong></span> 
     </span>
    </p>
   </div>
   <div class='ocr_carea' id='block_1_25' title="bbox 508 2412 2100 2485">
    <p class='ocr_par' dir='ltr' id='par_1_25' title="bbox 508 2412 2100 2485">
     <span class='ocr_line' id='line_1_25' title="bbox 508 2412 2100 2485; baseline 0.001 -16"><span class='ocrx_word' id='word_1_177' title='bbox 508 2412 665 2476; x_wconf 78' lang='lat' dir='ltr'><strong>lectis</strong></span> <span class='ocrx_word' id='word_1_178' title='bbox 692 2424 853 2485; x_wconf 85' lang='lat' dir='ltr'><strong>atque</strong></span> <span class='ocrx_word' id='word_1_179' title='bbox 880 2414 1098 2472; x_wconf 84' lang='lat' dir='ltr'><strong>relectis</strong></span> <span class='ocrx_word' id='word_1_180' title='bbox 1124 2430 1315 2470; x_wconf 86' lang='lat' dir='ltr'><strong>coram</strong></span> <span class='ocrx_word' id='word_1_181' title='bbox 1357 2414 1634 2480; x_wconf 87' lang='lat' dir='ltr'><strong>omnibus,</strong></span> <span class='ocrx_word' id='word_1_182' title='bbox 1665 2414 1909 2470; x_wconf 90' lang='lat' dir='ltr'><strong>auditum</strong></span> <span class='ocrx_word' id='word_1_183' title='bbox 1955 2428 2100 2485; x_wconf 66' lang='lat' dir='ltr'><strong>prm-</strong></span> 
     </span>
    </p>
   </div>
   <div class='ocr_carea' id='block_1_26' title="bbox 514 2508 2101 2581">
    <p class='ocr_par' dir='ltr' id='par_1_26' title="bbox 514 2508 2101 2581">
     <span class='ocr_line' id='line_1_26' title="bbox 514 2508 2101 2581; baseline 0.003 -19"><span class='ocrx_word' id='word_1_184' title='bbox 514 2508 1001 2574; x_wconf 83' lang='lat' dir='ltr'><strong>berevolentihns,</strong></span> <span class='ocrx_word' id='word_1_185' title='bbox 1027 2510 1224 2565; x_wconf 82' lang='lat' dir='ltr'><strong>litteris</strong></span> <span class='ocrx_word' id='word_1_186' title='bbox 1252 2510 1508 2566; x_wconf 86' lang='lat' dir='ltr'><strong>Anselmo</strong></span> <span class='ocrx_word' id='word_1_187' title='bbox 1537 2512 1780 2576; x_wconf 84' lang='lat' dir='ltr'><strong>directis,</strong></span> <span class='ocrx_word' id='word_1_188' title='bbox 1812 2511 2101 2581; x_wconf 76' lang='lat' dir='ltr'><strong>suhjnnxe-</strong></span> 
     </span>
    </p>
   </div>
   <div class='ocr_carea' id='block_1_27' title="bbox 510 2601 2102 2673">
    <p class='ocr_par' dir='ltr' id='par_1_27' title="bbox 510 2601 2102 2673">
     <span class='ocr_line' id='line_1_27' title="bbox 510 2601 2102 2673; baseline 0.001 -18"><span class='ocrx_word' id='word_1_189' title='bbox 510 2610 636 2656; x_wconf 85' lang='lat' dir='ltr'><strong>runt</strong></span> <span class='ocrx_word' id='word_1_190' title='bbox 665 2602 924 2672; x_wconf 86' lang='lat' dir='ltr'><strong>episcopi,</strong></span> <span class='ocrx_word' id='word_1_191' title='bbox 948 2603 1036 2673; x_wconf 88' lang='lat' dir='ltr'><strong>qtti</strong></span> <span class='ocrx_word' id='word_1_192' title='bbox 1062 2602 1231 2657; x_wconf 83' lang='lat' dir='ltr'><strong>Roma</strong></span> <span class='ocrx_word' id='word_1_193' title='bbox 1264 2611 1542 2668; x_wconf 80' lang='lat' dir='ltr'><strong>venerant,</strong></span> <span class='ocrx_word' id='word_1_194' title='bbox 1567 2618 1627 2658; x_wconf 90' lang='lat' dir='ltr'><strong>se</strong></span> <span class='ocrx_word' id='word_1_195' title='bbox 1672 2603 1774 2659; x_wconf 88' lang='lat' dir='ltr'><strong>alia</strong></span> <span class='ocrx_word' id='word_1_196' title='bbox 1802 2602 1990 2659; x_wconf 71' lang='lat' dir='ltr'><strong>Romae</strong></span> <span class='ocrx_word' id='word_1_197' title='bbox 2032 2601 2102 2657; x_wconf 89' lang='lat' dir='ltr'><strong>ab</strong></span> 
     </span>
    </p>
   </div>
   <div class='ocr_carea' id='block_1_28' title="bbox 509 2692 2102 2766">
    <p class='ocr_par' dir='ltr' id='par_1_28' title="bbox 509 2692 2102 2766">
     <span class='ocr_line' id='line_1_28' title="bbox 509 2692 2102 2766; baseline 0.004 -23"><span class='ocrx_word' id='word_1_198' title='bbox 509 2693 805 2760; x_wconf 81' lang='lat' dir='ltr'><strong>apostolico</strong></span> <span class='ocrx_word' id='word_1_199' title='bbox 830 2692 1007 2748; x_wconf 84' lang='lat' dir='ltr'><strong>verbis</strong></span> <span class='ocrx_word' id='word_1_200' title='bbox 1029 2695 1335 2764; x_wconf 87' lang='lat' dir='ltr'><strong>accepisse,</strong></span> <span class='ocrx_word' id='word_1_201' title='bbox 1386 2710 1550 2765; x_wconf 91' lang='lat' dir='ltr'><strong>quam</strong></span> <span class='ocrx_word' id='word_1_202' title='bbox 1609 2695 1805 2752; x_wconf 72' lang='lat' dir='ltr'><strong>litterae</strong></span> <span class='ocrx_word' id='word_1_203' title='bbox 1844 2695 1973 2766; x_wconf 76' lang='lat' dir='ltr'><strong>ipsa:</strong></span> <span class='ocrx_word' id='word_1_204' title='bbox 2014 2693 2102 2749; x_wconf 90' lang='lat' dir='ltr'><strong>vel</strong></span> 
     </span>
    </p>
   </div>
   <div class='ocr_carea' id='block_1_29' title="bbox 508 2785 2098 2857">
    <p class='ocr_par' dir='ltr' id='par_1_29' title="bbox 508 2785 2098 2857">
     <span class='ocr_line' id='line_1_29' title="bbox 508 2785 2098 2857; baseline 0.004 -20"><span class='ocrx_word' id='word_1_205' title='bbox 508 2785 671 2839; x_wconf 91' lang='lat' dir='ltr'><strong>etiam</strong></span> <span class='ocrx_word' id='word_1_206' title='bbox 697 2786 799 2839; x_wconf 68' lang='lat' dir='ltr'><strong>illae</strong></span> <span class='ocrx_word' id='word_1_207' title='bbox 822 2800 956 2856; x_wconf 89' lang='lat' dir='ltr'><strong>quas</strong></span> <span class='ocrx_word' id='word_1_208' title='bbox 985 2788 1099 2857; x_wconf 81' lang='lat' dir='ltr'><strong>regi</strong></span> <span class='ocrx_word' id='word_1_209' title='bbox 1136 2787 1446 2842; x_wconf 85' lang='lat' dir='ltr'><strong>detulerant</strong></span> <span class='ocrx_word' id='word_1_210' title='bbox 1502 2789 1854 2844; x_wconf 90' lang='lat' dir='ltr'><strong>continerent</strong></span> <span class='ocrx_word' id='word_1_211' title='bbox 1913 2790 1967 2844; x_wconf 94' lang='lat' dir='ltr'><strong>in</strong></span> <span class='ocrx_word' id='word_1_212' title='bbox 2018 2800 2098 2844; x_wconf 87' lang='lat' dir='ltr'><strong>se.</strong></span> 
     </span>
    </p>
   </div>
   <div class='ocr_carea' id='block_1_30' title="bbox 509 2876 2099 2950">
    <p class='ocr_par' dir='ltr' id='par_1_30' title="bbox 509 2876 2099 2950">
     <span class='ocr_line' id='line_1_30' title="bbox 509 2876 2099 2950; baseline 0.003 -22"><span class='ocrx_word' id='word_1_213' title='bbox 509 2876 885 2948; x_wconf 75' lang='lat' dir='ltr'><strong>Bequisitique</strong></span> <span class='ocrx_word' id='word_1_214' title='bbox 931 2879 1225 2934; x_wconf 88' lang='lat' dir='ltr'><strong>contestati</strong></span> <span class='ocrx_word' id='word_1_215' title='bbox 1250 2888 1378 2935; x_wconf 87' lang='lat' dir='ltr'><strong>sunt</strong></span> <span class='ocrx_word' id='word_1_216' title='bbox 1406 2879 1459 2934; x_wconf 89' lang='lat' dir='ltr'><strong>in</strong></span> <span class='ocrx_word' id='word_1_217' title='bbox 1513 2879 1809 2950; x_wconf 85' lang='lat' dir='ltr'><strong>episcopali</strong></span> <span class='ocrx_word' id='word_1_218' title='bbox 1840 2880 2099 2945; x_wconf 75' lang='lat' dir='ltr'><strong>veritate,</strong></span> 
     </span>
    </p>
   </div>
   <div class='ocr_carea' id='block_1_31' title="bbox 507 2967 2098 3039">
    <p class='ocr_par' dir='ltr' id='par_1_31' title="bbox 507 2967 2098 3039">
     <span class='ocr_line' id='line_1_31' title="bbox 507 2967 2098 3039; baseline 0.002 -19"><span class='ocrx_word' id='word_1_219' title='bbox 507 2982 699 3038; x_wconf 84' lang='lat' dir='ltr'><strong>papam</strong></span> <span class='ocrx_word' id='word_1_220' title='bbox 729 2968 904 3037; x_wconf 88' lang='lat' dir='ltr'><strong>ipsum</strong></span> <span class='ocrx_word' id='word_1_221' title='bbox 934 2969 1045 3038; x_wconf 82' lang='lat' dir='ltr'><strong>regi</strong></span> <span class='ocrx_word' id='word_1_222' title='bbox 1077 2967 1262 3023; x_wconf 84' lang='lat' dir='ltr'><strong>verbis</strong></span> <span class='ocrx_word' id='word_1_223' title='bbox 1310 2968 1461 3037; x_wconf 89' lang='lat' dir='ltr'><strong>puris</strong></span> <span class='ocrx_word' id='word_1_224' title='bbox 1518 2968 1813 3024; x_wconf 81' lang='lat' dir='ltr'><strong>mandasse</strong></span> <span class='ocrx_word' id='word_1_225' title='bbox 1862 2983 1957 3039; x_wconf 88' lang='lat' dir='ltr'><strong>per</strong></span> <span class='ocrx_word' id='word_1_226' title='bbox 2016 2983 2098 3035; x_wconf 80' lang='lat' dir='ltr'><strong>se,</strong></span> 
     </span>
    </p>
   </div>
   <div class='ocr_carea' id='block_1_32' title="bbox 509 3049 2101 3132">
    <p class='ocr_par' dir='ltr' id='par_1_32' title="bbox 509 3049 2101 3132">
     <span class='ocr_line' id='line_1_32' title="bbox 509 3049 2101 3132; baseline 0.005 -22"><span class='ocrx_word' id='word_1_227' title='bbox 509 3049 816 3126; x_wconf 88' lang='lat' dir='ltr'><strong>quoniam,</strong></span> <span class='ocrx_word' id='word_1_228' title='bbox 869 3060 1109 3127; x_wconf 87' lang='lat' dir='ltr'><strong>qnandiu</strong></span> <span class='ocrx_word' id='word_1_229' title='bbox 1160 3060 1215 3115; x_wconf 89' lang='lat' dir='ltr'><strong>itt</strong></span> <span class='ocrx_word' id='word_1_230' title='bbox 1256 3058 1376 3115; x_wconf 89' lang='lat' dir='ltr'><strong>aliis</strong></span> <span class='ocrx_word' id='word_1_231' title='bbox 1430 3060 1595 3115; x_wconf 88' lang='lat' dir='ltr'><strong>vitam</strong></span> <span class='ocrx_word' id='word_1_232' title='bbox 1659 3060 1784 3115; x_wconf 91' lang='lat' dir='ltr'><strong>boni</strong></span> <span class='ocrx_word' id='word_1_233' title='bbox 1841 3061 2101 3132; x_wconf 85' lang='lat' dir='ltr'><strong>principis</strong></span> 
     </span>
    </p>
   </div>
   <div class='ocr_carea' id='block_1_33' title="bbox 508 3149 2100 3223">
    <p class='ocr_par' dir='ltr' id='par_1_33' title="bbox 508 3149 2100 3223">
     <span class='ocr_line' id='line_1_33' title="bbox 508 3149 2100 3223; baseline 0.003 -21"><span class='ocrx_word' id='word_1_234' title='bbox 508 3158 739 3220; x_wconf 81' lang='lat' dir='ltr'><strong>ageret,</strong></span> <span class='ocrx_word' id='word_1_235' title='bbox 791 3150 857 3206; x_wconf 85' lang='lat' dir='ltr'><strong>de</strong></span> <span class='ocrx_word' id='word_1_236' title='bbox 901 3149 1264 3207; x_wconf 87' lang='lat' dir='ltr'><strong>Ecclesiarum</strong></span> <span class='ocrx_word' id='word_1_237' title='bbox 1324 3152 1657 3208; x_wconf 84' lang='lat' dir='ltr'><strong>investitttris</strong></span> <span class='ocrx_word' id='word_1_238' title='bbox 1718 3153 2100 3223; x_wconf 82' lang='lat' dir='ltr'><strong>aequanimiter</strong></span> 
     </span>
    </p>
   </div>
   <div class='ocr_carea' id='block_1_34' title="bbox 2204 572 3792 647">
    <p class='ocr_par' dir='ltr' id='par_1_34' title="bbox 2204 572 3792 647">
     <span class='ocr_line' id='line_1_34' title="bbox 2204 572 3792 647; baseline 0.004 -21"><span class='ocrx_word' id='word_1_239' title='bbox 2204 574 2441 642; x_wconf 69' lang='lat' dir='ltr'><strong>finesque</strong></span> <span class='ocrx_word' id='word_1_240' title='bbox 2466 572 2858 643; x_wconf 83' lang='lat' dir='ltr'><strong>duosmajoris</strong></span> <span class='ocrx_word' id='word_1_241' title='bbox 2890 575 3185 631; x_wconf 90' lang='lat' dir='ltr'><strong>testimonii</strong></span> <span class='ocrx_word' id='word_1_242' title='bbox 3224 593 3388 647; x_wconf 86' lang='lat' dir='ltr'><strong>quam</strong></span> <span class='ocrx_word' id='word_1_243' title='bbox 3427 587 3481 633; x_wconf 87' lang='lat' dir='ltr'><strong>te</strong></span> <span class='ocrx_word' id='word_1_244' title='bbox 3516 594 3644 633; x_wconf 85' lang='lat' dir='ltr'><strong>esse</strong></span> <span class='ocrx_word' id='word_1_245' title='bbox 3666 577 3792 647; x_wconf 83' lang='lat' dir='ltr'><strong>judi-</strong></span> 
     </span>
    </p>
   </div>
   <div class='ocr_carea' id='block_1_35' title="bbox 2205 666 3795 741">
    <p class='ocr_par' dir='ltr' id='par_1_35' title="bbox 2205 666 3795 741">
     <span class='ocr_line' id='line_1_35' title="bbox 2205 666 3795 741; baseline 0.003 -20"><span class='ocrx_word' id='word_1_246' title='bbox 2205 681 2412 721; x_wconf 89' lang='lat' dir='ltr'><strong>cemns.</strong></span> <span class='ocrx_word' id='word_1_247' title='bbox 2458 696 2531 707; x_wconf 87' lang='lat'><strong>--</strong></span> <span class='ocrx_word' id='word_1_248' title='bbox 2580 666 2647 721; x_wconf 87' lang='lat' dir='ltr'><strong>Et</strong></span> <span class='ocrx_word' id='word_1_249' title='bbox 2701 667 2767 721; x_wconf 92' lang='lat' dir='ltr'><strong>de</strong></span> <span class='ocrx_word' id='word_1_250' title='bbox 2817 667 3158 733; x_wconf 87' lang='lat' dir='ltr'><strong>litterarum,</strong></span> <span class='ocrx_word' id='word_1_251' title='bbox 3207 670 3420 741; x_wconf 85' lang='lat' dir='ltr'><strong>inquit,</strong></span> <span class='ocrx_word' id='word_1_252' title='bbox 3486 671 3795 726; x_wconf 74' lang='lat' dir='ltr'><strong>testimonio</strong></span> 
     </span>
    </p>
   </div>
   <div class='ocr_carea' id='block_1_36' title="bbox 2203 755 3798 826">
    <p class='ocr_par' dir='ltr' id='par_1_36' title="bbox 2203 755 3798 826">
     <span class='ocr_line' id='line_1_36' title="bbox 2203 755 3798 826; baseline 0.004 -16"><span class='ocrx_word' id='word_1_253' title='bbox 2203 757 2367 826; x_wconf 77' lang='lat' dir='ltr'><strong>quid?</strong></span> <span class='ocrx_word' id='word_1_254' title='bbox 2405 776 2425 810; x_wconf 69' lang='grc' dir='ltr'><strong><em>ο</em></strong></span> <span class='ocrx_word' id='word_1_255' title='bbox 2452 755 2903 826; x_wconf 78' lang='lat' dir='ltr'><strong>Responderunt:</strong></span> <span class='ocrx_word' id='word_1_256' title='bbox 2940 778 2957 810; x_wconf 72' lang='grc' dir='ltr'><strong>ε</strong></span> <span class='ocrx_word' id='word_1_257' title='bbox 2982 756 3380 815; x_wconf 83' lang='lat' dir='ltr'><strong>Testimonium</strong></span> <span class='ocrx_word' id='word_1_258' title='bbox 3405 764 3798 816; x_wconf 75' lang='lat' dir='ltr'><strong>monachorum</strong></span> 
     </span>
    </p>
   </div>
   <div class='ocr_carea' id='block_1_37' title="bbox 2203 849 3797 923">
    <p class='ocr_par' dir='ltr' id='par_1_37' title="bbox 2203 849 3797 923">
     <span class='ocr_line' id='line_1_37' title="bbox 2203 849 3797 923; baseline 0.003 -21"><span class='ocrx_word' id='word_1_259' title='bbox 2203 858 2393 917; x_wconf 86' lang='lat' dir='ltr'><strong>contra</strong></span> <span class='ocrx_word' id='word_1_260' title='bbox 2419 849 2701 919; x_wconf 87' lang='lat' dir='ltr'><strong>episcopos</strong></span> <span class='ocrx_word' id='word_1_261' title='bbox 2733 863 2840 904; x_wconf 90' lang='lat' dir='ltr'><strong>non</strong></span> <span class='ocrx_word' id='word_1_262' title='bbox 2880 850 3196 920; x_wconf 89' lang='lat' dir='ltr'><strong>recipimus,</strong></span> <span class='ocrx_word' id='word_1_263' title='bbox 3229 860 3284 906; x_wconf 87' lang='lat' dir='ltr'><strong>et</strong></span> <span class='ocrx_word' id='word_1_264' title='bbox 3315 852 3494 907; x_wconf 72' lang='lat' dir='ltr'><strong>ovina&#39;:</strong></span> <span class='ocrx_word' id='word_1_265' title='bbox 3531 852 3702 923; x_wconf 81' lang='lat' dir='ltr'><strong>pellis</strong></span> <span class='ocrx_word' id='word_1_266' title='bbox 3725 870 3797 907; x_wconf 79' lang='lat' dir='ltr'><strong>re-</strong></span> 
     </span>
    </p>
   </div>
   <div class='ocr_carea' id='block_1_38' title="bbox 2205 938 3797 1014">
    <p class='ocr_par' dir='ltr' id='par_1_38' title="bbox 2205 938 3797 1014">
     <span class='ocr_line' id='line_1_38' title="bbox 2205 938 3797 1014; baseline 0.003 -21"><span class='ocrx_word' id='word_1_267' title='bbox 2205 939 2555 1011; x_wconf 81' lang='lat' dir='ltr'><strong>ciperemus?</strong></span> <span class='ocrx_word' id='word_1_268' title='bbox 2584 938 2695 1006; x_wconf 64' lang='lat' dir='ltr'><strong>Vae,</strong></span> <span class='ocrx_word' id='word_1_269' title='bbox 2720 956 2821 1007; x_wconf 70' lang='lat' dir='ltr'><strong>vat,</strong></span> <span class='ocrx_word' id='word_1_270' title='bbox 2863 941 3035 1008; x_wconf 86' lang='lat' dir='ltr'><strong>aiunt,</strong></span> <span class='ocrx_word' id='word_1_271' title='bbox 3062 940 3127 996; x_wconf 90' lang='lat' dir='ltr'><strong>ad</strong></span> <span class='ocrx_word' id='word_1_272' title='bbox 3154 942 3253 995; x_wconf 87' lang='lat' dir='ltr'><strong>ista</strong></span> <span class='ocrx_word' id='word_1_273' title='bbox 3284 943 3510 1012; x_wconf 86' lang='lat' dir='ltr'><strong>quilibet</strong></span> <span class='ocrx_word' id='word_1_274' title='bbox 3540 945 3797 1014; x_wconf 81' lang='lat' dir='ltr'><strong>religiosi,</strong></span> 
     </span>
    </p>
   </div>
   <div class='ocr_carea' id='block_1_39' title="bbox 2204 1030 3799 1103">
    <p class='ocr_par' dir='ltr' id='par_1_39' title="bbox 2204 1030 3799 1103">
     <span class='ocr_line' id='line_1_39' title="bbox 2204 1030 3799 1103; baseline 0.003 -18"><span class='ocrx_word' id='word_1_275' title='bbox 2204 1045 2383 1085; x_wconf 90' lang='lat' dir='ltr'><strong>nonne</strong></span> <span class='ocrx_word' id='word_1_276' title='bbox 2421 1038 2475 1085; x_wconf 86' lang='lat' dir='ltr'><strong>et</strong></span> <span class='ocrx_word' id='word_1_277' title='bbox 2504 1030 2791 1102; x_wconf 81' lang='lat' dir='ltr'><strong>Evangelia</strong></span> <span class='ocrx_word' id='word_1_278' title='bbox 2829 1032 3059 1103; x_wconf 83' lang='lat' dir='ltr'><strong>pellibus</strong></span> <span class='ocrx_word' id='word_1_279' title='bbox 3093 1034 3272 1091; x_wconf 88' lang='lat' dir='ltr'><strong>ovinis</strong></span> <span class='ocrx_word' id='word_1_280' title='bbox 3311 1034 3730 1090; x_wconf 83' lang='lat' dir='ltr'><strong>inscribuntur?</strong></span> <span class='ocrx_word' id='word_1_281' title='bbox 3761 1034 3799 1090; x_wconf 86' lang='grc' dir='ltr'><strong>ο</strong></span> 
     </span>
    </p>
   </div>
   <div class='ocr_carea' id='block_1_40' title="bbox 2204 1120 3799 1197">
    <p class='ocr_par' dir='ltr' id='par_1_40' title="bbox 2204 1120 3799 1197">
     <span class='ocr_line' id='line_1_40' title="bbox 2204 1120 3799 1197; baseline 0.003 -24"><span class='ocrx_word' id='word_1_282' title='bbox 2204 1120 2329 1175; x_wconf 91' lang='lat' dir='ltr'><strong>hinc</strong></span> <span class='ocrx_word' id='word_1_283' title='bbox 2352 1120 2647 1176; x_wconf 85' lang='lat' dir='ltr'><strong>simultatis</strong></span> <span class='ocrx_word' id='word_1_284' title='bbox 2675 1122 2887 1178; x_wconf 86' lang='lat' dir='ltr'><strong>detecta</strong></span> <span class='ocrx_word' id='word_1_285' title='bbox 2929 1121 3214 1180; x_wconf 90' lang='lat' dir='ltr'><strong>confusio!</strong></span> <span class='ocrx_word' id='word_1_286' title='bbox 3254 1123 3450 1197; x_wconf 57' lang='grc' dir='ltr'><strong>ιρι]Ξά</strong></span> <span class='ocrx_word' id='word_1_287' title='bbox 3491 1125 3544 1179; x_wconf 91' lang='lat' dir='ltr'><strong>in</strong></span> <span class='ocrx_word' id='word_1_288' title='bbox 3578 1124 3677 1178; x_wconf 87' lang='lat' dir='ltr'><strong>his</strong></span> <span class='ocrx_word' id='word_1_289' title='bbox 3704 1126 3799 1177; x_wconf 59' lang='lat' dir='ltr'><strong>An.</strong></span> 
     </span>
    </p>
   </div>
   <div class='ocr_carea' id='block_1_41' title="bbox 2202 1211 3798 1287">
    <p class='ocr_par' dir='ltr' id='par_1_41' title="bbox 2202 1211 3798 1287">
     <span class='ocr_line' id='line_1_41' title="bbox 2202 1211 3798 1287; baseline 0.003 -20"><span class='ocrx_word' id='word_1_290' title='bbox 2202 1211 2404 1267; x_wconf 82' lang='lat' dir='ltr'><strong>selinus</strong></span> <span class='ocrx_word' id='word_1_291' title='bbox 2433 1221 2638 1283; x_wconf 87' lang='lat' dir='ltr'><strong>ageret,</strong></span> <span class='ocrx_word' id='word_1_292' title='bbox 2667 1214 2811 1282; x_wconf 87' lang='lat' dir='ltr'><strong>quod</strong></span> <span class='ocrx_word' id='word_1_293' title='bbox 2840 1229 2901 1269; x_wconf 85' lang='lat' dir='ltr'><strong>se</strong></span> <span class='ocrx_word' id='word_1_294' title='bbox 2920 1224 3153 1271; x_wconf 84' lang='lat' dir='ltr'><strong>verteret</strong></span> <span class='ocrx_word' id='word_1_295' title='bbox 3179 1255 3193 1280; x_wconf 91' lang='lat'><strong>,</strong></span> <span class='ocrx_word' id='word_1_296' title='bbox 3230 1215 3541 1287; x_wconf 85' lang='lat' dir='ltr'><strong>aliquandiu</strong></span> <span class='ocrx_word' id='word_1_297' title='bbox 3570 1216 3798 1285; x_wconf 76' lang='lat' dir='ltr'><strong>dubita-</strong></span> 
     </span>
    </p>
   </div>
   <div class='ocr_carea' id='block_1_42' title="bbox 2212 1304 3797 1381">
    <p class='ocr_par' dir='ltr' id='par_1_42' title="bbox 2212 1304 3797 1381">
     <span class='ocr_line' id='line_1_42' title="bbox 2212 1304 3797 1381; baseline 0.004 -24"><span class='ocrx_word' id='word_1_298' title='bbox 2212 1304 2310 1359; x_wconf 90' lang='lat' dir='ltr'><strong>vit.</strong></span> <span class='ocrx_word' id='word_1_299' title='bbox 2338 1304 2517 1360; x_wconf 84' lang='lat' dir='ltr'><strong>Grave</strong></span> <span class='ocrx_word' id='word_1_300' title='bbox 2549 1305 2749 1377; x_wconf 88' lang='lat' dir='ltr'><strong>quippe</strong></span> <span class='ocrx_word' id='word_1_301' title='bbox 2790 1305 3055 1381; x_wconf 74' lang='lat' dir='ltr'><strong>judicavit</strong></span> <span class='ocrx_word' id='word_1_302' title='bbox 3086 1309 3574 1380; x_wconf 86' lang='lat' dir='ltr'><strong>quontodocunqne</strong></span> <span class='ocrx_word' id='word_1_303' title='bbox 3609 1319 3797 1363; x_wconf 68' lang='lat' dir='ltr'><strong>osteno</strong></span> 
     </span>
    </p>
   </div>
   <div class='ocr_carea' id='block_1_43' title="bbox 2203 1394 3799 1469">
    <p class='ocr_par' dir='ltr' id='par_1_43' title="bbox 2203 1394 3799 1469">
     <span class='ocr_line' id='line_1_43' title="bbox 2203 1394 3799 1469; baseline 0.004 -19"><span class='ocrx_word' id='word_1_304' title='bbox 2203 1396 2351 1461; x_wconf 90' lang='lat' dir='ltr'><strong>dere,</strong></span> <span class='ocrx_word' id='word_1_305' title='bbox 2382 1394 2540 1452; x_wconf 87' lang='lat' dir='ltr'><strong>fidem</strong></span> <span class='ocrx_word' id='word_1_306' title='bbox 2567 1412 2625 1452; x_wconf 92' lang='lat' dir='ltr'><strong>se</strong></span> <span class='ocrx_word' id='word_1_307' title='bbox 2651 1396 2850 1452; x_wconf 87' lang='lat' dir='ltr'><strong>litteris</strong></span> <span class='ocrx_word' id='word_1_308' title='bbox 2879 1399 3199 1469; x_wconf 68' lang='lat' dir='ltr'><strong>apostolicis</strong></span> <span class='ocrx_word' id='word_1_309' title='bbox 3224 1416 3331 1455; x_wconf 90' lang='lat' dir='ltr'><strong>non</strong></span> <span class='ocrx_word' id='word_1_310' title='bbox 3367 1401 3597 1468; x_wconf 87' lang='lat' dir='ltr'><strong>habere;</strong></span> <span class='ocrx_word' id='word_1_311' title='bbox 3634 1413 3703 1455; x_wconf 85' lang='lat' dir='ltr'><strong>et</strong></span> <span class='ocrx_word' id='word_1_312' title='bbox 3729 1401 3799 1457; x_wconf 81' lang='lat' dir='ltr'><strong>fo-</strong></span> 
     </span>
    </p>
   </div>
   <div class='ocr_carea' id='block_1_44' title="bbox 2206 1487 3797 1558">
    <p class='ocr_par' dir='ltr' id='par_1_44' title="bbox 2206 1487 3797 1558">
     <span class='ocr_line' id='line_1_44' title="bbox 2206 1487 3797 1558; baseline 0.004 -17"><span class='ocrx_word' id='word_1_313' title='bbox 2206 1487 2388 1541; x_wconf 90' lang='lat' dir='ltr'><strong>mitem</strong></span> <span class='ocrx_word' id='word_1_314' title='bbox 2430 1487 2613 1558; x_wconf 87' lang='lat' dir='ltr'><strong>gravis</strong></span> <span class='ocrx_word' id='word_1_315' title='bbox 2660 1488 2900 1543; x_wconf 90' lang='lat' dir='ltr'><strong>scandali</strong></span> <span class='ocrx_word' id='word_1_316' title='bbox 2947 1490 3084 1545; x_wconf 87' lang='lat' dir='ltr'><strong>vidit</strong></span> <span class='ocrx_word' id='word_1_317' title='bbox 3122 1504 3262 1557; x_wconf 87' lang='lat' dir='ltr'><strong>esse,</strong></span> <span class='ocrx_word' id='word_1_318' title='bbox 3315 1493 3477 1547; x_wconf 87' lang='lat' dir='ltr'><strong>verba</strong></span> <span class='ocrx_word' id='word_1_319' title='bbox 3520 1502 3797 1548; x_wconf 85' lang='lat' dir='ltr'><strong>tantantm</strong></span> 
     </span>
    </p>
   </div>
   <div class='ocr_carea' id='block_1_45' title="bbox 2203 1579 3799 1652">
    <p class='ocr_par' dir='ltr' id='par_1_45' title="bbox 2203 1579 3799 1652">
     <span class='ocr_line' id='line_1_45' title="bbox 2203 1579 3799 1652; baseline 0.004 -18"><span class='ocrx_word' id='word_1_320' title='bbox 2203 1593 2581 1649; x_wconf 87' lang='lat' dir='ltr'><strong>personarum,</strong></span> <span class='ocrx_word' id='word_1_321' title='bbox 2629 1579 2683 1635; x_wconf 92' lang='lat' dir='ltr'><strong>in</strong></span> <span class='ocrx_word' id='word_1_322' title='bbox 2719 1581 3015 1652; x_wconf 88' lang='lat' dir='ltr'><strong>episcopali</strong></span> <span class='ocrx_word' id='word_1_323' title='bbox 3064 1584 3298 1637; x_wconf 82' lang='lat' dir='ltr'><strong>veritate</strong></span> <span class='ocrx_word' id='word_1_324' title='bbox 3346 1582 3433 1638; x_wconf 75' lang='lat' dir='ltr'><strong>illa</strong></span> <span class='ocrx_word' id='word_1_325' title='bbox 3486 1598 3623 1639; x_wconf 72' lang='lat' dir='ltr'><strong>vera</strong></span> <span class='ocrx_word' id='word_1_326' title='bbox 3691 1599 3799 1641; x_wconf 85' lang='lat' dir='ltr'><strong>esse</strong></span> 
     </span>
    </p>
   </div>
   <div class='ocr_carea' id='block_1_46' title="bbox 2206 1674 3800 1738">
    <p class='ocr_par' dir='ltr' id='par_1_46' title="bbox 2206 1674 3800 1738">
     <span class='ocr_line' id='line_1_46' title="bbox 2206 1674 3800 1738; baseline 0.004 -10"><span class='ocrx_word' id='word_1_327' title='bbox 2206 1674 2667 1738; x_wconf 88' lang='lat' dir='ltr'><strong>contestantium,</strong></span> <span class='ocrx_word' id='word_1_328' title='bbox 2696 1674 2923 1729; x_wconf 88' lang='lat' dir='ltr'><strong>adversa</strong></span> <span class='ocrx_word' id='word_1_329' title='bbox 2948 1674 3126 1733; x_wconf 91' lang='lat' dir='ltr'><strong>fronte</strong></span> <span class='ocrx_word' id='word_1_330' title='bbox 3162 1677 3428 1735; x_wconf 87' lang='lat' dir='ltr'><strong>refellere.</strong></span> <span class='ocrx_word' id='word_1_331' title='bbox 3464 1678 3685 1735; x_wconf 72' lang='lat' dir='ltr'><strong>Tcstns</strong></span> <span class='ocrx_word' id='word_1_332' title='bbox 3717 1695 3800 1733; x_wconf 79' lang='lat' dir='ltr'><strong>ao-</strong></span> 
     </span>
    </p>
   </div>
   <div class='ocr_carea' id='block_1_47' title="bbox 2207 1764 2933 1820">
    <p class='ocr_par' dir='ltr' id='par_1_47' title="bbox 2207 1764 2933 1820">
     <span class='ocr_line' id='line_1_47' title="bbox 2207 1764 2933 1820; baseline 0 -1"><span class='ocrx_word' id='word_1_333' title='bbox 2207 1773 2311 1819; x_wconf 89' lang='lat' dir='ltr'><strong>tem</strong></span> <span class='ocrx_word' id='word_1_334' title='bbox 2339 1764 2641 1818; x_wconf 89' lang='lat' dir='ltr'><strong>litterarum</strong></span> <span class='ocrx_word' id='word_1_335' title='bbox 2675 1764 2761 1819; x_wconf 93' lang='lat' dir='ltr'><strong>hic</strong></span> <span class='ocrx_word' id='word_1_336' title='bbox 2789 1773 2875 1819; x_wconf 91' lang='lat' dir='ltr'><strong>est</strong></span> <span class='ocrx_word' id='word_1_337' title='bbox 2918 1781 2933 1820; x_wconf 91' lang='lat'><strong>:</strong></span> 
     </span>
    </p>
   </div>
   <div class='ocr_carea' id='block_1_48' title="bbox 2278 1857 3803 1928">
    <p class='ocr_par' dir='ltr' id='par_1_48' title="bbox 2278 1857 3803 1928">
     <span class='ocr_line' id='line_1_48' title="bbox 2278 1857 3803 1928; baseline 0.006 -18"><span class='ocrx_word' id='word_1_338' title='bbox 2278 1877 2295 1910; x_wconf 76' lang='grc' dir='ltr'><strong>ε</strong></span> <span class='ocrx_word' id='word_1_339' title='bbox 2341 1857 2617 1914; x_wconf 81' lang='lat' dir='ltr'><strong>Paschalis</strong></span> <span class='ocrx_word' id='word_1_340' title='bbox 2644 1858 2949 1928; x_wconf 84' lang='lat' dir='ltr'><strong>episcopus,</strong></span> <span class='ocrx_word' id='word_1_341' title='bbox 2979 1874 3167 1915; x_wconf 85' lang='lat' dir='ltr'><strong>servus</strong></span> <span class='ocrx_word' id='word_1_342' title='bbox 3193 1877 3472 1917; x_wconf 87' lang='lat' dir='ltr'><strong>servorum</strong></span> <span class='ocrx_word' id='word_1_343' title='bbox 3500 1861 3624 1927; x_wconf 86' lang='lat' dir='ltr'><strong>Dei,</strong></span> <span class='ocrx_word' id='word_1_344' title='bbox 3656 1879 3803 1919; x_wconf 74' lang='lat' dir='ltr'><strong>vene-</strong></span> 
     </span>
    </p>
   </div>
   <div class='ocr_carea' id='block_1_49' title="bbox 2203 1950 3797 2026">
    <p class='ocr_par' dir='ltr' id='par_1_49' title="bbox 2203 1950 3797 2026">
     <span class='ocr_line' id='line_1_49' title="bbox 2203 1950 3797 2026; baseline 0.001 -18"><span class='ocrx_word' id='word_1_345' title='bbox 2203 1951 2356 2008; x_wconf 83' lang='lat' dir='ltr'><strong>raltili</strong></span> <span class='ocrx_word' id='word_1_346' title='bbox 2404 1951 2556 2006; x_wconf 82' lang='lat' dir='ltr'><strong>fratri</strong></span> <span class='ocrx_word' id='word_1_347' title='bbox 2615 1950 2893 2015; x_wconf 88' lang='lat' dir='ltr'><strong>Anscltno,</strong></span> <span class='ocrx_word' id='word_1_348' title='bbox 2946 1952 3321 2009; x_wconf 86' lang='lat' dir='ltr'><strong>Cantuariensi</strong></span> <span class='ocrx_word' id='word_1_349' title='bbox 3360 1955 3797 2026; x_wconf 67' lang='lat' dir='ltr'><strong>archicpiscorio,</strong></span> 
     </span>
    </p>
   </div>
   <div class='ocr_carea' id='block_1_50' title="bbox 2202 2044 3375 2115">
    <p class='ocr_par' dir='ltr' id='par_1_50' title="bbox 2202 2044 3375 2115">
     <span class='ocr_line' id='line_1_50' title="bbox 2202 2044 3375 2115; baseline 0.003 -14"><span class='ocrx_word' id='word_1_350' title='bbox 2202 2046 2430 2101; x_wconf 86' lang='lat' dir='ltr'><strong>salutem</strong></span> <span class='ocrx_word' id='word_1_351' title='bbox 2463 2055 2517 2101; x_wconf 87' lang='lat' dir='ltr'><strong>et</strong></span> <span class='ocrx_word' id='word_1_352' title='bbox 2547 2044 2896 2115; x_wconf 85' lang='lat' dir='ltr'><strong>apostolicam</strong></span> <span class='ocrx_word' id='word_1_353' title='bbox 2923 2046 3375 2104; x_wconf 87' lang='lat' dir='ltr'><strong>benedictionem.</strong></span> 
     </span>
    </p>
   </div>
   <div class='ocr_carea' id='block_1_51' title="bbox 2281 2136 3795 2204">
    <p class='ocr_par' dir='ltr' id='par_1_51' title="bbox 2281 2136 3795 2204">
     <span class='ocr_line' id='line_1_51' title="bbox 2281 2136 3795 2204; baseline 0.005 -14"><span class='ocrx_word' id='word_1_354' title='bbox 2281 2158 2299 2190; x_wconf 68' lang='grc' dir='ltr'><em>α</em></span> <span class='ocrx_word' id='word_1_355' title='bbox 2338 2140 2636 2204; x_wconf 77' lang='lat' dir='ltr'><strong>Adversus,</strong></span> <span class='ocrx_word' id='word_1_356' title='bbox 2675 2156 2694 2190; x_wconf 74' lang='grc' dir='ltr'><strong><em>ι</em></strong></span> <span class='ocrx_word' id='word_1_357' title='bbox 2732 2148 2837 2194; x_wconf 88' lang='lat' dir='ltr'><strong>etc.</strong></span> <span class='ocrx_word' id='word_1_358' title='bbox 2906 2136 3030 2195; x_wconf 80' lang='lat' dir='ltr'><strong>Vide</strong></span> <span class='ocrx_word' id='word_1_359' title='bbox 3069 2140 3124 2195; x_wconf 79' lang='lat' dir='ltr'><strong>in</strong></span> <span class='ocrx_word' id='word_1_360' title='bbox 3178 2140 3430 2197; x_wconf 78' lang='lat' dir='ltr'><strong>Paschali</strong></span> <span class='ocrx_word' id='word_1_361' title='bbox 3482 2142 3543 2197; x_wconf 85' lang='grc'><em>11</em></span> <span class='ocrx_word' id='word_1_362' title='bbox 3591 2146 3672 2197; x_wconf 77' lang='lat' dir='ltr'><strong>ad</strong></span> <span class='ocrx_word' id='word_1_363' title='bbox 3718 2163 3795 2199; x_wconf 75' lang='lat' dir='ltr'><strong>ea.</strong></span> 
     </span>
    </p>
   </div>
   <div class='ocr_carea' id='block_1_52' title="bbox 2205 2232 2366 2288">
    <p class='ocr_par' dir='ltr' id='par_1_52' title="bbox 2205 2232 2366 2288">
     <span class='ocr_line' id='line_1_52' title="bbox 2205 2232 2366 2288; baseline -0.012 0"><span class='ocrx_word' id='word_1_364' title='bbox 2205 2232 2366 2288; x_wconf 82' lang='lat' dir='ltr'><strong>HIS.</strong></span> 
     </span>
    </p>
   </div>
   <div class='ocr_carea' id='block_1_53' title="bbox 2280 2324 3797 2397">
    <p class='ocr_par' dir='ltr' id='par_1_53' title="bbox 2280 2324 3797 2397">
     <span class='ocr_line' id='line_1_53' title="bbox 2280 2324 3797 2397; baseline 0.005 -19"><span class='ocrx_word' id='word_1_365' title='bbox 2280 2346 2298 2378; x_wconf 78' lang='grc' dir='ltr'>ι</span> <span class='ocrx_word' id='word_1_366' title='bbox 2330 2326 2439 2381; x_wconf 80' lang='lat' dir='ltr'><strong>Rex</strong></span> <span class='ocrx_word' id='word_1_367' title='bbox 2470 2326 2648 2395; x_wconf 87' lang='lat' dir='ltr'><strong>itaque</strong></span> <span class='ocrx_word' id='word_1_368' title='bbox 2682 2342 2747 2381; x_wconf 74' lang='lat' dir='ltr'><strong>ex</strong></span> <span class='ocrx_word' id='word_1_369' title='bbox 2782 2326 2870 2381; x_wconf 91' lang='lat' dir='ltr'><strong>his</strong></span> <span class='ocrx_word' id='word_1_370' title='bbox 2899 2341 3019 2396; x_wconf 78' lang='lat' dir='ltr'><strong>qua:</strong></span> <span class='ocrx_word' id='word_1_371' title='bbox 3045 2325 3284 2397; x_wconf 89' lang='lat' dir='ltr'><strong>episcopi</strong></span> <span class='ocrx_word' id='word_1_372' title='bbox 3308 2324 3593 2392; x_wconf 83' lang='lat' dir='ltr'><strong>dicebant,</strong></span> <span class='ocrx_word' id='word_1_373' title='bbox 3625 2328 3681 2382; x_wconf 91' lang='lat' dir='ltr'><strong>in</strong></span> <span class='ocrx_word' id='word_1_374' title='bbox 3713 2345 3797 2385; x_wconf 80' lang='lat' dir='ltr'><strong>sua</strong></span> 
     </span>
    </p>
   </div>
   <div class='ocr_carea' id='block_1_54' title="bbox 2204 2416 3796 2475">
    <p class='ocr_par' dir='ltr' id='par_1_54' title="bbox 2204 2416 3796 2475">
     <span class='ocr_line' id='line_1_54' title="bbox 2204 2416 3796 2475; baseline -0.001 0"><span class='ocrx_word' id='word_1_375' title='bbox 2204 2417 2475 2475; x_wconf 80' lang='lat' dir='ltr'><strong>sententia</strong></span> <span class='ocrx_word' id='word_1_376' title='bbox 2507 2418 2804 2473; x_wconf 89' lang='lat' dir='ltr'><strong>animosior</strong></span> <span class='ocrx_word' id='word_1_377' title='bbox 2834 2416 3009 2472; x_wconf 88' lang='lat' dir='ltr'><strong>factus</strong></span> <span class='ocrx_word' id='word_1_378' title='bbox 3038 2428 3355 2473; x_wconf 87' lang='lat' dir='ltr'><strong>constanter</strong></span> <span class='ocrx_word' id='word_1_379' title='bbox 3402 2417 3665 2473; x_wconf 86' lang='lat' dir='ltr'><strong>insistere</strong></span> <span class='ocrx_word' id='word_1_380' title='bbox 3694 2435 3796 2473; x_wconf 77' lang='lat' dir='ltr'><strong>ca:-</strong></span> 
     </span>
    </p>
   </div>
   <div class='ocr_carea' id='block_1_55' title="bbox 2204 2508 3797 2581">
    <p class='ocr_par' dir='ltr' id='par_1_55' title="bbox 2204 2508 3797 2581">
     <span class='ocr_line' id='line_1_55' title="bbox 2204 2508 3797 2581; baseline 0 -16"><span class='ocrx_word' id='word_1_381' title='bbox 2204 2508 2304 2581; x_wconf 87' lang='lat' dir='ltr'><strong>pit,</strong></span> <span class='ocrx_word' id='word_1_382' title='bbox 2338 2509 2644 2566; x_wconf 86' lang='lat' dir='ltr'><strong>faventibus</strong></span> <span class='ocrx_word' id='word_1_383' title='bbox 2690 2508 2850 2566; x_wconf 89' lang='lat' dir='ltr'><strong>simul</strong></span> <span class='ocrx_word' id='word_1_384' title='bbox 2890 2517 2943 2564; x_wconf 91' lang='lat' dir='ltr'><strong>et</strong></span> <span class='ocrx_word' id='word_1_385' title='bbox 2983 2508 3333 2564; x_wconf 88' lang='lat' dir='ltr'><strong>incitantibus</strong></span> <span class='ocrx_word' id='word_1_386' title='bbox 3364 2524 3489 2563; x_wconf 89' lang='lat' dir='ltr'><strong>eum</strong></span> <span class='ocrx_word' id='word_1_387' title='bbox 3538 2511 3797 2579; x_wconf 83' lang='lat' dir='ltr'><strong>episcopis</strong></span> 
     </span>
    </p>
   </div>
   <div class='ocr_carea' id='block_1_56' title="bbox 2206 2601 3796 2675">
    <p class='ocr_par' dir='ltr' id='par_1_56' title="bbox 2206 2601 3796 2675">
     <span class='ocr_line' id='line_1_56' title="bbox 2206 2601 3796 2675; baseline 0 -19"><span class='ocrx_word' id='word_1_388' title='bbox 2206 2601 2465 2672; x_wconf 79' lang='lat' dir='ltr'><strong>regnique</strong></span> <span class='ocrx_word' id='word_1_389' title='bbox 2494 2602 2812 2672; x_wconf 88' lang='lat' dir='ltr'><strong>proceribus</strong></span> <span class='ocrx_word' id='word_1_390' title='bbox 2837 2613 3104 2675; x_wconf 90' lang='lat' dir='ltr'><strong>quatenus</strong></span> <span class='ocrx_word' id='word_1_391' title='bbox 3135 2603 3252 2659; x_wconf 87' lang='lat' dir='ltr'><strong>sine</strong></span> <span class='ocrx_word' id='word_1_392' title='bbox 3283 2602 3682 2658; x_wconf 81' lang='lat' dir='ltr'><strong>retractatiOne</strong></span> <span class='ocrx_word' id='word_1_393' title='bbox 3707 2601 3796 2656; x_wconf 83' lang='lat' dir='ltr'><strong>sibi</strong></span> 
     </span>
    </p>
   </div>
   <div class='ocr_carea' id='block_1_57' title="bbox 2202 2692 3799 2764">
    <p class='ocr_par' dir='ltr' id='par_1_57' title="bbox 2202 2692 3799 2764">
     <span class='ocr_line' id='line_1_57' title="bbox 2202 2692 3799 2764; baseline -0.001 -15"><span class='ocrx_word' id='word_1_394' title='bbox 2202 2693 2493 2749; x_wconf 78' lang='lat' dir='ltr'><strong>Anscltnus</strong></span> <span class='ocrx_word' id='word_1_395' title='bbox 2528 2693 2826 2750; x_wconf 91' lang='lat' dir='ltr'><strong>ltominintn</strong></span> <span class='ocrx_word' id='word_1_396' title='bbox 2854 2696 3076 2762; x_wconf 90' lang='lat' dir='ltr'><strong>faceret,</strong></span> <span class='ocrx_word' id='word_1_397' title='bbox 3120 2704 3175 2750; x_wconf 88' lang='lat' dir='ltr'><strong>et</strong></span> <span class='ocrx_word' id='word_1_398' title='bbox 3214 2710 3307 2751; x_wconf 91' lang='lat' dir='ltr'><strong>eos</strong></span> <span class='ocrx_word' id='word_1_399' title='bbox 3337 2695 3541 2764; x_wconf 88' lang='lat' dir='ltr'><strong>quibus</strong></span> <span class='ocrx_word' id='word_1_400' title='bbox 3569 2709 3632 2749; x_wconf 89' lang='lat' dir='ltr'><strong>se</strong></span> <span class='ocrx_word' id='word_1_401' title='bbox 3657 2692 3799 2746; x_wconf 79' lang='lat' dir='ltr'><strong>datu-</strong></span> 
     </span>
    </p>
   </div>
   <div class='ocr_carea' id='block_1_58' title="bbox 2204 2785 3794 2858">
    <p class='ocr_par' dir='ltr' id='par_1_58' title="bbox 2204 2785 3794 2858">
     <span class='ocr_line' id='line_1_58' title="bbox 2204 2785 3794 2858; baseline 0.001 -20"><span class='ocrx_word' id='word_1_402' title='bbox 2204 2800 2324 2839; x_wconf 86' lang='lat' dir='ltr'><strong>rum</strong></span> <span class='ocrx_word' id='word_1_403' title='bbox 2370 2785 2618 2854; x_wconf 86' lang='lat' dir='ltr'><strong>protinus</strong></span> <span class='ocrx_word' id='word_1_404' title='bbox 2661 2788 3002 2858; x_wconf 86' lang='lat' dir='ltr'><strong>episcopatus</strong></span> <span class='ocrx_word' id='word_1_405' title='bbox 3060 2787 3296 2851; x_wconf 88' lang='lat' dir='ltr'><strong>dicebat,</strong></span> <span class='ocrx_word' id='word_1_406' title='bbox 3349 2795 3794 2842; x_wconf 64' lang='lat' dir='ltr'><strong>consecraturos:</strong></span> 
     </span>
    </p>
   </div>
   <div class='ocr_carea' id='block_1_59' title="bbox 2204 2876 3796 2947">
    <p class='ocr_par' dir='ltr' id='par_1_59' title="bbox 2204 2876 3796 2947">
     <span class='ocr_line' id='line_1_59' title="bbox 2204 2876 3796 2947; baseline 0.004 -15"><span class='ocrx_word' id='word_1_407' title='bbox 2204 2876 2515 2947; x_wconf 88' lang='lat' dir='ltr'><strong>sponderet,</strong></span> <span class='ocrx_word' id='word_1_408' title='bbox 2542 2887 2754 2934; x_wconf 88' lang='lat' dir='ltr'><strong>servata</strong></span> <span class='ocrx_word' id='word_1_409' title='bbox 2779 2879 2831 2935; x_wconf 92' lang='lat' dir='ltr'><strong>in</strong></span> <span class='ocrx_word' id='word_1_410' title='bbox 2853 2880 3105 2937; x_wconf 88' lang='lat' dir='ltr'><strong>omnibus</strong></span> <span class='ocrx_word' id='word_1_411' title='bbox 3131 2890 3542 2937; x_wconf 89' lang='lat' dir='ltr'><strong>antecessorum</strong></span> <span class='ocrx_word' id='word_1_412' title='bbox 3573 2900 3796 2940; x_wconf 85' lang='lat' dir='ltr'><strong>consue-</strong></span> 
     </span>
    </p>
   </div>
   <div class='ocr_carea' id='block_1_60' title="bbox 2204 2969 3797 3045">
    <p class='ocr_par' dir='ltr' id='par_1_60' title="bbox 2204 2969 3797 3045">
     <span class='ocr_line' id='line_1_60' title="bbox 2204 2969 3797 3045; baseline 0.004 -21"><span class='ocrx_word' id='word_1_413' title='bbox 2204 2969 2406 3025; x_wconf 83' lang='lat' dir='ltr'><strong>tudine.</strong></span> <span class='ocrx_word' id='word_1_414' title='bbox 2458 2969 2608 3026; x_wconf 87' lang='lat' dir='ltr'><strong>&#39;l‘unc</strong></span> <span class='ocrx_word' id='word_1_415' title='bbox 2637 2970 2763 3026; x_wconf 91' lang='lat' dir='ltr'><strong>ille:</strong></span> <span class='ocrx_word' id='word_1_416' title='bbox 2802 2990 2821 3023; x_wconf 70' lang='grc' dir='ltr'>ι</span> <span class='ocrx_word' id='word_1_417' title='bbox 2855 2971 2911 3028; x_wconf 90' lang='lat' dir='ltr'><strong>Si</strong></span> <span class='ocrx_word' id='word_1_418' title='bbox 2946 2989 3187 3040; x_wconf 90' lang='lat' dir='ltr'><strong>suorum,</strong></span> <span class='ocrx_word' id='word_1_419' title='bbox 3233 2974 3405 3041; x_wconf 80' lang='lat' dir='ltr'><strong>dixit,</strong></span> <span class='ocrx_word' id='word_1_420' title='bbox 3455 2977 3646 3031; x_wconf 77' lang='lat' dir='ltr'><strong>verbis</strong></span> <span class='ocrx_word' id='word_1_421' title='bbox 3690 2976 3797 3045; x_wconf 67' lang='lat' dir='ltr'><strong>cpio</strong></span> 
     </span>
    </p>
   </div>
   <div class='ocr_carea' id='block_1_61' title="bbox 2204 3062 3797 3132">
    <p class='ocr_par' dir='ltr' id='par_1_61' title="bbox 2204 3062 3797 3132">
     <span class='ocr_line' id='line_1_61' title="bbox 2204 3062 3797 3132; baseline 0.003 -15"><span class='ocrx_word' id='word_1_422' title='bbox 2204 3076 2494 3131; x_wconf 92' lang='lat' dir='ltr'><strong>scoporum</strong></span> <span class='ocrx_word' id='word_1_423' title='bbox 2544 3062 2740 3118; x_wconf 61' lang='lat' dir='ltr'><strong>litterae</strong></span> <span class='ocrx_word' id='word_1_424' title='bbox 2790 3065 3219 3132; x_wconf 87' lang='lat' dir='ltr'><strong>coneordarent,</strong></span> <span class='ocrx_word' id='word_1_425' title='bbox 3272 3066 3551 3122; x_wconf 84' lang='lat' dir='ltr'><strong>intellecta</strong></span> <span class='ocrx_word' id='word_1_426' title='bbox 3605 3070 3797 3122; x_wconf 85' lang='lat' dir='ltr'><strong>ratione</strong></span> 
     </span>
    </p>
   </div>
   <div class='ocr_carea' id='block_1_62' title="bbox 2205 3153 3797 3228">
    <p class='ocr_par' dir='ltr' id='par_1_62' title="bbox 2205 3153 3797 3228">
     <span class='ocr_line' id='line_1_62' title="bbox 2205 3153 3797 3228; baseline 0.005 -22"><span class='ocrx_word' id='word_1_427' title='bbox 2205 3153 2385 3208; x_wconf 88' lang='lat' dir='ltr'><strong>forsan</strong></span> <span class='ocrx_word' id='word_1_428' title='bbox 2418 3155 2559 3225; x_wconf 89' lang='lat' dir='ltr'><strong>quod</strong></span> <span class='ocrx_word' id='word_1_429' title='bbox 2598 3155 2768 3228; x_wconf 79' lang='lat' dir='ltr'><strong>exigit</strong></span> <span class='ocrx_word' id='word_1_430' title='bbox 2801 3156 3060 3211; x_wconf 84' lang='lat' dir='ltr'><strong>facerem.</strong></span> <span class='ocrx_word' id='word_1_431' title='bbox 3094 3156 3245 3213; x_wconf 83' lang='lat' dir='ltr'><strong>Nunc</strong></span> <span class='ocrx_word' id='word_1_432' title='bbox 3278 3170 3486 3222; x_wconf 88' lang='lat' dir='ltr'><strong>autem,</strong></span> <span class='ocrx_word' id='word_1_433' title='bbox 3522 3176 3593 3215; x_wconf 85' lang='lat' dir='ltr'><strong>ne</strong></span> <span class='ocrx_word' id='word_1_434' title='bbox 3624 3160 3674 3214; x_wconf 92' lang='lat' dir='ltr'><strong>in</strong></span> <span class='ocrx_word' id='word_1_435' title='bbox 3700 3161 3797 3214; x_wconf 82' lang='lat' dir='ltr'><strong>ullo</strong></span> 
     </span>
    </p>
   </div>
   <div class='ocr_carea' id='block_1_63' title="bbox 510 3226 3795 3323">
    <p class='ocr_par' dir='ltr' id='par_1_63' title="bbox 510 3226 3795 3323">
     <span class='ocr_line' id='line_1_63' title="bbox 510 3226 3795 3323; baseline 0.002 -26"><span class='ocrx_word' id='word_1_436' title='bbox 510 3243 665 3297; x_wconf 86' lang='lat' dir='ltr'><strong>illum</strong></span> <span class='ocrx_word' id='word_1_437' title='bbox 698 3237 984 3309; x_wconf 87' lang='lat' dir='ltr'><strong>toleraret;</strong></span> <span class='ocrx_word' id='word_1_438' title='bbox 1016 3260 1116 3300; x_wconf 80' lang='lat' dir='ltr'><strong>nec</strong></span> <span class='ocrx_word' id='word_1_439' title='bbox 1171 3260 1295 3300; x_wconf 91' lang='lat' dir='ltr'><strong>eum</strong></span> <span class='ocrx_word' id='word_1_440' title='bbox 1347 3246 1457 3303; x_wconf 92' lang='lat' dir='ltr'><strong>ullo</strong></span> <span class='ocrx_word' id='word_1_441' title='bbox 1521 3247 2099 3303; x_wconf 79' lang='lat' dir='ltr'><strong>excommunicatiouis</strong></span> <span class='ocrx_word' id='word_1_442' title='bbox 2128 3226 2169 3284; x_wconf 68' lang='grc' dir='ltr'><strong>(ἶ</strong></span> <span class='ocrx_word' id='word_1_443' title='bbox 2203 3242 2464 3313; x_wconf 74' lang='lat' dir='ltr'><strong>decipior,</strong></span> <span class='ocrx_word' id='word_1_444' title='bbox 2494 3226 2719 3300; x_wconf 83' lang='lat' dir='ltr'><strong>electius</strong></span> <span class='ocrx_word' id='word_1_445' title='bbox 2742 3247 2954 3301; x_wconf 90' lang='lat' dir='ltr'><strong>videtur</strong></span> <span class='ocrx_word' id='word_1_446' title='bbox 2981 3246 3284 3303; x_wconf 80' lang='lat' dir='ltr'><strong>Romanum</strong></span> <span class='ocrx_word' id='word_1_447' title='bbox 3314 3265 3484 3319; x_wconf 86' lang='lat' dir='ltr'><strong>super</strong></span> <span class='ocrx_word' id='word_1_448' title='bbox 3514 3251 3602 3305; x_wconf 91' lang='lat' dir='ltr'><strong>his</strong></span> <span class='ocrx_word' id='word_1_449' title='bbox 3633 3251 3795 3323; x_wconf 83' lang='lat' dir='ltr'><strong>ponti-</strong></span> 
     </span>
    </p>
   </div>
   <div class='ocr_carea' id='block_1_64' title="bbox 511 3333 2102 3408">
    <p class='ocr_par' dir='ltr' id='par_1_64' title="bbox 511 3333 2102 3408">
     <span class='ocr_line' id='line_1_64' title="bbox 511 3333 2102 3408; baseline 0.006 -22"><span class='ocrx_word' id='word_1_450' title='bbox 511 3333 727 3389; x_wconf 74' lang='lat' dir='ltr'><strong>vincﬁulo</strong></span> <span class='ocrx_word' id='word_1_451' title='bbox 757 3343 1023 3404; x_wconf 88' lang='lat' dir='ltr'><strong>necteret,</strong></span> <span class='ocrx_word' id='word_1_452' title='bbox 1055 3336 1099 3391; x_wconf 93' lang='lat' dir='ltr'><strong>si</strong></span> <span class='ocrx_word' id='word_1_453' title='bbox 1140 3336 1436 3408; x_wconf 83' lang='lat' dir='ltr'><strong>religiosas</strong></span> <span class='ocrx_word' id='word_1_454' title='bbox 1484 3353 1746 3408; x_wconf 84' lang='lat' dir='ltr'><strong>personas</strong></span> <span class='ocrx_word' id='word_1_455' title='bbox 1786 3355 1883 3408; x_wconf 90' lang='lat' dir='ltr'><strong>per</strong></span> <span class='ocrx_word' id='word_1_456' title='bbox 1930 3340 2102 3395; x_wconf 90' lang='lat' dir='ltr'><strong>datio-</strong></span> 
     </span>
    </p>
   </div>
   <div class='ocr_carea' id='block_1_65' title="bbox 510 3427 2100 3500">
    <p class='ocr_par' dir='ltr' id='par_1_65' title="bbox 510 3427 2100 3500">
     <span class='ocr_line' id='line_1_65' title="bbox 510 3427 2100 3500; baseline 0.004 -18"><span class='ocrx_word' id='word_1_457' title='bbox 510 3442 635 3482; x_wconf 86' lang='lat' dir='ltr'><strong>nem</strong></span> <span class='ocrx_word' id='word_1_458' title='bbox 681 3428 847 3499; x_wconf 69' lang='lat' dir='ltr'><strong>virga:</strong></span> <span class='ocrx_word' id='word_1_459' title='bbox 868 3427 1153 3499; x_wconf 89' lang='lat' dir='ltr'><strong>pastoralis</strong></span> <span class='ocrx_word' id='word_1_460' title='bbox 1177 3430 1258 3486; x_wconf 87' lang='lat' dir='ltr'><strong>eis</strong></span> <span class='ocrx_word' id='word_1_461' title='bbox 1289 3431 1600 3500; x_wconf 88' lang='lat' dir='ltr'><strong>investiret;</strong></span> <span class='ocrx_word' id='word_1_462' title='bbox 1630 3448 1731 3488; x_wconf 89' lang='lat' dir='ltr'><strong>cur</strong></span> <span class='ocrx_word' id='word_1_463' title='bbox 1757 3441 1936 3487; x_wconf 91' lang='lat' dir='ltr'><strong>autem</strong></span> <span class='ocrx_word' id='word_1_464' title='bbox 1962 3431 2100 3488; x_wconf 88' lang='lat' dir='ltr'><strong>hanc</strong></span> 
     </span>
    </p>
   </div>
   <div class='ocr_carea' id='block_1_66' title="bbox 513 3520 2097 3593">
    <p class='ocr_par' dir='ltr' id='par_1_66' title="bbox 513 3520 2097 3593">
     <span class='ocr_line' id='line_1_66' title="bbox 513 3520 2097 3593; baseline 0.003 -21"><span class='ocrx_word' id='word_1_465' title='bbox 513 3520 649 3575; x_wconf 81' lang='lat' dir='ltr'><strong>tanti</strong></span> <span class='ocrx_word' id='word_1_466' title='bbox 674 3520 799 3576; x_wconf 91' lang='lat' dir='ltr'><strong>doni</strong></span> <span class='ocrx_word' id='word_1_467' title='bbox 844 3521 1161 3591; x_wconf 84' lang='lat' dir='ltr'><strong>dignitatem</strong></span> <span class='ocrx_word' id='word_1_468' title='bbox 1200 3523 1249 3576; x_wconf 87' lang='lat' dir='ltr'><strong>ei</strong></span> <span class='ocrx_word' id='word_1_469' title='bbox 1301 3537 1398 3593; x_wconf 89' lang='lat' dir='ltr'><strong>per</strong></span> <span class='ocrx_word' id='word_1_470' title='bbox 1433 3526 1640 3579; x_wconf 70' lang='lat' dir='ltr'><strong>charta:</strong></span> <span class='ocrx_word' id='word_1_471' title='bbox 1687 3523 2097 3592; x_wconf 86' lang='lat' dir='ltr'><strong>inscriptionem</strong></span> 
     </span>
    </p>
   </div>
   <div class='ocr_carea' id='block_1_67' title="bbox 513 3612 2101 3684">
    <p class='ocr_par' dir='ltr' id='par_1_67' title="bbox 513 3612 2101 3684">
     <span class='ocr_line' id='line_1_67' title="bbox 513 3612 2101 3684; baseline 0.001 -17"><span class='ocrx_word' id='word_1_472' title='bbox 513 3612 747 3668; x_wconf 90' lang='lat' dir='ltr'><strong>noluerit</strong></span> <span class='ocrx_word' id='word_1_473' title='bbox 772 3612 1043 3684; x_wconf 88' lang='lat' dir='ltr'><strong>delegare,</strong></span> <span class='ocrx_word' id='word_1_474' title='bbox 1073 3628 1190 3668; x_wconf 90' lang='lat' dir='ltr'><strong>eam</strong></span> <span class='ocrx_word' id='word_1_475' title='bbox 1224 3612 1469 3669; x_wconf 84' lang='lat' dir='ltr'><strong>ferebant</strong></span> <span class='ocrx_word' id='word_1_476' title='bbox 1518 3630 1737 3669; x_wconf 87' lang='lat' dir='ltr'><strong>causam</strong></span> <span class='ocrx_word' id='word_1_477' title='bbox 1762 3629 1916 3680; x_wconf 83' lang='lat' dir='ltr'><strong>esse,</strong></span> <span class='ocrx_word' id='word_1_478' title='bbox 1951 3613 2101 3669; x_wconf 86' lang='lat' dir='ltr'><strong>vide-</strong></span> 
     </span>
    </p>
   </div>
   <div class='ocr_carea' id='block_1_68' title="bbox 510 3704 2095 3777">
    <p class='ocr_par' dir='ltr' id='par_1_68' title="bbox 510 3704 2095 3777">
     <span class='ocr_line' id='line_1_68' title="bbox 510 3704 2095 3777; baseline 0 -19"><span class='ocrx_word' id='word_1_479' title='bbox 510 3704 659 3769; x_wconf 87' lang='lat' dir='ltr'><strong>licet,</strong></span> <span class='ocrx_word' id='word_1_480' title='bbox 692 3718 760 3759; x_wconf 90' lang='lat' dir='ltr'><strong>ne</strong></span> <span class='ocrx_word' id='word_1_481' title='bbox 780 3705 834 3759; x_wconf 92' lang='lat' dir='ltr'><strong>in</strong></span> <span class='ocrx_word' id='word_1_482' title='bbox 869 3704 1098 3761; x_wconf 90' lang='lat' dir='ltr'><strong>aliorum</strong></span> <span class='ocrx_word' id='word_1_483' title='bbox 1130 3706 1374 3761; x_wconf 88' lang='lat' dir='ltr'><strong>notitiam</strong></span> <span class='ocrx_word' id='word_1_484' title='bbox 1403 3708 1707 3777; x_wconf 88' lang='lat' dir='ltr'><strong>principum</strong></span> <span class='ocrx_word' id='word_1_485' title='bbox 1738 3707 1970 3776; x_wconf 88' lang='lat' dir='ltr'><strong>prolata,</strong></span> <span class='ocrx_word' id='word_1_486' title='bbox 1996 3704 2095 3776; x_wconf 93' lang='lat' dir='ltr'><strong>ipsi</strong></span> 
     </span>
    </p>
   </div>
   <div class='ocr_carea' id='block_1_69' title="bbox 507 3796 2101 3869">
    <p class='ocr_par' dir='ltr' id='par_1_69' title="bbox 507 3796 2101 3869">
     <span class='ocr_line' id='line_1_69' title="bbox 507 3796 2101 3869; baseline 0 -18"><span class='ocrx_word' id='word_1_487' title='bbox 507 3811 628 3851; x_wconf 89' lang='lat' dir='ltr'><strong>eam</strong></span> <span class='ocrx_word' id='word_1_488' title='bbox 660 3796 762 3853; x_wconf 89' lang='lat' dir='ltr'><strong>sibi</strong></span> <span class='ocrx_word' id='word_1_489' title='bbox 788 3810 1134 3869; x_wconf 86' lang='lat' dir='ltr'><strong>usurparent,</strong></span> <span class='ocrx_word' id='word_1_490' title='bbox 1164 3798 1388 3853; x_wconf 81' lang='lat' dir='ltr'><strong>Romani</strong></span> <span class='ocrx_word' id='word_1_491' title='bbox 1437 3799 1714 3869; x_wconf 85' lang='lat' dir='ltr'><strong>pontificis</strong></span> <span class='ocrx_word' id='word_1_492' title='bbox 1772 3796 2101 3851; x_wconf 90' lang='lat' dir='ltr'><strong>auctoritate</strong></span> 
     </span>
    </p>
   </div>
   <div class='ocr_carea' id='block_1_70' title="bbox 509 3887 2097 3961">
    <p class='ocr_par' dir='ltr' id='par_1_70' title="bbox 509 3887 2097 3961">
     <span class='ocr_line' id='line_1_70' title="bbox 509 3887 2097 3961; baseline -0.002 -17"><span class='ocrx_word' id='word_1_493' title='bbox 509 3898 842 3961; x_wconf 91' lang='lat' dir='ltr'><strong>contempta.</strong></span> <span class='ocrx_word' id='word_1_494' title='bbox 872 3890 953 3945; x_wconf 79' lang='lat' dir='ltr'><strong>Ad</strong></span> <span class='ocrx_word' id='word_1_495' title='bbox 992 3892 1108 3948; x_wconf 71' lang='lat' dir='ltr'><strong>hrec</strong></span> <span class='ocrx_word' id='word_1_496' title='bbox 1130 3907 1252 3947; x_wconf 91' lang='lat' dir='ltr'><strong>cum</strong></span> <span class='ocrx_word' id='word_1_497' title='bbox 1301 3892 1353 3945; x_wconf 89' lang='lat' dir='ltr'><strong>lti</strong></span> <span class='ocrx_word' id='word_1_498' title='bbox 1382 3931 1398 3957; x_wconf 91' lang='lat'><strong>,</strong></span> <span class='ocrx_word' id='word_1_499' title='bbox 1430 3891 1522 3961; x_wconf 93' lang='lat' dir='ltr'><strong>qtti</strong></span> <span class='ocrx_word' id='word_1_500' title='bbox 1554 3905 1618 3944; x_wconf 78' lang='lat' dir='ltr'><strong>ex</strong></span> <span class='ocrx_word' id='word_1_501' title='bbox 1653 3899 1807 3960; x_wconf 87' lang='lat' dir='ltr'><strong>parte</strong></span> <span class='ocrx_word' id='word_1_502' title='bbox 1858 3887 2097 3942; x_wconf 86' lang='lat' dir='ltr'><strong>Anselmi</strong></span> 
     </span>
    </p>
   </div>
   <div class='ocr_carea' id='block_1_71' title="bbox 512 3977 2100 4050">
    <p class='ocr_par' dir='ltr' id='par_1_71' title="bbox 512 3977 2100 4050">
     <span class='ocr_line' id='line_1_71' title="bbox 512 3977 2100 4050; baseline -0.001 -17"><span class='ocrx_word' id='word_1_503' title='bbox 512 3979 665 4035; x_wconf 80' lang='lat' dir='ltr'><strong>missi</strong></span> <span class='ocrx_word' id='word_1_504' title='bbox 696 3980 934 4047; x_wconf 89' lang='lat' dir='ltr'><strong>fuerant,</strong></span> <span class='ocrx_word' id='word_1_505' title='bbox 964 3982 1085 4036; x_wconf 89' lang='lat' dir='ltr'><strong>viva</strong></span> <span class='ocrx_word' id='word_1_506' title='bbox 1115 3996 1247 4037; x_wconf 89' lang='lat' dir='ltr'><strong>voce</strong></span> <span class='ocrx_word' id='word_1_507' title='bbox 1280 3990 1627 4042; x_wconf 89' lang='lat' dir='ltr'><strong>testarentur,</strong></span> <span class='ocrx_word' id='word_1_508' title='bbox 1664 3995 1857 4050; x_wconf 81' lang='lat' dir='ltr'><strong>papam</strong></span> <span class='ocrx_word' id='word_1_509' title='bbox 1887 3977 1960 4032; x_wconf 92' lang='lat' dir='ltr'><strong>nil</strong></span> <span class='ocrx_word' id='word_1_510' title='bbox 1984 3977 2100 4033; x_wconf 81' lang='lat' dir='ltr'><strong>cni-</strong></span> 
     </span>
    </p>
   </div>
   <div class='ocr_carea' id='block_1_72' title="bbox 508 4068 2101 4142">
    <p class='ocr_par' dir='ltr' id='par_1_72' title="bbox 508 4068 2101 4142">
     <span class='ocr_line' id='line_1_72' title="bbox 508 4068 2101 4142; baseline -0.003 -16"><span class='ocrx_word' id='word_1_511' title='bbox 508 4069 637 4126; x_wconf 77' lang='lat' dir='ltr'><strong>libet</strong></span> <span class='ocrx_word' id='word_1_512' title='bbox 670 4069 849 4126; x_wconf 82' lang='lat' dir='ltr'><strong>verbis</strong></span> <span class='ocrx_word' id='word_1_513' title='bbox 880 4072 1189 4139; x_wconf 87' lang='lat' dir='ltr'><strong>mandasse,</strong></span> <span class='ocrx_word' id='word_1_514' title='bbox 1223 4071 1366 4142; x_wconf 91' lang='lat' dir='ltr'><strong>quod</strong></span> <span class='ocrx_word' id='word_1_515' title='bbox 1404 4070 1601 4125; x_wconf 76' lang='lat' dir='ltr'><strong>litteris</strong></span> <span class='ocrx_word' id='word_1_516' title='bbox 1630 4069 1976 4138; x_wconf 87' lang='lat' dir='ltr'><strong>aliquatenus</strong></span> <span class='ocrx_word' id='word_1_517' title='bbox 2005 4068 2101 4122; x_wconf 84' lang='lat' dir='ltr'><strong>ad-</strong></span> 
     </span>
    </p>
   </div>
   <div class='ocr_carea' id='block_1_73' title="bbox 509 4157 2097 4234">
    <p class='ocr_par' dir='ltr' id='par_1_73' title="bbox 509 4157 2097 4234">
     <span class='ocr_line' id='line_1_73' title="bbox 509 4157 2097 4234; baseline -0.003 -19"><span class='ocrx_word' id='word_1_518' title='bbox 509 4176 843 4231; x_wconf 78' lang='lat' dir='ltr'><strong>versaretur;</strong></span> <span class='ocrx_word' id='word_1_519' title='bbox 897 4163 1221 4234; x_wconf 88' lang='lat' dir='ltr'><strong>objecerttnt</strong></span> <span class='ocrx_word' id='word_1_520' title='bbox 1247 4161 1512 4233; x_wconf 89' lang='lat' dir='ltr'><strong>episc0pi,</strong></span> <span class='ocrx_word' id='word_1_521' title='bbox 1565 4175 1624 4216; x_wconf 92' lang='lat' dir='ltr'><strong>se</strong></span> <span class='ocrx_word' id='word_1_522' title='bbox 1665 4159 1808 4214; x_wconf 90' lang='lat' dir='ltr'><strong>claut</strong></span> <span class='ocrx_word' id='word_1_523' title='bbox 1849 4158 1954 4213; x_wconf 91' lang='lat' dir='ltr'><strong>illis</strong></span> <span class='ocrx_word' id='word_1_524' title='bbox 1991 4157 2097 4211; x_wconf 86' lang='lat' dir='ltr'><strong>alia</strong></span> 
     </span>
    </p>
   </div>
   <div class='ocr_carea' id='block_1_74' title="bbox 510 4251 2097 4328">
    <p class='ocr_par' dir='ltr' id='par_1_74' title="bbox 510 4251 2097 4328">
     <span class='ocr_line' id='line_1_74' title="bbox 510 4251 2097 4328; baseline -0.004 -17"><span class='ocrx_word' id='word_1_525' title='bbox 510 4258 706 4328; x_wconf 88' lang='lat' dir='ltr'><strong>egisse,</strong></span> <span class='ocrx_word' id='word_1_526' title='bbox 736 4257 911 4327; x_wconf 90' lang='lat' dir='ltr'><strong>palam</strong></span> <span class='ocrx_word' id='word_1_527' title='bbox 935 4257 1064 4311; x_wconf 89' lang='lat' dir='ltr'><strong>alia.</strong></span> <span class='ocrx_word' id='word_1_528' title='bbox 1095 4257 1248 4324; x_wconf 83' lang='lat' dir='ltr'><strong>Quod</strong></span> <span class='ocrx_word' id='word_1_529' title='bbox 1272 4256 1584 4310; x_wconf 80' lang='lat' dir='ltr'><strong>Baldwinns</strong></span> <span class='ocrx_word' id='word_1_530' title='bbox 1623 4253 1880 4317; x_wconf 90' lang='lat' dir='ltr'><strong>audiens,</strong></span> <span class='ocrx_word' id='word_1_531' title='bbox 1915 4261 1970 4307; x_wconf 91' lang='lat' dir='ltr'><strong>et</strong></span> <span class='ocrx_word' id='word_1_532' title='bbox 2017 4251 2097 4306; x_wconf 86' lang='lat' dir='ltr'><strong>in-</strong></span> 
     </span>
    </p>
   </div>
   <div class='ocr_carea' id='block_1_75' title="bbox 510 4344 2105 4419">
    <p class='ocr_par' dir='ltr' id='par_1_75' title="bbox 510 4344 2105 4419">
     <span class='ocr_line' id='line_1_75' title="bbox 510 4344 2105 4419; baseline -0.004 -15"><span class='ocrx_word' id='word_1_533' title='bbox 510 4348 709 4404; x_wconf 86' lang='lat' dir='ltr'><strong>famem</strong></span> <span class='ocrx_word' id='word_1_534' title='bbox 743 4348 1050 4419; x_wconf 73' lang='lat' dir='ltr'><strong>apostolica:</strong></span> <span class='ocrx_word' id='word_1_535' title='bbox 1076 4348 1220 4402; x_wconf 89' lang='lat' dir='ltr'><strong>sedis</strong></span> <span class='ocrx_word' id='word_1_536' title='bbox 1266 4345 1703 4410; x_wconf 87' lang='lat' dir='ltr'><strong>inconstantiam,</strong></span> <span class='ocrx_word' id='word_1_537' title='bbox 1731 4360 1851 4415; x_wconf 80' lang='lat' dir='ltr'><strong>quae</strong></span> <span class='ocrx_word' id='word_1_538' title='bbox 1877 4344 2105 4399; x_wconf 77' lang='lat' dir='ltr'><strong>notaba-</strong></span> 
     </span>
    </p>
   </div>
   <div class='ocr_carea' id='block_1_76' title="bbox 512 4433 2099 4503">
    <p class='ocr_par' dir='ltr' id='par_1_76' title="bbox 512 4433 2099 4503">
     <span class='ocr_line' id='line_1_76' title="bbox 512 4433 2099 4503; baseline -0.003 -12"><span class='ocrx_word' id='word_1_539' title='bbox 512 4448 626 4503; x_wconf 90' lang='lat' dir='ltr'><strong>tttr,</strong></span> <span class='ocrx_word' id='word_1_540' title='bbox 676 4439 943 4492; x_wconf 90' lang='lat' dir='ltr'><strong>sustinere</strong></span> <span class='ocrx_word' id='word_1_541' title='bbox 975 4452 1081 4492; x_wconf 92' lang='lat' dir='ltr'><strong>non</strong></span> <span class='ocrx_word' id='word_1_542' title='bbox 1108 4437 1327 4501; x_wconf 88' lang='lat' dir='ltr'><strong>valens,</strong></span> <span class='ocrx_word' id='word_1_543' title='bbox 1361 4453 1477 4499; x_wconf 88' lang='lat' dir='ltr'><strong>eos,</strong></span> <span class='ocrx_word' id='word_1_544' title='bbox 1525 4437 1667 4490; x_wconf 80' lang='lat' dir='ltr'><strong>sicut</strong></span> <span class='ocrx_word' id='word_1_545' title='bbox 1717 4444 1837 4488; x_wconf 87' lang='lat' dir='ltr'><strong>erat</strong></span> <span class='ocrx_word' id='word_1_546' title='bbox 1901 4433 2099 4503; x_wconf 87' lang='lat' dir='ltr'><strong>spiritu</strong></span> 
     </span>
    </p>
   </div>
   <div class='ocr_carea' id='block_1_77' title="bbox 510 4525 2131 4599">
    <p class='ocr_par' dir='ltr' id='par_1_77' title="bbox 510 4525 2131 4599">
     <span class='ocr_line' id='line_1_77' title="bbox 510 4525 2131 4599; baseline -0.003 -15"><span class='ocrx_word' id='word_1_547' title='bbox 510 4529 749 4599; x_wconf 86' lang='lat' dir='ltr'><strong>fervens,</strong></span> <span class='ocrx_word' id='word_1_548' title='bbox 801 4538 856 4585; x_wconf 90' lang='lat' dir='ltr'><strong>et</strong></span> <span class='ocrx_word' id='word_1_549' title='bbox 903 4529 1028 4586; x_wconf 89' lang='lat' dir='ltr'><strong>boni</strong></span> <span class='ocrx_word' id='word_1_550' title='bbox 1083 4544 1293 4593; x_wconf 89' lang='lat' dir='ltr'><strong>amans,</strong></span> <span class='ocrx_word' id='word_1_551' title='bbox 1345 4527 1589 4584; x_wconf 84' lang='lat' dir='ltr'><strong>nonnihil</strong></span> <span class='ocrx_word' id='word_1_552' title='bbox 1629 4525 1791 4581; x_wconf 87' lang='lat' dir='ltr'><strong>etiam</strong></span> <span class='ocrx_word' id='word_1_553' title='bbox 1831 4526 1884 4580; x_wconf 90' lang='lat' dir='ltr'><strong>in</strong></span> <span class='ocrx_word' id='word_1_554' title='bbox 1915 4525 2131 4579; x_wconf 66' lang='lat' dir='ltr'><strong>istius-.</strong></span> 
     </span>
    </p>
   </div>
   <div class='ocr_carea' id='block_1_78' title="bbox 509 4621 2102 4686">
    <p class='ocr_par' dir='ltr' id='par_1_78' title="bbox 509 4621 2102 4686">
     <span class='ocr_line' id='line_1_78' title="bbox 509 4621 2102 4686; baseline -0.004 -9"><span class='ocrx_word' id='word_1_555' title='bbox 509 4621 660 4680; x_wconf 85' lang='lat' dir='ltr'><strong>modi</strong></span> <span class='ocrx_word' id='word_1_556' title='bbox 708 4621 867 4677; x_wconf 84' lang='lat' dir='ltr'><strong>dictis</strong></span> <span class='ocrx_word' id='word_1_557' title='bbox 914 4629 1104 4676; x_wconf 88' lang='lat' dir='ltr'><strong>contra</strong></span> <span class='ocrx_word' id='word_1_558' title='bbox 1164 4621 1323 4675; x_wconf 86' lang='lat' dir='ltr'><strong>fidem</strong></span> <span class='ocrx_word' id='word_1_559' title='bbox 1356 4629 1410 4674; x_wconf 92' lang='lat' dir='ltr'><strong>et</strong></span> <span class='ocrx_word' id='word_1_560' title='bbox 1460 4625 1840 4683; x_wconf 82' lang='lat' dir='ltr'><strong>sacramenta,</strong></span> <span class='ocrx_word' id='word_1_561' title='bbox 1871 4632 1992 4686; x_wconf 65' lang='lat' dir='ltr'><strong>qua:</strong></span> <span class='ocrx_word' id='word_1_562' title='bbox 2042 4629 2102 4671; x_wconf 87' lang='lat' dir='ltr'><strong>se</strong></span> 
     </span>
    </p>
   </div>
   <div class='ocr_carea' id='block_1_79' title="bbox 506 4704 2101 4780">
    <p class='ocr_par' dir='ltr' id='par_1_79' title="bbox 506 4704 2101 4780">
     <span class='ocr_line' id='line_1_79' title="bbox 506 4704 2101 4780; baseline -0.005 -13"><span class='ocrx_word' id='word_1_563' title='bbox 506 4718 691 4768; x_wconf 84' lang='lat' dir='ltr'><strong>coram</strong></span> <span class='ocrx_word' id='word_1_564' title='bbox 738 4712 924 4768; x_wconf 77' lang='lat' dir='ltr'><strong>Romze</strong></span> <span class='ocrx_word' id='word_1_565' title='bbox 958 4711 1202 4767; x_wconf 88' lang='lat' dir='ltr'><strong>fecerant</strong></span> <span class='ocrx_word' id='word_1_566' title='bbox 1242 4711 1571 4780; x_wconf 70' lang='lat' dir='ltr'><strong>apostolico,</strong></span> <span class='ocrx_word' id='word_1_567' title='bbox 1615 4723 1779 4779; x_wconf 85' lang='lat' dir='ltr'><strong>agere</strong></span> <span class='ocrx_word' id='word_1_568' title='bbox 1804 4704 2101 4761; x_wconf 85' lang='lat' dir='ltr'><strong>calumnia-</strong></span> 
     </span>
    </p>
   </div>
   <div class='ocr_carea' id='block_1_80' title="bbox 510 4797 2101 4873">
    <p class='ocr_par' dir='ltr' id='par_1_80' title="bbox 510 4797 2101 4873">
     <span class='ocr_line' id='line_1_80' title="bbox 510 4797 2101 4873; baseline -0.004 -16"><span class='ocrx_word' id='word_1_569' title='bbox 510 4812 596 4859; x_wconf 91' lang='lat' dir='ltr'><strong>tus</strong></span> <span class='ocrx_word' id='word_1_570' title='bbox 643 4813 745 4858; x_wconf 89' lang='lat' dir='ltr'><strong>est.</strong></span> <span class='ocrx_word' id='word_1_571' title='bbox 800 4804 931 4860; x_wconf 83' lang='lat' dir='ltr'><strong>Orta</strong></span> <span class='ocrx_word' id='word_1_572' title='bbox 984 4803 1149 4873; x_wconf 86' lang='lat' dir='ltr'><strong>igitur</strong></span> <span class='ocrx_word' id='word_1_573' title='bbox 1197 4802 1464 4857; x_wconf 87' lang='lat' dir='ltr'><strong>dissensio</strong></span> <span class='ocrx_word' id='word_1_574' title='bbox 1512 4817 1617 4857; x_wconf 92' lang='lat' dir='ltr'><strong>non</strong></span> <span class='ocrx_word' id='word_1_575' title='bbox 1680 4798 1889 4853; x_wconf 87' lang='lat' dir='ltr'><strong>modica</strong></span> <span class='ocrx_word' id='word_1_576' title='bbox 1962 4797 2101 4851; x_wconf 90' lang='lat' dir='ltr'><strong>inter</strong></span> 
     </span>
    </p>
   </div>
   <div class='ocr_carea' id='block_1_81' title="bbox 504 4891 2101 4965">
    <p class='ocr_par' dir='ltr' id='par_1_81' title="bbox 504 4891 2101 4965">
     <span class='ocr_line' id='line_1_81' title="bbox 504 4891 2101 4965; baseline -0.003 -15"><span class='ocrx_word' id='word_1_577' title='bbox 504 4910 759 4965; x_wconf 81' lang='lat' dir='ltr'><strong>proceres</strong></span> <span class='ocrx_word' id='word_1_578' title='bbox 807 4903 913 4950; x_wconf 89' lang='lat' dir='ltr'><strong>cst.</strong></span> <span class='ocrx_word' id='word_1_579' title='bbox 960 4892 1025 4949; x_wconf 84' lang='lat' dir='ltr'><strong>lli</strong></span> <span class='ocrx_word' id='word_1_580' title='bbox 1074 4895 1275 4951; x_wconf 89' lang='lat' dir='ltr'><strong>etenim</strong></span> <span class='ocrx_word' id='word_1_581' title='bbox 1334 4904 1581 4949; x_wconf 87' lang='lat' dir='ltr'><strong>astruere</strong></span> <span class='ocrx_word' id='word_1_582' title='bbox 1629 4891 1958 4953; x_wconf 88' lang='lat' dir='ltr'><strong>nitebantur,</strong></span> <span class='ocrx_word' id='word_1_583' title='bbox 2013 4905 2101 4946; x_wconf 84' lang='lat' dir='ltr'><strong>sc-</strong></span> 
     </span>
    </p>
   </div>
   <div class='ocr_carea' id='block_1_82' title="bbox 510 4984 2098 5058">
    <p class='ocr_par' dir='ltr' id='par_1_82' title="bbox 510 4984 2098 5058">
     <span class='ocr_line' id='line_1_82' title="bbox 510 4984 2098 5058; baseline -0.003 -15"><span class='ocrx_word' id='word_1_584' title='bbox 510 5000 657 5044; x_wconf 88' lang='lat' dir='ltr'><strong>tuoto</strong></span> <span class='ocrx_word' id='word_1_585' title='bbox 695 4989 984 5045; x_wconf 87' lang='lat' dir='ltr'><strong>verborum</strong></span> <span class='ocrx_word' id='word_1_586' title='bbox 1015 4987 1244 5051; x_wconf 88' lang='lat' dir='ltr'><strong>incerto,</strong></span> <span class='ocrx_word' id='word_1_587' title='bbox 1277 4988 1494 5058; x_wconf 89' lang='lat' dir='ltr'><strong>scriptis</strong></span> <span class='ocrx_word' id='word_1_588' title='bbox 1532 4986 1708 5058; x_wconf 86' lang='lat' dir='ltr'><strong>siglllo</strong></span> <span class='ocrx_word' id='word_1_589' title='bbox 1743 5000 1893 5056; x_wconf 79' lang='lat' dir='ltr'><strong>papae</strong></span> <span class='ocrx_word' id='word_1_590' title='bbox 1917 4984 2098 5055; x_wconf 84' lang='lat' dir='ltr'><strong>signa-</strong></span> 
     </span>
    </p>
   </div>
   <div class='ocr_carea' id='block_1_83' title="bbox 511 5077 2094 5153">
    <p class='ocr_par' dir='ltr' id='par_1_83' title="bbox 511 5077 2094 5153">
     <span class='ocr_line' id='line_1_83' title="bbox 511 5077 2094 5153; baseline -0.004 -16"><span class='ocrx_word' id='word_1_591' title='bbox 511 5085 597 5144; x_wconf 86' lang='lat' dir='ltr'><strong>tis,</strong></span> <span class='ocrx_word' id='word_1_592' title='bbox 629 5082 915 5153; x_wconf 89' lang='lat' dir='ltr'><strong>verbisque</strong></span> <span class='ocrx_word' id='word_1_593' title='bbox 961 5082 1298 5142; x_wconf 89' lang='lat' dir='ltr'><strong>monaclticis</strong></span> <span class='ocrx_word' id='word_1_594' title='bbox 1331 5080 1551 5137; x_wconf 88' lang='lat' dir='ltr'><strong>omnino</strong></span> <span class='ocrx_word' id='word_1_595' title='bbox 1589 5079 1920 5135; x_wconf 89' lang='lat' dir='ltr'><strong>credendum</strong></span> <span class='ocrx_word' id='word_1_596' title='bbox 1964 5092 1977 5131; x_wconf 89' lang='lat'><strong>:</strong></span> <span class='ocrx_word' id='word_1_597' title='bbox 2021 5077 2094 5133; x_wconf 95' lang='lat' dir='ltr'><strong>illi</strong></span> 
     </span>
    </p>
   </div>
   <div class='ocr_carea' id='block_1_84' title="bbox 510 5164 2093 5245">
    <p class='ocr_par' dir='ltr' id='par_1_84' title="bbox 510 5164 2093 5245">
     <span class='ocr_line' id='line_1_84' title="bbox 510 5164 2093 5245; baseline -0.005 -15"><span class='ocrx_word' id='word_1_598' title='bbox 510 5184 734 5230; x_wconf 87' lang='lat' dir='ltr'><strong>econtra</strong></span> <span class='ocrx_word' id='word_1_599' title='bbox 784 5174 948 5229; x_wconf 91' lang='lat' dir='ltr'><strong>trium</strong></span> <span class='ocrx_word' id='word_1_600' title='bbox 1005 5174 1185 5245; x_wconf 89' lang='lat' dir='ltr'><strong>potius</strong></span> <span class='ocrx_word' id='word_1_601' title='bbox 1235 5171 1614 5242; x_wconf 90' lang='lat' dir='ltr'><strong>episcoporum</strong></span> <span class='ocrx_word' id='word_1_602' title='bbox 1670 5164 2093 5233; x_wconf 86' lang='lat' dir='ltr'><strong>assertionibus,</strong></span> 
     </span>
    </p>
   </div>
   <div class='ocr_carea' id='block_1_85' title="bbox 507 5259 2089 5337">
    <p class='ocr_par' dir='ltr' id='par_1_85' title="bbox 507 5259 2089 5337">
     <span class='ocr_line' id='line_1_85' title="bbox 507 5259 2089 5337; baseline -0.005 -17"><span class='ocrx_word' id='word_1_603' title='bbox 507 5281 671 5337; x_wconf 90' lang='lat' dir='ltr'><strong>quam</strong></span> <span class='ocrx_word' id='word_1_604' title='bbox 735 5281 1023 5321; x_wconf 87' lang='lat' dir='ltr'><strong>vervecum</strong></span> <span class='ocrx_word' id='word_1_605' title='bbox 1079 5264 1311 5336; x_wconf 90' lang='lat' dir='ltr'><strong>pellibus</strong></span> <span class='ocrx_word' id='word_1_606' title='bbox 1383 5270 1690 5316; x_wconf 89' lang='lat' dir='ltr'><strong>atramento</strong></span> <span class='ocrx_word' id='word_1_607' title='bbox 1763 5259 2089 5330; x_wconf 85' lang='lat' dir='ltr'><strong>denigratis,</strong></span> 
     </span>
    </p>
   </div>
   <div class='ocr_carea' id='block_1_86' title="bbox 504 5352 2095 5430">
    <p class='ocr_par' dir='ltr' id='par_1_86' title="bbox 504 5352 2095 5430">
     <span class='ocr_line' id='line_1_86' title="bbox 504 5352 2095 5430; baseline -0.004 -17"><span class='ocrx_word' id='word_1_608' title='bbox 504 5356 821 5430; x_wconf 83' lang='lat' dir='ltr'><strong>plumbique</strong></span> <span class='ocrx_word' id='word_1_609' title='bbox 856 5356 1090 5411; x_wconf 87' lang='lat' dir='ltr'><strong>ntassula</strong></span> <span class='ocrx_word' id='word_1_610' title='bbox 1131 5356 1389 5419; x_wconf 84' lang='lat' dir='ltr'><strong>Oneratis,</strong></span> <span class='ocrx_word' id='word_1_611' title='bbox 1439 5354 1555 5411; x_wconf 88' lang='lat' dir='ltr'><strong>fore</strong></span> <span class='ocrx_word' id='word_1_612' title='bbox 1604 5353 1956 5414; x_wconf 86' lang='lat' dir='ltr'><strong>credendum,</strong></span> <span class='ocrx_word' id='word_1_613' title='bbox 2005 5352 2095 5406; x_wconf 86' lang='lat' dir='ltr'><strong>ab-</strong></span> 
     </span>
    </p>
   </div>
   <div class='ocr_carea' id='block_1_87' title="bbox 499 5442 2091 5519">
    <p class='ocr_par' dir='ltr' id='par_1_87' title="bbox 499 5442 2091 5519">
     <span class='ocr_line' id='line_1_87' title="bbox 499 5442 2091 5519; baseline -0.004 -15"><span class='ocrx_word' id='word_1_614' title='bbox 499 5448 649 5519; x_wconf 87' lang='lat' dir='ltr'><strong>jecto</strong></span> <span class='ocrx_word' id='word_1_615' title='bbox 682 5448 1145 5504; x_wconf 87' lang='lat' dir='ltr'><strong>tnnttacltellornm</strong></span> <span class='ocrx_word' id='word_1_616' title='bbox 1176 5448 1521 5510; x_wconf 86' lang='lat' dir='ltr'><strong>testimonio,</strong></span> <span class='ocrx_word' id='word_1_617' title='bbox 1554 5445 1643 5515; x_wconf 89' lang='lat' dir='ltr'><strong>qui</strong></span> <span class='ocrx_word' id='word_1_618' title='bbox 1680 5444 1771 5499; x_wconf 85' lang='lat' dir='ltr'><strong>ubi</strong></span> <span class='ocrx_word' id='word_1_619' title='bbox 1806 5442 2002 5498; x_wconf 57' lang='lat' dir='ltr'><strong>saeculo</strong></span> <span class='ocrx_word' id='word_1_620' title='bbox 2032 5457 2091 5497; x_wconf 89' lang='lat' dir='ltr'><strong>se</strong></span> 
     </span>
    </p>
   </div>
   <div class='ocr_carea' id='block_1_88' title="bbox 507 5536 2095 5609">
    <p class='ocr_par' dir='ltr' id='par_1_88' title="bbox 507 5536 2095 5609">
     <span class='ocr_line' id='line_1_88' title="bbox 507 5536 2095 5609; baseline 0 -19"><span class='ocrx_word' id='word_1_621' title='bbox 507 5541 892 5597; x_wconf 77' lang='lat' dir='ltr'><strong>abrenuntiare</strong></span> <span class='ocrx_word' id='word_1_622' title='bbox 936 5538 1164 5609; x_wconf 88' lang='lat' dir='ltr'><strong>professi</strong></span> <span class='ocrx_word' id='word_1_623' title='bbox 1200 5549 1355 5606; x_wconf 88' lang='lat' dir='ltr'><strong>sunt,</strong></span> <span class='ocrx_word' id='word_1_624' title='bbox 1387 5553 1570 5602; x_wconf 84' lang='lat' dir='ltr'><strong>omne,</strong></span> <span class='ocrx_word' id='word_1_625' title='bbox 1605 5536 1883 5605; x_wconf 90' lang='lat' dir='ltr'><strong>inquiunt,</strong></span> <span class='ocrx_word' id='word_1_626' title='bbox 1930 5551 2095 5590; x_wconf 67' lang='lat' dir='ltr'><strong>saecu-</strong></span> 
     </span>
    </p>
   </div>
   <div class='ocr_carea' id='block_1_89' title="bbox 508 5625 2097 5699">
    <p class='ocr_par' dir='ltr' id='par_1_89' title="bbox 508 5625 2097 5699">
     <span class='ocr_line' id='line_1_89' title="bbox 508 5625 2097 5699; baseline -0.001 -18"><span class='ocrx_word' id='word_1_627' title='bbox 508 5630 640 5683; x_wconf 87' lang='lat' dir='ltr'><strong>laris</strong></span> <span class='ocrx_word' id='word_1_628' title='bbox 677 5630 876 5699; x_wconf 82' lang='lat' dir='ltr'><strong>negotii</strong></span> <span class='ocrx_word' id='word_1_629' title='bbox 914 5628 1279 5684; x_wconf 89' lang='lat' dir='ltr'><strong>testimonium</strong></span> <span class='ocrx_word' id='word_1_630' title='bbox 1314 5628 1681 5697; x_wconf 85' lang='lat' dir='ltr'><strong>perdiderunt.</strong></span> <span class='ocrx_word' id='word_1_631' title='bbox 1723 5625 1822 5679; x_wconf 79' lang='lat' dir='ltr'><strong>Ast</strong></span> <span class='ocrx_word' id='word_1_632' title='bbox 1867 5625 1988 5689; x_wconf 89' lang='lat' dir='ltr'><strong>hoc,</strong></span> <span class='ocrx_word' id='word_1_633' title='bbox 2019 5626 2097 5679; x_wconf 86' lang='lat' dir='ltr'><strong>ait</strong></span> 
     </span>
    </p>
   </div>
   <div class='ocr_carea' id='block_1_90' title="bbox 507 5713 2097 5790">
    <p class='ocr_par' dir='ltr' id='par_1_90' title="bbox 507 5713 2097 5790">
     <span class='ocr_line' id='line_1_90' title="bbox 507 5713 2097 5790; baseline -0.006 -13"><span class='ocrx_word' id='word_1_634' title='bbox 507 5718 1129 5790; x_wconf 78' lang='lat' dir='ltr'><strong>Baldvrinns,negotium</strong></span> <span class='ocrx_word' id='word_1_635' title='bbox 1160 5717 1417 5772; x_wconf 78' lang='lat' dir='ltr'><strong>szecnlare</strong></span> <span class='ocrx_word' id='word_1_636' title='bbox 1438 5733 1545 5771; x_wconf 89' lang='lat' dir='ltr'><strong>non</strong></span> <span class='ocrx_word' id='word_1_637' title='bbox 1570 5724 1672 5770; x_wconf 82' lang='lat' dir='ltr'><strong>est.</strong></span> <span class='ocrx_word' id='word_1_638' title='bbox 1698 5734 1715 5765; x_wconf 76' lang='grc' dir='ltr'>ι</span> <span class='ocrx_word' id='word_1_639' title='bbox 1742 5715 1907 5770; x_wconf 83' lang='lat' dir='ltr'><strong>Aiunt</strong></span> <span class='ocrx_word' id='word_1_640' title='bbox 1935 5732 1947 5768; x_wconf 77' lang='grc' dir='ltr'>ε</span> <span class='ocrx_word' id='word_1_641' title='bbox 1981 5732 1998 5765; x_wconf 81' lang='lat' dir='ltr'><strong>t</strong></span> <span class='ocrx_word' id='word_1_642' title='bbox 2030 5713 2097 5769; x_wconf 86' lang='lat' dir='ltr'><strong>Et</strong></span> 
     </span>
    </p>
   </div>
   <div class='ocr_carea' id='block_1_91' title="bbox 508 5806 2093 5890">
    <p class='ocr_par' dir='ltr' id='par_1_91' title="bbox 508 5806 2093 5890">
     <span class='ocr_line' id='line_1_91' title="bbox 508 5806 2093 5890; baseline -0.004 -21"><span class='ocrx_word' id='word_1_643' title='bbox 508 5815 723 5890; x_wconf 78' lang='lat' dir='ltr'><strong>quidem</strong></span> <span class='ocrx_word' id='word_1_644' title='bbox 752 5824 802 5871; x_wconf 91' lang='lat' dir='ltr'><strong>te</strong></span> <span class='ocrx_word' id='word_1_645' title='bbox 824 5816 997 5871; x_wconf 90' lang='lat' dir='ltr'><strong>virum</strong></span> <span class='ocrx_word' id='word_1_646' title='bbox 1024 5810 1343 5888; x_wconf 86' lang='lat' dir='ltr'><strong>prudentem</strong></span> <span class='ocrx_word' id='word_1_647' title='bbox 1378 5818 1429 5865; x_wconf 88' lang='lat' dir='ltr'><strong>ct</strong></span> <span class='ocrx_word' id='word_1_648' title='bbox 1456 5816 1734 5864; x_wconf 87' lang='lat' dir='ltr'><strong>strenuum</strong></span> <span class='ocrx_word' id='word_1_649' title='bbox 1763 5808 1983 5879; x_wconf 85' lang='lat' dir='ltr'><strong>scimus,</strong></span> <span class='ocrx_word' id='word_1_650' title='bbox 1998 5806 2093 5863; x_wconf 85' lang='lat' dir='ltr'><strong>sed</strong></span> 
     </span>
    </p>
   </div>
   <div class='ocr_carea' id='block_1_92' title="bbox 2206 3334 3791 3409">
    <p class='ocr_par' dir='ltr' id='par_1_92' title="bbox 2206 3334 3791 3409">
     <span class='ocr_line' id='line_1_92' title="bbox 2206 3334 3791 3409; baseline 0.003 -22"><span class='ocrx_word' id='word_1_651' title='bbox 2206 3334 2360 3389; x_wconf 83' lang='lat' dir='ltr'><strong>licem</strong></span> <span class='ocrx_word' id='word_1_652' title='bbox 2392 3334 2674 3390; x_wconf 90' lang='lat' dir='ltr'><strong>consulere</strong></span> <span class='ocrx_word' id='word_1_653' title='bbox 2695 3351 2857 3405; x_wconf 87' lang='lat' dir='ltr'><strong>quam</strong></span> <span class='ocrx_word' id='word_1_654' title='bbox 2890 3338 2941 3392; x_wconf 87' lang='lat' dir='ltr'><strong>itt</strong></span> <span class='ocrx_word' id='word_1_655' title='bbox 2971 3352 3029 3392; x_wconf 92' lang='lat' dir='ltr'><strong>re</strong></span> <span class='ocrx_word' id='word_1_656' title='bbox 3055 3346 3160 3391; x_wconf 87' lang='lat' dir='ltr'><strong>tam</strong></span> <span class='ocrx_word' id='word_1_657' title='bbox 3194 3338 3445 3409; x_wconf 84' lang='lat' dir='ltr'><strong>ambigua</strong></span> <span class='ocrx_word' id='word_1_658' title='bbox 3480 3341 3791 3394; x_wconf 79' lang='lat' dir='ltr'><strong>sententiam</strong></span> 
     </span>
    </p>
   </div>
   <div class='ocr_carea' id='block_1_93' title="bbox 2203 3428 3790 3501">
    <p class='ocr_par' dir='ltr' id='par_1_93' title="bbox 2203 3428 3790 3501">
     <span class='ocr_line' id='line_1_93' title="bbox 2203 3428 3790 3501; baseline 0.003 -22"><span class='ocrx_word' id='word_1_659' title='bbox 2203 3428 2567 3498; x_wconf 69' lang='lat' dir='ltr'><strong>prmcipitare.</strong></span> <span class='ocrx_word' id='word_1_660' title='bbox 2605 3446 2624 3481; x_wconf 74' lang='lat' dir='ltr'><strong>t</strong></span> <span class='ocrx_word' id='word_1_661' title='bbox 2658 3428 2739 3482; x_wconf 80' lang='lat' dir='ltr'><strong>Ad</strong></span> <span class='ocrx_word' id='word_1_662' title='bbox 2777 3444 2915 3498; x_wconf 60' lang='lat' dir='ltr'><strong>quoa,</strong></span> <span class='ocrx_word' id='word_1_663' title='bbox 2950 3429 3042 3499; x_wconf 91' lang='lat' dir='ltr'><strong>qui</strong></span> <span class='ocrx_word' id='word_1_664' title='bbox 3068 3428 3234 3483; x_wconf 83' lang='lat' dir='ltr'><strong>Roma</strong></span> <span class='ocrx_word' id='word_1_665' title='bbox 3269 3440 3539 3484; x_wconf 86' lang='lat' dir='ltr'><strong>venerant</strong></span> <span class='ocrx_word' id='word_1_666' title='bbox 3568 3432 3790 3501; x_wconf 74' lang='lat' dir='ltr'><strong>episcopi</strong></span> 
     </span>
    </p>
   </div>
   <div class='ocr_carea' id='block_1_94' title="bbox 2204 3518 3790 3591">
    <p class='ocr_par' dir='ltr' id='par_1_94' title="bbox 2204 3518 3790 3591">
     <span class='ocr_line' id='line_1_94' title="bbox 2204 3518 3790 3591; baseline -0.002 -17"><span class='ocrx_word' id='word_1_667' title='bbox 2204 3519 2527 3589; x_wconf 84' lang='lat' dir='ltr'><strong>respondere</strong></span> <span class='ocrx_word' id='word_1_668' title='bbox 2562 3534 2577 3573; x_wconf 92' lang='lat'><strong>:</strong></span> <span class='ocrx_word' id='word_1_669' title='bbox 2612 3537 2630 3570; x_wconf 75' lang='grc' dir='ltr'>ι</span> <span class='ocrx_word' id='word_1_670' title='bbox 2672 3518 2802 3585; x_wconf 73' lang='lat' dir='ltr'><strong>Qum</strong></span> <span class='ocrx_word' id='word_1_671' title='bbox 2844 3519 3080 3574; x_wconf 80' lang='lat' dir='ltr'><strong>diximus</strong></span> <span class='ocrx_word' id='word_1_672' title='bbox 3136 3520 3397 3585; x_wconf 90' lang='lat' dir='ltr'><strong>dicimus,</strong></span> <span class='ocrx_word' id='word_1_673' title='bbox 3453 3537 3579 3591; x_wconf 74' lang='lat' dir='ltr'><strong>ane</strong></span> <span class='ocrx_word' id='word_1_674' title='bbox 3627 3523 3790 3575; x_wconf 79' lang='lat' dir='ltr'><strong>ieslztli</strong></span> 
     </span>
    </p>
   </div>
   <div class='ocr_carea' id='block_1_95' title="bbox 2204 3610 3790 3683">
    <p class='ocr_par' dir='ltr' id='par_1_95' title="bbox 2204 3610 3790 3683">
     <span class='ocr_line' id='line_1_95' title="bbox 2204 3610 3790 3683; baseline 0.001 -20"><span class='ocrx_word' id='word_1_675' title='bbox 2204 3624 2392 3665; x_wconf 83' lang='lat' dir='ltr'><strong>smnus</strong></span> <span class='ocrx_word' id='word_1_676' title='bbox 2421 3612 2832 3675; x_wconf 84' lang='lat' dir='ltr'><strong>confirmamus,</strong></span> <span class='ocrx_word' id='word_1_677' title='bbox 2875 3611 3035 3680; x_wconf 89' lang='lat' dir='ltr'><strong>inque</strong></span> <span class='ocrx_word' id='word_1_678' title='bbox 3069 3610 3153 3665; x_wconf 91' lang='lat' dir='ltr'><strong>his</strong></span> <span class='ocrx_word' id='word_1_679' title='bbox 3189 3611 3445 3666; x_wconf 86' lang='lat' dir='ltr'><strong>omnibus</strong></span> <span class='ocrx_word' id='word_1_680' title='bbox 3493 3613 3790 3683; x_wconf 61' lang='lat' dir='ltr'><strong>apostolica</strong></span> 
     </span>
    </p>
   </div>
   <div class='ocr_carea' id='block_1_96' title="bbox 2203 3701 3785 3771">
    <p class='ocr_par' dir='ltr' id='par_1_96' title="bbox 2203 3701 3785 3771">
     <span class='ocr_line' id='line_1_96' title="bbox 2203 3701 3785 3771; baseline -0.003 -16"><span class='ocrx_word' id='word_1_681' title='bbox 2203 3701 2348 3756; x_wconf 88' lang='lat' dir='ltr'><strong>sedis</strong></span> <span class='ocrx_word' id='word_1_682' title='bbox 2380 3702 2768 3766; x_wconf 89' lang='lat' dir='ltr'><strong>testimonium,</strong></span> <span class='ocrx_word' id='word_1_683' title='bbox 2801 3701 2845 3755; x_wconf 93' lang='lat' dir='ltr'><strong>si</strong></span> <span class='ocrx_word' id='word_1_684' title='bbox 2879 3701 3034 3754; x_wconf 90' lang='lat' dir='ltr'><strong>nobis</strong></span> <span class='ocrx_word' id='word_1_685' title='bbox 3077 3715 3182 3754; x_wconf 91' lang='lat' dir='ltr'><strong>non</strong></span> <span class='ocrx_word' id='word_1_686' title='bbox 3212 3702 3413 3768; x_wconf 87' lang='lat' dir='ltr'><strong>credis,</strong></span> <span class='ocrx_word' id='word_1_687' title='bbox 3445 3701 3785 3771; x_wconf 80' lang='lat' dir='ltr'><strong>appellamus.</strong></span> 
     </span>
    </p>
   </div>
   <div class='ocr_carea' id='block_1_97' title="bbox 2205 3789 3787 3862">
    <p class='ocr_par' dir='ltr' id='par_1_97' title="bbox 2205 3789 3787 3862">
     <span class='ocr_line' id='line_1_97' title="bbox 2205 3789 3787 3862; baseline -0.002 -18"><span class='ocrx_word' id='word_1_688' title='bbox 2205 3789 2380 3861; x_wconf 89' lang='lat' dir='ltr'><strong>Super</strong></span> <span class='ocrx_word' id='word_1_689' title='bbox 2418 3790 2533 3846; x_wconf 83' lang='lat' dir='ltr'><strong>haec</strong></span> <span class='ocrx_word' id='word_1_690' title='bbox 2569 3805 2785 3862; x_wconf 90' lang='lat' dir='ltr'><strong>quoque</strong></span> <span class='ocrx_word' id='word_1_691' title='bbox 2819 3789 2912 3845; x_wconf 91' lang='lat' dir='ltr'><strong>tibi</strong></span> <span class='ocrx_word' id='word_1_692' title='bbox 2944 3806 3008 3844; x_wconf 82' lang='lat' dir='ltr'><strong>ex</strong></span> <span class='ocrx_word' id='word_1_693' title='bbox 3049 3798 3201 3859; x_wconf 90' lang='lat' dir='ltr'><strong>parte</strong></span> <span class='ocrx_word' id='word_1_694' title='bbox 3249 3790 3455 3845; x_wconf 81' lang='lat' dir='ltr'><strong>domini</strong></span> <span class='ocrx_word' id='word_1_695' title='bbox 3506 3807 3672 3861; x_wconf 62' lang='lat' dir='ltr'><strong>papae,</strong></span> <span class='ocrx_word' id='word_1_696' title='bbox 3704 3790 3787 3859; x_wconf 87' lang='lat' dir='ltr'><strong>qui</strong></span> 
     </span>
    </p>
   </div>
   <div class='ocr_carea' id='block_1_98' title="bbox 2203 3882 3787 3956">
    <p class='ocr_par' dir='ltr' id='par_1_98' title="bbox 2203 3882 3787 3956">
     <span class='ocr_line' id='line_1_98' title="bbox 2203 3882 3787 3956; baseline -0.001 -17"><span class='ocrx_word' id='word_1_697' title='bbox 2203 3884 2307 3940; x_wconf 88' lang='lat' dir='ltr'><strong>hoc</strong></span> <span class='ocrx_word' id='word_1_698' title='bbox 2328 3882 2513 3952; x_wconf 88' lang='lat' dir='ltr'><strong>jussit,</strong></span> <span class='ocrx_word' id='word_1_699' title='bbox 2552 3884 2937 3940; x_wconf 90' lang='lat' dir='ltr'><strong>denuntiamus</strong></span> <span class='ocrx_word' id='word_1_700' title='bbox 2969 3894 3237 3956; x_wconf 88' lang='lat' dir='ltr'><strong>quatenus</strong></span> <span class='ocrx_word' id='word_1_701' title='bbox 3275 3886 3509 3940; x_wconf 85' lang='lat' dir='ltr'><strong>consilio</strong></span> <span class='ocrx_word' id='word_1_702' title='bbox 3536 3895 3717 3942; x_wconf 86' lang='lat' dir='ltr'><strong>nostro</strong></span> <span class='ocrx_word' id='word_1_703' title='bbox 3743 3896 3787 3938; x_wconf 85' lang='lat' dir='ltr'><strong>te</strong></span> 
     </span>
    </p>
   </div>
   <div class='ocr_carea' id='block_1_99' title="bbox 2204 3975 3784 4047">
    <p class='ocr_par' dir='ltr' id='par_1_99' title="bbox 2204 3975 3784 4047">
     <span class='ocr_line' id='line_1_99' title="bbox 2204 3975 3784 4047; baseline -0.001 -16"><span class='ocrx_word' id='word_1_704' title='bbox 2204 3975 2336 4031; x_wconf 82' lang='lat' dir='ltr'><strong>nihil</strong></span> <span class='ocrx_word' id='word_1_705' title='bbox 2370 3976 2625 4031; x_wconf 75' lang='lat' dir='ltr'><strong>ltazsitans</strong></span> <span class='ocrx_word' id='word_1_706' title='bbox 2653 3975 2846 4031; x_wconf 87' lang='lat' dir='ltr'><strong>credas</strong></span> <span class='ocrx_word' id='word_1_707' title='bbox 2888 3976 3037 4045; x_wconf 90' lang='lat' dir='ltr'><strong>quia,</strong></span> <span class='ocrx_word' id='word_1_708' title='bbox 3082 3975 3209 4029; x_wconf 90' lang='lat' dir='ltr'><strong>dum</strong></span> <span class='ocrx_word' id='word_1_709' title='bbox 3237 3975 3407 4041; x_wconf 90' lang='lat' dir='ltr'><strong>voles,</strong></span> <span class='ocrx_word' id='word_1_710' title='bbox 3439 3993 3540 4032; x_wconf 91' lang='lat' dir='ltr'><strong>nos</strong></span> <span class='ocrx_word' id='word_1_711' title='bbox 3586 3988 3784 4047; x_wconf 84' lang='lat' dir='ltr'><strong>paratos</strong></span> 
     </span>
    </p>
   </div>
   <div class='ocr_carea' id='block_1_100' title="bbox 2204 4066 3787 4137">
    <p class='ocr_par' dir='ltr' id='par_1_100' title="bbox 2204 4066 3787 4137">
     <span class='ocr_line' id='line_1_100' title="bbox 2204 4066 3787 4137; baseline -0.004 -14"><span class='ocrx_word' id='word_1_712' title='bbox 2204 4066 2429 4123; x_wconf 89' lang='lat' dir='ltr'><strong>habebis</strong></span> <span class='ocrx_word' id='word_1_713' title='bbox 2457 4067 2634 4137; x_wconf 90' lang='lat' dir='ltr'><strong>reipsa</strong></span> <span class='ocrx_word' id='word_1_714' title='bbox 2669 4066 2899 4136; x_wconf 88' lang='lat' dir='ltr'><strong>probare</strong></span> <span class='ocrx_word' id='word_1_715' title='bbox 2933 4066 3019 4121; x_wconf 91' lang='lat' dir='ltr'><strong>his</strong></span> <span class='ocrx_word' id='word_1_716' title='bbox 3056 4081 3177 4136; x_wconf 73' lang='lat' dir='ltr'><strong>quae</strong></span> <span class='ocrx_word' id='word_1_717' title='bbox 3208 4066 3443 4121; x_wconf 89' lang='lat' dir='ltr'><strong>dicimus</strong></span> <span class='ocrx_word' id='word_1_718' title='bbox 3474 4067 3608 4121; x_wconf 84' lang='lat' dir='ltr'><strong>nihil</strong></span> <span class='ocrx_word' id='word_1_719' title='bbox 3636 4066 3787 4135; x_wconf 83' lang='lat' dir='ltr'><strong>dupli-</strong></span> 
     </span>
    </p>
   </div>
   <div class='ocr_carea' id='block_1_101' title="bbox 2204 4157 3781 4228">
    <p class='ocr_par' dir='ltr' id='par_1_101' title="bbox 2204 4157 3781 4228">
     <span class='ocr_line' id='line_1_101' title="bbox 2204 4157 3781 4228; baseline -0.003 -13"><span class='ocrx_word' id='word_1_720' title='bbox 2204 4161 2380 4215; x_wconf 92' lang='lat' dir='ltr'><strong>citatis</strong></span> <span class='ocrx_word' id='word_1_721' title='bbox 2407 4159 2601 4214; x_wconf 91' lang='lat' dir='ltr'><strong>inesse.</strong></span> <span class='ocrx_word' id='word_1_722' title='bbox 2637 4178 2655 4211; x_wconf 74' lang='grc' dir='ltr'><strong><em>ι</em></strong></span> <span class='ocrx_word' id='word_1_723' title='bbox 2682 4160 2752 4213; x_wconf 86' lang='lat' dir='ltr'><strong>At</strong></span> <span class='ocrx_word' id='word_1_724' title='bbox 2781 4158 2868 4213; x_wconf 92' lang='lat' dir='ltr'><strong>ille</strong></span> <span class='ocrx_word' id='word_1_725' title='bbox 2902 4176 2915 4210; x_wconf 90' lang='lat'><strong>:</strong></span> <span class='ocrx_word' id='word_1_726' title='bbox 2957 4176 2976 4207; x_wconf 74' lang='grc' dir='ltr'><strong>ε</strong></span> <span class='ocrx_word' id='word_1_727' title='bbox 3010 4157 3286 4213; x_wconf 77' lang='lat' dir='ltr'><strong>Adversus</strong></span> <span class='ocrx_word' id='word_1_728' title='bbox 3314 4172 3375 4211; x_wconf 90' lang='lat' dir='ltr'><strong>ea</strong></span> <span class='ocrx_word' id='word_1_729' title='bbox 3403 4175 3528 4228; x_wconf 72' lang='lat' dir='ltr'><strong>qua!</strong></span> <span class='ocrx_word' id='word_1_730' title='bbox 3558 4160 3781 4213; x_wconf 78' lang='lat' dir='ltr'><strong>asseritis</strong></span> 
     </span>
    </p>
   </div>
   <div class='ocr_carea' id='block_1_102' title="bbox 2204 4252 3782 4325">
    <p class='ocr_par' dir='ltr' id='par_1_102' title="bbox 2204 4252 3782 4325">
     <span class='ocr_line' id='line_1_102' title="bbox 2204 4252 3782 4325; baseline -0.003 -17"><span class='ocrx_word' id='word_1_731' title='bbox 2204 4254 2325 4310; x_wconf 89' lang='lat' dir='ltr'><strong>lites</strong></span> <span class='ocrx_word' id='word_1_732' title='bbox 2369 4267 2658 4308; x_wconf 91' lang='lat' dir='ltr'><strong>conserere</strong></span> <span class='ocrx_word' id='word_1_733' title='bbox 2710 4254 2854 4309; x_wconf 91' lang='lat' dir='ltr'><strong>nolo.</strong></span> <span class='ocrx_word' id='word_1_734' title='bbox 2906 4255 3105 4311; x_wconf 81' lang='lat' dir='ltr'><strong>Verum</strong></span> <span class='ocrx_word' id='word_1_735' title='bbox 3162 4255 3286 4325; x_wconf 80' lang='lat' dir='ltr'><strong>quia</strong></span> <span class='ocrx_word' id='word_1_736' title='bbox 3345 4253 3527 4308; x_wconf 90' lang='lat' dir='ltr'><strong>sentio</strong></span> <span class='ocrx_word' id='word_1_737' title='bbox 3581 4267 3645 4307; x_wconf 75' lang='lat' dir='ltr'><strong>ex</strong></span> <span class='ocrx_word' id='word_1_738' title='bbox 3693 4252 3782 4304; x_wconf 75' lang='lat' dir='ltr'><strong>dlis</strong></span> 
     </span>
    </p>
   </div>
   <div class='ocr_carea' id='block_1_103' title="bbox 2205 4345 3778 4417">
    <p class='ocr_par' dir='ltr' id='par_1_103' title="bbox 2205 4345 3778 4417">
     <span class='ocr_line' id='line_1_103' title="bbox 2205 4345 3778 4417; baseline -0.003 -18"><span class='ocrx_word' id='word_1_739' title='bbox 2205 4362 2326 4417; x_wconf 70' lang='lat' dir='ltr'><strong>qua:</strong></span> <span class='ocrx_word' id='word_1_740' title='bbox 2355 4346 2540 4400; x_wconf 88' lang='lat' dir='ltr'><strong>attdittt</strong></span> <span class='ocrx_word' id='word_1_741' title='bbox 2574 4346 2841 4403; x_wconf 88' lang='lat' dir='ltr'><strong>secretius</strong></span> <span class='ocrx_word' id='word_1_742' title='bbox 2864 4348 3026 4403; x_wconf 85' lang='lat' dir='ltr'><strong>didici</strong></span> <span class='ocrx_word' id='word_1_743' title='bbox 3063 4345 3394 4401; x_wconf 88' lang='lat' dir='ltr'><strong>voluntatem</strong></span> <span class='ocrx_word' id='word_1_744' title='bbox 3425 4361 3705 4417; x_wconf 87' lang='lat' dir='ltr'><strong>procerum</strong></span> <span class='ocrx_word' id='word_1_745' title='bbox 3731 4345 3778 4396; x_wconf 88' lang='lat' dir='ltr'><strong>in</strong></span> 
     </span>
    </p>
   </div>
   <div class='ocr_carea' id='block_1_104' title="bbox 2207 4438 3779 4506">
    <p class='ocr_par' dir='ltr' id='par_1_104' title="bbox 2207 4438 3779 4506">
     <span class='ocr_line' id='line_1_104' title="bbox 2207 4438 3779 4506; baseline -0.002 -13"><span class='ocrx_word' id='word_1_746' title='bbox 2207 4441 2307 4493; x_wconf 83' lang='lat' dir='ltr'><strong>hoc</strong></span> <span class='ocrx_word' id='word_1_747' title='bbox 2336 4454 2496 4492; x_wconf 88' lang='lat' dir='ltr'><strong>unam</strong></span> <span class='ocrx_word' id='word_1_748' title='bbox 2523 4438 2722 4495; x_wconf 88' lang='lat' dir='ltr'><strong>factam</strong></span> <span class='ocrx_word' id='word_1_749' title='bbox 2754 4455 2893 4506; x_wconf 89' lang='lat' dir='ltr'><strong>esse,</strong></span> <span class='ocrx_word' id='word_1_750' title='bbox 2922 4439 3129 4495; x_wconf 85' lang='lat' dir='ltr'><strong>scilicet</strong></span> <span class='ocrx_word' id='word_1_751' title='bbox 3159 4450 3217 4493; x_wconf 87' lang='lat' dir='ltr'><strong>ut</strong></span> <span class='ocrx_word' id='word_1_752' title='bbox 3250 4438 3294 4493; x_wconf 91' lang='lat' dir='ltr'><strong>si</strong></span> <span class='ocrx_word' id='word_1_753' title='bbox 3321 4454 3416 4493; x_wconf 78' lang='lat' dir='ltr'><strong>rex</strong></span> <span class='ocrx_word' id='word_1_754' title='bbox 3449 4439 3779 4493; x_wconf 80' lang='lat' dir='ltr'><strong>investituras</strong></span> 
     </span>
    </p>
   </div>
   <div class='ocr_carea' id='block_1_105' title="bbox 2207 4528 3779 4596">
    <p class='ocr_par' dir='ltr' id='par_1_105' title="bbox 2207 4528 3779 4596">
     <span class='ocr_line' id='line_1_105' title="bbox 2207 4528 3779 4596; baseline 0 -13"><span class='ocrx_word' id='word_1_755' title='bbox 2207 4529 2597 4596; x_wconf 82' lang='lat' dir='ltr'><strong>Ecclesiarutn,</strong></span> <span class='ocrx_word' id='word_1_756' title='bbox 2649 4533 2788 4587; x_wconf 88' lang='lat' dir='ltr'><strong>sicut</strong></span> <span class='ocrx_word' id='word_1_757' title='bbox 2831 4546 2891 4586; x_wconf 89' lang='lat' dir='ltr'><strong>se</strong></span> <span class='ocrx_word' id='word_1_758' title='bbox 2936 4530 3205 4586; x_wconf 90' lang='lat' dir='ltr'><strong>facturum</strong></span> <span class='ocrx_word' id='word_1_759' title='bbox 3263 4530 3528 4594; x_wconf 85' lang='lat' dir='ltr'><strong>minatur,</strong></span> <span class='ocrx_word' id='word_1_760' title='bbox 3570 4528 3779 4590; x_wconf 79' lang='lat' dir='ltr'><strong>dederit,</strong></span> 
     </span>
    </p>
   </div>
   <div class='ocr_carea' id='block_1_106' title="bbox 2208 4620 3778 4694">
    <p class='ocr_par' dir='ltr' id='par_1_106' title="bbox 2208 4620 3778 4694">
     <span class='ocr_line' id='line_1_106' title="bbox 2208 4620 3778 4694; baseline 0.004 -21"><span class='ocrx_word' id='word_1_761' title='bbox 2208 4620 2332 4674; x_wconf 84' lang='lat' dir='ltr'><strong>licet</strong></span> <span class='ocrx_word' id='word_1_762' title='bbox 2355 4621 2405 4675; x_wconf 91' lang='lat' dir='ltr'><strong>id</strong></span> <span class='ocrx_word' id='word_1_763' title='bbox 2440 4636 2524 4676; x_wconf 90' lang='lat' dir='ltr'><strong>me</strong></span> <span class='ocrx_word' id='word_1_764' title='bbox 2552 4636 2651 4675; x_wconf 90' lang='lat' dir='ltr'><strong>nec</strong></span> <span class='ocrx_word' id='word_1_765' title='bbox 2681 4622 3012 4694; x_wconf 88' lang='lat' dir='ltr'><strong>approbante</strong></span> <span class='ocrx_word' id='word_1_766' title='bbox 3046 4634 3149 4676; x_wconf 90' lang='lat' dir='ltr'><strong>nec</strong></span> <span class='ocrx_word' id='word_1_767' title='bbox 3193 4621 3576 4677; x_wconf 87' lang='lat' dir='ltr'><strong>consentiente</strong></span> <span class='ocrx_word' id='word_1_768' title='bbox 3617 4620 3778 4679; x_wconf 72' lang='lat' dir='ltr'><strong>faciet.</strong></span> 
     </span>
    </p>
   </div>
   <div class='ocr_carea' id='block_1_107' title="bbox 2206 4711 3775 4782">
    <p class='ocr_par' dir='ltr' id='par_1_107' title="bbox 2206 4711 3775 4782">
     <span class='ocr_line' id='line_1_107' title="bbox 2206 4711 3775 4782; baseline -0.005 -15"><span class='ocrx_word' id='word_1_769' title='bbox 2206 4727 2306 4782; x_wconf 83' lang='lat' dir='ltr'><strong>ego</strong></span> <span class='ocrx_word' id='word_1_770' title='bbox 2354 4728 2517 4767; x_wconf 88' lang='lat' dir='ltr'><strong>causa</strong></span> <span class='ocrx_word' id='word_1_771' title='bbox 2577 4714 2739 4767; x_wconf 88' lang='lat' dir='ltr'><strong>vestri</strong></span> <span class='ocrx_word' id='word_1_772' title='bbox 2790 4728 2890 4769; x_wconf 91' lang='lat' dir='ltr'><strong>nec</strong></span> <span class='ocrx_word' id='word_1_773' title='bbox 2935 4711 3085 4767; x_wconf 88' lang='lat' dir='ltr'><strong>danti</strong></span> <span class='ocrx_word' id='word_1_774' title='bbox 3133 4725 3236 4766; x_wconf 89' lang='lat' dir='ltr'><strong>nec</strong></span> <span class='ocrx_word' id='word_1_775' title='bbox 3281 4711 3572 4781; x_wconf 87' lang='lat' dir='ltr'><strong>accipienti</strong></span> <span class='ocrx_word' id='word_1_776' title='bbox 3621 4722 3775 4765; x_wconf 78' lang='lat' dir='ltr'><strong>meam</strong></span> 
     </span>
    </p>
   </div>
   <div class='ocr_carea' id='block_1_108' title="bbox 2206 4801 3773 4873">
    <p class='ocr_par' dir='ltr' id='par_1_108' title="bbox 2206 4801 3773 4873">
     <span class='ocr_line' id='line_1_108' title="bbox 2206 4801 3773 4873; baseline -0.001 -18"><span class='ocrx_word' id='word_1_777' title='bbox 2206 4804 2360 4873; x_wconf 89' lang='lat' dir='ltr'><strong>quasi</strong></span> <span class='ocrx_word' id='word_1_778' title='bbox 2418 4805 2900 4859; x_wconf 75' lang='lat' dir='ltr'><strong>excommunicatis</strong></span> <span class='ocrx_word' id='word_1_779' title='bbox 2946 4802 3381 4858; x_wconf 90' lang='lat' dir='ltr'><strong>communionem</strong></span> <span class='ocrx_word' id='word_1_780' title='bbox 3441 4801 3773 4861; x_wconf 77' lang='lat' dir='ltr'><strong>subtraham,</strong></span> 
     </span>
    </p>
   </div>
   <div class='ocr_carea' id='block_1_109' title="bbox 2206 4890 3775 4964">
    <p class='ocr_par' dir='ltr' id='par_1_109' title="bbox 2206 4890 3775 4964">
     <span class='ocr_line' id='line_1_109' title="bbox 2206 4890 3775 4964; baseline -0.004 -18"><span class='ocrx_word' id='word_1_781' title='bbox 2206 4894 2378 4947; x_wconf 87' lang='lat' dir='ltr'><strong>donec</strong></span> <span class='ocrx_word' id='word_1_782' title='bbox 2427 4894 2630 4949; x_wconf 90' lang='lat' dir='ltr'><strong>nuntiis</strong></span> <span class='ocrx_word' id='word_1_783' title='bbox 2675 4909 2812 4964; x_wconf 91' lang='lat' dir='ltr'><strong>quos</strong></span> <span class='ocrx_word' id='word_1_784' title='bbox 2861 4908 2958 4964; x_wconf 92' lang='lat' dir='ltr'><strong>pro</strong></span> <span class='ocrx_word' id='word_1_785' title='bbox 3006 4892 3203 4962; x_wconf 88' lang='lat' dir='ltr'><strong>negotii</strong></span> <span class='ocrx_word' id='word_1_786' title='bbox 3254 4890 3417 4960; x_wconf 85' lang='lat' dir='ltr'><strong>hujus</strong></span> <span class='ocrx_word' id='word_1_787' title='bbox 3466 4892 3775 4947; x_wconf 81' lang='lat' dir='ltr'><strong>discussione</strong></span> 
     </span>
    </p>
   </div>
   <div class='ocr_carea' id='block_1_110' title="bbox 2209 4979 3776 5052">
    <p class='ocr_par' dir='ltr' id='par_1_110' title="bbox 2209 4979 3776 5052">
     <span class='ocr_line' id='line_1_110' title="bbox 2209 4979 3776 5052; baseline -0.006 -13"><span class='ocrx_word' id='word_1_788' title='bbox 2209 4985 2435 5041; x_wconf 76' lang='lat' dir='ltr'><strong>Romam</strong></span> <span class='ocrx_word' id='word_1_789' title='bbox 2486 4984 2769 5040; x_wconf 90' lang='lat' dir='ltr'><strong>destinabo</strong></span> <span class='ocrx_word' id='word_1_790' title='bbox 2818 4984 3049 5039; x_wconf 89' lang='lat' dir='ltr'><strong>reversis</strong></span> <span class='ocrx_word' id='word_1_791' title='bbox 3102 4997 3201 5052; x_wconf 89' lang='lat' dir='ltr'><strong>pro</strong></span> <span class='ocrx_word' id='word_1_792' title='bbox 3252 4991 3404 5036; x_wconf 87' lang='lat' dir='ltr'><strong>certo</strong></span> <span class='ocrx_word' id='word_1_793' title='bbox 3453 4984 3624 5037; x_wconf 82' lang='lat' dir='ltr'><strong>sciant</strong></span> <span class='ocrx_word' id='word_1_794' title='bbox 3668 4979 3776 5051; x_wconf 79' lang='lat' dir='ltr'><strong>quid</strong></span> 
     </span>
    </p>
   </div>
   <div class='ocr_carea' id='block_1_111' title="bbox 2209 5070 3772 5144">
    <p class='ocr_par' dir='ltr' id='par_1_111' title="bbox 2209 5070 3772 5144">
     <span class='ocr_line' id='line_1_111' title="bbox 2209 5070 3772 5144; baseline -0.004 -15"><span class='ocrx_word' id='word_1_795' title='bbox 2209 5091 2386 5144; x_wconf 81' lang='lat' dir='ltr'><strong>agam,</strong></span> <span class='ocrx_word' id='word_1_796' title='bbox 2418 5076 2565 5131; x_wconf 89' lang='lat' dir='ltr'><strong>solus</strong></span> <span class='ocrx_word' id='word_1_797' title='bbox 2594 5077 2659 5129; x_wconf 88' lang='lat' dir='ltr'><strong>ab</strong></span> <span class='ocrx_word' id='word_1_798' title='bbox 2683 5074 2764 5129; x_wconf 92' lang='lat' dir='ltr'><strong>eis</strong></span> <span class='ocrx_word' id='word_1_799' title='bbox 2792 5074 3103 5143; x_wconf 88' lang='lat' dir='ltr'><strong>discrepare</strong></span> <span class='ocrx_word' id='word_1_800' title='bbox 3136 5071 3280 5127; x_wconf 88' lang='lat' dir='ltr'><strong>nolo.</strong></span> <span class='ocrx_word' id='word_1_801' title='bbox 3314 5070 3431 5126; x_wconf 77' lang='lat' dir='ltr'><strong>Hoc</strong></span> <span class='ocrx_word' id='word_1_802' title='bbox 3461 5072 3671 5127; x_wconf 89' lang='lat' dir='ltr'><strong>interim</strong></span> <span class='ocrx_word' id='word_1_803' title='bbox 3695 5070 3772 5122; x_wconf 83' lang='lat' dir='ltr'><strong>ob-</strong></span> 
     </span>
    </p>
   </div>
   <div class='ocr_carea' id='block_1_112' title="bbox 2204 5158 3771 5235">
    <p class='ocr_par' dir='ltr' id='par_1_112' title="bbox 2204 5158 3771 5235">
     <span class='ocr_line' id='line_1_112' title="bbox 2204 5158 3771 5235; baseline -0.004 -15"><span class='ocrx_word' id='word_1_804' title='bbox 2204 5176 2419 5220; x_wconf 87' lang='lat' dir='ltr'><strong>servato</strong></span> <span class='ocrx_word' id='word_1_805' title='bbox 2459 5180 2627 5235; x_wconf 89' lang='lat' dir='ltr'><strong>penes</strong></span> <span class='ocrx_word' id='word_1_806' title='bbox 2668 5179 2776 5228; x_wconf 88' lang='lat' dir='ltr'><strong>me,</strong></span> <span class='ocrx_word' id='word_1_807' title='bbox 2802 5175 2861 5218; x_wconf 89' lang='lat' dir='ltr'><strong>ut</strong></span> <span class='ocrx_word' id='word_1_808' title='bbox 2908 5162 3051 5218; x_wconf 86' lang='lat' dir='ltr'><strong>nulla</strong></span> <span class='ocrx_word' id='word_1_809' title='bbox 3098 5158 3313 5230; x_wconf 79' lang='lat' dir='ltr'><strong>penitus</strong></span> <span class='ocrx_word' id='word_1_810' title='bbox 3350 5162 3567 5218; x_wconf 88' lang='lat' dir='ltr'><strong>ratione</strong></span> <span class='ocrx_word' id='word_1_811' title='bbox 3610 5173 3771 5231; x_wconf 73' lang='lat' dir='ltr'><strong>quem-</strong></span> 
     </span>
    </p>
   </div>
   <div class='ocr_carea' id='block_1_113' title="bbox 2203 5256 3775 5326">
    <p class='ocr_par' dir='ltr' id='par_1_113' title="bbox 2203 5256 3775 5326">
     <span class='ocr_line' id='line_1_113' title="bbox 2203 5256 3775 5326; baseline -0.001 -17"><span class='ocrx_word' id='word_1_812' title='bbox 2203 5272 2364 5326; x_wconf 89' lang='lat' dir='ltr'><strong>quam</strong></span> <span class='ocrx_word' id='word_1_813' title='bbox 2391 5257 2443 5311; x_wconf 92' lang='lat' dir='ltr'><strong>in</strong></span> <span class='ocrx_word' id='word_1_814' title='bbox 2470 5256 2704 5312; x_wconf 75' lang='lat' dir='ltr'><strong>ofﬁcium</strong></span> <span class='ocrx_word' id='word_1_815' title='bbox 2731 5256 2807 5311; x_wconf 92' lang='lat' dir='ltr'><strong>sic</strong></span> <span class='ocrx_word' id='word_1_816' title='bbox 2834 5256 3070 5326; x_wconf 87' lang='lat' dir='ltr'><strong>suscepti</strong></span> <span class='ocrx_word' id='word_1_817' title='bbox 3094 5257 3317 5312; x_wconf 87' lang='lat' dir='ltr'><strong>honoris</strong></span> <span class='ocrx_word' id='word_1_818' title='bbox 3346 5269 3678 5316; x_wconf 88' lang='lat' dir='ltr'><strong>consecrem,</strong></span> <span class='ocrx_word' id='word_1_819' title='bbox 3697 5256 3775 5303; x_wconf 62' lang='grc' dir='ltr'><strong>θυι</strong></span> 
     </span>
    </p>
   </div>
   <div class='ocr_carea' id='block_1_114' title="bbox 2203 5346 3767 5423">
    <p class='ocr_par' dir='ltr' id='par_1_114' title="bbox 2203 5346 3767 5423">
     <span class='ocr_line' id='line_1_114' title="bbox 2203 5346 3767 5423; baseline -0.004 -19"><span class='ocrx_word' id='word_1_820' title='bbox 2203 5350 2376 5404; x_wconf 89' lang='lat' dir='ltr'><strong>cuivis</strong></span> <span class='ocrx_word' id='word_1_821' title='bbox 2432 5349 2522 5403; x_wconf 86' lang='lat' dir='ltr'><strong>alii</strong></span> <span class='ocrx_word' id='word_1_822' title='bbox 2564 5364 2883 5405; x_wconf 87' lang='lat' dir='ltr'><strong>consecrare</strong></span> <span class='ocrx_word' id='word_1_823' title='bbox 2931 5348 3239 5423; x_wconf 71' lang='lat' dir='ltr'><strong>praecipiam</strong></span> <span class='ocrx_word' id='word_1_824' title='bbox 3287 5346 3372 5402; x_wconf 87' lang='lat' dir='ltr'><strong>vel</strong></span> <span class='ocrx_word' id='word_1_825' title='bbox 3418 5348 3717 5402; x_wconf 66' lang='lat' dir='ltr'><strong>concedam</strong></span> <span class='ocrx_word' id='word_1_826' title='bbox 3746 5356 3767 5391; x_wconf 79' lang='grc' dir='ltr'>ι</span> 
     </span>
    </p>
   </div>
   <div class='ocr_carea' id='block_1_115' title="bbox 2204 5438 3771 5507">
    <p class='ocr_par' dir='ltr' id='par_1_115' title="bbox 2204 5438 3771 5507">
     <span class='ocr_line' id='line_1_115' title="bbox 2204 5438 3771 5507; baseline -0.007 -11"><span class='ocrx_word' id='word_1_827' title='bbox 2204 5438 2393 5496; x_wconf 76' lang='lat' dir='ltr'><strong>Saluta</strong></span> <span class='ocrx_word' id='word_1_828' title='bbox 2418 5440 2470 5496; x_wconf 92' lang='lat' dir='ltr'><strong>in</strong></span> <span class='ocrx_word' id='word_1_829' title='bbox 2504 5439 2623 5496; x_wconf 90' lang='lat' dir='ltr'><strong>istis</strong></span> <span class='ocrx_word' id='word_1_830' title='bbox 2648 5439 3018 5496; x_wconf 87' lang='lat' dir='ltr'><strong>controversia</strong></span> <span class='ocrx_word' id='word_1_831' title='bbox 3060 5447 3167 5504; x_wconf 91' lang='lat' dir='ltr'><strong>est,</strong></span> <span class='ocrx_word' id='word_1_832' title='bbox 3203 5445 3259 5493; x_wconf 91' lang='lat' dir='ltr'><strong>et</strong></span> <span class='ocrx_word' id='word_1_833' title='bbox 3300 5438 3556 5507; x_wconf 84' lang='lat' dir='ltr'><strong>utrinque</strong></span> <span class='ocrx_word' id='word_1_834' title='bbox 3598 5443 3771 5490; x_wconf 71' lang='lat' dir='ltr'><strong>ream-</strong></span> 
     </span>
    </p>
   </div>
   <div class='ocr_carea' id='block_1_116' title="bbox 2202 5528 3765 5611">
    <p class='ocr_par' dir='ltr' id='par_1_116' title="bbox 2202 5528 3765 5611">
     <span class='ocr_line' id='line_1_116' title="bbox 2202 5528 3765 5611; baseline -0.006 -24"><span class='ocrx_word' id='word_1_835' title='bbox 2202 5533 2333 5603; x_wconf 91' lang='lat' dir='ltr'><strong>pita.</strong></span> <span class='ocrx_word' id='word_1_836' title='bbox 2368 5532 2520 5588; x_wconf 87' lang='lat' dir='ltr'><strong>Tunc</strong></span> <span class='ocrx_word' id='word_1_837' title='bbox 2559 5546 2651 5587; x_wconf 81' lang='lat' dir='ltr'><strong>rex</strong></span> <span class='ocrx_word' id='word_1_838' title='bbox 2696 5543 2954 5602; x_wconf 86' lang='lat' dir='ltr'><strong>tanquam</strong></span> <span class='ocrx_word' id='word_1_839' title='bbox 3002 5530 3198 5600; x_wconf 72' lang='lat' dir='ltr'><strong>cupitae</strong></span> <span class='ocrx_word' id='word_1_840' title='bbox 3250 5530 3503 5600; x_wconf 87' lang='lat' dir='ltr'><strong>potestati</strong></span> <span class='ocrx_word' id='word_1_841' title='bbox 3550 5528 3765 5611; x_wconf 59' lang='lat' dir='ltr'><strong>donatus</strong></span> 
     </span>
    </p>
   </div>
   <div class='ocr_carea' id='block_1_117' title="bbox 2200 5621 3762 5694">
    <p class='ocr_par' dir='ltr' id='par_1_117' title="bbox 2200 5621 3762 5694">
     <span class='ocr_line' id='line_1_117' title="bbox 2200 5621 3762 5694; baseline -0.007 -14"><span class='ocrx_word' id='word_1_842' title='bbox 2200 5625 2476 5680; x_wconf 77' lang='lat' dir='ltr'><strong>exsultans</strong></span> <span class='ocrx_word' id='word_1_843' title='bbox 2551 5633 2603 5679; x_wconf 84' lang='lat' dir='ltr'><strong>et</strong></span> <span class='ocrx_word' id='word_1_844' title='bbox 2656 5624 2843 5681; x_wconf 84' lang='lat' dir='ltr'><strong>hilaris</strong></span> <span class='ocrx_word' id='word_1_845' title='bbox 2885 5639 2982 5694; x_wconf 87' lang='lat' dir='ltr'><strong>per</strong></span> <span class='ocrx_word' id='word_1_846' title='bbox 3025 5622 3298 5678; x_wconf 89' lang='lat' dir='ltr'><strong>dationem</strong></span> <span class='ocrx_word' id='word_1_847' title='bbox 3348 5621 3511 5691; x_wconf 73' lang='lat' dir='ltr'><strong>virga:</strong></span> <span class='ocrx_word' id='word_1_848' title='bbox 3559 5625 3762 5687; x_wconf 72' lang='lat' dir='ltr'><strong>pastor:-</strong></span> 
     </span>
    </p>
   </div>
   <div class='ocr_carea' id='block_1_118' title="bbox 2202 5708 3751 5777">
    <p class='ocr_par' dir='ltr' id='par_1_118' title="bbox 2202 5708 3751 5777">
     <span class='ocr_line' id='line_1_118' title="bbox 2202 5708 3751 5777; baseline -0.01 -6"><span class='ocrx_word' id='word_1_849' title='bbox 2202 5716 2266 5771; x_wconf 84' lang='lat' dir='ltr'><strong>lis</strong></span> <span class='ocrx_word' id='word_1_850' title='bbox 2333 5717 2477 5772; x_wconf 91' lang='lat' dir='ltr'><strong>illico</strong></span> <span class='ocrx_word' id='word_1_851' title='bbox 2549 5717 2682 5772; x_wconf 89' lang='lat' dir='ltr'><strong>duos</strong></span> <span class='ocrx_word' id='word_1_852' title='bbox 2754 5718 2819 5770; x_wconf 90' lang='lat' dir='ltr'><strong>de</strong></span> <span class='ocrx_word' id='word_1_853' title='bbox 2883 5714 3093 5770; x_wconf 86' lang='lat' dir='ltr'><strong>clericis</strong></span> <span class='ocrx_word' id='word_1_854' title='bbox 3143 5712 3256 5769; x_wconf 87' lang='lat' dir='ltr'><strong>suis</strong></span> <span class='ocrx_word' id='word_1_855' title='bbox 3332 5712 3543 5766; x_wconf 88' lang='lat' dir='ltr'><strong>duobus</strong></span> <span class='ocrx_word' id='word_1_856' title='bbox 3582 5708 3751 5777; x_wconf 35' lang='lat' dir='ltr'><strong>episeo‘</strong></span> 
     </span>
    </p>
   </div>
   <div class='ocr_carea' id='block_1_119' title="bbox 2202 5790 3757 5882">
    <p class='ocr_par' dir='ltr' id='par_1_119' title="bbox 2202 5790 3757 5882">
     <span class='ocr_line' id='line_1_119' title="bbox 2202 5790 3757 5882; baseline -0.006 -21"><span class='ocrx_word' id='word_1_857' title='bbox 2202 5808 2417 5882; x_wconf 84' lang='lat' dir='ltr'><strong>patibus</strong></span> <span class='ocrx_word' id='word_1_858' title='bbox 2483 5807 2750 5863; x_wconf 76' lang='lat' dir='ltr'><strong>ittvcstivit</strong></span> <span class='ocrx_word' id='word_1_859' title='bbox 2789 5847 2805 5875; x_wconf 93' lang='lat'><strong>,</strong></span> <span class='ocrx_word' id='word_1_860' title='bbox 2870 5790 3159 5880; x_wconf 69' lang='lat' dir='ltr'><strong>Rogérium</strong></span> <span class='ocrx_word' id='word_1_861' title='bbox 3217 5802 3466 5861; x_wconf 81' lang='lat' dir='ltr'><strong>videlicet</strong></span> <span class='ocrx_word' id='word_1_862' title='bbox 3528 5792 3757 5856; x_wconf 69' lang='lat' dir='ltr'><strong>cancdla-</strong></span> 
     </span>
    </p>
   </div>
  </div>
