3890 6306
83 340 175 395 337
1166 335 1482 395 HISTORIA
1523 336 1886 396 NOYORUM.
1919 371 1991 382 —-
2027 339 2154 397 LIB.
2192 341 2280 398 ﬁl.

3263 346 3359 407 ιῖἰῖ

85 438 212 491 rium
257 445 285 476 ι
339 433 650 506 episcopatu
693 430 1070 498 Serberueusu,’
1081 439 1132 485 et
1161 433 1326 487 aiiuun
1355 430 1666 502 Rogerium,
1696 438 1746 498 Α
1776 437 2100 493 Simouuiacae
2126 437 2350 492 haeresis
2369 437 2646 510 subreptio
2667 438 2730 495 in
2743 439 2932 495 eodem
2957 441 3189 498 concilio
3208 441 3363 497 dam-

85 524 432 584 larderarium
470 525 499 566 δ
557 541 736 590 suum,
771 524 1085 594 pontiﬁcatu
1109 522 1522 581 Iierel‘ordensi.

146 617 248 674 Per
280 618 424 675 ideuu
454 627 662 690 tempus
705 617 1036 675 celebratum
1082 627 1166 674 est
1203 617 1453 686 generale
1487 619 1670 674 conci-

83 713 203 768 lium
229 713 606 783 cpiscoporum
632 721 687 768 et
707 713 964 768 abbatum
990 712 1154 768 totius
1177 712 1327 784 regni
1351 713 1404 767 in
1435 712 1667 768 ecclesia

85 805 218 862 beati
255 801 406 860 Petri
436 803 798 875 apostolorum
842 803 1122 874 principis,
1169 819 1289 873 quae
1332 804 1385 858 in
1416 804 1669 860 occiden-

88 898 167 954 tali
199 907 360 969 parte
386 897 679 954 Lundoniae
721 899 825 952 sita
871 907 972 953 est.
1017 897 1116 955 Cui
1155 892 1388 953 couucilio
1418 896 1668 968 prmsedit

85 991 366 1047 Anselmuus
388 991 825 1060 archiepiscopus
864 989 1311 1055 Dorobernensis,
1338 990 1669 1044 considenti-

85 1085 176 1141 bus
203 1100 394 1141 secum
417 1083 829 1154 archiepiscopo
853 1081 1202 1142 Eboracensi.
1231 1080 1369 1137 Gera
1381 1082 1496 1147 rdo,
1520 1079 1668 1135 Man.

87 1179 200 1234 ritio
242 1179 500 1248 episcopo
539 1174 932 1240 Luuudonieuusi,
974 1173 1285 1231 Willhelmo
1333 1176 1508 1229 electo
1555 1174 1669 1244 epi-

85 1285 240 1341 scopo
279 1267 668 1332 Wintoniensi,
703 1267 943 1324 Roberto
979 1269 1233 1338 episcopo
1282 1267 1666 1333 Lincolniensi,

86 1363 344 1420 Samsone
383 1362 760 1435 Wigoruensi,
808 1361 1045 1418 Roberto
1085 1361 1408 1425 Crsuensi,
1461 1359 1669 1418 Joanne

85 1457 480 1522 Bartboniensi,
508 1455 776 1512 Herberto
818 1454 1173 1518 Norwiceusi,
1207 1455 1486 1524 lladulpluo
1514 1454 1670 1510 Cice-

84 1548 298 1612 strcnsi,
323 1547 642 1618 Gondulpho
683 1546 940 1612 Roﬂ'ensi,
981 1546 1189 1603 liorvco
1229 1545 1586 1618 Pauugorensi,
1613 1553 1669 1601 et

83 1640 288 1695 duobus
334 1640 550 1694 noviter
596 1639 879 1704 institutis,
938 1639 1174 1710 Rogerio
1218 1639 1427 1694 scilicet
1471 1636 1670 1694 Serbe—

82 1731 242 1787 riensi
306 1739 362 1786 et
413 1731 645 1802 [tugurio
697 1730 1102 1788 llerefordensi.
1161 1731 1437 1789 Osbernus
1487 1742 1667 1788 autent

82 1823 424 1887 Exoniensis,
469 1823 785 1878 inﬁrmitate
835 1823 1088 1880 detentus
1137 1835 1190 1888 ο,
1240 1823 1506 1882 interesse
1561 1839 1667 1882 non

81 1916 272 1987 potuit.
301 1915 356 1970 In
387 1917 489 1971 luoc
507 1915 739 1970 concilio
765 1916 932 1971 muulta
955 1916 1344 1972 ecclesiastica:
1371 1917 1669 1988 disciplina

81 2007 387 2065 necessaria
441 2007 647 2062 servari
699 2006 988 2063 Anselmus
1039 2008 1304 2074 instituit,
1351 2023 1472 2079 quae
1523 2015 1668 2077 post-

80 2103 295 2156 modum
340 2099 484 2156 sedis
533 2100 853 2171 apostolicue.
896 2100 1136 2172 pontifex
1185 2116 1282 2156 sua
1342 2101 1669 2159 auctoritate

77 2195 434 2249 conﬁrmavit.
473 2192 640 2264 Cujus
686 2193 902 2249 concilii
947 2193 1168 2257 seriem,
1198 2192 1338 2249 sicut
1378 2194 1446 2250 ab
1477 2195 1667 2250 eodem

76 2287 230 2342 Patre
256 2286 512 2342 Auusclmo
537 2285 807 2356 descripta
827 2294 933 2351 est,
965 2285 1090 2340 huic
1115 2285 1266 2355 operi
1290 2285 1538 2342 inserere
1559 2295 1666 2341 non

77 2378 432 2448 incongruum
455 2376 904 2432 existimavimus.
937 2374 1142 2430 Scribit
1168 2375 1457 2448 itaquesic
1481 2393 1500 2431 :

135 2471 304 2524 Anno
328 2469 623 2524 Douuiuicae
647 2467 1038 2524 luucarnatiouis
1060 2468 1348 2525 millesimo
1371 2469 1668 2526 centesimo

72 2562 334 2630 secundo,
363 2571 558 2632 quuarto
587 2574 764 2618 autem
803 2561 1122 2631 praesulatus
1156 2561 1434 2618 Paschalis
1470 2561 1666 2618 summi

73 2654 374 2724 pontiﬁcis,
407 2655 567 2708 tertio
605 2655 757 2722 reguui
792 2654 1006 2709 Henrici
1038 2655 1255 2725 gloriosi
1294 2656 1436 2726 regis
1464 2655 1668 2725 Anglo-

71 2763 182 2802 rum
212 2787 230 2811 ,
279 2747 394 2817 ipso
443 2755 733 2812 auunuente,
783 2747 1114 2802 celebratum
1154 2757 1237 2803 est
1277 2747 1562 2803 concilium
1613 2748 1666 2804 in

65 2839 301 2895 ecclesia
333 2839 474 2893 beati
516 2839 687 2904 Petri,
726 2839 778 2894 in
809 2837 1128 2895 occidentali
1153 2848 1307 2909 parte
1339 2840 1491 2910 juuxta
1519 2841 1666 2896 Lutu-

67 2932 292 2986 doniam
342 2931 482 2996 sita,
531 2930 801 2986 communi
858 2946 1143 2987 consensu
1175 2931 1553 3001 episcoporum
1613 2939 1669 2988 et

68 3023 333 3079 abbatum
364 3033 420 3080 et
445 3022 751 3095 priuucipuum
794 3024 960 3080 totius
990 3023 1162 3096 regni.
1197 3023 1252 3078 ln
1289 3039 1396 3094 quo
1419 3024 1670 3094 praesedit

1768 543 1894 587 nata
1929 543 2030 589 est.
2069 533 2262 604 inqua
2309 533 2464 604 culpa
2503 532 2705 588 inventi
2735 532 2966 602 depositi
3009 522 3136 590 sunt
3182 533 3361 590 Guiqu

1766 625 1936 682 abbas
1968 623 2036 679 de
2059 624 2323 681 Perscore
2368 623 2420 694 δέ
2459 633 2517 681 ct
2555 624 2882 681 Wimundus
2935 626 3002 681 de
3032 617 3356 694 V'avestocb,

1767 727 1819 773 et
1869 718 2178 774 Ealdwinus
2206 719 2273 774 de
2298 718 2603 780 Ranueseia,
2635 728 2691 772 et
2733 719 2828 774 alii
2865 720 3100 774 nondum
3139 721 3364 785 sacrati,

1769 806 1962 862 remoti
1986 809 2054 862 ab
2080 807 2333 873 abbatiis,
2357 806 2563 862 scilicet
2583 805 2846 861 Godricus
2861 808 2926 861 de
2945 808 3140 878 Burge,
3170 808 3360 862 Iiaiuno

1769 897 2084 962 de'Cernel,
2115 897 2394 969 Egelricus
2429 897 2497 952 de
2527 895 2845 962 Midcltune;
2890 897 3095 968 absque
3128 897 3359 953 simonla

1769 1006 1898 1046 vero
1929 992 2118 1047 remoti
2152 1001 2278 1046 sunt
2313 992 2382 1046 ab
2422 989 2655 1046 abhatiis
2681 1006 2779 1060 pro
2818 1008 2912 1046 sua
2942 990 3142 1060 quique
3172 1003 3356 1053 causa,

1769 1077 2036 1138 Ricardus
2059 1083 2127 1136 de
2154 1081 2289 1145 Ileli,
2322 1090 2378 1136 et
2408 1080 2678 1136 Robertus
2723 1082 2791 1136 de
2825 1083 3026 1136 Sancto
3051 1081 3357 1145 Edmundo,

1770 1185 1823 1231 et
1847 1175 1937 1245 qui
1966 1183 2082 1228 erat
2108 1175 2248 1242 apuud
2280 1173 2573 1229 S'liceleuuci.

1833 1267 2116 1322 ,Statutuum
2143 1281 2358 1337 quoque
2386 1275 2468 1321 est
2498 1281 2566 1321 ne
2595 1265 2832 1338 episcopi
2861 1260 3358 1334 smuulzuriuunu’pla-

1771 1357 2002 1412 citorum
2030 1353 2265 1410 cilicium
2315 1355 2634 1426 suscipiant,
2673 1365 2728 1412 et
2771 1363 2850 1422 ut,
2887 1370 2990 1409 non
3043 1352 3184 1408 sicut
3213 1351 3356 1420 laici,

1771 1449 1864 1504 sed
1887 1458 1946 1502 ut
1973 1449 2253 1520 religiosas
2281 1463 2542 1520 personas
2575 1447 2754 1518 decet,
2785 1447 3064 1503 ordinatas
3096 1445 3241 1518 leges
3263 1446 3362 1501 ha-

1769 1543 1954 1610 beant,
1994 1554 2049 1599 et
2100 1553 2158 1599 ut
2203 1559 2416 1615 semper
2453 1554 2509 1600 et
2563 1544 2763 1615 ubique
2801 1545 3056 1600 honestas
3101 1536 3361 1614 personas

1773 1644 1937 1691 testes
1967 1634 2198 1690 luabeant
2228 1648 2339 1689 sum
2367 1634 2821 1690 conversationis.

1846 1724 1916 1782 Ut
1939 1727 2100 1782 etiam
2127 1725 2596 1782 archidiaconatuus
2617 1741 2724 1781 non
2756 1726 2951 1782 dentur
2973 1725 3038 1780 ad
3069 1725 3278 1779 ﬁrmam
3307 1735 3354 1777 ο.

1701 1802 1743 1862 Β
1843 1814 1914 1872 Ut
1942 1815 2304 1873 archidiaconi
2335 1817 2445 1871 sint
2472 1816 2704 1872 diaconi.
2740 1885 2748 1893 θ

1841 1911 1914 1968 Ut
1960 1911 2138 1966 nullus
2186 1909 2630 1975 archidiaconus,
2699 1909 3006 1979 presbyter,
3053 1905 3356 1976 diazcnus,

1769 2003 2067 2061 canonicus
2095 2017 2317 2059 uxorem
2345 2001 2529 2067 ducat,
2556 2000 2640 2056 vel
2669 2001 2883 2056 ductam
2930 1999 3184 2055 retineat.
3221 1996 3360 2054 Sub-

1770 2099 2031 2154 diaconus
2073 2112 2202 2152 vero
2251 2096 2502 2166 quilibet,
2551 2096 2641 2166 qui
2682 2095 2978 2151 canonicus
3026 2110 3130 2150 non
3175 2101 3279 2158 est,
3311 2091 3359 2150 si

1767 2197 1892 2261 post
1929 2186 2322 2258 professionem
2353 2186 2626 2243 castitatis
2651 2201 2876 2242 uxorem
2902 2187 3139 2251 duxerit,
3172 2185 3358 2243 sadem

1769 2280 1955 2352 regula
1984 2281 2407 2351 constringatur.
3359 2323 3367 2335 .

1845 2373 1867 2414 ί
1901 2372 1971 2429 Ut
2016 2373 2316 2445 presbyter,
2342 2373 2580 2445 quuandiu
2611 2371 2850 2429 illicitam
2895 2357 3358 2427 conversationem

1769 2449 2013 2523 mulieris
2044 2467 2314 2532 habuerit,
2347 2482 2451 2522 non
2491 2468 2562 2523 sit
2596 2466 2815 2537 legalis,
2842 2481 2939 2522 nec
2968 2465 3188 2519 missam
3218 2462 3368 2518 cele«

1769 2557 1909 2621 brct,
1940 2573 2060 2624 uuec,
2093 2557 2138 2612 si
2169 2556 2548 2623 celebraverit,
2576 2557 2694 2628 ejus
2722 2557 2886 2612 missa
2919 2555 3186 2610 audiatur.

1844 2647 1915 2703 Ut
1947 2647 2126 2702 uuullus
2163 2647 2228 2702 ad
2255 2647 2703 2704 suubdiaconatum
2745 2655 2840 2704 aut
2880 2662 3041 2718 supra
3081 2645 3364 2700 ordinetur

1771 2739 1888 2795 sine
1915 2737 2253 2810 professione
2279 2739 2569 2794 castitatis.
3001 2747 3008 2752 ‘

1842 2832 1912 2889 Ut
1941 2831 2032 2888 lilii
2067 2830 2508 2905 presbyterorum
2547 2848 2653 2889 non
2683 2833 2792 2890 sint
2823 2832 3063 2889 haeredes
3088 2821 3358 2888 Ecclesia;

1771 2937 1890 2979 rum
1920 2933 2132 2993 patruum
2160 2938 2404 2980 suorum.
3137 2985 3139 2987 ι

1843 3013 1921 3072 Ne
1943 3016 2170 3087 quilibet
2197 3016 2380 3073 clerici
2421 3015 2528 3072 sint
2554 3017 2894 3073 suecularium
2939 3016 3235 3090 prmpositi,
3277 3015 3361 3072 vel

68 3117 388 3180 Anselmus,
420 3115 859 3186 archiepiscopus
911 3115 1341 3171 Doroberneusis
1377 3124 1432 3170 et
1465 3116 1670 3186 primas
1695 3150 1742 3214 ο
1772 3117 2157 3180 procuratores
2189 3119 2282 3165 aut
2305 3109 2518 3181 iudices
2541 3109 2841 3180 sanguinis.

69 3209 238 3264 totius
277 3206 594 3273 Britanniae,
640 3207 1046 3262 considentibus
1092 3206 1498 3262 venerabilibus
1532 3208 1668 3264 viris

66 3300 320 3356 Gerardo
351 3300 675 3355 Eboracensi
703 3299 1131 3370 archiepiscopo,
1162 3299 1411 3355 Mauritio
1450 3299 1667 3356 Lundo-

66 3395 246 3450 niensi
297 3394 552 3464 episcopo
579 3432 596 3459 ,
639 3391 948 3448 Willluelmo
993 3390 1287 3448 Wintonire
1337 3392 1513 3449 electo
1555 3393 1671 3464 epi-

67 3502 258 3557 scopo,
292 3485 522 3555 aliisque
555 3495 664 3540 tam
694 3482 963 3555 episcopis
992 3499 1152 3555 quam
1194 3484 1500 3542 abbatibus.
1531 3484 1667 3542 lluic

67 3576 368 3632 conventui
394 3574 708 3641 adfuerunt,
738 3576 996 3631 Anselmo
1017 3573 1428 3646 archiepiscopo
1451 3586 1668 3646 petente

66 3683 94 3720 a
120 3681 272 3736 rege,
301 3666 570 3737 primates
620 3665 794 3737 regni,
836 3675 1103 3736 quatenus
1130 3668 1392 3739 quidquid
1421 3668 1685 3740 ejusdem

67 3759 286 3814 concilii
331 3758 653 3813 auctoritate
696 3759 1100 3822 decerneretur,
1130 3761 1415 3831 utriusque
1455 3761 1666 3818 ordinis

64 3851 334 3908 concordi
363 3866 494 3907 cura
530 3858 585 3906 et
603 3849 965 3906 sollicitudine
999 3860 1171 3907 tutum
1201 3865 1532 3908 servaretur.
1575 3853 1668 3911 Sic

58 3942 206 3996 enim
233 3955 465 3997 necesse
492 3950 631 4007 erat,
656 3957 780 3996 cum
814 3942 998 3998 multis
1039 3953 1186 3999 retro
1213 3947 1390 4010 annis,
1416 3946 1658 4018 synodali

61 4035 278 4090 cultura
313 4043 585 4098 cessante,
616 4036 870 4090 vitiorunu
900 4038 1152 4106 vepribus
1179 4041 1664 4108 succrescentihus,

59 4125 396 4183 Christiana:
409 4127 681 4196 religionis
696 4127 874 4182 fervor
889 4128 939 4182 in
957 4129 1144 4200 Anglia
1156 4130 1321 4186 nimis
1333 4131 1675 4202 refriguerat.

127 4221 388 4277 Primum
427 4221 610 4291 itaque
641 4235 709 4276 ex
746 4221 1068 4277 auctoritate
1099 4231 1413 4278 sanctorum
1446 4223 1669 4279 Patrum

1844 3201 1917 3258 Ut
1967 3203 2265 3275 presbyteri
2310 3218 2416 3259 non
2459 3212 2587 3260 eant
2649 3203 2716 3258 ad
2762 3202 3065 3276 potationes
3091 3243 3106 3268 .
3143 3215 3246 3258 nec
3293 3197 3361 3257 ad

1773 3296 1966 3368 pinnas
1999 3299 2026 3338 ε
2047 3297 2255 3352 bibant.
3341 3279 3356 3328 η’

1765 3401 1786 3416 ·’
1847 3388 1919 3447 Ut
1943 3399 2121 3446 vestes
2162 3390 2481 3447 clericorum
2514 3390 2626 3448 sint
2649 3391 2810 3450 unius
2832 3391 3051 3460 coloris,
3074 3401 3126 3448 et
3155 3389 3362 3449 calcea-

1774 3493 1954 3539 menta
1978 3487 2250 3539 ordinata.
3143 3497 3147 3500 '

1849 3573 1917 3632 Ut
1942 3575 2192 3631 monachi
2239 3583 2296 3632 et
2335 3575 2518 3632 clerici
2562 3577 2655 3648 qui
2686 3578 2932 3634 ordinem
2967 3590 3125 3634 suum
3152 3575 3361 3649 abiece-

1772 3676 1920 3734 runt,
1953 3675 2046 3723 aut
2074 3666 2318 3733 redeant,
2348 3677 2440 3724 aut
2479 3670 3035 3727 excommuniceutur.

1847 3757 1913 3815 Ut
1942 3758 2123 3815 clerici
2157 3767 2406 3830 patentes
2434 3775 2662 3817 coronas
2689 3762 2947 3817 habeant.

1841 3849 1914 3907 Ut
1943 3851 2166 3907 decimae
2195 3851 2407 3907 nonnisi
2432 3852 2689 3908 Ecclesiis
2718 3854 2932 3908 dentuur.

1842 3943 1921 4000 Ne
1953 3943 2198 4000 ecclesiae
2227 3954 2320 3999 aut
2349 3945 2654 4014 praebendas
2682 3952 2953 4001 emantur.

1844 4035 1922 4093 Ne
1944 4051 2095 4092 nova:
2121 4036 2339 4107 capellae
2363 4035 2492 4090 [iant
2519 4037 2638 4093 sine
2662 4050 2937 4111 consensu
2957 4035 3214 4106 episcopi.

1848 4128 1926 4183 Ne
1947 4129 2176 4184 ecclesia
2217 4137 2464 4184 sacretur
2489 4128 2662 4186 donec
2690 4128 3079 4200 provideantur
3113 4142 3378 4186 necessao~

1777 4226 1860 4282 ria
1888 4235 1942 4282 et
1963 4228 2280 4302 presbytero
2306 4236 2361 4286 et
2385 4229 2645 4287 ecclesiae.

1390 4334 1802 4398 HENSCHENII
1843 4341 2074 4398 NOTAE.

125 4439 153 4468 ι
193 4427 403 4497 Bogeri
449 4424 876 4498 Sarisburiensis
917 4435 1076 4498 pater
1108 4425 1378 4496 Rogcrus.
1419 4441 1484 4481 ex
1521 4445 1656 4498 pau‘

1853 4447 1877 4510 ἦ
1908 4435 2069 4490 Multa
2101 4436 2470 4510 eruditissime
2499 4415 2702 4510 colligit
2740 4439 3099 4510 Spelunannus
3128 4440 3180 4496 in
3211 4417 3360 4496 Gloss

63 4513 205 4580 ηενρ
233 4495 562 4580 presbyter?
593 4495 957 4580 miii'Sliliqrii
992 4495 1664 4580 sununierec‘tuspotena
1696 4507 1748 4569 D
1773 4507 1940 4580 sario,
1984 4515 2041 4560 ut
2066 4509 2341 4569 ostendat.
2362 4511 2434 4580 ad
2464 4495 2674 4578 βνηιηῆι
2719 4495 2840 4565 ἀπ’νὶ
2890 4495 3240 4567 fundumaut
3270 4495 3360 4568 be-

61 4570 196 4624 tiam
235 4567 353 4623 sub
379 4567 482 4622 hoc
514 4567 774 4639 Henrico,
801 4567 954 4639 cujus
988 4569 1222 4639 gratiam
1263 4568 1497 4639 iuudignis
1531 4571 1660 4623 arti-

53 4640 159 4693 bus
196 4649 510 4702 meruuerat,
558 4637 866 4692 cancellarii
899 4653 1116 4708 quoque
1148 4637 1460 4707 dignitatem
1495 4642 1660 4697 notluo

56 4713 138 4764 sui
171 4709 448 4782 obtinuit:
481 4708 593 4782 qui
616 4723 757 4782 nunc
809 4708 1425 4782 episcopatuﬂdonatus.
1469 4721 1658 4782 postea

53 4791 330 4834 extremae
379 4778 594 4848 llenrici
647 4777 909 4848 voluntati
965 4777 1220 4838 infidelis.
1275 4777 1660 4848 auctor'fnit,

55 4851 292 4905 exclusa
326 4847 588 4902 Mathilde
614 4848 743 4908 lilia,
776 4847 1112 4917 Stephanum
1148 4863 1330 4918 regem
1362 4850 1622 4918 eligendi.

127 4921 159 4960 δ
188 4919 566 5002 ιιαγάετανὶυε.
586 4919 802 5002 dieitur,
851 4917 1329 5002 petitu-prafeetuus_.
1356 4935 1384 4972 a
1411 4917 1661 4986 lauderio,

50 4991 204 5060 quod
231 4999 320 5060 est
341 5004 504 5058 penu,
524 4989 603 5044 sic
626 4989 828 5043 dictum
856 4987 1000 5060 quia
1024 4987 1078 5043 in
1109 5004 1174 5044 eo
1201 4987 1409 5043 lardum
1447 5007 1671 5046 conser-

51 5059 250 5114 vatur.
269 5059 385 5114 Non
411 5060 973 5132 poteratdignioribus
992 5060 1253 5116 incluoare
1283 5069 1390 5115 tam
1418 5062 1669 5134 iuudignus

49 5141 372 5202 promotor.

129 5214 153 5240 ε
201 5220 223 5252 u
277 5201 576 5268 Oshernus,
610 5217 715 5256 non
746 5202 936 5272 paucis
988 5201 1148 5272 anuis
1194 5200 1398 5272 lumine
1448 5212 1662 5272 captus,

49 5271 204 5326 vixit
239 5273 306 5325 ad
339 5288 541 5326 annum
563 5287 613 5325 uv
641 5272 782 5342 regis
805 5271 1042 5326 llenrici.
1075 5291 1094 5323 ι
1116 5271 1193 5342 ita
1222 5271 1664 5330 Malmesburien-

51 5342 158 5397 sis.
203 5342 289 5396 Ex
315 5358 424 5409 quo
453 5358 616 5411 supra
640 5341 932 5397 statuimus
960 5356 1050 5396 an.
1092 5341 1231 5398 1405
1273 5344 1495 5399 abiisse.
1544 5406 1546 5408 τ

126 5411 157 5452 τι
178 5412 372 5482 iErant
399 5413 627 5482 abbatite
653 5413 719 5465 de
741 5412 1006 5466 Pershore
1031 5412 1085 5467 in
1113 5429 1244 5482 agro
1275 5413 1659 5482 Wigorniensi,

51 5483 120 5536 de
147 5481 469 5537 Tavestoch
499 5481 551 5536 in
587 5483 843 5546 Detonia,
870 5483 936 5536 de
965 5481 1242 5551 Remeseja
1277 5484 1328 5536 in
1361 5481 1662 5539 liutnlindd-

3 5604 7 5607 _
49 5551 220 5622 pensi
267 5553 557 5614 comitatu,
619 5553 686 5608 de
734 5551 913 5620 Burgo
965 5568 1058 5608 seu
1108 5553 1556 5622 Petroburgensis
1605 5557 1657 5610 in

48 5621 509 5694 ﬁertluamtouuia,
538 5623 606 5679 de
640 5623 834 5694 (lernel
863 5625 914 5677 in
951 5639 1083 5694 agro
1121 5621 1516 5680 Souncrsetensi
1542 5660 1556 5688 ,
1591 5626 1659 5680 de

49 5691 404 5765 Biululeltune
429 5693 646 5765 inagro
674 5691 1010 5749 DorseteusiI
1033 5694 1107 5765 De
1128 5693 1441 5765 inundatione
1463 5704 1518 5750 et
1537 5696 1658 5754 aliis

47 5764 273 5888 inruat
294 5764 661 5821 coenobiorum
688 5765 852 5827 rebus
872 5764 1261 5832 consulendum
1300 5764 1654 5825 Monasticqu

102 5847 484 5888 octauum.
546 5846 574 5880 ι
685 5878 687 5881 .
779 5880 782 5883 .
879 5850 895 5884 ν,
1061 5869 1067 5875 .
1629 5852 1632 5855 -

102 5844 484 5899 natucanum.’
546 5846 574 5880 κ
685 5878 687 5881 .
779 5880 782 5883 .
879 5850 895 5884 ν,
1061 5869 1067 5875 .
1629 5852 1632 5855 -

1773 4578 2049 4650 uueliciuuuu,
2087 4592 2210 4652 cum
2254 4579 2542 4652 traduntur
2573 4583 2671 4636 sub
2716 4582 3042 4652 obligatione
3085 4582 3383 4649 praebendi

1765 4664 1946 4704 annue
1973 4649 2202 4703 convivii
2259 4665 2353 4705 seu
2397 4650 2564 4718 epuuli,
2598 4652 2664 4706 ad
2695 4649 2900 4707 certam
2934 4653 3174 4720 pecuniae
3213 4669 3361 4706 suun-

1766 4733 1908 4774 mam
1935 4727 2252 4788 certumque
2295 4721 2504 4775 dierum
2555 4739 2841 4777 numerum
2869 4722 3034 4776 laxati
3067 4737 3083 4774 :
3112 4731 3169 4777 et
3213 4723 3344 4776 hinc

1767 4805 1962 4844 tuonuen
1989 4790 2179 4862 [iu-mre,
2213 4807 2320 4862 non
2364 4800 2570 4846 tantuum
2596 4808 2696 4862 pro
2725 4793 2850 4848 villa
2878 4807 2972 4847 seu
3000 4792 3226 4862 praedio.
3259 4791 3360 4846 sub

1767 4876 1945 4913 annua
1975 4860 2237 4929 pensione
2267 4860 2608 4926 eloeato,sed
2635 4864 2798 4918 etiam
2829 4878 2926 4930 pro
2946 4860 3197 4916 convivio
3218 4862 3358 4916 sumi

1771 4932 1910 4998 apud
1935 4941 2184 4986 auctores
2221 4931 2897 5001 Anglo-Saxonicos.’l‘ale
2922 4932 3052 5001 quid
3093 4933 3183 4986 hic
3207 4933 3366 4987 vide-

1773 5009 1927 5055 retur
1962 5001 2263 5068 proluiheri,
2291 5011 2480 5070 uutpote
2528 5003 2876 5058 honestatem
2928 5001 3354 5057 ecclesiasticam

1773 5070 1928 5144 valde
1977 5072 2196 5144 laulens,
2225 5071 2328 5126 nisi
2355 5087 2476 5144 mox
2510 5072 2645 5126 infra
2674 5073 2835 5144 sinuili
2884 5073 3068 5139 phrasi
3106 5083 3159 5126 et
3193 5073 3356 5144 plane

1771 5140 1824 5195 in
1857 5157 2018 5196 sensuu
2069 5142 2229 5197 obvio
2259 5143 2636 5210 prohiberetur
2663 5141 2945 5198 monachis
2998 5153 3169 5198 tenere
3195 5140 3354 5199 suum

1769 5211 2094 5283 adﬁrmant,
2123 5211 2175 5283 id
2206 5220 2292 5283 est
2328 5214 2428 5266 sub
2451 5227 2630 5283 annuo
2660 5214 2836 5283 pretio
2858 5213 3181 5269 conductas.

1846 5281 1866 5322 ι
1893 5281 2098 5350 Legatis
2127 5280 2350 5347 dicitur,
2374 5283 2464 5352 quti
2489 5280 2693 5338 nullum
2723 5285 2887 5339 habet
2911 5286 3354 5352 impedimentum

1770 5352 2058 5425 quominus
2101 5352 2156 5407 iuu
2186 5353 2337 5407 curia
2371 5352 2540 5423 possit
2564 5369 2628 5409 ex
2656 5355 2770 5425 lege
2799 5356 3072 5423 postuulare
3098 5365 3154 5410 et
3175 5367 3356 5424 postu-

1770 5420 1896 5490 lari,
1925 5422 2112 5490 quales
2144 5439 2247 5477 non
2277 5420 2401 5478 sunt
2439 5420 2892 5479 exconumuinicati
2926 5434 3021 5480 aut
3068 5420 3302 5480 infames
3334 5441 3348 5479 :

1769 5493 1872 5564 hoc
1926 5504 2087 5548 sensu
2116 5491 2168 5547 in
2197 5492 2760 5562 formulisiudiciariis
2805 5497 3058 5552 dicuntur
3107 5496 3256 5564 probi
3303 5505 3369 5551 et-

1767 5562 1960 5638 legales
1991 5564 2226 5619 homines
2248 5583 2267 5621 :
2287 5573 2340 5619 et
2365 5566 2488 5638 hinc
2523 5565 2741 5638 ducitur
2766 5565 3032 5638 legalilas,
3061 5562 3129 5620 ad
3165 5567 3351 5638 hujus-

1771 5635 2232 5706 modi_honestam
2261 5635 2586 5706 qualitatem
2621 5635 3034 5706 designandum.
3098 5666 3107 5706 -ί
3163 5665 3168 5670 -
3304 5665 3342 5698 ,;;
3381 5664 3383 5666 ·

1845 5708 1871 5748 8
1901 5703 2042 5791 ξὲηιι
2070 5703 2296 5791 Αηειίεέ
2321 5703 3341 5791 signiﬁcataciculamautetiamflae

1763 5792 1888 5834 vum
1914 5777 2146 5850 ligneum
2158 5771 2181 5833 ἶ
2194 5778 2289 5836 sed
2305 5771 2432 5850 quid
2456 5793 2517 5837 ea
2546 5781 2730 5841 tio'xad
2750 5773 3239 5850 compotationem?
3255 5771 3359 5831 νε·-
