3890 6306
129 346 219 404 ιιι

128 458 307 518 ordine
333 450 726 508 benedicendus
757 462 822 503 se
868 445 1115 502 manibus
1144 442 1333 497 Gerart

129 560 220 605 ret.
257 545 398 603 Unde
425 559 516 598 rex
545 543 702 596 nimis
732 542 900 595 iratus
945 553 1066 592 cum
1095 530 1268 608 gratia
1298 547 1393 587 sua
1433 528 1691 596 curiaquc

129 638 362 710 privavit.
409 635 685 690 Gerardus
717 632 918 702 itaque,
947 628 1168 701 sociatis
1205 625 1306 680 sibi
1341 621 1552 676 cunctis
1577 619 1690 688 cpio

126 719 290 799 scopis
339 726 562 796 Auglim,
612 725 857 780 residuos
907 725 1062 786 duos,
1106 721 1157 776 id
1204 728 1288 773 cst
1320 713 1686 771 Willhclmum

125 833 275 890 atque
303 817 614 886 Rogcrium,
645 826 824 884 spreta
861 815 1007 870 omni
1055 812 1327 881 mquilate,
1367 813 1569 862 statuto
1603 803 1689 858 die

124 910 398 968 Lundonia:
429 909 591 963 voluit
622 923 966 972 consecrare,
1004 904 1259 959 Ansclmo
1305 903 1357 956 in
1403 898 1526 952 villa
1570 912 1688 966 qua:

122 1021 216 1061 nou
245 1005 396 1075 longe
419 1010 521 1065 est,
549 1001 804 1054 Murtclac
833 1000 1070 1062 nomine,
1097 997 1426 1052 consistente
1449 1001 1505 1047 et
1531 1005 1688 1045 even-

124 1106 222 1150 tum
245 1094 322 1148 rei
345 1090 704 1164 prmstolaute.
749 1090 946 1145 Verum
986 1086 1253 1157 episcopis
1296 1086 1362 1138 ad
1409 1081 1685 1136 examina-

124 1187 304 1241 lioncnt
332 1184 718 1240 sacrandorum
747 1197 844 1252 pro
873 1197 1023 1238 more
1069 1178 1272 1250 paratis
1309 1185 1476 1246 atque
1505 1175 1683 1246 dispo-

120 1277 244 1340 sitis,
277 1275 635 1339 Willhclnus,
664 1288 850 1328 amore
885 1279 1240 1343 compunctus
1277 1268 1527 1338 justitite,
1558 1281 1686 1322 mox

119 1369 466 1428 iulturruit,et
503 1368 614 1421 suis
660 1365 910 1420 omnibus
958 1361 1172 1430 Spoliari
1231 1375 1390 1429 qttam
1445 1366 1552 1411 tant
1602 1356 1687 1411 in-

116 1453 260 1508 fando
303 1456 606 1510 ministerio
639 1455 738 1510 sub
767 1454 901 1508 tanti
940 1452 1180 1524 mysterii
1218 1448 1686 1506 administratione

114 1547 290 1601 collum
331 1545 593 1602 inclinare
633 1544 852 1614 delegit.
902 1543 1244 1612 Quapmpter
1282 1541 1543 1613 episcopi,
1588 1554 1683 1595 sua

115 1637 419 1696 confusione
454 1635 720 1707 percussi,
745 1633 944 1689 infecto
970 1634 1182 1705 negotio
1208 1631 1275 1688 ab
1303 1633 1532 1688 invicem
1562 1636 1689 1687 sunt

114 1715 240 1786 illico
269 1729 449 1786 divisi.
475 1728 558 1795 Ad
587 1728 702 1783 haec
743 1728 904 1783 totius
931 1727 1288 1782 multitudinis
1321 1741 1439 1795 quae
1479 1725 1555 1781 rei
1579 1740 1670 1780 ex-

113 1823 230 1874 itum
255 1829 504 1891 spectare
531 1829 881 1884 convenerat,
908 1818 1113 1874 clamor
1135 1818 1397 1882 insonuit,
1421 1834 1524 1872 una
1549 1831 1678 1872 voce

113 1910 462 1965 Willhehnum
497 1913 628 1968 recti
655 1921 977 1976 amatorem,
1007 1921 1061 1963 et
1089 1910 1396 1979 episcopos,
1429 1925 1533 1963 nou
1565 1908 1679 1979 cpi-

111 2020 302 2073 scopus,
336 2004 433 2058 sed
471 2006 697 2074 justitizn
731 2005 1159 2076 pracipitatorcs
1197 2017 1317 2057 csse
1349 2017 1679 2072 concrepan-

111 2096 186 2150 tis.
211 2098 277 2152 At
310 2097 408 2162 illi,
441 2099 639 2154 mentis
665 2114 776 2154 sua:
806 2114 1088 2154 rancorem
1124 2113 1188 2153 ex
1223 2097 1400 2152 vultus
1427 2096 1678 2150 immuta-

111 2191 236 2244 tione
261 2191 580 2259 pandentes,
612 2207 792 2264 regem
823 2194 1040 2257 adeunt,
1075 2192 1236 2247 illata:
1262 2192 1362 2246 sibi
1393 2198 1675 2246 contume-

107 2278 179 2333 liae
218 2282 610 2350 querimoniam
660 2298 842 2337 coram
893 2283 984 2338 illo
1034 2282 1375 2352 depromunt.
1391 2279 1677 2352 ,Willhel-

107 2309 179 2333 ηας
218 2309 610 2350 ιιυειιιυυιιιιιιιι
660 2309 842 2337 (uratur
894 2309 984 2338 Ιιιυ
1034 2309 1375 2352 υῦνϊυηιυιιιο
1442 2309 1676 2334 "tunet-

105 2384 210 2424 ntus
274 2369 323 2423 in
389 2370 632 2426 medium
699 2373 1000 2440 deducitur,
1074 2309 1499 2444 patrati,dt/licti
1552 2385 1676 2425 reus

106 2468 392 2533 accusatur.
428 2461 594 2516 minis
624 2478 728 2518 non
762 2463 966 2519 levibus
1005 2465 1131 2520 hinc
1179 2464 1306 2519 inde
1345 2463 1671 2518 concutitur.

105 2551 181 2606 llle
202 2561 302 2606 stat
325 2567 433 2606 nec
463 2553 616 2607 avelli
640 2564 824 2632 potest
849 2565 1078 2624 aJeclo,
1108 2566 1160 2610 et
1192 2557 1311 2612 ideo
1350 2556 1463 2610 suis
1493 2555 1672 2611 omni-

103 2641 187 2698 bus
211 2648 542 2716 exspoliatus
590 2645 905 2702 eliminatur
933 2665 963 2703 a
995 2664 1182 2720 regno.
1236 2647 1442 2716 Qumrit
1481 2646 1674 2702 Ansel-

104 2752 206 2792 lllllS
231 2753 387 2808 super
420 2738 545 2792 istis
575 2754 604 2792 a
635 2755 760 2810 rege
781 2740 1043 2811 judicium
1083 2751 1138 2796 et
1161 2741 1426 2812 justitiam
1453 2740 1673 2810 nequid-

101 2841 261 2893 quam.
289 2822 498 2883 lterum
527 2839 687 2900 atque
725 2831 922 2888 iterum
946 2846 1155 2902 preces
1186 2840 1242 2887 et
1273 2831 1542 2902 querelas,
1570 2846 1672 2903 pro

99 2918 333 2986 qualitate
374 2922 590 2994 negotii
639 2924 900 2994 suggerit,
946 2923 1041 2980 sed
1090 2923 1317 2980 ille-nec
1364 2939 1526 2996 prece
1569 2938 1672 2980 nec

32 3062 33 3070 χ
98 3013 406 3080 querimonia
451 3025 630 3071 motus
657 3025 834 3086 empto
864 3016 1127 3072 desistere
1155 3016 1345 3072 voluit.

157 3121 518 3194 Subsequcuti
548 3125 749 3182 dehinc
773 3126 945 3181 media
967 3126 1381 3197 quadragesima
1399 3125 1538 3196 fere,
1569 3142 1664 3182 rex
1697 3136 1739 3194 ο

102 3211 420 3272 Cantuariam
480 3217 673 3281 venit,
721 3218 996 3287 quzedam,
1033 3227 1091 3273 ut
1133 3219 1467 3286 ferebantur,
1517 3219 1668 3290 regni

102 3305 291 3371 negotia
341 3306 528 3362 Dofris
573 3322 696 3362 cum
742 3307 943 3363 comite
996 3307 1266 3364 Flandrite
1315 3318 1666 3366 tractaturus.

102 3388 314 3448 Mutatus
355 3404 543 3449 autem
594 3395 770 3449 triduo
811 3397 1112 3452 Cantuaria:
1160 3407 1264 3465 est,
1305 3408 1362 3454 et
1407 3401 1552 3470 quod
1602 3403 1672 3458 de

101 3477 290 3539 comitis
324 3487 861 3569 agebaturadventu
911 3488 1044 3544 nihil
1075 3489 1240 3547 fuisse
1284 3493 1524 3563 agnitum
1561 3502 1666 3551 est.

101 3570 327 3638 Aguittttn
345 3590 478 3629 vero
505 3583 591 3630 est
619 3591 789 3646 quare
811 3577 1112 3644 venerit,et
1143 3580 1310 3650 ipsius
1346 3597 1669 3640 moreocca—

100 3661 356 3731 siopatuit.
377 3667 431 3720 lu
464 3667 578 3722 illis
599 3670 796 3739 quippe
823 3671 1010 3726 diebus
1032 3687 1128 3742 per
1144 3687 1273 3728 suos
1295 3675 1668 3730 convenitAn-

101 3755 303 3810 selmum
330 3769 606 3828 quatenus
630 3775 726 3816 sua
743 3761 856 3832 jam
880 3763 1085 3818 diutina
1113 3766 1370 3834 patientia
1396 3767 1667 3824 delibutus

100 3862 416 3918 paternarum
448 3861 904 3915 consuetudinum
937 3862 1169 3932 amplius
1209 3862 1311 3918 sibi
1349 3864 1480 3919 nihil
1511 3865 1668 3919 dero-

99 3955 252 4012 gatet,
275 3964 342 4004 ue
372 3951 626 4006 irritatus
647 3961 932 4021 cogeretur
959 3962 1080 4008 actu
1107 3963 1410 4010 monstrare
1434 3955 1668 4026 qualiter

97 4052 149 4090 ea
181 4055 288 4108 quae
316 4056 512 4098 contra
559 4057 618 4100 se;
648 4045 880 4100 faciebat
924 4045 1026 4101 sibi
1079 4049 1332 4104 sederent
1376 4049 1429 4102 in
1462 4059 1662 4104 mente.

98 4125 232 4197 Nam,
263 4135 404 4190 sicut
452 4151 556 4206 per
602 4150 696 4193 eos
747 4137 837 4206 qui
889 4147 1222 4194 secretorum
1273 4140 1418 4196 illius
1456 4142 1663 4197 conscii

94 4235 230 4277 erant
254 4228 533 4282 nonnullis
559 4228 812 4293 innotuit,
843 4230 1183 4300 disposuerat
1219 4234 1360 4302 apud
1405 4246 1468 4289 se
1511 4232 1662 4288 illum

94 4323 172 4367 aut
195 4316 367 4386 aliquo
392 4319 550 4389 gravi
576 4323 824 4390 corporis
853 4324 1050 4378 damno
1077 4323 1350 4390 laesurum,
1397 4335 1487 4380 aut
1515 4335 1666 4380 certe

94 4400 354 4462 inhoneste
385 4420 546 4466 trans
589 4425 759 4466 mare.
783 4412 1083 4481 pulsurum,
1119 4429 1184 4469 ac
1231 4416 1445 4472 demum
1476 4417 1658 4472 omnia

90 4489 181 4557 iuri
205 4496 456 4556 Ecclesite
481 4504 841 4572 competentia
871 4505 1228 4576 direpturum,
1251 4509 1295 4562 si
1323 4524 1445 4563 eum
1469 4511 1538 4564 ad
1566 4525 1659 4566 ex-

95 4590 400 4648 secutionem
439 4608 557 4649 sua:
589 4594 884 4651 voluntatis
913 4598 978 4652 de
1014 4610 1137 4653 nota
1175 4600 1391 4668 querela
1423 4617 1528 4655 non
1563 4618 1656 4657 re-
1687 4628 1691 4630 ·

93 4681 267 4744 periret
296 4686 528 4739 omnino
567 4697 840 4754 paratum.
875 4689 1080 4755 Quibus
1115 4691 1333 4760 agnitis,
1377 4692 1448 4746 ita
1495 4692 1678 4748 Pater

91 4766 355 4827 Ausehnus
403 4777 692 4844 respondit
722 4793 736 4831 :
775 4793 794 4828 σ
829 4775 1012 4832 Nuntii
1047 4795 1194 4848 quast
1209 4796 1306 4852 pro
1329 4781 1508 4837 verbis
1537 4797 1659 4852 qua:

91 4857 369 4919 detulerunt
392 4867 636 4937 episcopi
663 4867 890 4925 Romam
918 4871 1112 4930 direxi.
1139 4872 1250 4940 jam
1279 4875 1480 4929 reversi
1507 4885 1654 4943 sunt,

88 4957 132 5000 et
165 4954 374 5010 veritati
402 4965 753 5026 attestantes,
793 4970 852 5016 ut
880 4962 1050 5026 aiunt,
1089 4963 1297 5018 litteras
1333 4965 1650 5021 attulerunt.

87 5035 220 5106 Ipsa,
270 5063 482 5115 quaeso,
534 5048 729 5106 litterae
758 5052 1133 5120 inspicientur,
1185 5057 1228 5110 si
1263 5055 1400 5112 forte
1447 5057 1498 5113 in
1551 5058 1656 5114 illis

88 5129 268 5201 aliquid
316 5140 466 5210 quod
507 5156 596 5197 me
621 5142 882 5199 voluntati
911 5159 1023 5204 suae
1051 5147 1484 5208 condescendere
1511 5149 1680 5206 sinat.

89 5219 392 5310 inﬁtiatur.
452 5230 837 5310 Nequaquam,
886 5237 994 5301 ait,
1041 5239 1298 5309 ambages
1346 5241 1650 5310 huiusmodi

89 5309 210 5368 υιιειὶ
225 5332 339 5378 non
371 5319 573 5389 feram,
599 5309 811 5382 finaletn
841 5342 1020 5384 causa:
1045 5328 1168 5384 volo
1198 5331 1405 5390 habere
1419 5309 1650 5388 senten-

1199 323 1516 384 lilSTOBIA
1559 313 1918 376 NOVORURL
1943 343 2012 353 —
2049 310 2178 366 LIB.
2217 308 2302 364 Ill.

1339 438 1369 492 li
1406 433 1690 492 submitte-
1718 434 1760 485 Α
1795 425 1943 478 tiam.
1977 422 2114 489 Quid
2141 420 2271 474 mihi
2293 420 2359 474 de
2387 419 2520 473 tnels
2543 431 2663 472 cum
2692 416 2865 488 papa?
2906 414 3038 484 Quae
3061 423 3370 471 antecesso-

3262 302 3371 357 H3

1796 529 1882 568 res
1913 511 2014 566 mei
2047 512 2149 566 hoc
2173 511 2224 564 iu
2257 525 2420 581 regno
2450 508 2828 578 possederunt,
2860 523 2978 561 mea
3003 517 3148 560 sunt.
3179 504 3304 560 Htec
3325 505 3372 560 si

1791 602 1913 672 quis
1939 601 2158 656 auferre
2186 599 2314 654 mihi
2349 599 2601 663 voluerit,
2635 599 2776 670 quod
2806 598 3056 653 inimicus
3098 612 3249 652 meus
3279 597 3382 660 sit,

1789 692 1964 746 omnis
1987 691 2076 760 qui
2105 706 2190 744 me
2218 689 2391 760 diligit
2421 689 2722 744 certissime
2751 688 2983 743 noverit.
3010 705 3029 739 ι
3060 686 3212 741 Tunc
3236 702 3378 757 prm-

1791 785 1872 840 sul
1901 785 1966 838 ad
1999 785 2098 839 ista
2134 800 2148 837 :
2177 801 2196 836 ‹
2236 781 2377 836 Nihil
2410 797 2597 836 corum
2629 796 2748 852 qua:
2776 781 2944 850 ipsius
2974 794 3093 836 esse
3130 779 3242 834 scio
3271 779 3378 847 ipsi

1793 874 1938 938 tollo,
1984 883 2078 928 aut
2131 873 2318 927 tollere
2364 871 2504 926 volo.
2543 872 2922 927 Verumtamen
2973 871 3183 925 noverit
3229 870 3371 940 quod

1788 984 1888 1022 nec
1933 983 2030 1036 pro
2077 965 2444 1036 redemptione
2478 965 2671 1034 capitis
2709 964 2812 1018 mci
2841 963 3177 1020 consentiam
3209 963 3257 1016 ei
3305 963 3386 1032 de,

1791 1057 1855 1111 iis
1892 1071 2010 1126 quae
2039 1070 2280 1126 praasens
2311 1055 2491 1108 audivi
2525 1056 2578 1108 in
2621 1054 2866 1108 Romano
2910 1054 3142 1110 concilio
3190 1053 3372 1122 prohi-

1788 1148 1927 1212 beri,
1957 1147 2060 1202 nisi
2096 1148 2164 1201 ab
2205 1147 2390 1202 eadem
2421 1147 2548 1201 sede
2577 1145 2984 1200 interdicturum
3016 1146 3370 1202 absolutiOuis

1788 1239 2056 1294 sententia
2081 1241 2329 1308 prodeat,
2359 1255 2388 1293 a
2419 1255 2521 1309 qua
2557 1238 2958 1294 constitutionis
2987 1237 3223 1309 ipsorum
3248 1239 3368 1293 vin-

1787 1329 1965 1385 culum
2004 1331 2222 1401 prodiit.
2259 1349 2278 1382 ι
2324 1330 2667 1401 Multiplieata
2698 1339 2823 1385 sunt
2853 1345 2982 1399 ergo
3007 1329 3170 1385 verba
3216 1329 3371 1385 istius

1788 1417 2024 1486 discidii,
2058 1428 2374 1490 tantumque
2409 1429 2629 1490 gravata
2675 1430 2732 1474 ut
2771 1417 2862 1473 lilii
2892 1418 3145 1474 Ecclesia!
3174 1431 3370 1489 magno

1788 1512 2044 1568 timerent
2075 1527 2142 1566 ne
2172 1511 2388 1567 Patrem
2423 1528 2580 1566 suum
2613 1512 2854 1582 protinus
2881 1511 3189 1580 perderent.
3221 1509 3378 1581 Ipsos‘

1789 1603 2082 1674 principes,
2115 1619 2344 1674 quorum
2386 1603 2629 1660 consiliis
2666 1615 2758 1657 rex
2799 1601 3146 1665 innitebatur,
3190 1602 3382 1657 consi-'

1791 1694 2070 1749 deratione
2109 1695 2410 1750 futurorum
2449 1696 2712 1749 malorum
2747 1694 3165 1764 ingemiscentes
3191 1693 3376 1767 lacrya

1710 1781 1754 1841 Β
1785 1784 1884 1837 mis
1912 1783 2186 1838 maduisse
2215 1784 2616 1854 conspeximus.
2653 1783 2813 1837 Fiunt
2849 1798 3038 1851 preces
3077 1795 3129 1838 et
3163 1787 3370 1862 oratio-

1781 1887 1876 1927 nes
1903 1874 1969 1927 ab
1997 1873 2235 1929 Ecclesia
2275 1873 2340 1927 ad
2377 1873 2678 1938 Christum,
2728 1881 2782 1927 et
2826 1875 2915 1942 pio
2944 1873 3143 1943 gemitu
3193 1875 3362 1929 inter-

1779 1957 2012 2032 pellatur
2049 1971 2316 2032 quati-nus
2336 1977 2448 2018 suae
2473 1963 2691 2033 pietatis
2719 1963 2910 2017 intuitu
2933 1965 3080 2018 sedet
3107 1963 3382 2021 instantia”

1782 2049 1946 2104 mala.
1976 2050 2100 2106 Haec
2130 2053 2288 2114 inter,
2325 2065 2458 2106 voce
2487 2053 2753 2108 submissa
2803 2067 2895 2107 rex
2936 2053 3166 2108 antistiti
3213 2071 3365 2108 mau-

1778 2142 1872 2194 dat
1899 2150 1952 2194 et
1981 2141 2162 2197 multis
2190 2143 2441 2213 precibus
2469 2145 2722 2199 obsecrat
2741 2152 3010 2214 quatenus
3038 2145 3152 2215 ipse
3179 2161 3278 2216 per
3305 2161 3366 2202 se

1779 2230 2002 2287 Romam
2029 2234 2128 2297 ire,
2160 2245 2213 2288 et
2244 2235 2388 2304 quod
2427 2235 2518 2288 alii
2553 2235 2910 2304 ncquiVeraut
2951 2250 3048 2288 sua
3076 2235 3177 2290 sibi
3209 2236 3382 2289 induv‘

1778 2327 1911 2379 stria
1945 2335 2174 2380 conetur
2212 2329 2518 2396 acqu'rere,
2565 2341 2632 2381 ne
2671 2327 2786 2397 ipse
2821 2327 3096 2396 perdit-mlo
3141 2342 3364 2381 suorum

1772 2420 1898 2488 jura
1939 2429 2349 2476 antecesserunt
2382 2423 2462 2477 eis
2505 2422 2664 2478 vilior
2693 2423 2804 2476 fiat.
2839 2421 3021 2476 Sensit
3068 2419 3230 2478 Pater
3258 2435 3366 2491 quo

1775 2513 1890 2566 ha-c
1918 2523 2223 2582 verget-cut,
2253 2524 2307 2569 et
2336 2515 2615 2585 respondit
2648 2531 2662 2569 :
2702 2532 2722 2568 ς
2768 2513 3095 2570 Differantur
3135 2515 3271 2577 haec,
3317 2513 3364 2568 si

1771 2603 1968 2674 placet,
2001 2618 2172 2674 usque
2201 2606 2251 2659 in
2275 2605 2504 2670 Pascha,
2541 2615 2622 2672 ιιι,
2656 2607 2840 2660 audito
2875 2606 3252 2684 episcoporum
3280 2615 3365 2660 re-

1771 2695 1971 2766 gnique
2001 2697 2286 2765 primatum
2314 2699 2542 2754 consilio
2566 2701 2657 2769 qui
2693 2699 2851 2754 modo
2880 2714 2986 2754 non
3031 2699 3382 2763 adsuut,"re-'

1776 2787 2078 2857 spondeant
2116 2789 2260 2842 huic.
2305 2809 2324 2840 ι
2371 2789 2685 2843 Terminata
2718 2790 2771 2844 in
2802 2789 2919 2845 istis
2949 2805 3011 2845 ea
3046 2790 3163 2844 vice
3195 2802 3363 2843 causa

1773 2885 1879 2942 est,
1922 2887 1975 2933 et
2002 2877 2304 2932 abinvicem
2332 2889 2458 2935 sunt
2483 2880 2535 2935 in
2563 2894 2696 2950 pace
2724 2881 2903 2936 divisi.
3265 2888 3267 2890 ’

1843 2980 1869 3010 ι
1904 2969 2071 3040 Igitur
2097 2969 2150 3024 in
2180 2969 2386 3028 Pascha
2419 2974 2628 3028 curiam
2657 2972 2828 3036 venit,
2868 2973 3018 3044 regni
3059 2970 3362 3040 ingenuita-

1770 3069 1876 3115 tcm
1907 3061 1934 3101 δ
1969 3061 2035 3116 de
2062 3063 2277 3131 negotio
2307 3077 2548 3134 praesens
2579 3064 2874 3126 consuluit,
2904 3063 3209 3118 communis
3231 3077 3362 3118 con-

1775 3153 1879 3208 silii
1904 3167 2087 3209 vocem
2118 3169 2280 3208 unam
2304 3157 2534 3228 accepit.
2568 3172 2781 3228 :equum
2813 3157 3020 3211 scilicet
3049 3156 3162 3210 fore
3191 3155 3376 3218 illum,

1777 3253 1940 3300 tantae
1970 3246 2049 3300 rei
2088 3250 2287 3318 gratia,
2318 3249 2419 3304 via:
2445 3248 2685 3304 laborent
2727 3248 2924 3302 debere
2953 3261 3058 3300 non
3087 3243 3366 3301 subterfu-

1772 3347 1916 3404 gere.
1954 3331 2140 3393 Refert
2171 3356 2185 3393 :
2220 3357 2239 3390 ι
2275 3339 2410 3393 Dum
2444 3339 2493 3393 in
2519 3353 2808 3393 commune
2830 3336 2990 3390 vultis
3015 3345 3071 3388 ut
3095 3350 3238 3400 eam,
3262 3349 3360 3403 ego

1771 3440 1999 3495 corpore
2026 3427 2148 3487 licet
2171 3428 2480 3494 imbecillis,
2503 3429 2762 3499 senioque
2787 3427 3020 3484 conﬁnis
3047 3427 3152 3481 iter
3173 3441 3351 3496 aggre.

1770 3517 1912 3582 diar,
1943 3517 2119 3574 iturus
2159 3528 2266 3590 quo
2311 3520 2616 3584 consulitis,
2652 3529 2812 3590 prout
2854 3519 2996 3573 vires
3025 3517 3382 3572 concesserit.

1773 3608 1936 3677 Deus,
1975 3611 2219 3666 omnium
2270 3611 2412 3667 finis.
2461 3611 2734 3674 Attamen,
2788 3610 2832 3665 si
2890 3610 2956 3663 ad
3003 3605 3359 3679 apostolicum

1767 3698 2052 3766 pervenire
2102 3710 2346 3769 potuero,
2394 3701 2652 3756 noveritis
2699 3701 2841 3771 quod
2896 3700 3010 3770 ipse
3046 3696 3180 3753 nihil
3217 3697 3362 3767 quod

1767 3789 1851 3844 vel
1907 3787 2273 3846 Ecclesiarum
2323 3790 2582 3861 libertati,
2630 3793 2712 3847 vel
2746 3807 2880 3847 mete
2924 3791 3112 3862 possit
3138 3790 3360 3844 obviare

1766 3881 2059 3952 honestati,
2093 3901 2212 3941 meo
2243 3884 2403 3942 faciet
2433 3887 2517 3941 vel
2546 3895 2735 3958 rogatu
2757 3885 2840 3938 vel
2866 3884 3152 3939 consilio.»
3200 3883 3336 3937 Dixe
3372 3888 3378 3896 '

1768 3983 1932 4028 runt:
1979 3991 1998 4026 ι
2033 3974 2291 4044 Legatum
2337 3990 2493 4031 suum
2541 3976 2793 4030 dominus
2847 3985 3034 4028 uOSter
3080 3987 3175 4027 rex
3226 3986 3364 4028 suas

1774 4079 1965 4134 preces
2006 4071 2264 4138 regnique
2304 4067 2513 4136 negotia
2541 4065 2850 4135 apostolicis
2889 4059 3356 4132 auribus’exposh

1768 4163 1944 4210 turum
1970 4165 2149 4212 tecum
2181 4157 2395 4229 diriget,
2427 4166 2481 4212 et
2518 4166 2570 4212 tu
2603 4154 2944 4210 solummodo
2973 4154 3038 4208 iis
3062 4163 3183 4222 quae
3221 4155 3358 4207 vera

1765 4244 1964 4303 dixerit
2001 4257 2282 4304 attestare.
2313 4268 2334 4303 ι
2376 4250 2507 4304 Ait:
2543 4269 2560 4300 ι
2598 4248 2750 4316 Quod
2775 4247 2888 4300 dixi
2926 4246 3070 4310 dico,
3101 4259 3201 4300 nec
3225 4259 3358 4300 vera

1765 4337 1988 4404 dicenti,
2019 4339 2129 4394 Deo
2157 4342 2470 4406 miserante,
2503 4337 2877 4396 coutradictor
2903 4338 3153 4393 existam.
3188 4355 3208 4390 ι

1833 4427 2030 4485 Finitis
2063 4430 2246 4501 itaque
2273 4431 2617 4502 paschalibus
2656 4429 2808 4486 festis
2844 4445 2872 4484 a
2919 4429 3069 4485 curia
3110 4427 3360 4485 discessit

1761 4517 2209 4586 Ansehnus,.iter
2242 4521 2492 4592 Angliam
2515 4521 2746 4576 exeundi
2785 4521 3112 4591 quantocius
3146 4519 3349 4574 accele-
3383 4547 3387 4552 τ

1765 4618 1933 4664 ratus.
1961 4609 2350 4667 Vulneraverat
2367 4613 2511 4667 enim
2535 4611 2933 4682 quodammodo
2955 4618 3190 4665 mentem
3211 4610 3352 4678 ejus,

1765 4697 1908 4765 quod
1944 4711 2038 4751 rex
2082 4713 2184 4753 nec
2219 4713 2316 4769 per
2342 4713 2400 4754 se
2429 4714 2530 4754 nec
2560 4713 2656 4767 per
2698 4713 2847 4762 suos,
2891 4705 2952 4753 ut
2994 4697 3127 4760 dixi,
3167 4697 3382 4752 aud.re

1768 4786 1984 4842 volebat
2015 4788 2146 4858 quid
2176 4788 2372 4843 littera:
2400 4787 2572 4843 Roma
2619 4803 2792 4856 nuper
2817 4787 2991 4841 allatae
3017 4786 3352 4840 continerent

1764 4873 1818 4928 in
1861 4891 1942 4930 se.
1975 4875 2132 4942 Quod
2161 4877 2282 4931 ideo
2325 4867 2473 4929 illum
2505 4875 2686 4930 facere
2709 4873 2928 4944 quidam
2953 4872 3160 4941 opinati
3203 4878 3352 4936 sunt,

1760 4972 2019 5037 quoniam
2056 4967 2340 5030 materiam
2370 4969 2683 5022 earumdem
2715 4966 3016 5020 litterarum
3042 4965 3091 5019 ei
3117 4964 3230 5034 jam
3265 4979 3383 5018 re--

1758 5059 1991 5114 velatam
2021 5075 2117 5130 per
2149 5067 2316 5114 unum
2348 5059 2572 5114 illorum.
2607 5072 2747 5128 quos
2791 5055 3084 5110 Ansehnus
3121 5054 3352 5110 Romam

1759 5155 2031 5209 direxerat
2051 5155 2252 5210 sensim
2283 5153 2684 5210 intellexerunt.
2709 5151 3058 5206 Formidabat
3079 5165 3210 5221 ergo
3237 5147 3353 5204 Au-

1756 5246 1962 5300 selinus
1997 5260 2068 5299 ne
2118 5247 2163 5302 si
2219 5247 2401 5301 verbis
2447 5247 2822 5315 episcoporum
2880 5242 2933 5296 in
2987 5242 3182 5296 litteris
3213 5239 3352 5310 ipsis

1756 5350 1891 5405 papa
1923 5350 2028 5389 non
2060 5337 2437 5403 concordaret,
2464 5350 2565 5406 pro
2597 5333 2938 5390 investituris
2979 5323 3352 5388 Ecclesiarutu
3381 5357 3386 5364 -

1337 5505 1746 5570 HENSCIIENII
1796 5505 2023 5586 NOTAE.

148 5624 527 5712 {annusnut
557 5649 698 5712 _mox
753 5635 1000 5712 docetur,
1042 5645 1160 5694 erat
1209 5639 1376 5707 1105,
1439 5645 1654 5712 quando

89 5688 270 5751 Pascha
293 5688 528 5754 cadebat
557 5705 608 5759 iu
643 5688 784 5760 κὶιί
803 5688 998 5762 iraira:

149 5764 172 5806 δ
208 5766 486 5832 Quomodo
522 5775 622 5830 soli
670 5777 876 5832 nobiles
913 5779 1246 5836 dicebantur
1279 5782 1525 5852 ingenui;
1575 5786 1676 5841 ita

1766 5647 1872 5722 hic,
1925 5646 2487 5722 nobilitasuutversa.
2537 5659 2766 5722 vocatur
2815 5649 3153 5722 ingenuitas:
3185 5644 3338 5722 plura

1756 5717 1863 5793 huc
1895 5718 2115 5775 reducta
2144 5719 2265 5776 vide
2298 5723 2438 5792 apud
2470 5717 3312 5794 Spelmannunt'inGlossario..
