3890 6306
508 323 615 381 ιιι

1552 312 1857 379 EADHERI
1895 318 2110 377 CAN".

2214 318 2449 377 llENSfS
2488 318 2789 379 NONACM
3626 332 3698 393 ιιι

510 453 633 507 quae
681 435 845 493 facta
884 434 1123 501 fuerant,
1150 443 1203 489 et
1235 434 1398 489 etiam
1428 436 1934 491 consecrationibus
1968 418 2177 505 (νυοί-Α
2207 432 2310 487 iter
2335 434 2631 505 peregisse,
2667 442 2830 503 atque
2861 434 3186 492 Incolumem
3214 449 3332 491 cum
3375 438 3476 493 suis
3510 442 3698 503 omnium

512 528 762 584 rumdam
808 527 1090 591 abbatum,
1139 541 1276 596 quos
1320 538 1383 580 ea
1448 535 1772 597 tempestate
1821 526 2103 582 investitos

515 619 791 676 Rohertus
830 617 1143 673 Lincollnus
1182 618 1471 688 episcopus
1514 627 1571 671 et
1619 616 1857 673 Joannes
1887 616 2104 672 Bathin-

512 712 721 769 niensis
752 718 1122 775 sacraverant,
1166 725 1309 780 saepe
1350 710 1492 764 dicta
1520 710 2104 765 excommunicationis

509 803 780 861 sententia
812 802 947 859 tales
976 802 1264 858 nonnullos
1290 802 1600 865 involverit,
1637 818 1667 855 a
1698 818 1927 872 quorum
1952 818 2103 856 com-

512 897 771 952 munione
809 911 869 951 se
900 911 1265 964 nequaquam,
1293 896 1411 951 sine
1454 896 1603 965 gravi
1634 893 1911 958 seandalo,
1948 894 2105 947 cohi-

509 989 641 1045 bere
677 987 906 1044 valeret.
958 988 1195 1043 Litteras
1237 988 1439 1043 etenim
1479 987 1718 1043 nondum
1772 986 2103 1055 inspexerat,

512 1097 827 1153 prmcavcns
858 1096 926 1137 ne
956 1082 1000 1137 si
1049 1082 1210 1148 forte,
1240 1091 1447 1138 mutato
1479 1082 1728 1149 consilio,
1766 1095 1857 1137 rex
1893 1096 1987 1135 eas
2019 1081 2101 1134 iu-

511 1174 819 1246 spiciendas
854 1174 1177 1244 requireret,
1216 1175 1502 1246 sigilloque
1534 1174 1785 1229 exclusus
1820 1174 2102 1243 reperiret,

516 1267 719 1338 aliquid
747 1266 971 1323 haberet
1000 1269 1144 1338 quod
1173 1283 1364 1323 earum
1389 1268 1696 1323 auctoritati
1728 1268 1969 1337 obiicere
1996 1283 2104 1322 non

515 1356 719 1427 injuria
778 1368 981 1427 posset.
1038 1357 1318 1413 Festinato
1370 1358 1535 1427 igitur
1587 1368 1738 1412 ratus
1782 1366 1870 1412 est
1912 1356 2104 1426 Anglia

516 1456 852 1524 exeundum,
878 1471 945 1511 ne
967 1456 1094 1518 illic,
1125 1455 1611 1511 excommunicatis
1633 1453 2106 1521 communicando,

515 1545 701 1616 aliqua
728 1545 1309 1602 excommunicationis
1338 1544 1493 1616 culpa
1534 1544 1919 1600 involveretur.
1951 1544 2111 1599 Veni-

517 1655 640 1695 mus
673 1654 802 1708 ergo
842 1637 1213 1702 Cantuariam,
1256 1637 1345 1693 ubi
1385 1652 1490 1692 non
1537 1637 1677 1691 ultra
1708 1646 1945 1706 quatuor
1990 1635 2106 1691 dies

514 1730 801 1795 demorati,
853 1738 1077 1800 accepta
1129 1744 1298 1785 sacras
1354 1728 1749 1784 benedictionis
1805 1726 2019 1782 licentia
2074 1741 2105 1781 a

515 1820 799 1882 monachis
850 1818 1222 1875 dilectissimis
1275 1818 1401 1874 filiis
1446 1819 1583 1883 suis,
1637 1833 1809 1874 necne
1838 1832 1869 1872 a
1906 1817 2105 1873 civium
2141 1793 2184 1853 Β

513 1910 1113 1982 circumfluentiumque
1167 1909 1490 1981 populorum
1543 1909 1981 1973 numerositate,
2023 1909 2108 1963 l'n-

513 2003 661 2074 genti
691 2004 907 2073 pietatis
929 2003 1121 2059 affectu
1147 2002 1417 2076 prosecuti
1449 2003 1515 2057 ad
1546 2009 1761 2073 portum
1789 2001 1957 2056 maris
1981 2015 2106 2070 pro-

513 2096 845 2165 peravimus.
888 2095 1076 2166 Itaque
1119 2111 1286 2152 naves
1317 2095 1544 2167 ingressi
1576 2094 1875 2149 Witsandis
1904 2092 2110 2163 appuli-

512 2203 658 2244 mus.
683 2189 819 2244 Acta
852 2199 978 2244 sunt
1004 2190 1122 2245 hac
1150 2203 1294 2243 anno
1322 2186 1587 2243 incarnati
1625 2185 1785 2240 Verbi
1823 2185 2110 2240 millesimo

515 2281 821 2338 centesimo
850 2281 1031 2346 tertio,
1062 2297 1095 2335 v
1124 2279 1351 2335 Kalend.
1391 2279 1535 2334 Maii.
1570 2279 1734 2350 Regia
1769 2277 1935 2349 igitur
1978 2291 2111 2347 pace

520 2371 746 2441 suisque
771 2371 1023 2427 omnibus
1071 2369 1359 2427 investitns
1390 2385 1542 2425 mare
1580 2369 1813 2435 transiit,
1844 2376 1901 2422 et
1938 2367 2109 2423 libera

519 2463 608 2518 via
644 2478 743 2533 per
768 2446 1070 2519 Bononiam
1116 2462 1222 2518 iter
1252 2460 1704 2517 Northmanniam
1734 2459 1987 2515 veniendi
2018 2475 2110 2516 as-

516 2559 773 2629 sumpsit,
806 2571 1148 2628 quorumque
1178 2556 1440 2612 nobilium
1482 2565 1640 2613 terra:
1685 2570 1792 2612 non
1820 2556 1915 2611 vili
1947 2554 2112 2612 obse-

516 2649 649 2719 quio
680 2648 875 2705 fretus.

586 2745 720 2799 Cum
747 2753 926 2801 autem
959 2744 1115 2801 Bccci
1145 2744 1336 2802 fuisset
1361 2742 1475 2815 (ubi
1507 2757 1613 2813 qua
1651 2740 1976 2805 devotionis,
2006 2756 2111 2811 qua

516 2835 838 2900 dilectionis,
862 2851 965 2908 qua
995 2836 1175 2908 gaudii
1197 2847 1252 2893 et
1273 2835 1451 2892 omnis
1482 2835 1606 2890 boni
1646 2834 1986 2903 iucunditate
2024 2848 2127 2889 διιέ

518 2940 743 3002 sceptus
773 2930 865 2995 sit,
897 2937 1072 2993 taceo.
1106 2929 1234 2984 dum
1277 2928 1329 2983 id
1375 2926 1505 2982 nulli
1534 2926 1792 2998 possibile
1823 2926 1969 2981 dictu
1998 2925 2113 2987 exi-

520 3021 761 3090 stitnem)
791 3021 1001 3076 litteras
1048 3020 1123 3076 ibi
1173 3019 1596 3092 praenominatas
1649 3015 1828 3089 sigillo
1863 3015 2110 3072 absolvit.

2210 524 2435 579 [lernam
2463 526 2792 595 perveniSSe.

2278 618 2483 688 Itaque,
2518 619 2771 675 veniente
2823 620 2938 685 illo,
2970 619 3290 677 Gui’lclmus
3333 621 3528 691 quidam
3557 643 3581 681 a
3612 645 3700 703 rege

2206 714 2446 770 directus
2494 712 2825 781 Anglorum,
2878 714 3174 783 aliquantis
3220 715 3402 770 diebus
3442 733 3701 786 pervenerat

2208 806 2483 863 Romanos
2528 810 2582 863 in
2612 824 2831 863 causam
2878 823 3040 877 quam
3091 807 3393 878 agitandatn
3423 810 3609 877 sciebat,
3640 831 3703 869 sua

2206 901 2573 956 sollicitudine
2615 917 2711 970 pro
2752 912 2875 956 voto
2905 901 3254 955 traducturus
3305 902 3455 971 regis.
3504 904 3585 971 Qui
3609 907 3703 961 Wil-

2208 992 2441 1049 Iheltnus
2475 993 2637 1048 simili
2679 992 2838 1047 modo
2875 1002 3064 1047 contra
3104 992 3352 1047 eumdem
3385 995 3539 1048 virum
3562 998 3615 1052 ab
3636 1000 3705 1054 alio

2209 1100 2335 1155 rege
2381 1085 2579 1141 missus
2608 1085 2837 1140 Romam
2869 1095 3120 1151 venerat,
3149 1096 3204 1140 et
3230 1088 3633 1156 quemadmodum
3657 1096 3705 1147 rei

2208 1184 2373 1246 gestae
2413 1178 2583 1231 series
2620 1192 2781 1246 supra
2818 1176 3090 1247 designat,
3136 1177 3201 1233 iis
3238 1193 3355 1247 qua:
3385 1186 3501 1235 tunc
3525 1183 3708 1237 ecclesia-

2207 1269 2342 1324 stica
2373 1271 2698 1338 gerebantur
2741 1285 2841 1338 pro
2870 1270 3080 1326 viribus
3108 1285 3264 1340 opem
3303 1270 3619 1340 impenderat.
3642 1274 3709 1332 ilbi

2207 1378 2339 1433 ergo
2377 1364 2643 1419 adventus
2677 1363 2918 1419 Anseltni
2957 1379 3182 1418 summa:
3214 1365 3356 1419 sedis
3389 1366 3590 1419 antistiti
3617 1385 3709 1421 nuu-

2212 1454 2397 1517 tiatus,
2433 1453 2576 1509 illico
2608 1456 2870 1509 mandans
2902 1455 3048 1509 illum
3077 1455 3394 1524 deprecatus
3418 1467 3493 1511 est
3519 1468 3713 1526 quatenus

2211 1545 2359 1601 diem
2400 1545 2550 1599 illum
2580 1556 2743 1617 atque
2771 1556 3085 1616 sequentem
3123 1562 3150 1599 a
3191 1546 3493 1616 fatigatione
3530 1549 3595 1602 sui
3618 1551 3713 1618 apud

2212 1634 2470 1690 Sanctum
2496 1634 2714 1690 Petrum
2740 1637 2957 1704 quietos
2983 1636 3205 1691 duceret
3228 1652 3294 1690 ac
3316 1636 3514 1690 demunt
3535 1654 3582 1692 se
3600 1640 3715 1708 ipsius

2212 1730 2512 1797 pnesentizn
2552 1728 2835 1785 Lateranis
2863 1730 3165 1785 exhiberet.
3196 1729 3289 1784 llie
3313 1740 3534 1799 paterna:
3559 1731 3714 1799 pietatis

2214 1820 2528 1875 mandatum
2561 1819 2798 1891 gratiose
2826 1821 3127 1892 suspiciens
3152 1831 3328 1891 paret,
3365 1822 3585 1891 quodque
3605 1821 3677 1876 sibi
3696 1838 3716 1875 ι

2210 1925 2346 1981 papa
2377 1908 2618 1976 Urbano,
2646 1926 2744 1965 ceu
2779 1926 2936 1979 supra
2969 1910 3342 1974 meminimus,
3388 1912 3436 1965 in
3464 1910 3627 1979 palatio
3647 1909 3717 1963 La-

2214 2003 2485 2059 teranensi
2529 2004 2716 2059 datum
2769 2003 2968 2068 fuerat,
3000 2003 3087 2059 die
3124 2004 3283 2059 tertia
3311 2004 3573 2074 hospitium
3598 2005 3716 2069 subit;

2211 2093 2335 2151 dein
2366 2109 2516 2165 papa:
2544 2103 2903 2165 pra‘sentatus
2930 2094 3227 2149 honorifice
3257 2094 3547 2163 suscipitur,
3571 2110 3621 2148 ac
3655 2111 3718 2163 pro

2212 2188 2330 2260 ejus
2358 2188 2587 2242 adventu
2619 2187 2754 2258 ipse,
2785 2195 2840 2241 et
2869 2201 2989 2256 quas
3024 2185 3357 2241 conﬂuxerat
3391 2186 3600 2241 Romana
3619 2189 3719 2240 curia

2214 2280 2570 2337 vehementer
2613 2294 2671 2334 se
2717 2278 2888 2333 laetari
2916 2278 3138 2334 fatetur.
3178 2277 3277 2334 Die
3324 2286 3438 2349 post
3469 2278 3558 2333 hoc
3581 2278 3719 2333 consti-

2214 2380 2355 2437 tuto,
2411 2386 2578 2427 causa
2626 2380 2848 2442 propter
2880 2386 3042 2440 quam
3074 2370 3163 2425 illo
3198 2371 3523 2439 potissimum
3549 2378 3719 2432 venerat,

2215 2465 2268 2522 in
2300 2465 2537 2521 medium
2571 2464 2691 2518 duci
2733 2462 2977 2534 iubetur.
3012 2462 3179 2518 Adest
3205 2472 3262 2516 et
3288 2461 3595 2517 Willhelmus
3624 2460 3721 2530 lcga-

2215 2556 2346 2612 tioni
2376 2571 2485 2627 qua
2524 2554 2850 2625 fungebatur
2893 2563 3005 2609 toto
3037 2554 3215 2609 studio
3259 2568 3439 2609 curant
3467 2551 3721 2620 impendens,

2215 2648 2320 2704 hoc
2342 2657 2426 2704 est
2454 2655 2511 2701 ut
2536 2647 2646 2718 regi
2677 2645 2911 2702 Henrico
2960 2660 3152 2700 omnes
3201 2646 3377 2714 patris
3417 2652 3467 2698 et
3494 2642 3640 2697 fratris
3670 2640 3721 2696 sui

2215 2737 2638 2795 consuetudines
2683 2745 2739 2791 et
2774 2750 2902 2791 usus
2942 2734 3259 2806 apostolicae
3305 2734 3443 2790 sedis
3480 2734 3722 2789 auctoritate

2218 2832 2477 2887 firmaret.
2511 2827 2718 2899 Esponi
2750 2827 2915 2882 etiam
2945 2835 3142 2882 statmn
3177 2826 3355 2898 regni,
3403 2822 3723 2894 regiatnquc'is

2218 2922 2492 2978 Romanos
2524 2919 2976 2981 munificentiam,
3021 2917 3166 2972 unde
3197 2916 3445 2987 ampl'ori
3485 2916 3667 2984 quadam
3691 2918 3723 2964 ct

2217 3010 2447 3082 digniori
2487 3025 2597 3080 pra:
2626 3008 2839 3064 eteteris
2869 3005 3199 3062 sublimitate
3235 3023 3303 3062 ex
3328 3005 3593 3076 apostolica
3618 3001 3724 3071 largi-

520 3111 662 3180 Qpid
702 3112 886 3180 itaque
923 3111 977 3167 in
1023 3110 1103 3166 eis
1140 3109 1433 3176 invenerit,
1485 3117 1665 3164 textus
1706 3123 1894 3163 earum
1948 3120 2111 3176 quem
2140 3139 2186 3200 ο
2220 3105 2365 3159 tione
2400 3117 2554 3174 reges
2580 3101 2873 3171 Anglorum
2916 3099 3109 3170 probat
3140 3099 3443 3171 antiquitus
3466 3106 3725 3197 usos,eaqttt

518 3205 915 3261 subscribimus
945 3203 1260 3259 declarabit.

597 3316 617 3350 ι
658 3297 937 3354 Paschalis
979 3298 1289 3368 episcopus,
1332 3310 1524 3351 servus
1551 3310 1832 3351 servorum
1859 3294 1976 3359 Dei,
2001 3296 2118 3350 An-

520 3390 691 3446 selmo
731 3391 1112 3448 Cantuariensi
1138 3389 1437 3446 venerabili
1486 3388 1643 3444 fratri
1683 3397 1739 3445 et
1766 3388 2111 3461 coepiscopo,

522 3482 756 3536 salutem
790 3490 847 3537 et
880 3481 1334 3537 benedictionem.

598 3591 618 3625 ι
662 3572 1033 3630 Δδιιίηιοίειείηιειε
1057 3572 1364 3628 dilectionis
1387 3580 1494 3628 tua.
1515 3571 1854 3642 suscepimus
1879 3569 2110 3636 litteras,

522 3668 629 3718 etc.
662 3679 685 3717 ι
744 3659 869 3716 Vide
900 3664 952 3717 in
983 3662 1237 3717 Paschali
1260 3660 1348 3716 11.

594 3754 729 3809 Cum
751 3763 932 3809 autem
955 3754 1021 3809 de
1042 3754 1215 3810 Becco
1236 3753 1530 3809 Carnotum
1570 3754 1623 3810 in
1652 3754 1949 3809 festivitate
1970 3753 2116 3810 Pen-

524 3852 785 3909 tecostes,
819 3852 1006 3914 utpote
1063 3840 1535 3914 propositum'iter
1563 3844 1688 3900 inde
1728 3853 1972 3905 acturus,
2004 3844 2115 3899 An-

521 3936 724 3994 selmus
745 3936 1007 4002 venisset,
1029 3939 1238 4004 accepit
1256 3936 1324 3991 ab
1344 3934 1507 3991 lvone
1526 3947 1553 3976 ι
1581 3934 1817 3991 civitatis
1833 3936 2110 4005 episcopo,

522 4036 579 4082 et
605 4042 634 4080 a
674 4026 858 4082 multis
888 4043 996 4082 non
1027 4026 1316 4098 spernendi
1358 4026 1572 4083 consilii
1612 4027 1762 4090 viris,
1800 4026 1971 4082 satius
2000 4026 2115 4083 fore

520 4128 758 4188 emptum
806 4120 913 4175 iter
965 4120 1019 4175 in
1068 4119 1212 4175 aliud
1262 4127 1475 4189 tempus
1508 4118 1898 4187 differendum,
1949 4135 2111 4190 quam

520 4207 728 4265 Italicis
757 4207 1046 4263 ardoribus
1073 4224 1139 4263 ea
1177 4223 1238 4264 se
1260 4216 1583 4279 tempestate
1612 4225 1736 4265 eum
1759 4210 1874 4266 suis
1899 4210 2115 4265 tradere

522 4297 898 4353 cruciandum.
922 4296 1092 4354 Nimis
1110 4300 1312 4354 etenim
1335 4299 1547 4355 fervore
1567 4299 1771 4356 aestatis
1792 4300 1867 4355 ita
1891 4301 2111 4371 ubique,

521 4386 620 4442 sed
655 4388 917 4451 maxime,
962 4398 1021 4442 ut
1048 4388 1348 4453 ferebatur,
1383 4390 1438 4444 in
1481 4388 1655 4454 Italia,
1692 4399 1821 4446 tunc
1855 4392 2114 4461 temporis

2218 3211 2277 3250 re
2302 3209 2409 3249 non
2444 3192 2620 3248 solum
2660 3190 2947 3246 molestum
2987 3198 3045 3245 et
3087 3190 3355 3246 indecens
3382 3191 3491 3244 fore
3518 3186 3620 3242 huic
3641 3199 3725 3238 socc

2216 3302 2335 3342 rum
2365 3295 2768 3341 antecesserunt
2805 3282 2926 3352 jura
2958 3282 3209 3353 perdere,
3239 3297 3429 3338 verum
3451 3280 3611 3343 etiam,
3629 3278 3724 3330 sicut

2215 3393 2275 3432 se
2318 3386 2471 3432 certo
2516 3374 2837 3446 cognovisse
2879 3373 3131 3439 ferebat,
3183 3389 3384 3445 magno
3416 3366 3727 3428 Romanist

2217 3468 2394 3537 ipsum
2424 3468 2623 3523 damno
2665 3466 2903 3521 futurum
2948 3464 2993 3521 si
3026 3466 3390 3537 contingeret,
3418 3475 3469 3520 et
3494 3464 3602 3517 dum
3635 3459 3727 3512 forte

2217 3560 2391 3617 locum
2431 3559 2787 3631 recuperandi
2818 3557 3089 3613 inventuri
3118 3573 3224 3612 non
3255 3566 3455 3619 essent,
3485 3555 3545 3609 ab
3566 3554 3630 3608 eis
3644 3560 3726 3604 sero

2215 3652 2524 3725 lugendum.
2574 3650 2718 3719 Quid
2765 3649 2964 3722 plura?
3014 3648 3168 3705 Ducti
3215 3657 3348 3705 sunt
3389 3648 3452 3702 iis
3491 3656 3626 3714 atque
3649 3639 3726 3694 aliis

2219 3760 2393 3800 necne
2431 3745 2675 3815 perducti
2715 3747 2767 3799 in
2809 3758 3032 3799 causam
3080 3742 3223 3813 regis
3264 3743 3602 3797 Romanorum
3635 3748 3726 3788 nou-

2218 3837 2382 3902 nulli,
2431 3838 2779 3893 admittenda
2818 3834 3046 3891 rationis
3078 3848 3200 3890 esse
3249 3832 3622 3888 conclamantes
3650 3835 3728 3892 qua

2216 3928 2547 3995 ferebantur,
2575 3943 2751 3997 neque
2773 3937 2897 3982 vota
2929 3926 3063 3981 tanti
3091 3925 3192 3980 viri
3231 3925 3340 3979 ulla
3379 3916 3730 3980 consideratione

2215 4022 2603 4092 postponenda.
2646 4022 2789 4075 Inter
2830 4020 2931 4074 ista
2967 4019 3097 4073 silet
3133 4017 3426 4073 Anselinus
3465 4012 3671 4084 operiens
3694 4007 3727 4058 il

2216 4113 2471 4169 omnibus
2501 4126 2733 4167 examen
2766 4110 2959 4165 summi
2993 4109 3285 4179 pontificis.
3321 4106 3429 4163 Nec
3460 4106 3585 4159 enim
3616 4097 3727 4154 verba

2216 4221 2310 4261 sua
2335 4206 2467 4260 dare
2489 4203 2722 4269 volebat,
2746 4213 2803 4257 ut
2825 4202 3017 4256 mortis
3038 4202 3199 4256 homo
3222 4198 3473 4255 Ecclesiae
3493 4195 3573 4251 Dei
3586 4191 3727 4246 ostium

2218 4299 2391 4363 fieret,
2440 4312 2511 4352 ne
2552 4294 2852 4367 postposito
2883 4293 3101 4349 Christo
3144 4292 3236 4363 qui
3279 4306 3340 4346 se
3386 4288 3568 4345 ostium
3602 4280 3727 4337 ovium

2216 4409 2336 4449 esse
2380 4392 2710 4464 pronuntiat,
2751 4400 2806 4445 et
2838 4405 2936 4461 per
2995 4403 3157 4459 quem
3206 4388 3251 4442 si
3316 4387 3436 4457 quis
3475 4385 3615 4438 intrat
3657 4373 3727 4429 sal-

521 4493 750 4549 qmeque
781 4479 1039 4544 torrebat,
1072 4488 1132 4534 ut
1162 4479 1354 4535 incolis
1386 4482 1471 4536 vix
1508 4480 1826 4548 tolerabilis,
1865 4484 2107 4554 peregri-
2137 4482 2183 4538 D
2215 4494 2401 4547 vatur,
2435 4492 2491 4536 et
2526 4481 2827 4554 ingreditur
2871 4489 3035 4549 atque
3071 4479 3356 4549 egreditur
3408 4486 3459 4531 et
3498 4484 3656 4544 pascua
3678 4465 3729 4517 in-

523 4569 611 4624 nis
644 4583 777 4624 vero
810 4568 992 4641 gravis
1029 4578 1087 4624 et
1121 4569 1500 4640 importabilis.
1540 4570 1695 4638 Quod
1726 4570 1887 4627 Pater
1914 4572 2114 4629 intelli-

521 4677 676 4733 gens,
704 4662 933 4720 consilio
966 4662 1219 4718 credulus
1252 4662 1481 4720 Beccum
1531 4664 1845 4721 revertitur.
1893 4665 2113 4722 liesedit

519 4770 652 4827 ergo
684 4755 793 4810 illic
825 4769 998 4822 usque
1025 4755 1093 4809 ad
1125 4754 1361 4809 medium
1390 4756 1595 4811 mensis
1631 4756 1881 4827 Augusti,
1922 4773 2109 4814 mona-

520 4845 746 4903 chorum
803 4845 1148 4903 aedificationi
1194 4843 1499 4902 indefessus
1542 4847 1851 4919 invigilans.
1907 4850 2112 4906 Deinde

518 4938 767 5008 posthac,
796 4939 849 4992 in
881 4939 986 4992 iter
1018 4935 1315 4993 Carnutum
1343 4952 1598 4993 reversus
1620 4946 1725 4994 est.
1753 4938 1892 5007 Quid
1915 4941 2112 5011 agam?

521 5028 579 5082 Si
606 5036 884 5097 potentum
909 5044 1189 5097 occursus,
1212 5029 1257 5084 si
1292 5030 1552 5094 honores,
1577 5029 1622 5085 si
1651 5030 1911 5101 obsequia
1935 5032 1986 5087 ei
2013 5034 2111 5089 de-

522 5116 635 5171 lata
663 5125 717 5170 et
753 5116 895 5171 ultra
926 5134 1088 5187 quam
1125 5119 1370 5191 recipere
1406 5119 1591 5189 vellet,
1643 5120 1822 5176 oblata
1866 5122 2110 5194 singula-

521 5209 622 5263 tim
653 5209 964 5265 deseribere
1010 5226 1231 5267 manum
1279 5212 1639 5284 imponerem,
1692 5214 1951 5270 nimirum
1988 5215 2111 5273 aliis

520 5307 816 5367 occupatos
853 5300 1011 5355 tasdio
1054 5301 1238 5358 nimim
1270 5302 1601 5373 prolixitatis
1647 5302 1940 5361 adicerem.
1967 5306 2114 5374 Qua-

523 5397 750 5461 propter
806 5392 993 5461 paucis
1040 5395 1338 5465 accipiatur
1382 5396 1624 5461 dietum,
1670 5412 1831 5464 eum,
1876 5399 2114 5457 vallante

522 5478 727 5551 ubique
755 5481 938 5538 divino
969 5483 1239 5554 pmidio,
1264 5501 1474 5543 summa
1502 5504 1635 5561 pace
1660 5504 1726 5545 ac
1755 5491 2115 5562 prosperitate

2210 4575 2359 4630 venit
2410 4574 2595 4645 (Joan.
2644 4591 2701 4638 κ,
2734 4573 2814 4644 9),
2861 4571 3004 4627 ovile
3058 4571 3263 4626 intrare
3309 4569 3539 4625 volentes
3577 4556 3728 4614 aliunde

2222 4668 2601 4732 ascenderent,
2658 4681 2721 4719 ac
2768 4665 2812 4719 si
2858 4678 2961 4719 non
3005 4664 3185 4717 ovium
3218 4670 3482 4733 pastores.
3512 4654 3593 4711 sed
3629 4650 3728 4703 iam

2213 4760 2405 4815 ﬁerent
2444 4762 2605 4829 atque
2649 4758 2887 4812 latrones
2928 4755 3104 4823 (ibid.,
3167 4756 3241 4825 l).
3298 4754 3414 4823 Ipse
3458 4741 3728 4829 nihilominus

2212 4824 2532 4924 pontitlcutn
2572 4860 2757 4920 pastor
2796 4862 2918 4902 eum
2965 4846 3033 4899 ad
3080 4824 3275 4901 cuneta
3325 4843 3525 4903 sileret,
3556 4845 3603 4891 et
3638 4824 3726 4900 qlid

2218 4923 2449 5014 quisque
2469 4941 2694 5005 diceret,
2720 4936 2967 5008 prudenti
2991 4934 3425 4991 consideratione
3446 4923 3724 5014 examinata.

2218 5009 2497 5092 aestimans
2528 5032 2871 5090 Willhelmus
2912 5028 3135 5100 jamjam
3164 5027 3311 5081 illum
3344 5038 3442 5096 pro
3480 5020 3635 5076 favore
3654 5009 3728 5100 Βοξ

2218 5143 2499 5185 manorum
2564 5125 2617 5179 in
2662 5139 2721 5179 se
2772 5121 2905 5177 nihil
2955 5134 3143 5175 eorum
3194 5132 3316 5189 qua:
3362 5109 3613 5186 quaerebat
3655 5096 3725 5157 sibi

2219 5231 2544 5293 negaturum
2591 5216 2771 5287 erupit
2814 5222 2871 5269 et
2914 5212 2989 5266 ait
3026 5229 3039 5265 :
3075 5230 3093 5263 ι
3130 5208 3397 5279 Quidquid
3436 5198 3558 5261 hinc

2219 5288 2451 5376 dicatur,
2498 5310 2620 5364 volo
2656 5307 2840 5363 norint
2871 5305 3181 5374 quicunque
3223 5301 3479 5355 assistunt

2219 5419 2399 5460 meum
2430 5414 2612 5472 regem
2645 5394 2939 5467 Anglorum
2969 5409 3069 5449 nec
3108 5407 3205 5462 pro
3227 5388 3509 5446 amissione
3528 5376 3645 5450 regni

2221 5466 2521 5568 passurum
2562 5505 2622 5547 se
2674 5466 2902 5560 perdere
2965 5484 3311 5561 investituras
3359 5466 3729 5537 Ecclesiarumt‘

1771 5624 2181 5688 HENSCHENII
2208 5625 2440 5686 NOTE.

591 5746 621 5776 ι
656 5734 760 5807 llic
784 5744 868 5791 est
906 5737 997 5791 ille
1041 5737 1349 5807 scriptiset
1388 5738 1680 5795 virtutibus
1723 5734 2117 5800 celeberrimus

516 5804 612 5881 lvo
642 5804 1019 5875 Carnotensis,
1050 5804 1192 5865 anno
1236 5806 1375 5863 10θέ
1406 5809 1686 5868 ordinatus
1722 5821 1777 5869 et
1818 5812 1954 5869 1115
2003 5814 2115 5870 vita

2224 5741 2466 5807 functus,
2498 5737 2650 5807 cujus
2678 5734 2865 5807 laudes
2888 5726 3415 5807 lreviter_colleetas_
3440 5717 3719 5807 esme

2221 5795 2715 5885 iogiortjarnotonsi
2757 5803 2921 5862 habes
2958 5800 3098 5874 apud
3129 5795 3571 5857 Samuiarthanos.
