3890 6306
539 272 640 329 ιιι

1542 280 1845 339 EADMERI
1881 285 2113 343 CANTL‘

2225 286 2442 343 lENSlS
2479 287 2778 343 MONACHI
3652 300 3727 358 ιιι

542 402 686 450 mus,
720 400 784 440 ex
824 399 999 444 vestra
1046 401 1199 462 parte
1226 404 1657 445 commemorans
1681 410 1916 450 amorem
1941 406 1995 450 et
2024 398 2121 473 hef
2154 389 2194 442 Λ
2228 399 2367 453 detis
2393 400 2748 464 vohmtatem,
2799 410 2980 457 utrum
3034 401 3136 465 sic,
3192 402 3606 472 quemadmodum
3635 413 3728 475 dixi,

541 479 857 549 nignitatem
887 496 1046 547 quam
1100 494 1315 547 semper
1354 494 1478 548 erga
1532 497 1617 534 me
1665 482 1951 545 habuistis,
1992 487 2119 537 snh-

541 570 751 621 monuit
796 585 880 622 me
918 569 1056 622 sicut
1085 569 1545 638 archiepiscopum
1579 582 1818 625 vestrum
1852 584 1907 626 ut
1961 575 2119 630 talem

512 674 624 713 'tne
668 659 899 713 facerem
954 672 1220 730 quatenus
1252 662 1329 715 sic
1373 662 1628 715 intrarent
1677 664 1729 717 in
1762 665 2033 735 Angliam,
2064 677 2123 721 ut

538 755 614 807 sic
641 768 760 808 esse
786 769 998 822 possem
1028 756 1300 810 vobiscum
1336 755 1475 809 sicut
1506 756 1603 810 fuit
1636 768 1944 812 antecessor
1973 776 2120 815 meas

534 857 657 895 cum
710 850 859 912 patre
892 852 1091 904 vestro,
1122 853 1171 896 et
1204 860 1297 897 vos
1328 862 1409 897 me
1439 846 1625 898 eodem
1652 847 1852 899 honore
1884 858 1930 901 ct
1964 848 2124 901 liber-

536 943 644 987 tate
673 935 985 988 tractaretis
1008 951 1112 1004 qua
1144 946 1297 1004 pater
1320 945 1497 989 vester
1519 945 1913 990 anteressorenl
1942 955 2118 991 meum

536 1026 806 1079 tractavit.
857 1024 912 1079 lu
963 1027 1159 1096 quibus
1208 1027 1385 1080 verbis
1436 1026 1672 1081 intellexi
1728 1028 1849 1095 quia
1889 1028 1989 1081 nisi
2036 1044 2120 1083 tne

535 1116 694 1170 talem
729 1114 985 1182 facerem,
1028 1117 1257 1171 reditum
1289 1132 1465 1171 meum
1500 1117 1550 1169 iu
1597 1116 1840 1185 Angliam
1874 1134 1976 1170 non
2010 1118 2121 1171 vel-

534 1205 676 1259 letis.
731 1206 804 1261 De
850 1223 1035 1261 amore
1061 1209 1275 1277 quidem
1307 1218 1358 1260 et
1393 1205 1724 1274 benignitate
1752 1207 1951 1273 gratias
1996 1224 2115 1277 ago.

540 1295 611 1353 Ut
639 1308 817 1351 autem
851 1299 922 1352 ita
960 1301 1060 1353 sini
1101 1299 1376 1353 vobiscum
1421 1298 1559 1354 sicut
1612 1306 1925 1366 antecessiir
1972 1313 2122 1355 mens

535 1388 635 1441 fuit
669 1406 789 1442 cum
820 1399 972 1459 patre
1021 1399 1220 1451 vestro,
1250 1388 1427 1443 facere
1459 1405 1562 1443 non
1596 1404 1834 1457 possum,
1868 1389 1991 1457 quia
2024 1405 2069 1442 ιιι
2091 1403 2121 1443 c

536 1481 686 1535 vobis
718 1483 1027 1553 hornagiutn
1058 1484 1261 1547 facere,
1309 1499 1405 1537 nec
1436 1483 1833 1553 accipientibus
1860 1483 1927 1537 de
1958 1498 2117 1535 manu

538 1585 719 1627 vestra
767 1576 1113 1630 iuvestituras
1148 1575 1509 1630 Ecclesiarum
1535 1575 1774 1645 propter
1810 1575 2119 1645 praedictam

534 1665 951 1733 prohibitionem
984 1683 1068 1720 me
1094 1668 1345 1720 audiente
1384 1667 1580 1721 factam
1614 1666 1791 1719 audeo
1820 1666 2117 1720 communi-

546 1769 693 1808 care.
728 1755 878 1810 L‘nde
904 1770 1095 1826 precor
1130 1765 1187 1810 ιιι
1221 1756 1353 1811 mihi
1386 1764 1645 1821 vestram,
1673 1754 1716 1808 si
1741 1753 1935 1825 placet,
1961 1768 2117 1807 man-
2151 1745 2194 1803 Β

541 1932 783 1955 ...ιιι-.-

801 1936 2777 1959 mw

2224 492 2427 561 possim
2466 492 2516 543 in
2552 507 2684 561 pace
2710 503 2887 545 vestra
2914 501 2966 546 et
2989 492 3147 547 cilicii
3182 494 3284 547 mei
3327 505 3571 563 potestate
3605 503 3731 557 redire

2226 582 2277 635 in
2312 582 2583 652 Angliam.
2627 575 2855 639 Paratus
2885 584 3027 639 enin:
3068 601 3187 640 sum
3237 596 3290 640 ct
3320 586 3466 639 vobis
3493 597 3541 641 et
3572 594 3729 659 populo,

2223 675 2399 727 divina
2437 676 2564 728 mihi
2599 672 2947 746 dispositione
2975 678 3283 739 connuisso.
3308 679 3464 733 ol'ﬁcii
3496 682 3585 734 mei
3610 687 3733 737 Senio

2224 763 2355 815 tium
2391 779 2487 831 pro
2519 764 2599 816 vir
2624 764 2722 818 bus
2777 775 2829 819 et
2865 766 3097 821 scientia
3143 784 3282 831 mea,
3314 778 3516 822 servata
3559 774 3732 839 regulari

2221 854 2547 919 ohctlieutia,
2582 855 2812 911 ﬁdeliter
2836 856 3118 915 exhibere.
3148 860 3297 926 Quod
3322 861 3365 914 si
3389 860 3529 915 vobis
3552 880 3637 917 non
3656 866 3733 933 ph-

2220 948 2413 1010 cuerit,
2452 959 2579 1018 puto
2606 952 2753 1019 quia,
2806 948 2853 1005 ~si
2906 954 3049 1022 quod
3090 955 3393 1007 animarum
3425 954 3733 1011 detrimentum

2225 1036 2346 1089 inde
2387 1040 2697 1109 contigerit,
2752 1058 2867 1095 mea
2922 1044 3077 1113 culpa
3127 1059 3232 1097 non
3280 1043 3406 1096 erit.
3452 1042 3735 1115 Omnipotens

2224 1130 2365 1183 Dens
2401 1131 2478 1183 sic
2530 1141 2715 1202 regnet
2768 1134 2819 1187 in
2864 1137 3027 1188 corde
3061 1145 3241 1191 vestro
3282 1146 3339 1188 ut
3369 1151 3463 1191 vos
3503 1152 3586 1206 per
3605 1140 3733 1192 omnia

2225 1222 2461 1290 regnetis
2492 1223 2542 1276 in
2577 1212 2917 1294 gra'tiaejus.
2950 1245 2970 1279 ι

2296 1308 2390 1363 His
2415 1309 2484 1363 ita
2515 1313 2700 1381 gestis,
2726 1312 2862 1382 ipse,
2890 1314 3075 1383 paucis
3101 1315 3164 1368 de
3198 1315 3311 1370 suis
3345 1331 3520 1371 secum
3552 1318 3733 1379 retentis,

2222 1398 2465 1470 Lugduni
2502 1405 2696 1456 resedit
2744 1405 2796 1458 in
2830 1421 3037 1459 summa
3073 1422 3204 1476 pace
3250 1417 3304 1461 et
3327 1408 3504 1477 quiete
3528 1410 3735 1478 propriam

2226 1490 2465 1559 praedicti
2500 1494 2769 1561 pontiﬁcis
2792 1496 3010 1548 domum
3041 1495 3418 1559 inhabitando,
3442 1498 3632 1550 nuntios
3650 1512 3736 1550 suos

2223 1592 2569 1653 exspectans,
2604 1596 2655 1639 et
2689 1602 2753 1639 ne
2780 1587 2845 1640 ad
2874 1588 3060 1642 horam
3091 1588 3310 1658 quidem
3341 1591 3407 1642 ab
3450 1590 3512 1644 iis
3546 1604 3644 1659 qua:
3673 1590 3735 1644 Dei

2227 1682 2355 1727 sunt
2393 1674 2555 1729 verbo
2580 1690 2638 1731 se
2662 1677 2742 1731 vel
2771 1688 2896 1732 actu
2926 1678 3204 1749 elongans.

1564 2095 1976 2209 LIBER
2058 2090 2765 2228 QUARTUS.
2876 2177 2888 2187 -

602 2471 769 2542 Igitur
797 2468 886 2523 utri
917 2466 1260 2529 Willhehnus
1306 2464 1555 2537 Angliam
1596 2466 1859 2533 pervenit,
1892 2475 1947 2521 et
1978 2465 2115 2537 gesti

531 2562 735 2631 negotii
766 2562 965 2616 seriem
996 2560 1229 2614 Henrico
1260 2560 1370 2629 regi
1395 2558 1660 2626 exposuit,
1696 2574 1788 2611 rex
1823 2558 1967 2613 illico
1997 2574 2117 2614 om-

536 2669 635 2709 nes
672 2654 915 2708 redditus
936 2651 1433 2722 archiepiscopatus
1463 2650 1872 2705 Cautuaricusis
1901 2651 1953 2704 in
1990 2666 2120 2706 suos

535 2761 665 2799 usus
712 2746 879 2816 redigi
927 2744 1202 2815 praecepit.
1236 2744 1378 2799 Cura
1430 2751 1606 2797 tamen
1642 2745 1881 2815 ipsorqu
1935 2745 2119 2799 reddi-

533 2847 682 2890 tnum
745 2835 1166 2907 colligendorum
1221 2836 1431 2890 duobus
1479 2835 1791 2893 hominibus
1841 2837 2117 2907 archiepi-

530 2925 677 2993 scopi
710 2925 778 2979 ab
808 2924 924 2993 ipso
957 2940 1083 2995 rege
1114 2923 1356 2992 delegata
1387 2935 1491 2991 est,
1532 2941 1594 2980 ea
1633 2927 1885 2983 videlicet
1916 2936 1977 2981 ut
2015 2932 2114 2982 abs

2222 2476 2315 2539 pto
2338 2465 2591 2521 mandata
2630 2474 2778 2531 sunt,
2829 2465 2954 2523 huic
2984 2464 3136 2535 operi
3169 2469 3363 2537 paucis
3391 2468 3564 2540 inﬁgo.
3592 2470 3738 2526 Scribit

2222 2561 2410 2628 itaque
2431 2562 2479 2616 ei
2511 2560 2729 2632 quidam
2760 2568 2952 2614 servus
2980 2553 3073 2609 Dei
3101 2558 3203 2614 sic.

2296 2671 2316 2704 σ
2346 2653 2578 2709 Domino
2615 2653 2945 2721 venerabili,
3001 2665 3058 2711 et
3103 2660 3302 2710 sancto
3350 2651 3496 2707 Patri
3548 2652 3740 2709 Αιιςι-ιιιιο

2220 2742 2601 2801 Cantuariensi
2655 2746 3088 2817 archiepiscopo,
3138 2746 3286 2802 illius
3310 2746 3681 2807 devotissimus,
3704 2752 3739 2795 rl

2218 2836 2398 2893 omnis
2424 2837 2641 2892 familia:
2677 2838 2887 2894 Domini
2923 2840 3174 2903 famulus,
3209 2840 3265 2893 in
3297 2839 3523 2893 Domino
3545 2838 3736 2892 salutem.

2294 2944 2311 2977 ι
2344 2924 2695 2982 Considerata
2725 2926 2828 2982 loci
2858 2929 3029 2984 nostri
3066 2938 3120 2983 et
3160 2942 3358 2984 sensus
3386 2927 3574 2995 inopia.
3596 2926 3738 2979 merito

529 3030 589 3069 re
627 3016 851 3069 credere
896 3030 1001 3069 non
1049 3024 1137 3069 est
1182 3015 1640 3081 consideratione,
1686 3030 1751 3070 ea
1792 3018 2015 3085 pietate,
2052 3025 2114 3070 ut
2142 3035 2183 3091 ρ
2217 3014 2529 3071 decrevisse
2571 3018 2864 3086 potuerim,
2895 3018 3057 3074 Pater
3096 3028 3310 3083 sancte,
3344 3034 3414 3073 ne
3442 3018 3606 3071 verhis
3644 3017 3736 3068 sim-

529 3115 684 3158 tanto
722 3105 1037 3176 diligentius
1084 3105 1207 3159 aliis
1259 3105 1567 3161 hominibus
1614 3115 1669 3162 et
1726 3108 1890 3162 rebus
1944 3107 2114 3178 ipsius

531 3196 733 3248 domini
761 3194 844 3249 sui
886 3196 1123 3249 studium
1152 3196 1530 3265 impenderent
1572 3214 1638 3253 ne
1664 3209 2013 3263 vexarentur,
2048 3214 2118 3255 ne

530 3285 989 3353 opprimerentur,
1014 3301 1081 3340 ne
1121 3286 1504 3356 diriperentur,
1538 3298 1741 3358 quanto
1772 3288 1967 3359 majori
2009 3291 2114 3346 ﬁde

530 3395 599 3434 ac
634 3391 975 3434 sacramento
1007 3396 1101 3436 eos
1144 3381 1218 3435 illi
1250 3382 1504 3438 astrictos
1539 3382 1704 3439 fuisse
1742 3385 2117 3454 cognosceba-

532 3481 643 3523 tur.
700 3469 895 3524 Verum
945 3472 1059 3526 sive
1106 3473 1538 3542 obtemperatum
1593 3483 1701 3529 tam
1760 3476 2115 3532 considerata:

526 3563 714 3633 pietati
744 3571 799 3616 et
822 3565 923 3632 pa:
950 3563 1373 3619 considerationi
1404 3565 1476 3620 sit
1501 3566 1569 3619 ab
1596 3565 1722 3629 illis,
1748 3566 1864 3621 sive
1892 3582 1998 3622 non
2021 3569 2114 3635 sit,

526 3656 657 3707 dum
694 3670 800 3709 non
835 3657 1058 3709 multum
1092 3672 1209 3710 mea
1239 3658 1465 3719 intersit,
1508 3672 1648 3711 vane
1671 3657 1942 3713 scribendi
1980 3674 2115 3730 epe-

528 3763 647 3801 ram
683 3746 1031 3802 insumerem.
1063 3749 1253 3803 Veniet
1302 3763 1533 3818 namque
1573 3749 1831 3805 Dominus
1868 3751 2117 3805 tenebra-

528 3855 650 3894 nun
682 3840 994 3896 abscondita
1042 3841 1463 3905 illuminaturus,
1489 3850 1541 3895 et
1584 3840 1917 3913 singulorum
1950 3844 2114 3898 meri-

530 3929 598 3985 tis
625 3947 777 4001 aequa
814 3932 967 3987 lance
1000 3947 1094 3987 sua
1146 3933 1362 4001 praemia
1412 3932 1798 3987 retributurus.
1842 3933 1977 4004 Ego,
2013 3934 2115 3988 du-

525 4033 686 4076 cente
725 4023 851 4088 Deo,
888 4033 1067 4092 coepto
1109 4022 1367 4076 narrandi
1399 4022 1531 4076 calle
1563 4022 1895 4092 progrediar.

600 4111 825 4166 Evoluto
866 4108 1027 4180 igitur
1050 4122 1169 4181 post
1210 4113 1324 4168 haec
1360 4113 1638 4183 aliquanto
1673 4121 1938 4182 tempore,
1968 4114 2116 4170 venit

529 4200 729 4254 ad‘nos
770 4216 911 4255 unus
932 4217 997 4254 es
1035 4194 1316 4257 monachis
1343 4202 1850 4267 Cantuariensibus,
1893 4205 2115 4260 nomine

529 4291 858 4354 Everardus,
886 4291 1133 4345 deferens
1173 4292 1429 4348 Anselmo
1465 4294 1675 4348 litteras
1706 4293 1869 4361 regis,
1903 4294 1954 4348 in
1989 4298 2114 4364 qui-

2221 3104 2462 3176 plicioris
2507 3106 2706 3177 ingenii
2752 3110 2921 3165 semel
2975 3109 3058 3164 vel
3098 3110 3297 3179 iterum
3333 3109 3627 3179 impedirem
3660 3114 3739 3160 stn-

2219 3197 2367 3252 dium
2407 3208 2612 3254 sancta:
2651 3200 2847 3256 mentis
2879 3207 2999 3263 tute,
3030 3201 3083 3256 in
3126 3215 3237 3271 quo
3276 3200 3551 3271 religionis
3585 3198 3739 3267 insigne

2219 3286 2468 3361 refulget,
2511 3298 2562 3345 et
2592 3291 2814 3361 quidam
2861 3293 3107 3362 splendet
3150 3292 3376 3347 virtutis
3414 3306 3601 3355 carnes,
3638 3289 3739 3342 nitor

2217 3380 2521 3450 sapientiae.
2561 3380 2814 3436 Attamen
2866 3382 3078 3437 extollit
3112 3397 3221 3445 me,
3272 3383 3440 3437 etiam
3482 3397 3625 3450 supra
3663 3394 3737 3437 me.

2223 3468 2515 3539 tranquilla
2561 3478 2614 3523 et
2649 3471 2804 3525 beata
2853 3472 3027 3541 gratia
3063 3471 3341 3541 Opinionis
3372 3480 3494 3531 ture,
3528 3479 3739 3538 quatenus

2221 3558 2317 3614 tibi
2346 3559 2738 3629 qualiscunque
2776 3571 2861 3615 est
2913 3562 3180 3632 dirigatur
3230 3577 3418 3618 sermo
3462 3572 3641 3622 noster,
3664 3574 3736 3611 non

2218 3658 2277 3706 ut
2301 3660 2351 3704 te
2380 3651 2602 3706 doceam
2636 3655 2723 3725 qui
2766 3655 2854 3709 vix
2895 3653 3132 3708 lnunana
3158 3652 3372 3723 indiges
3413 3650 3653 3712 doctrina,
3673 3648 3737 3701 sed

2219 3753 2279 3797 ut
2304 3754 2476 3800 tecum
2503 3755 2748 3801 nostrum
2791 3754 2845 3799 et
2887 3755 3037 3798 tuum
3080 3744 3412 3801 reminiscar
3451 3743 3676 3800 dolorem.
3698 3737 3736 3791 la

2217 3835 2374 3905 cujus
2414 3838 2587 3893 nostri
2640 3837 2908 3893 sermonis
2960 3835 3187 3891 exordio
3222 3849 3291 3891 eo
3322 3845 3484 3906 pacto
3510 3832 3739 3890 convenire

2216 3929 2431 3999 postulo
2466 3946 2587 3984 cum
2635 3928 2938 3984 reverentia
2973 3937 3083 3993 tua,
3122 3937 3179 3982 ut
3206 3928 3375 3984 liceat
3414 3928 3539 3985 mihi
3574 3924 3735 3981 interitu

2215 4020 2496 4076 vindicare
2543 4018 2814 4075 dulciores
2863 4028 3052 4087 partes
3118 4018 3207 4087 pie
3256 4017 3615 4090 objurgantis,
3663 4028 3737 4067 non

2215 4124 2433 4165 amaras
2462 4111 2680 4165 frandes
2706 4108 2998 4164 adulantis.
3035 4108 3400 4164 Sanctitate-tn
3425 4110 3608 4179 quippe
3630 4114 3735 4159 tuam

2216 4216 2376 4256 nosse
2417 4202 2577 4255 velim
2603 4201 2745 4271 quod
2782 4200 2993 4253 animos
3022 4210 3260 4265 nostros,
3294 4216 3523 4270 quorum
3553 4200 3661 4251 inte
3684 4192 3738 4246 al-

2216 4290 2393 4348 fectus
2426 4293 2566 4348 idem
2593 4301 2697 4356 est,
2726 4290 3133 4345 immoderatior
3161 4292 3385 4346 tristitia
3418 4290 3672 4345 absorbent
3692 4283 3737 4337 dc

530 4384 634 4433 bus
670 4380 809 4434 idem
856 4396 948 4434 rex
978 4381 1134 4450 plane
1180 4384 1483 4437 testabatur
1506 4400 1565 4439 se
1613 4400 1802 4440 eorum
1827 4402 1949 4455 qua:
1979 4387 2112 4440 Wil-
2142 4389 2188 4445 ι)
2214 4384 2459 4437 absentia
2500 4392 2590 4437 tua
2620 4384 2735 4453 qui,
2786 4384 3063 4449 nifallor,
3116 4383 3306 4437 utilius
3360 4393 3541 4438 nostro
3573 4380 3737 4433 adesses

530 4469 769 4525 lliehuus
813 4471 1026 4527 dixerat
1069 4473 1353 4527 discedens
1398 4476 1466 4528 ab
1487 4476 1763 4539 Ausehno,
1806 4488 1863 4532 ut
1901 4479 2108 4547 praefati

530 4577 740 4629 sumus,
791 4572 1067 4617 auctorem
1095 4577 1239 4627 esse,
1288 4564 1391 4618 hoc
1429 4575 1533 4633 est,
1566 4574 1625 4619 ut
1668 4567 1960 4622 Anselmus
2001 4570 2111 4621 Au-

527 4652 696 4722 gliam
729 4668 836 4707 non
894 4654 1198 4722 repedarel,
1244 4655 1344 4708 nisi
1375 4671 1565 4709 omnes
1603 4657 1784 4726 patris
1824 4674 1889 4712 ac
1925 4657 2112 4714 fratris

523 4741 606 4794 sui
632 4742 1048 4797 consuetudines
1073 4757 1130 4797 se
1158 4743 1232 4796 illi
1257 4755 1598 4799 servaturum
1629 4747 1807 4815 primo
1826 4748 2110 4816 promitte-

525 4843 628 4887 ret.
652 4832 810 4899 Quod
842 4833 970 4887 dum
1000 4835 1291 4888 Auselmus
1330 4835 1505 4889 facere
1530 4836 1720 4901 noluit,
1760 4838 1873 4892 suis
1903 4839 2108 4908 spolia-

527 4930 611 4973 tus
643 4919 886 4992 Lugduni
921 4925 1204 4988 remansit,
1252 4935 1453 4996 degens
1498 4926 1643 4980 circa
1673 4942 1815 4997 sazpe
1853 4928 2102 4983 nomina-

525 5020 637 5063 tum
686 5011 1046 5066 venerabilem
1087 5010 1363 5082 llugonem
1396 5014 1562 5083 ipsius
1603 5015 1842 5072 civitatis
1881 5018 2131 5077 antistir

526 5109 661 5165 tem,
694 5116 835 5155 anno
871 5102 1079 5174 integro
1117 5116 1170 5161 et
1218 5107 1496 5162 mensibus
1533 5117 1789 5176 quatuor.
1829 5110 1961 5175 Qum
2002 5126 2105 5165 au-

524 5202 635 5247 tem
672 5194 811 5248 mala
841 5211 909 5250 ex
958 5197 1063 5253 hoc
1089 5198 1300 5255 diutino
1346 5201 1537 5256 exsilio
1567 5201 1683 5270 ejus
1724 5216 1821 5272 per
1844 5204 2097 5275 Angliam

520 5297 742 5352 quaque
806 5289 1167 5353 emerserint,
1222 5290 1307 5345 vel
1361 5291 1661 5361 cujusmodi
1722 5299 1903 5352 studio
1961 5297 2104 5354 illius

521 5376 698 5444 ipsum
724 5376 1000 5442 exsilium,
1050 5381 1201 5437 multi
1251 5385 1481 5440 reditum
1533 5388 1675 5443 illius
1705 5389 2101 5456 desiderantes,

518 5481 691 5535 eaque
721 5481 781 5522 re
811 5467 990 5522 minus
1021 5470 1095 5524 rei
1138 5471 1305 5541 ipsius
1350 5476 1633 5531 veritatem
1672 5478 2098 5543 considerantes,

519 5558 897 5628 ascripserint,
936 5559 1129 5623 melius
1175 5572 1304 5632 puto
1338 5564 1583 5633 liquebit,
1620 5556 1664 5621 si
1710 5568 1889 5638 aliqua
1929 5584 1993 5624 ex
2036 5569 2135 5625 iis

516 5662 639 5719 quae
671 5649 745 5706 illi
777 5666 805 5704 ει
840 5649 1105 5723 religiosis
1136 5651 1265 5709 viris
1296 5669 1358 5709 ac
1408 5655 1571 5711 Deum
1620 5660 1928 5715 amantibus
1953 5660 2092 5716 scri-

2214 4476 2475 4545 pcriculo,
2518 4484 2576 4528 ut
2608 4475 2799 4530 saltem
2833 4486 2887 4532 te
2918 4486 3226 4532 consortem
3267 4476 3506 4530 ﬁliorum
3527 4466 3736 4529 discrimi'

2214 4566 2298 4621 nis
2321 4566 2630 4631 exhiberes,
2659 4583 2821 4635 quam
2852 4576 3048 4623 nostra:
3071 4566 3477 4637 quodammodo
3503 4576 3554 4619 et
3590 4558 3729 4618 Ecclc'

2210 4658 2304 4712 site
2332 4659 2529 4712 oblitus
2564 4657 2771 4727 injuriae
2810 4660 3005 4714 absens
3029 4660 3317 4730 permittas
3368 4674 3467 4713 nos
3496 4652 3667 4711 turbari
3687 4650 3753 4701 ιδη

2210 4746 2461 4802 hostibus
2506 4748 2734 4817 irupuris
2783 4758 2838 4803 et
2878 4748 3213 4811 crudelibus,
3260 4748 3355 4817 qni
3391 4762 3490 4803 nec
3522 4739 3736 4815 pudicitia

2208 4847 2457 4908 parcant,
2490 4852 2589 4893 nec
2631 4838 2815 4893 saluti.
2853 4837 2969 4909 Ego
2999 4839 3161 4908 plane
3191 4849 3262 4903 te,
3306 4838 3470 4892 Pater
3494 4842 3669 4893 sancte,
3689 4838 3735 4879 e0

2209 4928 2325 4993 ipso
2355 4926 2624 4983 infelicem
2660 4929 2918 4984 arbitror.
2968 4928 3103 4983 Nam
3145 4929 3236 4998 qui
3269 4943 3400 4983 eras
3448 4934 3627 4983 sancta:
3653 4916 3734 4986 seel

2209 5017 2402 5074 ﬁducia
2441 5019 2493 5073 in
2530 5029 2670 5085 tuos,
2708 5020 2751 5073 si
2784 5036 2926 5074 nunc
2970 5021 3148 5091 urgeri
3194 5020 3446 5090 Angliam
3478 5028 3577 5072 tam
3608 5008 3734 5077 inopi-

2208 5121 2333 5167 nato
2359 5112 2514 5166 hoste
2542 5113 2767 5181 pigeret,
2800 5121 3062 5181 quantum
3096 5112 3496 5183 iugemiseeres,
3528 5113 3733 5176 quantum

2206 5201 2489 5257 aﬂ'ectares
2536 5217 2877 5266 succurrere,
2938 5202 3021 5256 vel
3076 5202 3259 5257 subire
3319 5200 3587 5255 nobiscum
3631 5201 3733 5244 non

2207 5294 2565 5347 acerbitatum
2607 5294 2840 5362 genera?
2877 5292 3080 5363 Sponte
3128 5302 3213 5346 tua
3258 5291 3412 5346 nullo
3442 5288 3732 5363 penitus“-

2207 5395 2369 5451 gente
2396 5391 2618 5452 ereptus
2653 5398 2716 5437 es
2751 5381 3006 5452 periculis
3038 5381 3256 5444 nostris,
3295 5378 3526 5432 fortasse
3558 5386 3618 5426 ne
3639 5380 3732 5421 δεῦε

2207 5474 2337 5527 tircs
2359 5488 2478 5542 qua:
2510 5489 2607 5527 nos
2634 5473 2861 5542 perpeti,
2898 5474 3115 5542 etquod
3148 5471 3369 5544 gravius
3397 5478 3501 5535 est,
3537 5468 3731 5535 specun3

2203 5565 2472 5637 c0gimur,
2511 5563 2789 5619 suhlirnari
2838 5565 2904 5619 ad
2959 5578 3146 5619 sacros
3171 5561 3394 5616 ordines
3423 5544 3729 5650 quosdamet

2204 5658 2500 5718 curiaiibus
2532 5659 2727 5726 quibus
2754 5673 2854 5717 nec
2897 5656 3154 5715 canonica
3185 5648 3403 5721 eiectio,
3450 5667 3543 5709 nec
3565 5642 3727 5718 justiti:
