3890 6306
112 409 219 464 H9

111 520 404 580 consentit.
453 517 718 586 Quoniam
774 516 993 572 dubium
1049 528 1154 585 non
1216 521 1321 573 est.
1381 510 1425 564 si
1480 507 1696 561 eosdem
1731 513 1771 565 Α
1805 500 2064 552 adversus

114 630 280 670 verus
309 612 563 667 Ecclesim
599 609 879 669 ostiarius,
910 606 999 676 qui
1040 604 1289 659 Christus
1311 613 1415 669 est,
1452 603 1503 655 in
1532 614 1701 667 ,sacra

111 706 230 776 jura
264 704 598 775 admitteret,
635 715 808 769 neque
839 714 997 768 posse
1036 694 1339 764 perpetrari
1373 708 1491 762 qua:
1525 689 1705 760 quoti-

115 799 202 850 die
241 796 518 865 cernimus
560 793 611 846 in
660 790 937 861 provincia
976 796 1185 850 nostra,
1218 783 1520 854 principmn
1569 780 1707 846 inju-

116 902 261 944 stam
309 895 366 941 et
402 886 664 941 iunnitcm
710 882 1073 956 tyrannidem,
1118 878 1337 948 rapinas
1383 888 1706 944 pauperum,

115 982 317 1034 damna
359 978 738 1040 ecclesiarum,
770 976 906 1028 adeo
946 982 1004 1026 ut
1032 972 1186 1026 locus
1222 968 1469 1040 corporis
1493 974 1547 1021 et
1578 980 1705 1019 san-

112 1073 305 1141 guinis
350 1070 560 1126 DOmiui
604 1070 911 1122 libertatem
960 1065 1194 1119 amittat.
1224 1061 1456 1116 Cernere
1495 1058 1708 1120 viduas,

116 1169 247 1221 fiere
285 1181 446 1220 senes
485 1163 822 1217 incommoda
859 1177 978 1226 sua,
1029 1174 1094 1211 eo
1144 1156 1289 1226 quod
1333 1153 1600 1222 eripiatur
1631 1149 1710 1204 eis

116 1260 254 1312 satis
288 1266 539 1326 angusta,
586 1269 746 1324 quam
780 1253 862 1305 vix
904 1257 1206 1316 merentur,
1237 1248 1412 1301 victus
1456 1243 1539 1297 sui
1580 1256 1708 1311 por-

121 1352 218 1403 tio.
275 1348 409 1419 Rapi
440 1347 698 1417 virgines,
743 1354 798 1399 et
839 1342 1023 1417 illicito
1079 1340 1330 1394 iucestari
1382 1333 1709 1399 concubitu;

117 1445 376 1513 quodque
407 1441 647 1496 omnium
700 1438 931 1508 primum
968 1432 1167 1487 malum
1209 1440 1316 1493 est,
1359 1430 1427 1482 ad
1479 1425 1714 1481 dedecus

119 1534 426 1590 honestatis
474 1540 700 1592 nostrae,
755 1526 1070 1582 sacerdotes
1122 1538 1318 1577 uxores
1368 1521 1587 1574 ducere.
1650 1515 1716 1569 Et

119 1626 368 1699 exceptis
395 1623 498 1684 his,
524 1622 627 1675 alia
658 1621 908 1690 perplura
938 1617 1138 1686 ﬂagitia
1163 1629 1284 1685 qua:
1322 1611 1470 1666 nefas
1515 1617 1597 1664 est
1634 1605 1716 1677 vel

121 1714 462 1787 impossibile
487 1711 799 1767 meminisse
826 1719 918 1764 aut
943 1709 1213 1763 retulisse.
1239 1704 1392 1772 Quod
1424 1702 1467 1757 si
1498 1702 1718 1770 dispen-

120 1808 361 1864 sationis
378 1805 766 1862 ecclesiasticae
806 1803 1044 1871 regulam
1072 1810 1123 1854 et
1158 1800 1392 1866 antiqua:
1429 1800 1719 1848 consuetu-

122 1903 271 1955 dinis
287 1900 533 1954 ordinem
550 1895 778 1950 sollicita
801 1894 1099 1953 studuisses
1122 1886 1556 1945 consideratione
1580 1897 1713 1951 pen-

122 2007 273 2055 sare,
325 2004 427 2043 nec
481 1986 576 2041 tibi
608 1985 802 2058 {aliqua
853 1980 1133 2037 exsulandi
1187 1994 1349 2033 causa
1387 1974 1717 2044 subriperet,

125 2098 229 2137 nec
258 2081 350 2135 alii
388 2079 673 2135 occasione
709 2085 814 2130 tua:
855 2072 1114 2127 absentiae
1153 2081 1261 2123 tam
1324 2081 1485 2137 grave
1529 2062 1725 2116 discri-

126 2191 256 2230 men
297 2174 661 2227 incurrerent.
708 2170 855 2223 Itane
878 2176 1035 2234 putas
1080 2161 1422 2216 inimicorum
1456 2158 1545 2211 Dei
1593 2172 1727 2210 con-

128 2265 434 2319 tumaciam
485 2261 781 2323 inflectere,
819 2259 911 2327 qui
960 2270 1061 2310 nec
1109 2255 1218 2307 Deo
1264 2251 1574 2312 crederent,
1626 2262 1725 2303 nec

128 2355 356 2409 veritati
402 2352 502 2407 nisi
552 2351 704 2406 inviti
735 2350 912 2403 locum
959 2342 1294 2416 praeberent?
1325 2342 1440 2410 Qua
1469 2356 1597 2394 vero
1643 2355 1731 2393 ra-

132 2450 286 2503 tione
312 2448 381 2503 ad
436 2446 539 2500 hoc
586 2442 885 2514 paternitas
939 2449 1025 2493 tua
1080 2437 1319 2509 aspir-et,
1367 2436 1576 2505 ignoro.
1629 2430 1729 2496 Qui

132 2542 286 2596 enim
316 2539 607 2608 regendam
655 2536 833 2589 navim
876 2532 1136 2600 suscepit,
1181 2538 1331 2582 tanto
1372 2524 1605 2594 amplius
1638 2538 1735 2577 tte-

135 2649 298 2691 resse
336 2642 419 2686 est
458 2631 663 2701 vigilet,
719 2635 921 2697 quanto
975 2622 1205 2692 amplius
1257 2616 1521 2689 procellas
1559 2616 1731 2668 timet.

135 2726 249 2780 Sed
297 2734 428 2778 tunc
459 2720 706 2776 fortassis
733 2734 829 2790 pro
887 2716 999 2771 sola
1044 2713 1325 2768 voluntate
1375 2704 1733 2760 invidentium

133 2818 347 2887 fugisse
380 2814 624 2884 pudebit.
670 2826 794 2866 cu.n
836 2807 1037 2861 videris
1069 2814 1195 2859 ante
1248 2796 1483 2858 tribunal
1525 2796 1730 2852 Christi

134 2911 404 2964 ducentes
435 2904 632 2959 choros
664 2903 968 2956 animarum
1012 2898 1130 2952 illos
1182 2893 1511 2967 fortissimos
1560 2886 1730 2942 divini

133 3004 326 3077 gregis
354 3002 573 3066 arietes,
612 2999 808 3068 quibus
850 3012 947 3050 nec
980 2996 1137 3062 lupus
1184 2989 1387 3051 nocuit,
1425 3002 1526 3041 nec.
1564 2983 1734 3037 alicu-

132 3098 228 3165 jus
276 3105 453 3150 terror
495 3093 547 3147 in
582 3090 762 3161 fugant
806 3088 989 3142 vertit.
1044 3086 1217 3152 Quam
1252 3082 1405 3136 beata
1459 3079 1561 3131 erit
1614 3084 1741 3129 tunc

134 3187 409 3245 memoria
442 3187 585 3241 inter
608 3192 841 3239 caeteros
886 3180 1028 3235 illius
1070 3173 1398 3233 sanctissimi
1434 3169 1610 3224 Patris
1640 3181 1740 3221 no-

134 3280 243 3336 5tri
273 3276 545 3332 Ambrosii
575 3276 694 3345 qni,
720 3273 865 3329 sicut
902 3278 1091 3325 narrat
1135 3262 1505 3321 ecclesiastica
1552 3259 1728 3313 llisto-

135 3376 247 3438 ria,
297 3385 404 3423 non
445 3366 662 3422 erubuit
706 3363 1013 3419 Theodosio
1067 3353 1382 3427 imperatori
1437 3351 1490 3405 in
1542 3348 1736 3402 faciem

135 3465 436 3525 restitisse,
475 3471 532 3517 et
567 3474 671 3531 pro
693 3466 845 3512 reatu
871 3471 969 3509 suo
996 3452 1178 3505 limina
1207 3445 1449 3503 ecclesiae
1476 3439 1739 3509 illidene-

142 3572 336 3627 gasse.
367 3552 505 3621 Quid
549 3566 654 3605 non
697 3549 1015 3617 impetraret
1064 3542 1186 3595 talis
1214 3538 1462 3599 affectus,
1492 3541 1548 3586 et
1595 3536 1739 3582 tanta

138 3620 498 3715 constantia?
528 3642 724 3700 Etiam,
761 3637 924 3692 Pater
951 3643 1161 3697 sancte,
1194 3629 1238 3683 si
1267 3625 1533 3695 quispiam
1566 3620 1743 3672 incar-

138 3750 394 3795 ceratum
422 3745 477 3791 et
514 3732 771 3788 afflictum
800 3730 1152 3787 evisceraret,
1216 3723 1316 3775 hoc
1362 3718 1521 3771 niodo
1566 3726 1738 3765 reces-

150 3831 299 3886 sisse
329 3844 433 3882 non
463 3827 751 3879 debueras.
782 3820 998 3887 Quanto
1032 3815 1203 3885 magis
1233 3826 1353 3865 cum
1390 3806 1523 3861 nihil
1551 3805 1742 3858 horum

140 3932 420 3992 expertus
457 3917 644 3981 fueris,
696 3928 795 3967 nec
824 3911 984 3965 sedes
1023 3917 1111 3959 tua
1142 3905 1234 3959 tibi
1285 3908 1473 3968 negata
1513 3897 1604 3957 sit,
1650 3891 1744 3945 sed

145 3983 251 4085 pro
284 4027 391 4064 uno
438 4007 604 4061 verbo
633 4003 910 4074 cujusdam
962 3995 1253 4051 Willhelmi
1288 3992 1470 4060 fugere
1501 3983 1743 4039 decrevi-

149 4109 247 4171 sti,
294 4114 349 4159 et
385 4102 575 4156 relicto
624 4098 798 4160 hoste,
822 4091 1196 4148 dilacerandas
1256 4083 1435 4151 impiis
1472 4091 1602 4133 oves
1631 4083 1750 4127 tuas

150 4195 433 4255 dimisisti.
477 4192 652 4246 Pudet
679 4203 804 4257 ergo
834 4185 976 4255 quod
1002 4181 1185 4237 evenit
1207 4176 1465 4237 recolere,
1488 4174 1746 4241 quoniam

149 4305 348 4347 omnes
381 4288 478 4350 illi,
514 4289 599 4344 vel
641 4296 776 4358 pene
821 4292 1010 4333 omnes
1050 4287 1184 4343 quos
1216 4268 1574 4323 Ecclesiarum
1612 4279 1751 4339 prie:-

151 4368 286 4439 sens
324 4396 574 4436 aerumna
605 4356 956 4444 esspectabat
983 4366 1050 4420 ad
1094 4379 1206 4418 sua:
1248 4356 1588 4415 necessitatis
1613 4356 1753 4409 sola-

156 4456 324 4540 tium,
374 4471 664 4529 occasione
709 4464 921 4523 timoris
966 4469 1210 4530 accepta,
1259 4453 1430 4524 magis
1467 4452 1751 4520 elegerunt

154 4581 339 4624 tecum
370 4564 731 4620 succumbere
775 4573 938 4630 quam
971 4554 1172 4609 frustra
1218 4551 1334 4606 sine
1377 4557 1430 4601 te
1466 4545 1747 4601 resistere.
1787 4579 1833 4643 D

154 4661 298 4729 Quid
327 4659 474 4714 enim
502 4658 741 4712 facerent
770 4651 967 4724 quibus
992 4648 1153 4701 Pater
1206 4644 1414 4711 deerat,
1456 4647 1511 4718 et
1552 4636 1751 4706 quibus

155 4762 323 4823 caput
349 4748 821 4824 nonsuppetebat.
857 4740 1093 4796 Proinde
1134 4733 1472 4791 admouenda
1514 4738 1596 4785 est
1629 4742 1756 4782 san-

156 4852 324 4905 ctitas
360 4858 477 4912 tua,
526 4863 631 4901 non
676 4840 974 4900 erudienda
1002 4878 1016 4903 ,
1066 4844 1127 4890 ιιι
1178 4843 1419 4887 matures
1460 4827 1751 4881 adventum

158 4952 369 5000 sanctze
408 4940 598 4996 reatris
653 4936 932 4998 Ecclesiae,
999 4926 1239 4999 depellas
1284 4917 1662 4991 opprobrium,
1700 4920 1757 4967 et

1156 374 1505 451 'utsronn
1539 385 1901 445 NOVOttUti.
1946 413 2013 423 --
2040 381 2165 435 LlB.
2209 379 2296 433 tv.

3283 369 3389 430 £50

2092 495 2273 547 hostes
2300 498 2512 543 nostros
2530 486 2641 554 jam
2679 481 3043 553 penetralibus
3071 466 3385 538 insistentes

1806 587 2065 642 festiuum
2093 582 2395 653 pectendos
2433 578 2715 632 auxilium.
2757 574 2907 628 Licet
2933 574 3111 628 adhuc
3144 574 3390 628 morbum

1804 676 2021 745 ejicere,
2053 677 2180 729 dum
2209 674 2260 725 in
2307 668 2597 739 superficie
2639 667 2830 721 vulnus
2871 664 3081 718 videtur
3121 675 3389 731 apertum.

1808 695 2021 745 ι’]ιευιό,
2053 695 2180 729 (111111
2211 695 2260 725 Ill
2307 695 2597 739 bttpcrucrc
2642 695 2830 721 Vttttlua
2875 695 3070 718 uucuu
3121 695 3389 731 αιινυιιιιιιι.
3468 716 3471 719 ν
3544 724 3547 725 ν

1808 769 1934 822 Scio
1977 779 2232 834 namque,
2279 762 2322 816 si
2368 761 2434 815 ad
2486 760 2667 815 sedem
2710 767 2855 810 tuam
2906 755 3082 808 redire
3134 746 3307 818 velis,
3341 695 3625 834 inﬁgi

1808 870 2058 931 promptu
2106 856 2413 918 multos,’nt
2442 851 2617 915 aiunt,
2649 848 2889 917 reperies
2924 844 3013 914 qui
3047 855 3222 899 tecum
3271 860 3392 913 par-

1811 961 1890 1006 tes
1923 950 2013 1005 Dei
2045 948 2280 1002 viriliter
2306 944 2616 1007 defendant,
2652 943 2752 995 uisi
2797 937 3136 994 enervaverit
3165 952 3259 991 eos
3296 918 3399 990 tua:

1808 1040 2161 1115 paternitatis
2214 1037 2478 1093 defectus.
2513 1034 2568 1089 Si
2619 1033 2897 1101 Angliam,
2944 1028 3021 1082 uti
3072 1028 3399 1092 audivimus,

1812 1134 2145 1205 suspendere
2196 1130 2281 1185 vel
2311 1127 2788 1183 excommunicare
2831 1124 3088 1187 volueris,
3132 1124 3259 1192 quid
3302 1135 3402 1188 ego

1816 1229 2124 1298 fratresque
2169 1224 2340 1279 nostri
2373 1224 2635 1279 faciemus
2658 1220 2747 1289 qui
2793 1234 3011 1287 semper
3044 1216 3137 1268 tibi
3178 1214 3402 1268 obedire

1812 1330 2015 1395 prtesto
2047 1319 2270 1380 fuimus,
2309 1317 2627 1369 remandare
2671 1327 2855 1381 qureso
2883 1310 3139 1377 digneris.
3190 1307 3341 1362 Vale.
3378 1324 3396 1357 ι

1885 1413 2021 1467 Cum
2052 1412 2215 1477 igitur
2245 1409 2357 1462 lucc
2397 1415 2450 1459 et
2479 1404 2732 1459 nonnulla
2764 1403 2883 1457 istis
2914 1402 3207 1465 deteriora,
3241 1415 3402 1453 exsu-

1815 1508 1960 1563 lantc
2009 1503 2286 1561 Anselmo.
2342 1515 2439 1571 per
2480 1492 2731 1568 Angliam
2780 1497 2992 1561 ﬁerent,
3054 1503 3108 1549 et
3156 1492 3399 1563 quidam,

1821 1599 2087 1656 malorum
2146 1592 2515 1665 magnitudine
2559 1588 2761 1654 afﬂicti,
2822 1588 2933 1657 regi
2982 1586 3294 1641 insisterent
3343 1592 3404 1636 ιιι

1822 1692 2022 1763 ipsum,
2061 1689 2267 1743 scilicet
2292 1688 2481 1754 patria:
2514 1683 2747 1745 Patrem,
2770 1680 2860 1749 qui
2890 1696 2951 1733 ea
2977 1678 3279 1748 corrigeret
3318 1692 3405 1729 re-

1825 1788 2066 1843 vocaret,
2109 1782 2245 1850 ipse,
2285 1786 2392 1830 tam
2434 1772 2784 1843 religiositate
2825 1771 2925 1823 viri
2959 1769 3209 1822 inductus
3245 1780 3406 1835 quam

1753 1867 1793 1920 Β
1820 1884 1874 1928 et
1894 1871 2216 1927 immanium
2250 1866 2513 1920 malorum
2543 1861 2930 1917 exulzeratione
2957 1861 3137 1913 animo
3158 1867 3410 1913 conster-

1826 1974 2007 2027 natus,
2044 1960 2157 2015 fieri
2197 1958 2413 2027 quidem
2457 1955 2523 2008 de
2556 1952 2729 2007 reditu
2770 1950 2895 2014 viri,
2926 1949 3067 2019 quod
3097 1949 3405 2017 petebatur,

1828 2074 1886 2111 se
1913 2056 2140 2109 libenter
2165 2050 2300 2105 velle
2325 2038 2617 2111 fatebatur,
2657 2044 2734 2099 sic
2764 2054 2939 2096 tamen
2975 2051 3029 2095 ut
3057 2046 3407 2110 paternarum

1829 2143 2284 2201 consuetudinum
2339 2137 2472 2192 nihil
2519 2136 2619 2190 sibi
2672 2135 2739 2187 ab
2779 2149 2842 2189 eo
2890 2133 3116 2187 ulterius
3165 2126 3412 2197 (Ιθνοέειτί

1830 2240 1936 2292 ulla
1982 2237 2192 2290 ratione
2221 2241 2518 2302 pateretur.
2575 2223 2727 2283 Unde
2760 2225 2915 2279 nobis
2945 2226 3118 2278 adhuc
3166 2219 3412 2290 Lugduni

1830 2327 2154 2399 degentibus
2182 2323 2352 2378 nuntii
2388 2322 2612 2374 Romam
2643 2321 2709 2371 ab
2742 2319 2857 2387 ipso
2882 2332 3008 2386 rege
3045 2316 3234 2369 directi
3267 2322 3414 2372 stmt,

1833 2425 1922 2495 qui
1956 2420 2131 2476 modis
2158 2414 2412 2471 omnibus
2438 2412 2781 2466 elaborarent
2816 2408 3171 2478 apostolicum
3217 2404 3281 2457 ad
3312 2403 3418 2456 hoc

1840 2513 2107 2568 deducere
2166 2522 2224 2561 ut
2269 2503 2584 2557 Anseltnum
2638 2500 2887 2571 Angliam
2946 2498 3122 2551 redire
3177 2505 3227 2548 et
3257 2493 3419 2562 regia:

1835 2602 2098 2657 voluntati
2152 2600 2370 2668 juberct
2416 2596 2467 2647 in
2518 2592 2728 2646 cunctis
2771 2590 2924 2645 subdi
2962 2598 3015 2643 et
3048 2587 3285 2640 obedire.
3332 2580 3416 2635 Ad

1836 2696 1977 2766 quod
2007 2695 2135 2748 dum
2179 2694 2402 2747 minime
2436 2685 2583 2741 illum
2614 2682 2831 2737 flectere
2876 2688 3119 2751 possent,
3148 2678 3290 2732 sicut
3327 2691 3421 2730 ve-

1830 2778 2053 2852 nerunt,
2089 2786 2290 2842 infecto
2317 2780 2537 2852 negotio
2565 2775 2768 2831 reversi
2797 2781 2944 2828 sunt.

1910 2883 1968 2938 In
1999 2880 2190 2936 diebus
2219 2878 2325 2932 illis
2354 2873 2527 2931 Gualo
2557 2882 2583 2910 α
2612 2868 2894 2938 episcopus
2934 2861 3321 2919 Parisiacensis
3358 2857 3426 2915 de

1840 2976 2011 3031 Roma
2036 2972 2260 3028 veniens
2284 2971 2350 3024 ad
2376 2985 2494 3030 nos,
2522 2964 2779 3035 reliquias
2806 2958 3049 3029 corporis
3071 2957 3243 3011 beatze
3274 2967 3424 3006 mar-

1843 3067 1977 3141 tyris
2004 3063 2206 3121 Prisca:
2246 3062 2347 3118 sibi
2393 3060 2581 3115 Romae
2622 3058 2777 3111 datas
2814 3050 3011 3114 attulit,
3041 3056 3101 3101 et
3132 3045 3255 3100 inde
3295 3041 3427 3097 mihi

1845 3130 1897 3213 iit
1939 3156 2224 3228 przcsentia
2278 3151 2458 3205 Patris
2499 3146 2739 3203 Anselmi
2780 3151 2985 3214 partem
3029 3130 3421 3216 aliquantulam

1767 3220 1812 3282 Ο
1843 3220 2007 3305 dedit.
2058 3246 2188 3313 Qua:
2237 3259 2363 3314 pars
2403 3242 2529 3296 dum
2576 3226 2863 3293 admodum
2908 3244 3073 3302 parva
3131 3226 3261 3281 mibi
3306 3223 3420 3279 visa

1844 3340 2056 3402 fuisset,
2101 3345 2381 3406 rogantem
2438 3348 2524 3386 me
2563 3338 2622 3383 ut
2668 3328 2868 3381 donum
2909 3323 3137 3375 antistes
3177 3325 3420 3387 augeret,

1842 3428 2128 3483 Anselmns
2166 3420 2520 3492 compescuit,
2564 3417 2751 3470 dicens
2801 3409 3045 3465 sufﬁcere
3081 3405 3222 3475 quod
3268 3402 3430 3457 babe-

1845 3525 1988 3576 ham.
2034 3537 2051 3569 ι
2083 3517 2216 3573 Cum
2245 3514 2415 3576 enim,
2445 3509 2721 3581 inquiens,
2773 3519 2835 3558 os
2873 3498 3046 3571 ipsum
3084 3499 3153 3552 de
3193 3508 3430 3565 corpore

1853 3613 1999 3666 illius
2037 3610 2129 3670 sit,
2180 3608 2353 3659 donec
2380 3618 2445 3659 eo
2483 3599 2744 3661 caruerit,
2788 3594 3152 3665 integritatem
3203 3589 3283 3642 sui
3320 3603 3427 3640 non

1847 3704 2085 3761 habebit.
2131 3700 2473 3768 Quapropter
2519 3693 2563 3749 si
2617 3691 2743 3746 illud
2789 3688 2949 3759 digne
2994 3680 3318 3744 servaveris,
3378 3684 3435 3732 et

1850 3793 2081 3851 dominre
2134 3790 2288 3859 cujus
2313 3797 2395 3842 est
2429 3801 2531 3854 qua
2565 3792 2720 3853 potes
2764 3776 3050 3833 devotione
3094 3771 3146 3826 iu
3192 3770 3283 3823 illo
3322 3783 3437 3823 sero

1847 3884 2034 3949 vieris,
2096 3892 2203 3935 tam
2272 3886 2553 3949 gratanter
2610 3871 2772 3926 ollieii
2830 3869 2904 3922 ttti
2963 3879 3159 3919 munus
3205 3859 3437 3939 accipiet

1849 3993 2009 4046 quam
2057 3976 2102 4030 si
2151 3974 2244 4027 toti
2306 3968 2518 4039 corpori
2578 3967 2694 4035 ejus
2745 3959 3066 4017 deservires.
3108 3975 3126 4007 ι
3177 3940 3437 4021 Acquicvi

1851 4058 2018 4129 dicto,
2051 4073 2103 4119 et
2153 4063 2294 4134 quod
2343 4073 2657 4128 aet-cperam
2701 4052 2942 4123 diligenti
2969 4048 3212 4105 custodia
3252 4059 3431 4100 servo.

1850 4158 1908 4213 lit
1949 4157 2190 4215 secundo
2239 4162 2418 4208 autem
2473 4165 2616 4203 anno
2642 4149 2667 4189 ι)
2700 4147 2965 4200 adventus
3010 4140 3178 4195 nostri
3206 4154 3235 4194 a
3267 4123 3439 4217 Roma

1854 4253 2198 4325 Lugdunum,
2257 4248 2372 4316 ipse
2428 4259 2563 4315 papa
2611 4249 2802 4295 coacto
2860 4222 3144 4291 Lateranis
3195 4229 3437 4304 generali

1854 4324 2107 4409 concilio,
2140 4342 2391 4399 comitem
2415 4337 2482 4392 de
2510 4334 2782 4396 Mellento,
2821 4329 2974 4398 cujus
3009 4341 3150 4398 saepe
3190 4324 3443 4395 superius

1858 4437 2041 4493 habita
2068 4442 2151 4489 est
2195 4431 2418 4492 mentio,
2456 4436 2511 4480 et
2546 4422 2840 4494 cotnpliccs
2866 4420 2983 4491 ejus
3024 4419 3112 4488 qui
3150 4431 3332 4485 regem
3371 4411 3441 4468 ad

1866 4528 2202 4587 investitnra:
2250 4522 2513 4594 flagitium
2562 4518 2704 4573 sicut
2744 4514 3029 4569 dicebatur
3070 4510 3440 4585 impellebant,

1861 4638 2032 4681 necne
2056 4622 2176 4676 illos
2202 4618 2293 4688 qui
2334 4617 2401 4668 ab
2433 4627 2499 4667 eo
2546 4606 2784 4665 investiti
2832 4605 3073 4669 fuerant,
3103 4618 3130 4655 a
3162 4582 3442 4653 liminibus

1861 4727 2061 4776 sancire
2103 4708 2358 4767 Ecclesia:
2382 4706 2590 4774 judicio
2635 4699 2870 4779 Spiritus
2910 4696 3082 4752 sancti
3126 4690 3346 4761 repulit,
3387 4696 3443 4742 et

1863 4814 1963 4867 hoc
1986 4811 2162 4880 ipsum
2192 4817 2289 4875 per
2315 4797 2598 4869 epistolam
2622 4778 2784 4867 quam
2808 4805 2937 4875 ecce
2953 4785 3306 4857 supponimus
3332 4781 3444 4835 An-

1863 4906 2030 4963 selmo
2053 4902 2152 4957 sub
2179 4897 2459 4954 celeritate
2485 4888 2717 4949 innotuit
2742 4902 2759 4940 :

1422 5017 1830 5082 llENSCHENll
1866 5012 2097 5073 NOTAE.

235 5181 264 5210 ι
305 5165 480 5221 Gualo
524 5180 616 5219 seu
660 5162 814 5223 Galo,
846 5175 911 5212 ex
942 5148 1308 5223 Bellovacensi
1343 5143 1628 5223 episcopo,
1674 5135 1753 5188 fil-

161 5250 286 5296 cttts
318 5236 643 5293 Parisiensis
668 5211 814 5286 anno,
832 5232 855 5284 1
873 5229 989 5282 105.
1014 5220 1247 5278 Consule
1277 5211 1754 5296 sam‘tnart‘l‘tan‘os.

161 5313 439 5367 Ceterum
474 5309 588 5361 lnec
613 5320 772 5372 supra
814 5297 1123 5372 laterelata
1160 5287 1377 5372 Stltrtl‘ill
1404 5281 1529 5362 Vita
1553 5279 1758 5372 ἄρδι-

162 5346 439 5367 unm"...
474 5346 588 5361 ....,.,
614 5346 671 5359 ..η
719 5346 772 5357 ...
818 5346 921 5353 ...η
955 5346 1027 5351 ___
1080 5346 1083 5347 ,

162 5382 348 5439 selttti,
380 5389 436 5432 et
466 5376 646 5430 omnia
669 5346 826 5428 sritnul
848 5367 1168 5425 deduximus
1204 5360 1264 5413 l8
1288 5352 1534 5412 Januarii
1566 5350 1631 5402 ad
1666 5346 1758 5399 Vi-

166 5463 278 5507 tam
311 5449 373 5503 S.
404 5449 622 5501 Priscae.

242 5487 278 5558 ἰδ’
312 5487 765 5574 ἦίιίιιίῆῖυειιιιιιιςι
797 5510 937 5565 haud
974 5506 1137 5562 dubie
1168 5499 1339 5576 “05,
1362 5492 1581 5576 quando
1609 5487 1758 5576 nulla

170 5592 301 5646 alibi
338 5558 481 5645 illius
512 5586 723 5641 concilii
764 5558 1156 5646 Lateraueu—sis
1181 5558 1418 5646 mentio',
1459 5564 1565 5646 nisi
1592 5558 1753 5646 apud

171 5660 453 5716 auctorem
478 5657 731 5714 Cltrouiei
762 5653 820 5707 S.
859 5650 999 5706 Petri
1045 5644 1158 5716 Vivi
1198 5636 1545 5716 Sinonensis',
1592 5632 1752 5699 idque

780 5706 962 5776 verbis
992 5737 1005 5772 :
1035 5736 1051 5768 ‹
1090 5706 1752 5785 Ηοαᾼςιιιιιοηὶιιἰλειιθιοίιιι.

175 5778 429 5865 ecclesia:
455 5778 797 5870 Ip—riesi‘lcutc
839 5793 898 5845 Ι).
930 5786 1177 5844 Pascltttli
1209 5782 1272 5870 1⁸1ἐ
1306 5778 1598 5870 indictione
1640 5781 1751 5870 lef-

176 5846 929 5940 tiiirﬁoi’iisrl‘lartiifactum
964 5870 1049 5915 est
1081 5853 1370 5911 concilium
1404 5866 1417 5904 :
1455 5868 1471 5900 ι
1503 5846 1591 5900 ubi
1626 5846 1670 5896 si
1703 5846 1754 5894 in

1864 5143 2090 5185 numero
2139 5120 2450 5179 indictionis
2486 5127 2728 5171 errorem
2754 5106 3058 5185 irrepsisse
3086 5101 3300 5185 credas.
3345 5100 3443 5181 qui

1863 5172 2109 5268 scriptori
2143 5172 2457 5268 iittposuerit
2476 5190 2559 5268 ita
2589 5194 2777 5268 llf'pt‘p.
2799 5172 2952 5233 tertia
3000 5175 3210 5254 legatur
3242 5172 3447 5223 decima

1866 5244 2359 5329 i5§¢’i2‘,“i{t€}iiiims
2404 5258 2541 5313 1105
2590 5244 2916 5329 habebitur:
2969 5261 3076 5315 quo
3104 5244 3267 5297 etiam
3296 5258 3446 5329 anno

2188 5311 2583 5389 Antoninus
2608 5324 2852 5396 scribunt
2877 5311 3125 5396 eoactum
3154 5311 3445 5396 concilium

1867 5381 2533 5478 EddvepiSCOporum,sed
2584 5391 2886 5453 Florentim,
2918 5389 3078 5478 ‘quotl
3132 5400 3237 5438 non
3292 5381 3449 5437 facile

1867 5459 2587 5542 Genabos;'munu'mtnus
2625 5479 2865 5542 errorem
2900 5459 2969 5541 tle
3012 5459 3133 5542 jam
3177 5464 3449 5542 tumulata

1860 5523 2234 5608 Atdielir‘ist’o:
2268 5544 2357 5614 qni
2394 5523 2464 5596 ibi
2497 5541 2793 5614 damnatus
2812 5523 3033 5591 dicitur,
3064 5526 3226 5614 fuisse
3254 5523 3452 5600 Fluen-

1865 5595 2179 5695 iii'cpiscopi
2214 5595 2650 5695 ft‘ldretttitii,.qtti
2688 5605 2867 5660 nullus
2891 5613 3125 5695 ttthlt‘lztln
3157 5595 3450 5695 filorentize

1862 5666 2727 5757 ἓᾶίῖξᾍῖἓῖίηὶέἕίλπωξιάυυω
2776 5687 2888 5731 tum
2937 5666 3113 5726 adhuc
3162 5666 3445 5725 ltaiuem,

1865 5754 2019 5836 Cujus
2047 5761 2173 5815 itlilti
2206 5759 2345 5811 facta
2375 5754 2599 5810 mentio.
