3890 6306
274 654 492 835 ut“

128 838 434 1131 ur“

499 310 607 373 ιω

1501 248 1804 354 sspitem
1844 280 2400 344 CANTHARIENSIS
2437 278 2747 360 uestem

3649 282 3729 342 ιει

583 376 924 491 ιΡισαιιιιιίι.
941 412 1250 484 episeOpus,
1271 422 1460 464 servus
1473 385 1757 486 servorum
1786 403 1901 466 Dei,
1927 417 2092 458 vene-
2122 387 2170 444 Δ
2201 409 2427 466 samque
2451 407 2594 491 pene
2617 402 2793 491 totam
2811 405 2926 491 ante
2959 388 3156 456 ditioni
3191 390 3499 491 subegerat.
3521 387 3726 491 Potestas

511 493 669 571 rabiii
697 501 873 566 ll'ratri
919 499 1294 561 Cantuarieusi
1345 497 1757 568 archiepiscopo
1805 493 2096 578 Ansehno,

511 606 744 663 salutem
765 610 821 656 et
849 595 1199 666 apostolicam
1231 590 1686 647 benedictionem.

534 752 536 756 ,
587 714 607 748 ι
651 695 725 748 De
774 673 1052 745 illatatibi
1094 680 1330 750 injuria,
1365 702 1384 736 ι
1418 693 1537 736 etc.
1568 671 1693 732 Vide
1730 677 1783 731 in
1823 672 2097 729 Paschali.

535 777 538 780 ’
585 762 740 843 Hanc
769 784 934 852 igitur
956 781 1240 856 epistolam
1271 762 1558 849 postquam
1596 769 1879 850 Anselmus
1911 783 2099 849 susce-

510 880 607 950 pit,
640 863 897 949 inspexit,
944 872 1209 934 intellexit
1243 885 1302 924 se
1349 866 1581 937 amplius
1615 863 1814 917 frustra
1853 857 2098 930 Lugduni

511 952 813 1024 Romanam
864 951 1032 1037 opem
1068 959 1411 1034 praestolari.
1471 954 1773 1028 przesertim
1816 967 1938 1007 cum
1986 951 2098 1021 jam

511 1074 900 1132 saepenumero»
933 1057 1033 1134 ipsi
1067 1055 1326 1110 Romana:
1362 1048 1506 1106 sedis
1529 1044 1758 1100 antistiti
1799 1042 2008 1114 legatos
2045 1049 2104 1096 et

513 1155 732 1210 litteras
769 1153 838 1220 de,
866 1151 946 1208 sui
981 1149 1182 1220 negotii
1227 1136 2098 1202 consummationetransmiserit,

512 1233 570 1300 et
592 1259 657 1301 eo
686 1259 855 1314 usque
887 1243 1020 1303 nihil
1055 1240 1157 1296 nisi
1199 1226 1487 1312 quamdam
1527 1231 1679 1310 quasi
1714 1227 2101 1286 'consolatoriae

515 1315 944 1409 exspectationis
983 1316 1400 1404 promissionem
1449 1327 1514 1380 de
1548 1323 1777 1378 termino
1819 1321 1872 1378 in
1917 1320 2103 1374 termi-

515 1444 647 1487 num
689 1427 858 1487 abeo
913 1424 1193 1487 meruerit.
1251 1411 1680 1494 'l‘értiosquoque
1725 1412 1936 1466 litteras
1975 1425 2103 1466 suas

475 1507 477 1510 l
515 1520 632 1592 regi
665 1519 869 1589 Anglia:
906 1533 1002 1589 pro
1039 1531 1257 1571 suarum
1291 1527 1471 1568 rerum
1517 1505 1860 1563 resaisitione
1888 1497 2104 1558 direxe-

516 1621 624 1682 rat,
658 1626 760 1664 nec
799 1608 1003 1678 aliquid
1035 1606 1104 1661 ab
1148 1621 1234 1672 eo,
1265 1604 1370 1659 nisi
1419 1599 1561 1672 quod
1597 1592 1966 1653 blandientem
1999 1591 2100 1682 sibi

521 1689 834 1759 dilationem
879 1689 1173 1769 ingereret,
1218 1691 1466 1764 responsi
1507 1694 1812 1758 acceperat.
1842 1681 2101 1740 Consulto

519 1773 704 1863 itaque
731 1788 1025 1846 venerabili
1061 1787 1285 1860 praelato
1315 1779 1691 1856 Lugdunensis
1723 1777 1962 1832 civitatis
1984 1774 2102 1860 epif

518 1892 685 1955 scopo
727 1874 990 1954 Lugdune
1032 1877 1320 1935 Franciam
1363 1875 1630 1947 petiturus
1676 1867 1928 1932 decessit,
1971 1881 2106 1920 moe-

517 1963 674 2028 rente
703 1986 865 2043 super
890 1971 993 2026 hoc
1015 1967 1271 2039 pontiﬁce
1301 1965 1416 2036 ipso
1441 1972 1496 2018 et
1523 1959 1668 2017 onmi
1706 1956 1901 2030 populo
1925 1965 2106 2011 terrae.

588 2063 724 2122 Cum
754 2078 887 2134 ergo
927 2059 1244 2117 Ciuniacum
1273 2058 1340 2112 ad
1369 2055 1706 2112 Charitatem
1732 2062 1781 2118 ει,
1816 2065 1935 2118 qua:
1974 2047 2107 2103 rella

515 2146 890 2225 Cluniacensis
925 2151 1160 2217 cmnobii
1198 2160 1303 2216 est,
1343 2148 1711 2207 venissemus,
1758 2142 1946 2197 didicit
1995 2142 2108 2196 An-

517 2246 722 2306 selmus
775 2245 1108 2300 comitissam
1151 2242 1504 2304 Rleisensem,
1551 2234 1775 2306 majoris
1809 2231 2107 2288 Willhehni

518 2329 666 2409 regis
699 2333 884 2400 filiam,
918 2332 1136 2410 nomine
1163 2323 1390 2386 Adalam
1421 2327 1474 2394 δ,
1506 2327 1647 2397 apud
1677 2331 1914 2379 castrum
1954 2337 2108 2377 sutnn

517 2425 756 2498 Bleisnm
781 2443 803 2470 ε
832 2429 1120 2488 inlirma‘ri.
1152 2425 1327 2484 Vertit
1363 2427 1546 2497 itaque
1576 2425 1680 2481 iter
1713 2439 1820 2494 quo
1845 2440 1902 2478 se
1925 2420 2112 2478 Remis

519 2511 600 2577 ire
639 2521 802 2588 (sicut
827 2534 868 2592 ag
897 2516 1148 2572 Manasse
1169 2513 1197 2555 ἀ
1227 2513 1398 2586 ipsius
1427 2509 1600 2566 ’urbis
1645 2511 1888 2565 antistite
1928 2507 2112 2591 multis

518 2598 642 2664 erat
670 2618 726 2664 et
755 2589 969 2663 obnixis
995 2607 1245 2680 precibus
1279 2620 1376 2675 per
1405 2601 1771 2658 internuntios
1799 2589 2109 2669 interpella;

457 2763 461 2768 τ
520 2699 631 2772 tus)
687 2699 1052 2772 disposuerat,
1099 2707 1153 2752 et
1183 2695 1419 2766 Bleisum
1463 2691 1596 2748 abiit
1647 2690 1713 2746 ad
1754 2690 2112 2756 comitissam,

514 2806 735 2847 omnem
785 2790 1076 2861 cujuslibet
1128 2787 1377 2860 vitupcrii
1433 2795 1616 2842 notam
1673 2799 1772 2858 pro
1821 2801 1919 2841 suo
1961 2799 2113 2840 more

517 2881 719 2952 ubique
744 2883 1010 2937 devitans.
1039 2881 1154 2953 Ipsa
1181 2878 1447 2949 siquidem
1469 2877 1749 2933 comitissa
1784 2875 1836 2931 in
1867 2874 2112 2947 pluribus

517 2975 567 3040 ei
601 2985 709 3028 tam
736 2974 788 3029 in
822 2975 924 3029 hoc
953 2990 1115 3044 quam
1147 2981 1202 3026 et
1231 2973 1284 3025 in
1324 2970 1431 3025 alio
1454 2969 1645 3026 exsilio
1667 2972 1786 3038 ejus
1821 2967 2110 3038 magniﬁca

519 3064 851 3120 liberalitate
894 3065 1321 3128 ministraveral,
1346 3077 1579 3132 euntque
1606 3060 1745 3116 sicut
1771 3059 1949 3114 virum
1979 3053 2109 3115 Ban-

519 3155 670 3230 ctum
730 3172 796 3212 ac
849 3149 1157 3225 religiosum
1209 3153 1331 3208 vita:
1372 3169 1505 3223 sum,
1563 3163 1683 3224 post
1727 3155 1916 3218 Deum,
1952 3151 2112 3207 insti-

523 3257 758 3302 tutorem
794 3245 1032 3317 elegerat
1080 3253 1242 3316 atque
1304 3253 1556 3299 tutorem.
1614 3237 1672 3300 Si
1727 3247 1909 3317 itaque
1959 3237 2110 3299 illam

528 3326 796 3398 extrema,
840 3346 898 3389 ut
926 3335 1226 3401 dicebatur,
1263 3342 1515 3406 agentem
1561 3345 1785 3406 paterna
1818 3334 2113 3408 praesentia

525 3423 634 3484 tum
674 3428 942 3494 visitaret,
987 3438 1168 3483 notam
1189 3427 1350 3499 justa:
1392 3427 1824 3503 reprehensionis
1853 3444 1960 3484 non
1987 3441 2115 3482 eva-

526 3517 704 3573 deret.
737 3509 904 3591 lgitur
952 3519 1039 3573 ubi
1094 3519 1162 3575 ad
1219 3519 1366 3574 illaut
1413 3523 1679 3587 venimus,
1731 3502 1965 3591 eamque
1999 3517 2118 3572 latt-

526 3623 697 3678 guore
735 3611 912 3682 sopito
941 3608 1113 3665 ferme
1160 3611 1504 3667 conVaIuisse
1545 3597 1879 3674 invenimus,
1909 3607 2112 3665 detenti

529 3699 600 3755 ab
628 3717 692 3757 ea
725 3700 776 3756 in
815 3702 932 3772 ipso
971 3713 1152 3756 castro
1201 3717 1298 3773 per
1334 3698 1541 3775 aliquot
1579 3703 1697 3757 dies
1734 3699 2117 3755 decentissime

442 3777 450 3877 ι’
525 3807 736 3849 sumus.
784 3793 842 3872 In
874 3794 1072 3866 quibus
1117 3794 1308 3851 diebus
1341 3813 1462 3851 cum
1513 3797 1677 3851 verba
1707 3808 1850 3872 saepe
1889 3794 2030 3849 inter
2057 3809 2118 3850 se

525 3876 884 3942 cuttsererent
925 3887 1152 3942 antistes
1183 3900 1237 3942 et
1284 3888 1395 3954 illa,
1426 3888 1656 3943 antistes
1703 3881 1870 3941 illam
1889 3901 1989 3957 pro
2018 3900 2116 3940 suo

531 3975 712 4053 ollicio
756 3978 1001 4055 studiose
1038 3978 1108 4034 ad
1153 3979 1292 4036 bene
1338 3979 1605 4051 agendum
1651 3976 1980 4046 instigando,
2028 3975 2116 4031 illa

526 4068 826 4124 antistitem
874 4059 972 4138 pro
1011 4071 1134 4124 vitae
1187 4085 1298 4126 sua:
1345 4069 1718 4140 qualitatibus,
1774 4075 1832 4120 ut
1877 4055 2116 4133 Patrem,

527 4175 649 4231 qua:
686 4161 1006 4243 inquirenda
1055 4177 1178 4218 esse
1224 4162 1431 4216 sciebat
1482 4160 1890 4231 interrogando,
1925 4158 2117 4214 Ansel-

529 4257 653 4306 titus
689 4250 981 4304 comitissze
1007 4268 1222 4307 causam
1263 4253 1466 4307 reditus
1505 4252 1588 4307 sui
1627 4249 1914 4306 Franciam
1947 4249 2016 4305 ab
2051 4263 2116 4304 ea

530 4331 826 4411 inquisitus
850 4343 1104 4406 innotuit,
1125 4353 1180 4396 et
1203 4332 1326 4413 quia
1355 4342 1576 4398 fratrem
1601 4343 1769 4412 ipsius
1799 4341 2118 4406 llcnricum,

530 4420 786 4508 videlicet
827 4448 1008 4504 regem
1053 4431 1373 4504 Anglorum,
1422 4451 1518 4506 pro
1553 4433 1769 4504 injuria,
1799 4448 1963 4504 quam
2009 4433 2118 4488 Deo

528 4522 742 4595 sibique
762 4521 874 4594 jam
917 4540 1016 4595 per
1047 4523 1324 4580 biennium
1367 4534 1422 4580 et
1463 4510 1619 4582 ultra
1647 4523 1870 4591 fecerat,
1899 4541 2117 4582 excom-

441 4688 446 4691 _
529 4619 809 4673 municare
855 4617 1105 4676 veniebat
1151 4633 1258 4675 non
1297 4616 1514 4673 celavit.
1558 4609 1711 4688 Quod
1761 4618 1847 4674 illa
1891 4618 2118 4674 audiens

529 4701 786 4765 fraternae
817 4708 1159 4766 damnationi
1202 4711 1555 4766 vehementer
1582 4708 1832 4775 indoluit,
1861 4727 1923 4766 ac
1965 4719 2025 4765 ιιι
2059 4709 2122 4764 il-

527 4799 639 4857 lum
669 4804 848 4873 potius
871 4803 1112 4874 pontillei
1151 4802 1505 4858 eOncordaret
1529 4817 1749 4874 operam
1779 4802 1910 4860 dare
1936 4803 2119 4875 dispo-

529 4897 658 4950 suit.
691 4897 809 4967 Egit
837 4913 966 4968 ergo
992 4897 1134 4967 apud
1161 4897 1337 4950 virum
1364 4905 1421 4951 ut
1458 4897 1752 4952 Carnotum
1782 4911 1965 4953 secum
1995 4913 2116 4967 pcr-

529 4997 698 5059 geret.

605 5077 716 5148 Ego
758 5091 998 5152 tempore
1040 5082 1155 5154 ipse
1194 5098 1290 5139 rex
1327 5084 1380 5138 in
1414 5081 1810 5138 Northmannia
1859 5091 2001 5146 erat,
2035 5081 2117 5150 ipe

2203 501 2396 556 nempe
2451 484 2675 541 Robert-i
2751 483 3251 538 Northmannorum
3309 480 3550 545 comitis,
3592 481 3728 541 fratris

2198 580 2411 636 scilicet
2451 578 2696 650 ejusdem
2744 577 2921 648 regis,
2968 576 3045 630 ita
3087 575 3301 632 cunctis
3351 589 3414 630 ea
3472 583 3729 644 tempestate

2202 671 2437 726 viluerat
2473 679 2530 724 ut
2560 667 2652 722 vix
2695 666 2837 723 ullus
2862 681 2964 738 pro
3001 681 3066 722 eo
3092 665 3394 737 quidquam
3427 663 3592 722 facere
3611 667 3728 722 vellet

2193 749 2344 832 quod
2365 775 2462 832 pro
2491 768 2649 814 terra:
2673 756 2920 829 principe
2951 771 3167 828 qttaqne
3193 757 3432 829 gentium
3455 754 3564 811 ﬁeri
3609 758 3729 814 solet.

2201 853 2358 909 Pium
2387 853 2588 909 etenim
2618 867 2716 906 cor
2756 860 2813 905 et
2841 861 3188 914 terrenarum
3221 864 3408 905 rerum
3434 848 3634 906 miniata
3653 866 3723 905 ett-

2201 947 2349 1016 pido,
2378 959 2498 1016 quae
2525 945 2578 1000 in
2607 961 2676 1000 eo
2717 945 2872 1016 juxta
2905 943 3196 1011 vigebant,
3224 942 3330 998 hoc
3369 941 3417 996 ei
3448 954 3728 1011 pepererant.

2203 1036 2406 1094 Omnes
2450 1037 2616 1108 igitur
2655 1036 2826 1093 ferme
2854 1035 3358 1092 Northmannorum
3388 1033 3606 1102 majores
3625 1034 3727 1092 illico

2204 1132 2271 1186 ad
2302 1131 2445 1203 regis
2474 1131 2793 1196 adventum,
2833 1139 3024 1201 spreto
3062 1129 3264 1186 comite
3295 1127 3514 1182 domino
3543 1143 3657 1192 suo,
3689 1142 3728 1183 et

2206 1224 2363 1278 Iidem
2387 1238 2552 1293 quam
2600 1222 2648 1276 ei
2679 1221 2950 1277 debebant
2981 1227 3374 1292 postponentes
3403 1260 3422 1285 ,
3441 1218 3492 1274 in
3519 1235 3673 1273 aurum
3691 1231 3726 1274 et

2205 1322 2486 1384 argentum
2515 1311 2660 1382 regis
2687 1323 3079 1378 cucurrerunt,-.
3097 1312 3257 1384 eique
3287 1311 3562 1376 civitates,
3601 1324 3726 1366 castra

2205 1414 2261 1460 et
2293 1406 2454 1460 urbes
2489 1403 2845 1459 tradiderunt.
2924 1401 2926 1403 ’

2275 1495 2412 1552 Cum
2437 1497 2621 1567 itaque
2667 1509 2762 1552 rex
2817 1511 2914 1567 per
2959 1495 3166 1567 legatos
3202 1494 3503 1550 comitissa:
3545 1494 3728 1550 Anselrai

2208 1589 2526 1653 adventum,
2552 1595 2604 1641 et
2653 1585 3006 1656 quamobrem
3040 1585 3230 1641 relicta
3271 1582 3568 1654 Burgundia
3601 1582 3725 1638 Fran-

2205 1681 2346 1735 ciam
2379 1679 2588 1734 venerit
2613 1678 2915 1748 accepisset
2935 1717 2952 1743 ,
2985 1677 3219 1749 qualiter
3238 1676 3476 1731 animum
3497 1677 3586 1732 viri
3602 1692 3628 1732 a
3643 1693 3728 1748 pro-

2138 1747 2181 1803 B
2210 1769 2382 1840 posita
2414 1768 2717 1824 intentione
2747 1747 3037 1822 deﬂectere
3069 1775 3258 1838 posset
3286 1767 3604 1837 perquisivit.
3632 1767 3727 1822 lnizo

2211 1859 2377 1930 igitur
2425 1874 2550 1914 cum
2594 1858 2708 1914 suis
2768 1858 3032 1924 consilio,
3073 1873 3170 1928 per
3218 1858 3438 1912 nuntius
3483 1859 3728 1928 deprecatus

2207 1960 2292 2006 est
2321 1951 2657 2006 comitiSSam
2687 1961 2953 2021 quatenus
2985 1949 3052 2004 ad
3092 1950 3425 2020 loquendum
3472 1947 3564 2004 sibi
3604 1949 3726 2002 virtuti

2210 2039 2661 2095 Nortiuuanniam
2704 2040 2962 2106 duceret,
3005 2038 3276 2109 pollicens
3320 2053 3382 2094 se
3429 2038 3482 2094 in
3514 2036 3726 2094 multisde

2210 2131 2430 2204 querela
2472 2133 2700 2202 pristina
2753 2131 3026 2188 voluntati.
3046 2132 3201 2203 ejus.
3239 2131 3394 2201 pacis
3429 2131 3613 2200 gratia,
3639 2146 3728 2186 ωιι-

2213 2224 2626 2280 descensurum.
2673 2224 2814 2292 Quid
2863 2223 3062 2294 plura?
3093 2224 3314 2280 Statuto
3345 2224 3562 2278 termino
3600 2223 3726 2277 archi-

2212 2317 2502 2387 episcopus
2553 2323 2607 2370 et
2636 2315 2927 2370 comitissa.
2962 2315 3015 2370 in
3055 2321 3334 2380 castrum,
3371 2313 3508 2384 quod
3543 2313 3726 2383 Aquila.

2214 2415 2483 2475 vocatur,
2523 2422 2624 2476 pro
2678 2407 2958 2478 colloquio
3011 2409 3177 2480 regis,
3221 2407 3300 2462 uti
3345 2408 3618 2474 petiverat,
3655 2421 3723 2460 una

2210 2507 2503 2564 venerunt,
2535 2506 2588 2553 et
2635 2512 2818 2567 regem
2852 2499 3161 2554 vehementi
3198 2499 3396 2570 gaudio
3434 2512 3523 2567 pro
3557 2498 3723 2550 adventu

2144 2605 2147 2608 ·
2213 2587 2456 2645 Anselmi
2495 2588 2794 2657 exsultare,
2827 2604 2892 2644 ac
2919 2605 3024 2644 non
3053 2606 3250 2660 parum
3275 2605 3306 2644 a
3340 2589 3548 2660 pristina
3572 2588 3723 2642 feritate

2216 2681 2568 2738 descendisse
2616 2689 2959 2752 repererunt.
3005 2681 3234 2750 Deinde,
3275 2683 3460 2737 habito
3505 2682 3622 2736 inter
3657 2693 3720 2731 eos

2209 2771 2500 2842 colloquio.
2523 2771 2839 2828 Anselmum
2862 2785 2956 2828 rex
2981 2773 3048 2828 de
3077 2773 3384 2830 redditibus
3411 2774 3486 2828 sui
3513 2771 3722 2843 ροιιιὶῆι-ι-

2214 2873 2303 2921 tus
2336 2865 2654 2932 revestivit,
2690 2873 2748 2921 et
2787 2865 2840 2920 in
2867 2865 3159 2936 pristinam
3206 2866 3500 2921 amicitiam
3535 2863 3722 2931 utrinque

2213 2960 2414 3029 recepti
2457 2967 2610 3014 sunt.
2654 2956 2989 3026 Quibusdam
3038 2959 3202 3032 igitur
3267 2961 3339 3016 ad
3411 2961 3504 3016 hoc
3555 2958 3719 3013 sollicite

2215 3063 2438 3119 operam
2470 3048 2728 3104 dantibus
2759 3059 2819 3104 ut
2848 3051 3080 3106 antistes
3118 3051 3309 3107 statim
3330 3050 3559 3122 Angliam
3579 3062 3724 3102 rerum

2220 3149 2303 3196 ret
2324 3156 2418 3196 rex
2455 3143 2667 3207 annuit,
2710 3142 2791 3198 sic
2831 3151 3013 3198 tamen
3053 3150 3113 3198 ut
3151 3143 3284 3198 nulli
3328 3158 3507 3198 eorum
3529 3141 3606 3211 qui
3639 3152 3721 3192 asc

2219 3233 2572 3290 investituras
2621 3233 2988 3292 Ecclesiarum
3018 3244 3378 3305 susceperant
3411 3232 3490 3288 vel
3512 3247 3592 3288 eos
3626 3244 3722 3286 con-

2217 3334 2591 3393 secraverant,
2621 3342 2780 3382 suam
2809 3327 2864 3381 in
2904 3326 3085 3396 aliquo
3115 3327 3540 3383 eonunuuiouem
3566 3325 3720 3378 sulta-

2219 3416 2392 3472 beret.
2429 3416 2526 3473 Cui
2550 3416 2849 3472 conditioni
2877 3416 3167 3472 Anselmns
3195 3416 3421 3471 minime
3446 3413 3718 3483 acquiescant

2217 3508 2606 3581 (obedientiam
2645 3508 2900 3564 videlicet
2948 3524 3102 3581 papa:
3143 3508 3197 3563 in
3265 3507 3412 3564 nullo
3453 3500 3721 3578 praetenta“

2216 3605 2424 3675 volens)
2455 3613 2612 3660 extra
2669 3602 2918 3676 Angliam
2969 3617 3196 3658 manere
3257 3603 3468 3672 delegit,
3507 3601 3643 3654 donec
3674 3589 3720 3646 ili

2216 3697 2308 3770 qui
2339 3695 2407 3753 ad
2450 3697 2627 3768 ipsum
2658 3697 2933 3768 negotium
2963 3706 3022 3751 et
3057 3697 3313 3766 quaedam
3344 3693 3467 3758 alia,
3494 3691 3551 3747 de
3586 3686 3721 3758 quibus

2218 3791 2364 3849 inter
2389 3805 2484 3846 eos
2515 3791 2603 3846 illa
2642 3792 2758 3848 vice
2782 3789 3074 3846 convenire
3124 3803 3234 3842 non
3264 3793 3504 3857 poterat.
3527 3777 3718 3837 determi-

2219 3886 2420 3949 nauda,
2452 3902 2518 3940 ex
2569 3886 2818 3941 condicto
2845 3885 3074 3940 Romam
3119 3880 3370 3938 mitmndi
3415 3866 3721 3936 eratttrevefsl

2218 3975 2480 4032 fuissent.
2496 3975 2621 4033 llzec
2647 3988 2826 4031 autem
2856 3976 2997 4032 inter
3018 3975 3166 4047 ipsos
3185 3984 3308 4031 acta
3328 3980 3449 4029 sunt
3471 3983 3593 4026 anno
3604 3965 3714 4020 tertio

2219 4069 2401 4126 exitus
2436 4068 2606 4123 nostri
2631 4068 2697 4122 de
2723 4066 2942 4139 Anglia,
2969 4082 3023 4120 XI
3054 4065 3283 4122 Kalend.
3328 4063 3552 4135 Augusti.

2291 4160 2399 4218 Pro
2438 4176 2634 4233 magna
2671 4162 2857 4233 itaque
2884 4160 3249 4218 exsultatione
3290 4176 3446 4232 quam
3479 4155 3718 4212 extracte-

2220 4257 2604 4313 eonciliatione
2631 4256 2873 4310 Anselmi
2908 4271 3001 4310 rex
3023 4256 3278 4325 concepit
3315 4251 3450 4323 apud
3479 4264 3548 4312 se,
3568 4242 3718 4301 videret

2221 4346 2397 4412 illum,
2431 4347 2670 4418 quandin
2705 4346 2756 4402 in
2798 4345 3024 4417 praefato
3058 4354 3246 4402 castro
3287 4343 3615 4402 morabamur.
3646 4343 3716 4388 ³ο·

2146 4477 2200 4540 D
2226 4437 2390 4540 facile
2433 4437 2546 4540 pati
2571 4435 2728 4540 adusta
2753 4436 2944 4493 venire
2964 4435 3310 4540 enselmum,
3449 4430 3627 4534 quoties
3639 4427 3718 4540 ea:

2225 4527 2428 4600 aliquid
2472 4528 2616 4585 inter
2644 4527 2765 4584 illos
2807 4527 3080 4601 agendum
3127 4542 3348 4600 semper
3396 4527 3554 4597 ipsum
3583 4519 3642 4573 ire
3673 4509 3716 4563 ad

2219 4617 2566 4675 Auselmum.
2586 4618 2706 4675 Iam
2733 4624 2876 4675 enim
2917 4619 3099 4674 multis
3128 4620 3182 4673 in
3221 4620 3353 4675 locis
3395 4631 3484 4688 per
3508 4605 3712 4678 Angliam.

2221 4711 2512 4768 Franciam
2566 4722 2730 4783 atque
2784 4709 3240 4769 No‘rthmanniam
3291 4711 3426 4768 fama
3485 4699 3715 4773 vulgarem

2221 4819 2406 4877 regem
2437 4805 2612 4875 ipsum
2651 4805 2721 4860 ab
2749 4805 3008 4861 Anselmo
3053 4805 3302 4875 proxime
3327 4791 3714 4858 excommunicau-

2223 4897 2374 4961 dum,
2403 4906 2460 4952 et
2486 4895 2688 4952 idcirco
2709 4896 2776 4958 ei,
2803 4906 2994 4967 utpote
3023 4898 3277 4968 potestati
3303 4909 3403 4951 non
3424 4891 3542 4945 adeo
3560 4883 3712 4937 amatr.

2229 4986 2396 5040 multa
2431 4987 2568 5042 mala
2609 4991 2977 5052 struebamur,
3013 5001 3136 5057 quae
3181 4985 3256 5041 illi
3291 5001 3321 5038 a
3371 4988 3506 5036 tanto
3539 4975 3630 5026 viro
3647 4974 3713 5057 εἰς

2225 5081 2627 5136 communicato
2657 5081 2931 5138 elﬁcacius
2970 5047 3253 5136 iul‘erenda
3275 5047 3712 5148 putabantunQWl

2141 3106 2185 3166 C

1813 5215 2226 5273 IIENSCIIENII
2274 5213 2507 5273 ΝΟΤᾹΞ.

606 5317 634 5348 ι
669 5304 1108 5363 lnBiinotheca
1154 5310 1398 5365 Cluniae.
1437 5309 1543 5364 col.
1596 5311 1751 5375 ΠΗ,
1801 5312 2114 5365 nominatur

530 5379 798 5450 priorum:
824 5377 884 5450 3.
918 5377 1104 5434 Mariae
1133 5379 1420 5435 Charilaus
1457 5381 1526 5434 ad
1573 5379 1816 5450 Ligerum
1857 5382 2115 5435 Autissio-

531 5448 769 5523 durensis
799 5448 1056 5523 diaeresis,
1085 5465 1116 5504 a
1143 5451 1419 5507 Gaudrido
1454 5448 1714 5523 episcopo
1753 5452 1968 5508 oblatus
1998 5451 2112 5506 llu-

531 5519 656 5590 goni
685 5519 1045 5590 Cluniacensi.
1488 5519 1504 5522 “
1647 5519 1662 5566 ῖ

606 5589 636 5630 1³
672 5587 882 5657 Quanta
915 5590 1024 5660 jam
1049 5589 1256 5661 pridem
1277 5590 1616 5648 familiaritas
1648 5593 1790 5648 inter
1811 5592 2035 5648 Atiniam
2061 5602 2116 5647 et

532 5660 846 5732 Anselmum
888 5660 1296 5716 intereasserit:
1325 5677 1390 5718 ex
1435 5664 1678 5732 epistola.
1697 5664 1846 5721 disce
1871 5663 2111 5722 Anselmi

531 5731 600 5785 ad
626 5730 873 5799 Adalam,
895 5747 1015 5804 qua:
1045 5743 1128 5789 est
1161 5733 1346 5790 ultima
1378 5730 1498 5788 libri
1525 5748 1562 5788 t.

2293 5319 2315 5346 ο
2358 5308 2594 5365 Bleisum
2621 5309 2779 5380 vulgo
2805 5308 2976 5374 Blois,
3008 5311 3150 5364 inter
3203 5305 3526 5363 Aurelianum
3557 5301 3599 5347 et
3636 5281 3710 5339 Τι’

2219 5394 2404 5450 ronas.
2433 5382 2500 5435 ad
2538 5385 2852 5448 praedictum
2887 5380 3145 5450 Ligerim.

2203 5425 2236 5462 ·’
2252 5425 2721 5506 ἐ”ἰὶειῖιξιςὲὲζῖἷ
2732 5425 3152 5517 ίῗὲἱιίᾙῖἷὲὶιᾘέ
3179 5448 3378 5505 electus
3393 5453 3518 5498 anno
3535 5426 3654 5490 1096.
3671 5425 3708 5473 σι

2216 5519 2700 5593 llOTdel'unctus.
2958 5592 2963 5593 γ
3306 5586 3347 5593 __
3413 5585 3456 5593 ,ν
3553 5569 3612 5593 Α,

2809 5592 3013 5664 I‘Aigle,
3038 5593 3289 5664 oppidum
3306 5569 3648 5664 Νρτιιιιιιιιιιιιὶε
3660 5558 3704 5617 ιδ

2221 5659 2456 5744 Rielltttit
2469 5659 2606 5738 ραν.
2639 5659 2782 5722 infer
2813 5659 3134 5720 Mortaniaiii
3163 5673 3216 5720 et
3247 5659 3469 5732 Sagiutn.
