3890 6306
144 316 317 411 δεῖ

1174 356 1177 357 ⁷
1220 338 1542 408 HISTORIA
1580 347 1943 411 NOVORUM.
1984 379 2056 392 -ο
2090 349 2222 407 LlB.
2264 350 2361 409 iV.
2410 370 2415 377 ν

3316 356 3428 419 εει

130 468 242 525 κιιιε
261 469 442 524 sciens
470 470 685 522 versam
733 480 764 521 a
814 480 877 521 se
920 463 1020 518 viri
1066 465 1393 520 sententiam
1442 462 1733 536 magnillce
1766 448 1812 502 Α
1841 467 2076 523 heudere
2099 470 2299 523 audeat
2343 476 2434 522 aut
2460 466 3182 526 emendareeontendatiEt
3206 470 3251 527 si
3280 475 3431 528 νει-Ι·

148 560 455 617 latabatur.
497 559 737 629 Denique
756 572 916 613 omne
951 556 1150 610 malum
1176 556 1319 626 quod
1350 572 1473 611 eum
1508 572 1735 627 exspec-

148 654 330 714 tabat,
355 665 549 704 averso
579 649 869 714 Auselmo,
908 648 975 703 ab
1027 664 1092 704 eo
1139 663 1353 703 versum
1387 657 1472 704 est
1516 663 1739 705 reverso

152 744 215 797 in
255 746 551 800 amicitiam
591 742 709 813 ejus
731 743 1009 799 Anselmo.
1068 742 1254 813 Itaque
1288 752 1348 797 ut
1384 743 1546 797 homo
1574 742 1738 797 citius

147 834 205 889 in
232 836 605 906 episcopatum
633 851 788 889 suum
829 834 895 889 ad
943 849 1165 889 suorum
1209 832 1633 889 exsultationem
1675 848 1740 888 ac

147 929 322 983 totius
373 928 564 999 patriae
621 927 1002 998 revelationem
1033 927 1260 996 {rediret
1286 967 1302 992 ,
1333 925 1628 996 {pollicitus
1656 935 1740 981 est

145 1035 245 1074 rex
289 1021 363 1073 ita
390 1033 467 1073 ise
508 1018 729 1073 nuntios
783 1032 910 1073 suos
962 1017 1187 1071 Romam
1232 1015 1637 1070 destinatarum
1680 1024 1741 1069 ut

146 1114 202 1166 in
225 1112 477 1181 proxima
510 1109 802 1165 Nativitate
839 1111 1040 1166 Christi
1080 1111 1245 1164 curiae
1293 1124 1404 1163 suae
1442 1108 1733 1163 Anselmus

146 1204 205 1255 in
230 1202 424 1271 Anglia
452 1209 633 1271 posset
683 1203 894 1256 adesse.
927 1200 1075 1255 Misit
1098 1215 1259 1271 super
1281 1199 1396 1254 haec
1422 1199 1476 1253 in
1492 1196 1738 1268 Angliam

126 1292 388 1357 litteras,
440 1294 758 1363 przrcipiens
806 1303 863 1347 ut
913 1308 1102 1348 omnes
1126 1307 1215 1346 res
1255 1301 1309 1345 et
1355 1291 1603 1346 homines
1631 1288 1740 1342 An-

140 1384 335 1449 selmi,
362 1385 675 1454 ubicunque
702 1392 911 1447 essent,
961 1384 1014 1437 in
1049 1398 1181 1453 pace
1211 1390 1395 1437 essent
1427 1390 1482 1436 et
1530 1379 1737 1449 quiete,

144 1492 253 1532 nee
311 1477 454 1531 ullus
489 1491 585 1532 eos
637 1485 892 1551 gravaret
932 1486 1026 1531 aut
1074 1475 1464 1544 implacitaret,
1522 1472 1641 1538 sed,
1670 1470 1739 1525 ab

144 1569 304 1623 omni
334 1567 518 1623 debito
543 1567 716 1629 liberi,
751 1581 873 1645 quae
914 1564 1168 1620 tenebant
1195 1581 1319 1621 eum
1350 1564 1554 1619 honore
1584 1570 1739 1615 tene-

142 1670 295 1723 rent,
331 1677 396 1715 ae
422 1661 476 1714 in
504 1658 721 1714 cunctis
758 1658 825 1713 ad
854 1666 1042 1712 nutum
1073 1652 1753 1723 Anselmijussionemque.

140 1754 471 1824 penderent.
517 1750 642 1805 Hzee
669 1765 797 1819 ergo
827 1748 954 1805 dum
986 1748 1295 1803 hominibus
1338 1747 1404 1801 ad
1465 1745 1737 1814 archiepi-

150 1854 455 1914 scopatum
498 1839 889 1911 pertinentibus
916 1839 1294 1910 innotuissent,
1328 1852 1447 1891 mox
1470 1835 1736 1905 quoddam
1773 1835 1779 1863 τ

141 1937 303 2005 quasi
330 1938 661 2005 insperatum
683 1933 845 2003 iubar
878 1930 1008 1988 solis
1053 1930 1125 1986 illi
1153 1930 1412 1994 emicuit,
1442 1929 1584 1998 quod
1621 1926 1751 2007 illos,

138 2046 169 2082 α
201 2029 450 2099 pristina:
472 2024 840 2096 oppressionis
864 2016 1209 2080 immanitate
1250 2032 1307 2077 et
1354 2020 1595 2076 tenebris
1627 2033 1735 2073 non

138 2120 420 2175 modicum
446 2115 627 2185 ejeeit.
830 2182 835 2185 Α

208 2207 354 2262 Cum
397 2206 628 2276 posthac
670 2203 960 2259 Anselmus
1000 2200 1272 2258 Beceense
1309 2199 1645 2265 cumobium,
1684 2206 1740 2254 et

135 2313 237 2355 rex
268 2297 523 2375 Angliam
574 2304 904 2361 remeasset,
936 2295 1073 2356 ortis
1098 2294 1424 2365 quibusdam
1456 2292 1740 2347 occasiun-

134 2391 307 2456 culis,
332 2391 521 2460 legati,
556 2389 649 2460 qui
680 2388 906 2442 Romam
937 2388 1078 2443 mitti
1123 2387 1451 2450 debuerunt,
1480 2385 1571 2438 diu
1598 2382 1737 2437 ultra

132 2492 413 2539 stantium
457 2480 745 2535 ter-mittunt
790 2479 985 2534 morati
1038 2487 1182 2534 sunt.
1254 2475 1411 2534 Unde
1444 2475 1739 2530 vehemens

137 2576 437 2632 admiratio
466 2576 758 2629 multorum
797 2574 961 2629 corda
996 2572 1310 2636 concussit,
1352 2570 1736 2626 arbitrantium

137 2678 357 2722 tantam
390 2666 455 2719 de
482 2666 654 2719 reditu
685 2663 789 2717 viri
815 2662 1125 2718 dilationem
1153 2659 1353 2716 diaboli
1392 2675 1514 2714 esse
1544 2661 1736 2721 seduc-

137 2762 375 2821 tionem,
403 2767 459 2812 et
489 2765 677 2826 aperte
718 2754 1014 2811 videntium
1045 2754 1337 2808 immanem
1379 2750 1545 2807 totius
1578 2749 1738 2805 Citri-

136 2848 447 2902 stianitatis
478 2846 531 2901 in
566 2846 758 2916 Anglia
791 2859 913 2917 esse
943 2834 1384 2898 destructionem.
1416 2838 1569 2907 Quod
1627 2854 1742 2893 me-

138 2942 277 3004 lius,
310 2950 371 2995 ut
427 2950 576 3011 puto,
623 2937 887 3009 liquebit,
926 2937 972 2992 si
1027 2936 1271 3004 quaadam
1305 2935 1509 3004 scripta
1561 2932 1626 2987 de
1654 2931 1741 2986 his

138 3048 271 3104 qum
292 3032 362 3085 ad
387 3032 548 3085 uosiu
578 3030 680 3084 hac
706 3044 854 3083 mora
877 3043 906 3081 a
936 3025 1168 3097 quodam
1196 3039 1300 3079 non
1325 3022 1740 3079 contemnenda:

1845 567 2007 612 tatem
2034 559 2196 613 vultis
2220 560 2430 625 audire,
2459 559 2825 615 l’ateoromnia
2853 563 2967 618 inec
2995 563 3161 618 multo
3185 564 3429 622 deterius

1845 647 1958 701 ﬁeri
1989 664 2148 717 quam
2183 648 2395 717 possint
2424 650 2629 719 scripto
2674 651 2813 706 edici
2863 652 2914 705 in
2945 660 3152 706 tantum
3204 664 3261 707 ut
3314 655 3429 723 ipse

1839 740 2003 794 etiam
2035 755 2126 794 rex
2166 748 2397 794 testetur
2449 757 2721 812 nunquam
2756 752 2920 798 tanta:
2964 742 3301 800 fortitudinis
3334 761 3429 801 ue-

1840 832 2069 901 quitiam
2102 834 2152 885 iu
2203 832 2375 903 patria
2411 834 2513 888 ista
2566 833 2752 900 fuisse,
2782 834 2928 890 sicut
2954 837 3113 892 modo
3151 846 3255 891 est.
3304 836 3429 892 llaec

1842 935 2022 979 autem
2054 926 2238 980 omnia
2271 924 2459 995 procul
2506 926 2669 979 dubio
2700 941 2797 981 vos
2830 927 3003 982 solum
3050 929 3346 998 respiciunt
3371 937 3426 985 et

1844 1030 2038 1099 vestra:
2074 1018 2351 1074 sanctitati
2376 1018 2731 1088 imputantur.
2764 1019 2965 1076 .Videte
2992 1020 3153 1091 igitur
3178 1030 3231 1075 et
3255 1024 3430 1076 inten»

1840 1113 1953 1167 dite
1984 1112 2136 1167 oneri
2169 1112 2311 1181 quod
2342 1111 2675 1182 suscepistis,
2705 1121 2758 1166 et
2779 1113 2864 1166 cui
2894 1128 3088 1168 curam
3113 1113 3232 1182 ejus
3256 1113 3423 1168 vestri

1841 1203 1960 1258 loco
1998 1203 2386 1274 dixponendam
2418 1203 2794 1269 eommisistis,
2828 1206 3045 1273 quando
3075 1220 3191 1267 vos,
3226 1206 3315 1273 qui
3346 1214 3428 1257 ta-

1840 1293 1981 1349 libus
2010 1295 2234 1349 obviare
2289 1294 2571 1352 constituti
2619 1295 2775 1362 estis,
2828 1310 2927 1365 pro
2963 1295 3132 1349 nihilo
3172 1305 3280 1350 tam
3332 1295 3421 1349 diu

1844 1398 2012 1458 regno
2040 1386 2093 1440 in
2123 1401 2231 1456 quo
2276 1396 2600 1441 exercentur
2647 1387 2874 1442 abestis.
2908 1386 3263 1441 Considerate
3290 1400 3424 1441 ouo-

1840 1494 1966 1550 que,
1995 1479 2040 1534 si
2079 1479 2230 1534 vobis
2274 1479 2488 1549 placet,
2528 1479 2574 1534 si
2629 1496 2724 1536 cor
2766 1490 3005 1534 vestrum
3039 1480 3112 1534 ita
3156 1480 3255 1534 soli
3309 1466 3419 1533 Deo

1840 1584 1995 1630 vacat
2021 1584 2074 1629 et
2103 1574 2146 1629 si
2179 1574 2231 1627 in
2267 1582 2415 1627 tanta
2447 1573 2741 1649 securitate
2770 1573 2933 1626 vestri
2971 1571 3085 1641 jam
3113 1581 3417 1626 conserva-‘

1840 1669 1972 1724 mini
2013 1676 2071 1723 ut
2118 1666 2311 1720 talibus
2343 1667 2648 1721 animarum
2699 1664 2938 1720 miseriis
2980 1664 3085 1718 alia
3134 1663 3417 1735 vigilantia

1841 1759 2275 1815 condescendere
2305 1771 2412 1811 non
2448 1756 2712 1811 debeatis.
2754 1754 2879 1810 Scio
2901 1755 3148 1824 equidem
3195 1763 3250 1808 et
3288 1755 3425 1807 bene

1842 1852 1955 1907 scio
1993 1866 2089 1904 vos
2110 1848 2311 1919 optime
2338 1848 2481 1902 scire
2519 1846 2647 1916 quid
2676 1854 2757 1901 est
2785 1847 2928 1916 quod
2958 1842 3168 1907 facitis,
3203 1844 3297 1899 sed
3344 1842 3426 1911 ip-

1848 1956 1967 1997 sum
1998 1941 2141 1996 scire
2194 1948 2432 1995 vestrum
2488 1953 2775 2008 perparum
2820 1938 3040 2010 prodest
3084 1938 3258 1990 nobis.
3289 1932 3428 1989 Fru-

1842 2042 1987 2088 ctum
2016 2030 2217 2086 eteuim
2254 2030 2525 2084 communi
2568 2027 2797 2083 utilitate
2820 2042 2886 2082 ex
2915 2037 3020 2081 tam
3051 2025 3308 2079 diuturno
3334 2036 3428 2075 ne-

1839 2125 1985 2197 gotio
2008 2134 2188 2179 vestro
2215 2122 2418 2177 nullum
2448 2122 2625 2177 adhuc
2648 2121 2939 2191 procedere
2967 2118 3243 2180 videmus;
3275 2113 3415 2167 mala

1837 2226 2019 2286 autem
2055 2215 2223 2269 solius
2252 2215 2415 2268 vestri
2441 2213 2729 2267 occasione
2762 2212 2819 2266 in
2851 2209 3086 2264 Ecclesia
3135 2217 3190 2261 et
3219 2203 3418 2277 papulo

1840 2305 1932 2362 Dei
1966 2306 2203 2377 undique
2256 2319 2602 2363 succrescere
2651 2302 2796 2358 onmi
2837 2302 2925 2355 die
2973 2299 3357 2368 conspicimus.
3398 2315 3419 2350 ο

1912 2401 1981 2456 Ει
2013 2402 2128 2457 haec
2159 2402 2375 2472 quidem
2405 2401 2494 2455 ille
2532 2400 2614 2453 vir
2643 2405 2721 2453 tot
2766 2396 2904 2451 mala
2942 2409 3138 2449 exosus
3167 2390 3421 2461 scripsit,

1838 2502 2127 2547 autumans
2154 2492 2468 2546 Auselmum
2498 2506 2603 2544 non
2638 2488 2741 2544 nisi
2782 2486 2999 2556 propria
3040 2484 3313 2538 voluntate
3353 2483 3421 2539 ab

1838 2584 2082 2657 ingressu
2112 2586 2317 2657 Augliae
2346 2579 2630 2641 remorari.
2665 2583 2770 2638 Sed
2807 2597 2990 2637 revera
3032 2595 3123 2635 rex
3162 2577 3425 2633 Henricus

1840 2678 1984 2731 nullo
2017 2692 2138 2732 eum
2173 2686 2330 2745 pacto
2360 2676 2566 2747 ingredi
2590 2674 2919 2744 patiebatur,
2956 2671 3060 2726 nisi
3094 2669 3418 2738 postposita,

1839 2780 1897 2823 ut
1928 2764 2085 2831 supra
2121 2766 2485 2832 meminimus,
2518 2765 2824 2820 obedientia
2861 2779 3014 2833 papae
3034 2801 3050 2826 ,
3078 2760 3352 2829 episcopis
3374 2768 3428 2814 et

1839 2856 2122 2912 abbatibus
2164 2854 2647 2910 excommunicatis
2691 2852 3140 2909 communicaret.
3169 2844 3433 2909 Attamen

1838 2948 2094 3003 Anselmo
2128 2946 2311 3003 Remis
2333 2947 2664 3003 consistente
2707 2944 2853 3014 (illuc
2878 2934 3021 2998 enim
3052 2940 3269 2996 obnixis
3309 2954 3428 3009 pre-

1838 3045 1992 3099 cibus
2031 3041 2288 3096 antistitis
2312 3049 2365 3093 et
2391 3040 2777 3093 cauonicorum
2818 3036 2989 3106 ipsius
3036 3033 3135 3087 luci
3177 3031 3425 3086 devictus

135 3122 495 3179 auctoritatis
522 3124 638 3177 viro
668 3122 985 3177 transmissa
1026 3128 1151 3174 sunt
1189 3118 1337 3173 brevi
1367 3115 1727 3173 subinferam.
1761 3142 1808 3207 ο
1842 3132 2031 3198 “erat.
2063 3139 2137 3192 ει.
2168 3129 2356 3198 majori
2388 3126 2762 3197 quamliueris
2792 3134 2953 3193 quem
2972 3123 3194 3193 exponi,
3222 3121 3428 3175 honore

144 3216 364 3272 Scribit
384 3215 567 3283 itaque
595 3214 738 3267 inter
763 3210 867 3265 alia
899 3209 999 3264 sic.

224 3325 247 3358 ι
276 3304 615 3361 Charissime
658 3303 820 3358 Pater
862 3310 917 3356 et
964 3300 1213 3367 domine,
1242 3299 1490 3369 quamvis
1534 3298 1739 3368 optime

143 3399 357 3456 sciatis
387 3386 515 3467 quid
573 3395 753 3449 facere
801 3392 1044 3448 debeatis
1094 3390 1299 3462 etquid
1329 3389 1510 3447 facere
1537 3389 1735 3455 velitis,

140 3492 371 3547 videtur
403 3500 583 3543 tamen
615 3474 761 3542 omni
793 3484 904 3540 fere
926 3484 1132 3540 homini
1155 3497 1288 3539 sano
1317 3497 1475 3538 sensu
1507 3476 1740 3553 sapienti

140 3585 383 3642 omnino
412 3582 545 3637 nihil
573 3581 715 3635 aliud
740 3593 862 3634 esse
886 3577 939 3633 id
969 3577 1114 3649 quod
1159 3577 1303 3632 inter
1321 3592 1418 3632 vos
1463 3586 1519 3631 et
1557 3590 1739 3646 regem

140 3678 252 3735 sub
285 3685 395 3729 tam
422 3688 635 3728 morosa
663 3670 1072 3741 exspectatione
1118 3668 1297 3740 agitur
1324 3668 1428 3723 nisi
1460 3666 1740 3722 diabolicae

140 3764 363 3823 fraudis
390 3763 567 3817 illusio
600 3771 654 3817 et
686 3761 916 3816 illudens
955 3758 1168 3825 dilatio,
1205 3768 1282 3821 et,
1316 3766 1375 3811 ut
1402 3756 1741 3813 manifestius

141 3859 357 3921 dicam,
382 3854 550 3908 totius
583 3850 883 3923 Anglorum
919 3848 1197 3914 Ecclesiae,
1257 3862 1321 3902 ac
1361 3847 1637 3919 religionis
1674 3861 1739 3903 ac

141 3949 285 4020 legis
315 3946 644 4002 Christianae
695 3942 1011 4012 quotidiana
1056 3938 1342 3995 diminutio
1423 3948 1477 3994 et
1526 3952 1738 3995 summa

144 4038 477 4096 destructio.
501 4034 872 4091 Ecclesiarum
917 4046 1153 4101 namque
1185 4046 1306 4102 qua:
1335 4040 1443 4086 tam
1486 4029 1593 4085 diu'
1620 4044 1737 4084 ma-

144 4140 289 4187 nent
332 4129 643 4198 pastoribus
695 4125 929 4178 viduata:
975 4122 1352 4193 possessiones
1388 4121 1737 4192 diripiuntur.

146 4223 304 4279 Ordo
326 4228 526 4275 sanctze
576 4216 851 4286 religionis
878 4214 932 4268 in
960 4214 1042 4267 eis
1072 4214 1349 4284 neglectus
1386 4211 1738 4268 annihilatur.

146 4315 318 4383 Lc-gis
363 4303 690 4365 Christiana:
732 4314 978 4359 rectores
1017 4319 1123 4357 non
1171 4303 1284 4372 jam
1320 4312 1593 4361 rectores.
1642 4301 1739 4357 sed

148 4399 608 4469 przecipitatores,
636 4411 700 4451 ac
720 4395 876 4465 juxta
919 4394 1083 4464 regite
1126 4392 1424 4447 voluntatis
1451 4390 1737 4446 arbitrium

1840 3214 2379 3292 festivoqu’eoccursu
2401 3218 2643 3274 omnium
2677 3217 2728 3272 id
2758 3216 2862 3272 loci
2891 3214 3199 3285 degentium
3248 3226 3430 3266 susce-

1838 3322 1981 3385 ptus,
2006 3312 2153 3369 circa
2195 3309 2508 3381 pontiﬁcem
2544 3307 2826 3364 Manassen
2882 3320 3074 3378 magna
3111 3313 3165 3359 et
3189 3303 3426 3359 (iniciosa

1840 3396 2109 3461 charitate
2128 3403 2413 3469 detentus,
2442 3415 2539 3473 per
2586 3399 2767 3471 plures
2796 3399 2912 3453 dies
2960 3397 3031 3452 ibi
3087 3391 3426 3462 morabatur)

1841 3493 1989 3551 misit
2010 3486 2064 3549 ei
2100 3491 2384 3562 epistulam
2407 3506 2568 3547 uuam
2607 3490 2763 3545 idem'
2795 3504 2909 3554 rex,
2942 3502 3104 3557 quam
3132 3500 3261 3543 ecce
3292 3500 3425 3559 sup-

1840 3587 2115 3659 ponimus.

1915 3696 1934 3730 (
1974 3675 2446 3732 Rcverendissimo
2474 3682 2528 3730 et
2560 3673 2937 3731 amantissimo
2969 3671 3112 3726 Patri
3144 3668 3425 3736 Anselmo,

1840 3767 2217 3825 Cantuariensi
2253 3766 2681 3835 archiepiscopo,
2738 3764 3023 3828 Henricus,
3077 3762 3168 3815 Dei
3215 3759 3412 3831 gratia,

1843 3871 1937 3915 rex
1984 3858 2301 3930 Anglorum,
2355 3856 2589 3912 salutem
2633 3868 2689 3910 et
2723 3856 2887 3910 totius
2922 3856 3074 3909 bona:
3121 3852 3422 3906 voluntatis

1841 3948 2117 4005 allectum.
2186 3960 2187 3963 ‘
3384 3992 3387 3995 .

1894 4052 1935 4092 'r
1964 4036 2299 4094 Venerabilis
2325 4036 2511 4099 Pater,
2542 4050 2647 4089 non
2692 4035 2784 4088 tibi
2815 4033 3096 4103 displiceat
3135 4031 3279 4109 quod
3327 4046 3422 4086 eo-

1841 4146 1960 4186 rum
1984 4131 2106 4194 iter,
2137 4144 2271 4191 quos
2315 4126 2541 4182 Romam
2565 4127 2631 4181 ad
2655 4126 2930 4193 negotium
2960 4138 3136 4179 meum
3164 4139 3427 4194 peragen-

1840 4222 1989 4288 dum,
2019 4221 2254 4291 dirigere
2298 4220 2536 4283 decrevi,
2588 4219 2770 4301 tandiu
2800 4218 3049 4273 detinuit.
3092 4216 3244 4286 Quod
3276 4233 3424 4283 mox,

1840 4324 1899 4371 ut
1926 4313 2268 4370 Willhelmns
2294 4313 2361 4367 de
2392 4309 2716 4367 Warelvvast
2743 4310 2809 4365 ad
2835 4319 2887 4364 te
2911 4309 3236 4379 pervenerit,
3264 4324 3427 4380 quem

1842 4405 2053 4460 adhoc
2083 4402 2356 4474 negotium
2413 4403 2779 4471 peragendum
2810 4441 2824 4464 ,
2884 4400 3024 4456 sicut
3067 4399 3425 4465 decrevimus,

148 4502 206 4549 et
234 4506 398 4547 suum
429 4488 660 4552 libitum,
692 4500 827 4556 pene
868 4485 1049 4539 omnis
1097 4481 1323 4551 iustitia:
1378 4491 1504 4537 sunt
1558 4480 1731 4537 effecti
1766 4488 1814 4548 υ
1842 4494 2064 4550 Romam
2104 4493 2299 4563 dirigo,
2322 4490 2420 4571 ubi
2464 4492 2730 4562 εχρειιίοι,
2760 4490 2837 4545 τε
2873 4490 3095 4562 supplex
3141 4490 3305 4558 igitur
3335 4487 3430 4543 de.

151 4582 531 4639 subversores.
569 4577 644 4630 De
685 4575 903 4630 clericis
956 4572 1085 4643 quid
1134 4572 1309 4627 dicam
1339 4611 1355 4637 ,
1397 4570 1489 4642 qui
1519 4571 1741 4627 circiter

150 4686 349 4726 omnes
380 4665 605 4723 revoluti
637 4673 762 4720 sunt
787 4666 853 4720 ad
885 4664 1227 4732 iniquitatem
1254 4662 1577 4732 pristinam?
1600 4662 1739 4729 Quid

151 4769 218 4820 de
268 4759 462 4817 laicis?
516 4758 615 4829 Ipsi
647 4757 865 4827 quippe,
888 4755 982 4811 sed
1035 4756 1308 4824 principes
1362 4754 1619 4817 maxime,
1653 4733 1759 4829 vix:

149 4856 257 4911 nisi
297 4869 367 4908 ex
420 4851 633 4920 propria
661 4845 936 4917 parentela
977 4843 1234 4914 coujuges
1286 4842 1387 4897 sibi
1442 4824 1761 4912 accipiunt,f

148 4946 297 5003 clam
321 4943 674 5011 desponsam,
721 4940 1080 5008 desponsatas
1118 4944 1311 4991 contra
1362 4935 1533 5006 legem
1568 4936 1758 5001 eccle-j

152 5035 437 5093 siasticam
464 5031 698 5086 scienter
734 5038 918 5084 tenent
951 5036 1007 5082 et
1040 5028 1141 5083 sibi
1196 5026 1510 5082 detendunt.
1544 5028 1620 5083 De
1645 5013 1757 5083 So?

157 5125 382 5182 domitis
426 5137 576 5187 vero,
630 5135 766 5191 quos
793 5120 909 5189 ipse
957 5117 1011 5172 in
1050 5132 1248 5188 magno
1297 5115 1528 5171 concilio
1575 5132 1746 5187 usque

156 5220 225 5275 ad
250 5216 632 5289 pmnilentiam
661 5220 715 5268 et
764 5211 1162 5266 confessionem
1192 5210 1741 5278 exeommunicastis,

158 5319 214 5365 et
257 5309 327 5365 de
361 5306 596 5368 crinitis,
628 5318 766 5374 quos
801 5303 856 5357 in
903 5299 1150 5355 Paschali
1184 5298 1524 5369 postmodum
1546 5300 1745 5355 solem-

162 5401 337 5453 nitate
386 5394 681 5468 pontiﬁcali
734 5392 874 5449 stola
928 5390 1212 5446 redimitus
1249 5405 1433 5444 coram
1493 5390 1744 5447 universo

160 5489 361 5560 populo
388 5505 417 5543 a
446 5487 720 5542 liminibus
749 5491 952 5539 sancta:
979 5481 1236 5536 Ecclesia:
1267 5482 1595 5548 removistis,
1616 5484 1744 5553 quid

164 5580 472 5640 dicendum,
497 5592 642 5641 cum,
693 5585 751 5629 ut
794 5574 1082 5638 deberetis,
1114 5588 1222 5626 non
1276 5572 1603 5636 subvenitis.
1644 5591 1746 5632 nec

168 5672 251 5726 vel
267 5687 406 5728 unus
433 5672 485 5726 iu
507 5678 621 5724 toto
650 5684 820 5740 regno
841 5668 1061 5734 existat,
1087 5668 1177 5738 qui
1206 5667 1321 5722 hzee
1336 5676 1390 5723 et
1419 5668 1522 5722 alia
1553 5669 1743 5739 multa,

169 5763 277 5822 Deo
302 5776 356 5822 et
376 5763 525 5821 omni
559 5778 715 5818 servo
746 5761 839 5817 Del
867 5762 1157 5825 contraria,
1190 5759 1307 5815 vice
1342 5769 1524 5816 nostra
1560 5777 1740 5833 repre~

1842 4600 2058 4656 precor,
2089 4596 2140 4640 et
2174 4585 2400 4639 devotus
2423 4596 2612 4640 exoro.
2636 4581 2712 4634 uti
2747 4596 2873 4637 cum
2902 4582 3089 4635 eodem
3117 4577 3429 4633 Willhelmo

1842 4676 2162 4731 Balduinum
2200 4675 2265 4728 de
2291 4673 2528 4728 Tornaio
2570 4671 2797 4726 Romam
2826 4671 3026 4739 dirigas
3076 4668 3144 4723 ad
3184 4676 3428 4723 nostram

1842 4781 1955 4820 rem
1989 4764 2350 4827 tractandam,
2381 4772 2434 4816 et
2472 4762 2582 4815 Deo
2605 4760 2813 4816 volente
2843 4759 3151 4815 ﬁniendam.
3207 4755 3357 4812 Vale.
3394 4772 3416 4809 ι

1910 4854 1990 4909 Ad
2025 4854 2161 4908 hanc
2183 4852 2397 4922 scripsit
2428 4851 2717 4906 Ansebnus
2737 4849 3021 4918 epistolam
3052 4848 3191 4900 hanc
3233 4861 3249 4898 :

1917 4965 1935 4997 ι
1972 4945 2082 4999 Suo
2135 4945 2463 5001 charissima
2507 4944 2726 4998 domino
2779 4941 3011 4994 Henrico
3046 4937 3284 5010 glorioso
3312 4935 3427 5008 regi

1843 5038 2136 5108 Anglorum
2170 5077 2184 5101 ,
2240 5035 2528 5090 Anselmus
2576 5033 3021 5101 archiepiscopus
3074 5029 3426 5095 Cantuarite,

1847 5129 2000 5184 ﬁdele
2038 5129 2315 5183 servitium
2338 5144 2460 5182 cum
2488 5124 2854 5180 orationibus.

1912 5238 1938 5297 νο
1972 5219 2123 5285 Quod
2158 5232 2331 5272 vestra
2383 5216 2693 5287 magnitudo
2719 5231 2805 5271 me
2842 5215 2895 5270 in
2947 5215 3059 5270 suis
3086 5213 3283 5269 litteris
3320 5222 3427 5267 tam

1849 5300 2143 5367 honorifice
2191 5320 2339 5364 tanto
2394 5309 2550 5364 bonae
2607 5307 2901 5363 voluntatis
2945 5307 3139 5362 alfactu
3188 5305 3425 5369 salutat,

1846 5402 2048 5472 gratias
2079 5417 2301 5470 magnas
2345 5417 2468 5470 ago,
2510 5400 2651 5456 sicut
2679 5401 2867 5455 debeo.
2911 5399 3064 5467 Quod
3114 5407 3294 5453 autem
3320 5408 3429 5451 tam

1847 5493 2168 5564 suppliciter
2208 5506 2297 5545 me
2328 5491 2533 5561 rogatis
2563 5500 2621 5544 ut
2648 5505 2754 5545 non
2803 5490 2932 5545 mihi
2982 5488 3263 5559 displiceat
3286 5488 3429 5556 σμιθά

1848 5584 2054 5653 legatus
2076 5593 2258 5638 vester
2294 5582 2521 5637 Romam
2578 5582 2870 5637 mittendus
2925 5587 3134 5635 tantum
3163 5585 3426 5641 moratur,

1848 5676 2030 5745 utique
2061 5683 2290 5730 vestram
2312 5689 2546 5749 precem,
2573 5683 2837 5745 quantum
2869 5674 2921 5728 in
2954 5686 3039 5726 me
3058 5679 3164 5737 est,
3188 5676 3432 5725 contem-.-

1851 5782 1977 5822 uerc
2020 5782 2123 5822 non
2172 5766 2361 5835 debeo,
2413 5766 2504 5820 sed
2559 5779 2718 5820 causa
2780 5766 2948 5832 magis
3004 5763 3095 5819 Dei
3142 5770 3220 5817 est
3266 5770 3426 5824 Qustu
