3890 6306
94 364 201 420 457

1151 370 1471 430 HISTORIA
1502 366 1862 425 NOVORUM.
1899 397 1970 411 —
2005 369 2130 426 LIB.
2157 370 2241 427 IV.

3236 385 3343 442 £58

91 488 281 536 autem
324 482 414 551 qui
453 482 777 539 videbantur
807 485 1006 556 aliquid
1031 487 1230 545 habere
1260 502 1397 544 nova
1423 496 1477 542 et
1508 501 1669 542 exco-
1697 488 1743 546 Α
1772 483 1999 552 epistola
2050 486 2164 556 ipsa
2220 489 2587 546 subscribatur
2632 506 2796 562 quam
2830 491 2880 548 ei
2912 492 3193 550 miserunt.
3246 495 3346 552 Est

88 572 267 640 pilata
320 573 569 643 qumdam
628 574 763 631 foris
797 574 960 644 facta,
1008 578 1425 647 obiiciehantur,
1478 586 1533 634 et
1584 579 1664 634 sic

86 679 218 720 cum
261 666 727 739 adversus'regem
759 676 919 724 teme
949 668 1268 725 defendendi
1324 686 1382 727 sc
1405 671 1661 742 placitum

88 758 302 829 ingredi
333 773 439 814 non
471 759 761 829 audebant,
790 760 985 818 ablatis
1007 765 1165 819 rebus
1190 764 1303 817 suis
1361 764 1414 817 in
1443 771 1679 835 gravem

84 866 390 911 ter-umnam
415 850 821 920 deiiciebantur.
853 855 960 910 Sed
992 855 1107 909 haec
1137 854 1206 909 ab
1236 854 1504 925 aliquibus
1526 854 1660 908 levia

83 940 238 996 d-ictu
271 940 516 999 fortassis
562 943 995 1008 aestimabuntur,
1030 958 1096 1000 eo
1134 945 1279 1014 quod
1310 945 1409 999 ista
1442 959 1547 998 non
1578 960 1663 998 so-

81 1030 200 1087 lum
226 1033 327 1087 sub
355 1049 482 1105 rege
512 1033 766 1100 Henrico,
799 1037 895 1090 sed
940 1044 995 1090 et
1046 1036 1238 1090 horum
1271 1035 1468 1091 similia
1496 1035 1660 1089 multa

82 1122 234 1177 facta
269 1123 487 1179 fuerunt
540 1126 639 1180 sub
667 1125 834 1181 fratre
863 1125 998 1195 eius,
1033 1135 1093 1181 ut
1135 1128 1201 1183 de
1246 1135 1399 1197 patre
1429 1136 1661 1191 taceam,

81 1226 215 1281 rege
246 1211 574 1269 Willhelmo.
610 1215 861 1270 Attamen
895 1216 993 1271 ista
1022 1216 1125 1272 illis
1162 1218 1407 1287 graviora
1434 1226 1488 1272 et
1526 1216 1664 1272 into-

81 1300 396 1358 lerabiliora
440 1305 554 1359 ‘visa
585 1313 734 1373 sunt,
784 1309 1038 1376 quoniam
1085 1308 1253 1364 multo
1299 1309 1478 1363 minus
1504 1312 1663 1367 solito

80 1392 230 1459 quod
256 1390 366 1459 iam
394 1393 637 1462 spoliatis
670 1404 724 1449 et
750 1398 1039 1452 exhaustis
1070 1397 1384 1453 auferretur
1418 1399 1662 1454 invenie~

80 1482 268 1537 batur.
329 1484 410 1539 Ad
456 1486 592 1541 haec.
640 1487 695 1541 ln
742 1488 971 1543 concilio
1021 1488 1381 1546 Lundoniensi
1430 1490 1663 1546 societas

79 1574 397 1641 mulierum,
455 1575 597 1631 utin
645 1578 1017 1646 superioribus
1066 1578 1347 1643 diximus,
1407 1581 1661 1653 omnibus

78 1666 419 1737 presbyteris
460 1677 516 1722 et
546 1667 823 1722 canonicis
849 1667 1054 1739 Anglia:
1089 1669 1372 1724 interdicta
1404 1681 1546 1737 erat,
1574 1673 1659 1742 ip-

78 1772 317 1828 sumque
366 1760 741 1824 interdictmu,
792 1759 1048 1815 Anselmo
1101 1764 1402 1830 exsulante,
1437 1764 1659 1819 retentis

75 1846 167 1898 vel
194 1857 345 1901 certe
382 1849 675 1918 resumptis
736 1846 1079 1914 mulieribus,
1118 1865 1149 1905 a
1198 1851 1440 1920 pluribus
1469 1866 1655 1907 eorum

74 1936 339 1992 violatum
366 1937 571 1994 fuerat;
589 1939 699 1995 Hoc
722 1955 851 2011 ergo
873 1950 1155 2011 peccatum
1188 1956 1283 1996 rex
1328 1941 1667 2012 impunitum

73 2042 199 2083 esse
222 2020 335 2085 non
360 2033 650 2097 sustinens,
684 2044 811 2087 suos
853 2033 1132 2089 ministros
1166 2047 1261 2089 eos
1299 2031 1656 2103 implacitare,

73 2128 126 2173 et
149 2120 413 2189 pecunias
436 2136 621 2177 corum
644 2137 744 2192 pro
773 2123 931 2195 huius
950 2124 1157 2193 peccati
1185 2123 1493 2193 expiatione
1513 2138 1655 2194 prae-

72 2212 218 2279 cepit
243 2212 509 2281 accipere.
528 2212 632 2268 Sed
649 2213 737 2268 ubi
764 2214 1243 2284 perplureseor'um
1272 2213 1340 2269 ab
1362 2213 1451 2269 illa
1482 2223 1657 2270 trans-

69 2288 359 2371 gressione
418 2312 543 2358 sunt
576 2304 839 2360 immunes
866 2305 1087 2376 reperti,
1134 2304 1389 2375 pecunia,
1431 2318 1553 2374 quae
1582 2303 1653 2360 ad

70 2408 209 2463 epus
235 2392 494 2463 principis
515 2396 873 2465 quaerebatur,
900 2396 1166 2451 minorem
1181 2411 1342 2467 quam
1364 2392 1665 2452 exactores

70 2497 300 2550 sperare
328 2492 574 2553 poterant
600 2486 811 2555 copiam
840 2485 1275 2542 administrabat.
1310 2484 1652 2555 Quapropter

70 2583 303 2643 mutata,
337 2577 444 2630 imo
470 2592 631 2647 super
651 2577 966 2634 innocentes
989 2593 1113 2634 cum
1157 2577 1479 2633 nocentibus
1519 2590 1649 2632 sen-

70 2670 240 2723 tentia
266 2683 446 2737 versa,
490 2684 681 2727 omnes
706 2670 964 2727 Ecclesiae
1000 2684 1121 2740 quae
1171 2668 1458 2739 parochias
1485 2668 1650 2725 hab‘e—

66 2758 197 2813 bant
226 2760 332 2815 sub
359 2758 540 2815 debito
558 2761 746 2830 positae
773 2770 920 2827 sunt,
951 2767 1008 2816 et
1056 2773 1415 2831 unaquaeque,
1443 2759 1646 2816 indicta

66 2849 317 2918 pecuniae
359 2850 677 2921 quantitate,
712 2865 810 2921 per
840 2864 1127 2921 personam
1177 2864 1299 2921 quae
1347 2850 1401 2905 in
1429 2863 1495 2905 ea
1534 2848 1647 2905 Deo

66 2940 347 2994 serviebat
393 2939 581 2995 redimi
603 2939 752 3009 iussa
781 2949 884 2997 est.
912 2940 1044 2996 Erat
1076 2953 1207 3011 ergo
1255 2939 1535 2996 miseriam
1560 2939 1647 2994 vi-

65 3032 215 3086 dere.
232 3030 373 3087 Cum
397 3030 541 3086 enim
570 3022 869 3087 exactionis
891 3031 1049 3087 istius
1066 3038 1359 3101 tempestas
1381 3029 1643 3096 ferveret,

65 3133 114 3177 et
139 3123 424 3190 nonnulli,
452 3125 580 3193 quid
616 3124 698 3178 vel
741 3125 931 3179 darent
958 3138 1069 3179 non
1097 3124 1359 3179 habentes
1403 3123 1485 3179 vel
1526 3138 1642 3180 rem

1767 573 1934 644 igitur
1957 576 2072 631 iure
2099 595 2112 632 :

1846 681 1867 715 ι
1914 663 2060 721 Patri
2105 667 2458 728 dilectissimo
2504 672 2775 737 Auselmo,
2823 674 3198 733 Cantuariensi
3250 695 3341 735 ar—

1767 754 2142 828 chiepisc0po,
2169 760 2439 818 Gerardus
2484 764 2837 822 Eboracensis
2882 769 3339 841 archiepiscopus,

1764 854 1819 899 ct
1867 846 2135 904 Robertus
2164 850 2495 921 Cestrencis,
2527 866 2580 911 et
2624 856 2919 916 Herbertus
2953 858 3339 933 Norwicensis,

1765 945 1821 992 et
1854 937 2165 1011 Radulphus
2190 942 2567 1013 Ciccstrensis,
2599 959 2653 1004 et
2677 951 2902 1008 Samson
2942 955 3336 1027 Wigorniensis

1765 1030 1999 1170 lepiscopi
2023 1073 2037 1098 ,
2081 1042 2136 1090 et
2177 1034 2513 1095 Willhelmus
2560 1040 2949 1101 Wiutouiensis
2989 1047 3221 1118 electus,
3253 1065 3340 1106 sa-

1786 1128 1947 1170 utem.

1786 1128 1947 1173 utem.

1840 1227 1859 1257 ι
1893 1206 2259 1268 Sustinuimus
2307 1230 2524 1284 pacem,
2572 1227 2629 1273 et
2670 1219 2781 1290 ipsa
2834 1220 3044 1293 longius
3092 1229 3335 1296 recessit,

1762 1297 2107 1365 quaesivimus
2150 1301 2288 1356 bona
2320 1344 2334 1368 ,
2379 1315 2433 1359 et
2474 1305 2693 1363 invaluit
2743 1312 2996 1368 turbatio.
3055 1314 3168 1371 Vite
3208 1317 3339 1373 Sion

1760 1386 1932 1457 lugent
1963 1389 2176 1459 (Thren.
2204 1394 2331 1461 δι),
2351 1396 2474 1465 quia
2498 1412 2590 1453 eas
2612 1401 2931 1458 conculcant
2950 1405 3337 1465 incircumcisi.

1762 1475 2038 1547 Templum
2086 1494 2313 1550 moeret,
2343 1487 2469 1555 quia
2508 1489 2649 1544 intra
2688 1490 2886 1548 Sancta
2928 1507 3237 1553 sanctorum
3280 1509 3337 1555 et

1762 1567 1827 1621 ad
1871 1568 2041 1637 ipsam
2099 1587 2250 1628 aram
2300 1576 2611 1646 irruperunt
2640 1578 2782 1635 laici.
2812 1582 3081 1655 Exsurge,
3120 1596 3179 1642 ut
3205 1588 3335 1644 olim

1758 1670 1921 1712 senex
1956 1659 2043 1717 ille
2070 1661 2395 1722 Mathathias
2424 1667 2480 1738 (Ι
2511 1667 2688 1724 .ilach.
2716 1687 2778 1736 ιι,
2810 1674 2884 1737 1).
2920 1675 3097 1733 Habes
3128 1679 3180 1734 in
3212 1680 3336 1737 ﬁliis

1761 1748 1869 1805 tuis
1905 1751 2156 1808 virtutem
2182 1754 2354 1823 Judte,
2390 1761 2764 1818 strenuitatem
2799 1762 3062 1836 Jonathae,
3100 1772 3336 1840 pruden-

1691 1855 1732 1910 Β
1762 1841 1890 1895 tiam
1942 1841 2179 1901 Simonis
2226 1848 2404 1917 (ibid.,
2445 1850 2583 1921 “5-5).
2623 1850 2688 1907 Hi
2729 1862 2902 1910 tecum
2949 1859 3336 1926 prteliabuutur

1758 1928 2002 1998 praelium
2035 1933 2268 1999 Domini,
2296 1945 2375 2002 et,
2409 1938 2453 1993 si
2483 1949 2609 1996 ante
2634 1955 2735 1998 nos
2770 1946 3043 2014 appositus
3071 1946 3238 2005 fueris
3266 1951 3333 2006 ad

1755 2024 1936 2085 patres
1964 2027 2105 2087 tuos,
2131 2022 2198 2079 de
2237 2038 2402 2079 manu
2446 2034 2537 2082 tua
2570 2031 2925 2101 suscipiemus
2962 2035 3331 2096 hereditatem

1754 2104 1956 2165 laboris
1994 2112 2092 2166 tui.
2123 2111 2231 2169 Sed
2270 2114 2385 2186 iam
2430 2132 2536 2174 non
2583 2128 2668 2177 est
2712 2123 2808 2178 tibi
2846 2124 3229 2196 pigritandum.
3264 2128 3332 2187 Ut

1753 2199 1882 2267 quid
1934 2202 2080 2257 enim
2124 2208 2521 2278 peregrinaris,
2563 2222 2619 2267 et
2661 2228 2789 2269 oves
2822 2223 2927 2272 ture
2967 2217 3084 2273 sine
3110 2229 3331 2290 pastore

1752 2294 2016 2358 pereunt?
2037 2293 2154 2350 1am
2200 2299 2340 2366 apud
2383 2300 2550 2356 Deum
2581 2304 2726 2359 nulla
2756 2305 2849 2361 tibi
2889 2319 3131 2366 remanet
3160 2327 3329 2369 excu-

1752 2380 1914 2472 satio.
1949 2382 2025 2440 Te
2048 2385 2195 2440 enim
2222 2402 2327 2443 non
2361 2389 2535 2445 solum
2575 2394 2866 2465 subsequi,
2893 2398 2985 2453 sed
3012 2409 3069 2455 et
3110 2403 3326 2472 praeire,

1750 2470 1796 2527 si
1836 2472 2098 2543 iusseris,
2147 2478 2329 2548 parati
2365 2495 2575 2538 sumus.
2604 2484 2736 2540 Veni
2776 2500 2906 2557 ergo
2943 2489 3011 2543 ad
3046 2470 3167 2559 nos,
3201 2494 3327 2549 veni

1749 2565 1883 2633 cito,
1914 2568 1998 2623 vel
2026 2584 2125 2625 nos
2155 2582 2249 2627 aut
2276 2588 2343 2629 ex
2368 2563 2524 2631 nobis
2550 2576 2760 2648 aliquos
2784 2580 2854 2634 ad
2879 2589 2931 2636 te
2958 2584 3143 2639 venire
3168 2584 3325 2655 iube,

1750 2669 1818 2713 ne
1840 2656 1966 2713 dum
1989 2659 2219 2727 seiuncti
2257 2677 2289 2718 a
2327 2673 2376 2721 te
2410 2681 2600 2723 sumus
2629 2669 2682 2722 in
2718 2669 2996 2727 sinistram
3026 2681 3079 2727 te
3111 2683 3324 2743 partem

1749 2746 2011 2804 inclinent
2031 2765 2220 2807 eorum
2246 2756 2471 2812 consilia
2499 2758 2590 2829 qui
2622 2774 2720 2814 sua
2742 2771 3013 2830 quaerunt.
3046 2763 3155 2820 Nos
3178 2768 3321 2823 enim

1739 2835 1853 2905 iam
1879 2839 1932 2894 in
1970 2840 2072 2897 hac
2093 2859 2255 2899 causa
2286 2860 2394 2901 non
2423 2862 2545 2917 quae
2569 2857 2780 2916 nostra,
2803 2850 2898 2907 sed
2925 2865 3047 2921 quae
3075 2853 3170 2909 Dei
3196 2865 3323 2912 sunt

1746 2927 2056 2997 quaerimus.
2092 2950 2112 2984 ι

1815 3019 2154 3092 Rescriptum
2176 3023 2415 3081 Anselmi
2452 3042 2518 3083 au
2542 3042 2639 3085 eos
2666 3046 2680 3083 :

1822 3128 1842 3163 ι
1869 3111 2152 3169 Anselmus
2189 3116 2629 3190 archiepiscopus
2664 3119 3101 3187 Cantuariensis,
3127 3122 3318 3181 amicis

66 3215 373 3270 inauditam
428 3216 695 3271 exsecrati
725 3215 861 3270 nihil
900 3230 999 3284 pro
1056 3215 1149 3270 tali
1189 3229 1353 3271 causa
1383 3214 1514 3271 dare
1543 3230 1640 3271 vo-

1749 3202 1860 3258 suis
1901 3211 1958 3258 et
1991 3205 2326 3277 coepiscopis
2365 3223 2595 3279 quorum
2634 3210 2845 3266 litteras
2877 3213 3134 3285 suscepit,
3174 3214 3319 3270 salu-
3366 3260 3369 3263 η

66 3304 263 3370 lentes,
317 3305 703 3360 contumeliose
759 3312 1100 3373 raperentur,
1151 3304 1638 3375 incarcerarentur,

64 3397 463 3459 cruciarentur,
492 3394 716 3466 contigit
742 3408 923 3464 regem
972 3394 1148 3464 ipsum
1181 3393 1519 3450 Lundoniam
1547 3410 1641 3451 ve-

61 3487 204 3541 nire.
230 3484 467 3540 Adunati
504 3499 656 3555 ergo,
700 3492 759 3539 ut
781 3485 1014 3550 dicitur,
1057 3485 1229 3540 ferme
1267 3485 1483 3541 ducenti
1522 3500 1642 3556 pre-

60 3576 151 3645 sby
165 3574 294 3639 teri,
318 3575 490 3630 induti
516 3575 653 3631 albis
683 3583 737 3632 et
763 3576 1194 3633 sacerdotalibus
1213 3576 1389 3642 stolis,
1432 3577 1543 3649 regi
1570 3578 1639 3633 ad

60 3664 327 3733 palatium
356 3679 512 3719 suum
568 3666 718 3720 eunti
783 3666 941 3721 nudis
986 3666 1212 3735 pedibus
1260 3675 1638 3731 occurrerunt,

60 3770 166 3808 una
198 3768 337 3808 voce
369 3753 617 3809 misereri
652 3754 1021 3823 implorantes.
1050 3756 1121 3809 At
1147 3755 1235 3810 ille
1258 3755 1420 3821 forte,
1458 3765 1518 3810 ut
1558 3755 1635 3819 lit,

59 3850 122 3897 ad
157 3842 331 3897 multa
351 3842 581 3907 divisus,
604 3843 749 3897 nulla
772 3844 838 3897 ad
867 3858 1057 3913 preces
1081 3859 1266 3898 eorum
1292 3844 1641 3901 miseratione

56 3944 341 4004 permotus
371 3934 580 4001 est,vel
622 3933 815 3989 saltem
841 3935 1032 4004 quavis
1062 3950 1172 3998 eos,
1217 3934 1359 3990 sicut
1392 3934 1637 3991 homines

58 4028 239 4082 omnis
264 4026 542 4097 religionis
569 4034 839 4096 expertes,
866 4025 1112 4096 responsi
1134 4026 1421 4082 honestate
1450 4026 1636 4097 digna-

58 4128 168 4183 tus,
195 4117 311 4173 suis
339 4116 620 4172 obtutibus
651 4116 849 4171 festiue
888 4114 1030 4186 abigi
1072 4115 1350 4185 praecepit.
1376 4115 1476 4183 Qui
1506 4130 1634 4171 con-

57 4207 274 4262 fusione
299 4222 459 4276 super
498 4204 868 4260 confusionem
898 4205 1090 4270 induti,
1127 4206 1370 4275 reginam
1392 4207 1629 4271 adeunt,

58 4309 111 4355 et
147 4297 599 4354 interventricem
653 4296 917 4366 flagitant.
940 4295 1054 4362 Illa,
1090 4305 1146 4349 ut
1190 4294 1400 4361 fertur,
1433 4297 1632 4366 pietate

58 4401 205 4448 mota
232 4392 291 4446 in
316 4390 586 4461 Iacrymas
608 4387 858 4453 solvitur,
881 4390 977 4442 sed
998 4425 1013 4451 ,
1065 4386 1261 4441 timore
1312 4387 1628 4451 constricta,

57 4486 123 4539 ab
153 4480 561 4539 interventione
606 4487 843 4535 arcetur.
888 4478 1229 4534 Ferebantur
1276 4491 1342 4533 eo
1390 4486 1631 4548 tempore

56 4574 209 4642 plura
232 4573 323 4627 his
360 4572 413 4626 in
444 4568 751 4638 huiusmodi
799 4583 899 4638 per
922 4568 1169 4637 Angliam
1215 4580 1361 4623 acta.
1388 4568 1493 4623 Sed
1535 4584 1633 4625 nos

56 4664 311 4720 brevitati
342 4662 646 4726 studentes,
700 4673 869 4728 pauca
918 4672 1038 4728 qute
1071 4659 1214 4713 dicta
1254 4668 1382 4714 sunt
1417 4672 1515 4729 pro
1545 4658 1629 4714 in-

56 4761 299 4817 tentione
341 4755 635 4828 praesentis
685 4753 934 4826 opusculi
982 4751 1239 4809 sufﬁcere
1286 4766 1446 4821 posse
1474 4759 1630 4821 puta-

56 4866 197 4907 mus.
952 4848 953 4851 η

121 4942 379 4996 Attamen
408 4935 691 4992 dicendum
712 4935 853 5005 quod
879 4946 945 4988 eo
965 4944 1136 5003 usque
1168 4930 1306 4985 mala
1336 4942 1498 4998 super
1519 4928 1627 4982 An-

54 5028 219 5099 gliam
250 5028 383 5099 ipsis
404 5028 592 5082 diebus
612 5024 1011 5081 inundaverunt
1038 5030 1098 5076 ut
1128 5021 1225 5090 ipsi
1252 5018 1507 5091 episcopi,
1534 5018 1624 5088 qui

53 5134 269 5190 semper
310 5118 621 5174 libertatem
652 5114 905 5170 Ecclesiae
941 5122 997 5167 et
1041 5111 1351 5166 Anselmum
1381 5110 1624 5166 eamdem

52 5212 363 5268 libertatem
394 5210 677 5268 sublevare
699 5205 946 5275 tuerique
970 5204 1255 5277 nitentem,
1281 5212 1436 5258 utex
1464 5217 1622 5272 supe-

53 5306 291 5360 rioribus
340 5302 565 5373 intelligi
614 5306 831 5369 potest,
870 5310 993 5353 cum
1031 5294 1275 5365 principe
1326 5292 1625 5363 deprimere

54 5396 155 5450 nisi
184 5404 330 5461 sunt,
361 5402 637 5448 tantorum
660 5388 923 5444 malorum
952 5385 1315 5445 immensitate
1342 5383 1622 5453 compulsi,

52 5489 308 5541 mandata
333 5484 589 5541 Anselmo
619 5498 738 5537 cum
768 5479 993 5551 epistola
1024 5478 1344 5549 dirigerent',
1378 5486 1434 5535 et
1467 5492 1622 5547 opem

52 5576 426 5635 wbventionis
456 5574 573 5644 eius
601 5572 825 5643 proponi
857 5571 1247 5640 deposcerent,
1273 5584 1438 5640 seque
1473 5571 1621 5626 illum

52 5667 249 5723 amodo
274 5674 556 5720 secuturos
592 5665 645 5717 in
675 5664 768 5719 Dei
801 5663 993 5729 rebus,
1022 5672 1082 5717 ut
1115 5663 1327 5717 Patrem
1349 5699 1363 5725 ,
1394 5660 1622 5729 proruit-

53 5759 250 5812 Ierent.
299 5755 407 5811 Sed
455 5754 596 5817 haec,
627 5762 688 5807 ut
732 5754 943 5824 opinor,
987 5752 1177 5808 melius
1214 5750 1523 5821 liquebunt,
1574 5749 1619 5805 si

213 5869 479 5929 ΡΔτιιοι..
527 5864 731 5929 CLIX.

1744 3301 1871 3349 tem.

1816 3401 1836 3436 ι
1873 3383 2145 3441 Condoleo
2192 3395 2249 3443 et
2288 3399 2469 3446 mente
2523 3392 2825 3462 compatior
2874 3395 3313 3454 tribulationibus

1739 3494 1878 3550 quas
1906 3495 2003 3537 vos
2030 3490 2084 3536 et
2111 3481 2353 3539 Ecclesia
2379 3485 2589 3556 Anglia:
2612 3486 2889 3543 sustinetis
2906 3528 2921 3553 ,
2952 3491 3045 3544 sed
3077 3491 3145 3546 ad
3171 3505 3311 3560 prae-

1739 3586 1886 3637 sens,
1915 3574 2204 3629 secundum
2239 3588 2413 3631 meam
2447 3586 2503 3632 et
2534 3586 2768 3633 vestram
2803 3578 3155 3647 voluntatem,
3184 3582 3312 3638 sub-

1738 3663 1923 3719 venire
1952 3678 2179 3734 nequeo,
2216 3667 2339 3736 quia
2365 3667 2601 3723 nondum
2636 3670 2785 3738 quid,
2809 3678 2866 3725 et
2885 3680 3144 3741 quantum
3180 3688 3311 3730 cou-

1738 3751 1904 3808 lidere
1928 3753 2129 3822 possim
2161 3770 2280 3811 sum
2303 3765 2503 3825 certus,
2528 3758 2701 3814 donec
2725 3774 2821 3829 per
2838 3760 3045 3832 legatos
3071 3774 3308 3829 nostros,

1739 3857 1875 3912 quos
1917 3844 1970 3899 in
2010 3845 2290 3915 proximos
2332 3847 2503 3903 Roma
2556 3850 2830 3907 redituros
2867 3862 3148 3922 exspecto,
3181 3853 3309 3923 quid

1737 3934 1877 4004 apud
1904 3934 2179 3991 dominum
2204 3951 2396 4006 papam
2430 3937 2706 3995 effecerint
2734 3956 3073 4012 cognoscam.
3101 3943 3308 3997 Bonum

1738 4030 1914 4079 tamen
1946 4034 2031 4081 est
2058 4034 2113 4080 et
2140 4037 2351 4096 gratum
2381 4027 2511 4082 mihi
2558 4029 2683 4098 quia
2726 4031 2939 4085 tandem
2982 4032 3307 4101 cognoscitis

1738 4113 1803 4168 ad
1833 4112 1963 4182 quid
2002 4128 2099 4169 vos
2139 4116 2420 4184 perduxit,
2462 4126 2521 4171 ut
2551 4119 2736 4175 mitius
2763 4119 2938 4175 dicam
2960 4161 2976 4186 ,
3004 4130 3180 4176 vestra
3206 4136 3303 4191 pa-

1734 4204 1945 4271 tientia,
1974 4213 2028 4260 et
2051 4205 2178 4274 quia
2222 4206 2537 4277 promittitis
2565 4210 2697 4265 mihi
2742 4209 2999 4265 auxilium
3032 4222 3300 4279 vestrum,

1733 4310 1838 4350 non
1873 4294 1925 4351 in
1957 4309 2095 4359 mea,
2128 4296 2221 4353 sed
2263 4296 2317 4352 in
2362 4299 2455 4354 Dei
2498 4315 2689 4365 causa,
2720 4309 2774 4356 et
2800 4301 3038 4357 invitatis
3066 4318 3153 4358 me
3194 4318 3299 4359 non

1730 4384 1956 4454 pigriter
1988 4386 2175 4443 venire
2202 4386 2269 4441 ad
2294 4402 2411 4443 vos.
2450 4388 2704 4455 Quamvis
2736 4390 2879 4445 enim
2908 4391 3009 4448 hoc
3037 4393 3194 4447 modo
3221 4391 3301 4448 fa-

1664 4520 1707 4577 Β
1731 4488 1855 4531 cere
1877 4492 1981 4533 non
2006 4478 2231 4548 possim,
2253 4479 2378 4547 quia
2402 4494 2495 4535 rex
2520 4494 2625 4535 non
2645 4480 2763 4535 vult
2784 4496 2869 4537 me
2889 4497 3010 4539 esse
3034 4482 3087 4538 in
3108 4482 3297 4555 Anglia

1731 4566 1927 4635 adhuc,
1955 4569 2058 4624 nisi
2089 4569 2392 4626 discordem
2423 4585 2452 4624 a
2476 4569 2717 4639 iussione
2747 4587 2895 4641 papae
2936 4581 2991 4629 et
3029 4574 3145 4644 eius
3173 4591 3302 4630 con-

1730 4658 1946 4711 cordem
1975 4658 2260 4725 voluntati,
2292 4667 2349 4714 et
2373 4674 2474 4731 ego
2515 4662 2751 4715 nondum
2799 4672 2978 4716 certus
3023 4663 3124 4717 sim
3168 4664 3295 4731 quid

1728 4745 1953 4814 possim,
1996 4747 2135 4803 sicut
2182 4750 2315 4818 dixi,
2347 4756 2525 4804 tamen
2561 4751 2767 4821 gaudeo
2811 4765 2909 4821 pro
2947 4761 3124 4805 vestra
3156 4752 3307 4815 bona,

1727 4836 2024 4903 voluntate,
2055 4846 2110 4893 et
2136 4841 2425 4911 episcopali
2454 4842 2756 4897 constantia
2779 4856 2938 4911 quam
2964 4843 3295 4911 promittitis,

1727 4937 1783 4983 et
1808 4931 2187 4988 exhortatione
2216 4948 2379 5003 quam
2404 4933 2535 4987 mihi
2558 4933 2758 4988 facitis.
2790 4932 2861 4987 Ut
2881 4942 3059 4986 autem
3085 4933 3295 5002 aliquos

1727 5035 1793 5074 ex
1823 5020 1974 5075 vobis
2010 5022 2078 5076 ad
2121 5038 2207 5079 me
2249 5024 2435 5079 venire
2480 5023 2675 5079 faciam
2697 5062 2712 5089 ,
2741 5023 2881 5080 sicut
2916 5023 3168 5091 poscitis,
3194 5039 3290 5086 ne.

1726 5112 1852 5166 dum
1884 5111 2112 5180 seiuncti
2143 5129 2329 5172 sumus
2369 5115 2438 5170 ab
2484 5115 2748 5179 invicem,
2775 5124 3085 5183 pervertant
3112 5114 3289 5169 consi-

1726 5201 1854 5257 lium
1886 5214 2067 5258 meum
2087 5204 2178 5273 qui
2206 5218 2300 5261 sua
2324 5212 2590 5274 quaerunt,
2617 5204 2683 5258 ad
2713 5218 2948 5273 praesens
2972 5217 3075 5258 non
3104 5204 3292 5273 opinor

1724 5299 1997 5364 oportere.
2025 5292 2197 5364 Spero
2222 5295 2365 5350 enim
2400 5296 2451 5349 in
2480 5294 2591 5351 Deo
2628 5295 2754 5364 quia
2786 5293 2966 5349 nullus
2990 5308 3084 5348 cor
3111 5308 3286 5349 meum

1724 5398 1753 5439 a
1781 5384 2030 5451 veritate,
2062 5387 2114 5440 in
2141 5394 2400 5455 quantum
2425 5399 2772 5456 cognoscam,
2801 5385 2998 5454 poterit
3021 5393 3286 5445 avertere,

1717 5484 1777 5532 ct
1801 5476 1925 5546 quia
1970 5476 2023 5533 in
2071 5476 2315 5547 proximo
2344 5477 2485 5532 Deus
2527 5476 2656 5531 mihi
2704 5476 2833 5546 quid
2873 5474 3051 5530 facere
3096 5488 3285 5543 queam

1722 5568 1986 5636 ostendet,
2011 5576 2065 5625 et
2086 5583 2185 5639 ego
2210 5581 2370 5639 quam
2393 5566 2552 5622 citius
2579 5577 2765 5637 potero
2788 5565 2940 5621 vob‘s
2976 5564 3283 5619 notilicabo.

1722 5660 1856 5724 Quid
1880 5671 2060 5717 autem
2086 5659 2239 5716 vobis
2280 5659 2495 5714 interim
2524 5656 2826 5714 faciendum
2870 5658 2958 5722 sit,
3005 5655 3284 5724 prudentia

1723 5757 1899 5805 vestra
1930 5751 2063 5807 satis
2091 5751 2355 5823 intelligit,
2385 5752 2480 5809 sed
2519 5760 2692 5808 tamen
2734 5748 2856 5807 dico
2894 5746 3020 5817 quia
3072 5758 3191 5814 θεον
3231 5743 3282 5795 in

2703 5861 2774 5922 l3

1800 5935 1828 5945 ,-
