3890 6306
459 5991 530 6008 σα,

595 338 705 393 ἱῦῢ

1583 333 1890 390 EADMERI
1929 332 2481 392 CANTUAnlENSlS
2522 331 2827 392 MONACHI

3683 345 3754 400 ul

594 460 853 522 quantum
891 449 1156 520 sperando
1199 451 1250 505 in
1281 451 1387 505 Deo
1414 449 1800 505 conscientiam
1834 463 2006 504 meam
2049 463 2172 504 seno
2199 450 2245 507 A
2270 463 2389 503 sum
2415 449 2698 520 episcopus
2728 462 2828 519 pro
2857 447 3088 520 spiritali
3127 465 3257 514 cura
3299 464 3451 522 quam
3484 467 3568 523 pro
3600 464 3755 514 terrena

592 540 692 605 tio,
720 555 818 610 pro
856 538 1169 594 redimenda
1212 541 1321 593 vita
1357 553 1475 593 mea
1506 554 1612 593 non
1649 538 1944 607 praeberem
1979 552 2166 592 assen-

591 646 736 698 sum,
768 644 942 700 neque
969 629 1274 684 ministrum
1322 638 1417 683 aut
1451 637 1821 685 exsecutorem
1871 627 1986 698 ejus
2039 627 2165 680 mali

588 737 676 777 me
705 721 935 778 facerem
962 721 1105 791 quod
1131 720 1296 776 audio
1335 719 1544 775 noviter
1578 734 1740 790 super
1771 718 2038 772 Ecelesias
2063 718 2166 772 Art-

586 812 705 886 glice
734 813 1082 884 promulgari.
1128 811 1330 868 Valete.
1365 831 1384 864 ι

652 905 800 959 Inter
837 905 952 959 haec
1011 902 1217 958 crebris
1263 901 1330 956 de
1371 900 1564 972 Anglia
1602 898 1804 955 nuntiis
1839 897 2164 954 Northman-

582 995 727 1050 niam
770 993 1132 1057 venientibus,
1182 992 1234 1046 id
1286 991 1427 1061 quod
1459 981 1529 1046 de
1581 989 1908 1060 presbyteris
1961 987 2166 1057 Anglize

583 1099 676 1138 rex
704 1083 934 1138 faciebat
981 1081 1143 1136 nimis
1190 1079 1582 1150 divulgabatur,
1616 1087 1672 1132 et
1707 1093 1811 1131 non
1843 1075 2016 1131 solum
2066 1075 2164 1130 hos

581 1175 671 1244 qui
705 1174 924 1228 infamia
952 1173 1091 1244 ejus,
1115 1187 1298 1227 verum
1327 1181 1382 1226 et
1406 1185 1501 1226 eos
1523 1169 1614 1240 qui
1639 1169 1791 1223 laude
1821 1167 1961 1222 illius
1985 1181 2166 1237 pasce-

579 1268 802 1332 bantur,
832 1267 885 1323 in
918 1267 1102 1322 odium
1141 1274 1195 1320 ct
1235 1263 1562 1334 vituperium
1592 1261 1706 1330 ejus
1739 1261 2058 1316 adducebat.
2096 1259 2165 1314 At

580 1363 888 1428 Ansehnus,
941 1370 1050 1415 tam
1095 1360 1291 1414 malam
1321 1357 1518 1412 famam
1561 1355 1626 1410 de
1670 1369 1795 1424 rege
1820 1369 1927 1409 non
1984 1352 2164 1408 ferens

580 1471 812 1524 eumque
836 1470 864 1508 a
899 1462 1047 1508 tanta
1081 1451 1272 1522 injuria
1303 1463 1556 1504 revocare
1587 1447 1926 1512 desiderans,
1949 1445 2166 1516 scripsit

579 1547 631 1602 ei
666 1547 733 1603 de
769 1547 984 1618 negotio
1023 1543 1189 1600 semel
1235 1551 1288 1598 et
1341 1543 1556 1606 iterum,
1615 1540 1880 1609 totiesque
1919 1537 2161 1609 responsi

580 1641 697 1708 ejus
725 1621 924 1709 scripta
953 1629 1172 1704 recepit.
1213 1634 1344 1702 Qua:
1381 1631 1584 1700 scripta
1613 1645 1680 1686 eo
1709 1644 1818 1701 quo
1844 1631 2008 1685 missa
2037 1637 2165 1684 sunt

579 1732 768 1786 ordine
808 1729 999 1785 subter
1047 1726 1350 1781 adnotanda
1401 1724 1630 1796 putavit,
1679 1731 1826 1777 ratus
1858 1736 1922 1775 ea
1969 1720 2164 1776 futuris

2268 541 2628 610 possessione.
2664 539 3015 610 Omnipotens
3055 540 3196 595 Deus
3228 541 3306 598 sic
3339 552 3392 596 et
3421 543 3470 597 in
3511 545 3614 612 hoc,
3646 558 3687 602 et
3719 551 3754 606 in

2268 633 2388 688 aliis
2410 633 2622 689 actibus
2647 633 2846 689 vestris
2893 633 3089 703 dirigat
3134 648 3230 690 cor
3278 643 3502 689 vestrum
3537 641 3755 694 secundum

2269 722 2596 778 voluntatem
2639 738 2815 788 suam,
2861 731 2918 777 ut
2959 733 3080 793 post
3112 723 3254 780 hanc
3287 723 3442 780 vitam
3463 726 3756 795 perducatros

2267 810 2336 866 ad
2385 811 2611 881 gloriam
2653 826 2828 868 suam.
2879 815 3074 868 Amen.
3107 831 3126 866 ι

2347 920 2364 954 t
2394 901 2680 968 Henricus,
2732 903 2824 959 Dei
2860 903 3057 973 gratia,
3108 919 3202 960 rex
3235 903 3537 978 Angiorum,
3575 907 3755 966 Atticino

2267 993 2672 1064 archiepiscopo
2709 993 3037 1060 Cantuarire,
3078 994 3327 1051 salutem.

2341 1100 2361 1134 ι
2392 1083 2446 1137 In
2469 1084 2558 1139 die
2578 1084 2749 1140 sancti
2771 1083 3017 1154 Gregorii
3051 1085 3191 1155 apud
3213 1083 3532 1158 Tenebrigge
3554 1087 3659 1143 mihi
3683 1088 3756 1145 lue-

2268 1185 2394 1232 runt
2418 1177 2609 1234 delatre
2638 1178 2829 1235 litterae
2857 1187 3086 1250 reposta:
3114 1180 3168 1236 in
3194 1189 3284 1237 tuo
3309 1181 3495 1252 sigillo.
3531 1182 3588 1238 Et
3609 1199 3755 1253 pereas

2267 1268 2398 1322 mihi
2427 1269 2692 1325 mandasti
2734 1269 2862 1325 talia
2890 1270 3030 1326 unde
3063 1270 3289 1326 multum
3329 1270 3492 1327 miror
3525 1274 3628 1342 quia
3660 1277 3754 1346 quod

2266 1359 2369 1414 feci
2393 1360 2555 1415 credo
2592 1375 2678 1416 me
2705 1375 2799 1430 per
2829 1372 2881 1417 te
2908 1361 3119 1418 fecisse.
3160 1361 3236 1417 Et
3279 1363 3334 1418 in
3381 1363 3463 1418 die
3494 1364 3756 1422 Ascensionit

2267 1449 2480 1505 Domini
2524 1451 2733 1506 habebo
2761 1466 2950 1507 omnes
2995 1453 3226 1508 barones
3273 1468 3420 1509 meos
3465 1467 3644 1511 mecum
3671 1471 3754 1512 oon-

2266 1551 2532 1614 gregatos,
2581 1551 2634 1598 et
2674 1558 2772 1613 per
2804 1543 3084 1608 consilium
3132 1559 3323 1600 eorum
3364 1545 3434 1600 ita
3465 1548 3756 1603 convenieatu

2269 1633 2362 1688 tibi
2406 1650 2462 1690 re
2479 1635 2738 1706 pendebo
2761 1636 2929 1707 quod,
2956 1651 3080 1692 eum
3111 1644 3288 1692 tecum
3324 1635 3524 1705 loquar,
3549 1653 3635 1693 non
3650 1640 3756 1694 etab

2271 1735 2322 1780 te
2345 1739 2430 1780 me
2452 1725 2574 1781 inde
2594 1725 3088 1796 blasphematurnm
3118 1738 3168 1783 ι.
3194 1727 3263 1782 Et
3289 1726 3534 1798 quidquid
3559 1727 3633 1782 fiat
3653 1728 3754 1790 alias.

577 1821 930 1894 temporibus,
958 1820 1188 1892 exempli
1215 1789 1419 1891 gratia,
1438 1814 1735 1886 profutura,
1763 1813 1807 1869 si
1831 1812 2007 1868 altiori
2033 1827 2163 1867 con-
2197 1789 2240 1848 Β
2267 1817 2404 1872 scito
2449 1817 2592 1888 quod
2642 1789 2739 1882 tui,
2791 1817 3053 1888 quidquid
3099 1818 3201 1890 ipsi
3249 1789 3494 1886 fecerint,
3524 1833 3606 1890 per
3628 1789 3754 1875 omnes

576 1913 698 1969 silio
738 1914 878 1970 Deus
926 1930 1031 1969 non
1073 1911 1343 1969 sedaverit
1394 1911 1447 1964 in
1502 1924 1668 1980 regno
1708 1906 2001 1977 Anglorum
2045 1921 2164 1976 qua:

577 2007 678 2063 sub
701 2007 874 2062 oculis
898 1994 1014 2074 eius
1045 2005 1204 2060 hodie
1234 2005 1368 2058 fiunt
1393 2001 1629 2057 maxima
1659 1999 1819 2055 mala.
1861 1998 1918 2054 ln
1947 2013 2054 2069 quo
2085 2008 2166 2052 ta-

576 2089 702 2155 men
734 2100 802 2154 ab
826 2101 890 2155 iis
916 2100 1006 2170 qui
1038 2103 1141 2154 ista
1174 2098 1358 2169 legunt
1402 2095 1487 2150 vel
1533 2094 1758 2149 audiunt
1819 2093 2045 2164 petitum
2098 2091 2163 2146 iri

577 2203 846 2262 optamus,
884 2180 953 2247 ne
998 2191 1153 2246 nobis
1180 2195 1536 2244 succenseant
1565 2185 1706 2255 quod
1732 2184 2032 2239 scribendis
2051 2182 2175 2252 epi-‘

577 2286 734 2341 stolis
767 2292 973 2340 tantum
999 2297 1348 2353 occupamur.
1389 2278 1598 2349 Negotii
1632 2276 1799 2342 enim,
1830 2275 1972 2345 quod
2003 2289 2162 2328 manu

577 2392 881 2442 versamus,
912 2377 1156 2446 quaedam
1203 2381 1258 2428 et
1297 2385 1489 2441 magna
1526 2383 1655 2438 pars
1695 2378 1796 2433 est,
1853 2381 1954 2422 nec
1995 2374 2162 2420 totum

581 2463 812 2533 alicujus
841 2463 943 2530 rei,
975 2462 1172 2534 ignotis
1199 2448 1444 2532 partibus
1464 2457 1602 2527 ejus,
1634 2456 1760 2512 sciri
1790 2465 1988 2525 potest.
2019 2454 2164 2524 Ipsa-

581 2547 702 2609 rum
730 2543 892 2625 igitur
917 2553 1261 2624 epistularum
1298 2558 1477 2606 textus
1503 2549 1590 2604 hic
1619 2557 1736 2604 est:

659 2665 678 2698 ‹
715 2646 946 2702 Henrico
965 2661 1064 2702 suo
1091 2635 1412 2700 charissima
1437 2641 1674 2705 domino,
1699 2637 1870 2710 gratia
1902 2638 2018 2702 Dei,
2052 2637 2160 2709 regi

578 2734 895 2806 Anglorum,
941 2733 1232 2788 Ansehnus
1274 2730 1714 2800 archiepiscopus
1740 2726 2067 2794 Cantuarlae,
2101 2724 2176 2782 fi?

578 2829 725 2884 deles
751 2828 1024 2884 orationes
1044 2841 1165 2880 eum
1202 2824 1340 2880 ﬁdeli
1364 2823 1606 2879 servitio.

651 2941 670 2974 ι
701 2921 783 2976 Ad
819 2935 904 2974 me
931 2920 1188 2989 pertinet,
1224 2917 1268 2973 si
1315 2915 1476 2972 audio
1501 2915 1647 2986 quod
1698 2912 1912 2969 faciatis
1959 2911 2161 2982 aliquid

574 3012 718 3083 quod
748 3011 943 3065 anima:
966 3018 1168 3064 vestra:
1191 3021 1298 3062 non
1339 3006 1614 3077 expediat,
1654 3014 1714 3060 ut
1747 3005 1850 3059 hoc
1875 3003 2026 3058 vobis
2054 3018 2160 3058 non

574 3113 805 3164 taceam,
833 3115 922 3164 ne,
953 3097 1095 3167 quod
1121 3106 1349 3162 avertat,
1384 3096 1526 3151 Deus
1575 3096 1844 3150 irascatur
1888 3103 1944 3148 et
1985 3093 2156 3159 vobis,
2185 3128 2230 3191 Ο

573 3191 619 3244 si
648 3189 826 3244 facitis
850 3190 993 3258 quod
1041 3186 1119 3241 illi
1170 3202 1275 3240 non
1306 3186 1534 3256 placeat,
1563 3177 1777 3240 et'mihi
1807 3199 1904 3254 pro
1931 3184 2157 3239 tacitur-

573 3281 746 3335 nitate
789 3295 929 3334 mea.
978 3278 1154 3333 Audio
1191 3279 1336 3349 quod
1382 3285 1564 3332 vestra
1611 3276 1932 3332 excellentia
1981 3276 2158 3330 vindi-

570 3381 717 3426 ctam
768 3378 984 3426 exercet
1027 3383 1188 3438 super
1221 3369 1564 3440 presbyteros
1596 3367 1805 3438 Anglia:
1833 3377 1888 3423 et
1922 3366 2056 3423 foris
2079 3365 2158 3422 fa-

570 3470 781 3516 cturam
802 3461 969 3531 exigit
997 3460 1064 3515 ab
1094 3459 1174 3515 eis
1195 3459 1288 3530 qui
1317 3474 1422 3515 non
1449 3467 1803 3514 servaverunt
1828 3465 2156 3529 praeceptum

569 3549 809 3616 concilii,
865 3549 1008 3620 quod
1055 3563 1154 3619 ego
1201 3563 1322 3604 cum
1369 3558 1551 3604 vestro
1592 3547 1776 3604 favore
1821 3549 1963 3602 tenui
2016 3547 2156 3618 apud

567 3640 906 3696 Lundoniam
938 3656 1058 3695 cum
1096 3640 1216 3696 aliis
1263 3641 1534 3712 episcopis
1565 3649 1619 3695 et
1657 3639 1928 3710 religiosis
1967 3654 2156 3710 perso-

566 3733 672 3788 nis.
709 3732 859 3800 Quod
893 3733 1154 3788 hactenus
1184 3731 1482 3787 inauditum
1509 3740 1566 3788 et
1605 3730 1921 3786 inusitatum
1970 3738 2054 3786 est
2099 3731 2153 3785 in

565 3822 804 3878 Ecclesia
826 3821 920 3878 Dei
950 3823 1017 3877 de
1045 3821 1157 3876 ullo
1187 3837 1313 3892 rege
1337 3830 1392 3877 et
1428 3820 1497 3876 de
1526 3818 1706 3889 aliquo
1735 3818 1996 3890 principe.
2036 3817 2153 3874 Non

564 3914 711 3968 enim
736 3913 993 3982 pertinet,
1035 3912 1333 3967 secundum
1365 3909 1539 3981 legem
1568 3908 1684 3973 Dei,
1707 3905 2014 3976 hujusmodi
2040 3907 2155 3963 cnl-

563 4013 686 4074 pam
713 4001 1009 4066 vindicare,
1043 4000 1145 4055 nisi
1176 3998 1244 4054 ad
1282 3998 1522 4071 singulos
1562 3997 1845 4070 episcopos
1883 4011 1980 4067 per
2026 4011 2152 4053 suas

562 4092 888 4162 parochias;
919 4099 1034 4156 aut,
1062 4091 1108 4147 si
1129 4100 1186 4147 et
1211 4091 1308 4162 ipsi
1331 4089 1570 4163 episcopi
1603 4092 1656 4146 in
1687 4091 1792 4146 hoc
1817 4089 2153 4161 negligentes

564 4182 782 4248 fuerint,
840 4183 907 4237 ad
965 4182 1426 4253 archiepiscopum
1480 4191 1537 4239 et
1591 4184 1900 4253 primatem.
1953 4181 2154 4238 Precor

561 4274 726 4344 igitur
769 4284 871 4327 vos
919 4272 1063 4327 sicut
1099 4273 1479 4328 charissimum
1511 4272 1786 4328 dominum
1824 4271 1979 4341 cujus
2029 4271 2150 4326 ani-

560 4378 706 4416 mam
729 4361 890 4432 diligo
911 4362 1029 4431 plus
1049 4377 1209 4432 quam
1231 4371 1546 4431 praesentem
1571 4364 1735 4418 vitam
1758 4361 1938 4432 c0rpor
1953 4363 2000 4419 is
2023 4363 2146 4428 mei,

2268 1914 2439 1962 terras
2482 1915 2602 1962 tuas
2639 1907 2692 1961 in
2732 1921 2864 1978 pace
2901 1909 3324 1979 permanserint.
3361 1929 3381 1962 ι

2289 2053 2292 2056 .
2341 2015 2360 2048 α
2391 1997 2502 2052 Suo
2523 1995 2846 2052 charissimo
2865 1996 3086 2053 domino
3108 1997 3361 2063 Henrico,
3383 1999 3543 2071 gratia
3567 1999 3656 2064 Dei,
3682 1999 3754 2066 regi

2264 2086 2578 2158 Anglorum,
2620 2087 2905 2142 Anselmus
2946 2087 3390 2160 archiepiscopus
3424 2089 3752 2152 Cantuariensis,

2266 2177 2422 2232 fidele
2459 2178 2738 2232 servitium
2775 2187 2830 2232 et
2872 2177 3056 2234 fideles
3093 2179 3387 2234 orationes.

2340 2287 2357 2320 ‹
2387 2266 2601 2324 Gratias
2621 2283 2723 2338 ago
2742 2267 2872 2334 Deo,
2899 2276 2955 2323 et
2977 2267 3270 2338 dignationi
3303 2278 3488 2325 vestrm
3516 2284 3618 2339 qua:
3637 2269 3677 2324 in
3699 2268 3753 2322 lit-

2267 2361 2398 2415 teris
2420 2360 2532 2416 suis
2552 2359 2802 2430 promisit
2823 2375 2881 2416 se
2903 2358 3294 2416 convenienter
3312 2375 3651 2432 responsuram
3667 2358 3752 2413 mihi

2265 2453 2331 2508 de
2357 2453 2459 2507 hoc
2484 2453 2623 2508 unde
2660 2458 2912 2520 precatus
2939 2464 3059 2506 eam
3091 2451 3300 2506 fueram
3335 2451 3385 2506 in
3408 2451 3582 2506 litteris
3605 2450 3753 2505 meisde

2264 2545 2635 2600 sacerdotibus
2669 2543 2896 2614 Angliae,
2927 2551 2982 2597 et
3009 2557 3106 2598 oro
3142 2542 3454 2610 Dominum,
3483 2541 3612 2612 cujus
3633 2539 3751 2595 consi-

2263 2633 2392 2688 lium
2417 2644 2601 2688 manet
2630 2633 2685 2688 in
2715 2642 3000 2700 aeternum,
3037 2642 3096 2687 ut
3134 2632 3252 2704 ipse
3294 2632 3444 2690 vobis
3471 2630 3671 2688 consulat
3700 2642 3751 2681 τεο

2263 2727 2530 2797 spondere
2557 2736 2613 2784 et
2639 2727 2822 2784 facere
2855 2727 2997 2799 quod
3019 2726 3092 2782 illi
3115 2727 3354 2798 placeat,
3391 2737 3444 2784 et
3481 2727 3602 2783 unde
3630 2723 3750 2780 fideles

2263 2818 2551 2875 dilectores
2589 2819 2785 2874 animae
2809 2828 3002 2874 vestra:
3031 2819 3324 2891 gaudeant.
3382 2819 3454 2874 De
3501 2818 3590 2874 hoc
3625 2823 3748 2869 autem

2262 2911 2407 2979 quod
2435 2910 2540 2982 legi
2571 2911 2626 2966 in
2659 2910 2854 2967 litteris
2889 2911 3085 2968 vestris
3118 2910 3264 2982 quod
3300 2909 3510 2968 creditis
3533 2922 3611 2964 vos
3634 2905 3750 2960 facere

2260 3016 2359 3072 per
2381 3017 2467 3058 me
2491 3004 2632 3072 quod
2661 3001 2857 3069 facitis,
2891 3018 2991 3074 pro
3034 3011 3184 3058 certo
3230 3002 3452 3069 scitote,
3486 3002 3549 3056 mi
3584 2997 3748 3055 domine.

2261 3094 2404 3163 quod
2433 3103 2644 3152 nonest
2669 3109 2764 3164 per
2791 3111 2902 3161 me,
2937 3094 3195 3164 quoniam
3247 3105 3436 3150 contra
3478 3093 3619 3148 Deum
3650 3087 3746 3142 face-

2261 3197 2401 3248 rem,
2452 3184 2498 3239 si
2547 3199 2645 3255 per
2682 3198 2769 3240 me
2821 3195 2984 3245 esset.
3035 3184 3377 3254 Quapropter
3421 3184 3575 3238 adhuc
3623 3190 3748 3250 precor

2257 3288 2457 3346 magno
2477 3284 2532 3332 et
2552 3275 2694 3332 fideli
2728 3275 2922 3332 affectu
2947 3285 3214 3347 quatenus
3244 3277 3299 3331 in
3345 3275 3434 3330 tali
3460 3276 3640 3343 incepto
3671 3266 3745 3321 un!-

2258 3365 2362 3422 lius
2382 3367 2608 3423 consilio
2645 3368 2966 3439 persistatis.
3015 3367 3221 3424 Valete.
3254 3387 3275 3421 ι

2331 3476 2351 3510 ι
2380 3457 2649 3516 Henricus
2674 3476 2768 3516 rex
2795 3459 3114 3532 Anglorum,
3152 3461 3414 3518 Ansehno
3437 3454 3746 3528 archiepiscopo

2254 3544 2579 3618 Cantuariae,
2605 3549 2836 3606 salutem
2863 3561 2918 3607 et
2938 3550 3257 3607 amicitiam.

2290 3686 2292 3690 ,
2333 3653 2353 3688 r
2383 3637 2459 3692 De
2499 3638 2604 3694 hoc
2654 3641 2801 3710 quod
2843 3638 2974 3696 mihi
3017 3640 3289 3697 mandasti
3331 3641 3396 3697 de
3445 3633 3742 3696 sacerdotibus.

2254 3727 2396 3783 scias
2433 3729 2578 3798 quod
2606 3729 2681 3784 ita
2717 3732 2972 3786 decenter
3010 3731 3137 3797 feci,
3187 3739 3249 3786 ut
3286 3731 3492 3803 opinor,
3532 3722 3742 3784 scutarium

2253 3819 2400 3890 quod
2447 3819 2628 3876 facere
2682 3819 2868 3878 debui.
2916 3819 3027 3878 Nec
3069 3821 3166 3877 tibi
3200 3822 3276 3878 sit
3318 3818 3612 3891 incognitum
3645 3807 3742 3867 limi

2253 3909 2538 3966 intervallo
2563 3913 2822 3983 temporis
2863 3927 2950 3970 me
2991 3913 3482 3970 transfretaturum.
3519 3908 3578 3964 Et
3603 3919 3654 3960 ex
3671 3912 3740 3970 «ιω

2255 4009 2432 4056 tecum
2478 4001 2692 4059 locutus
2734 4003 2908 4070 fuero,
2940 4005 2987 4060 si
3021 4019 3127 4075 qua
3159 4003 3408 4061 commisi
3442 4005 3490 4058 in
3517 3991 3743 4064 bis,omtti'

2251 4091 2485 4160 potentis
2521 4091 2640 4159 Dei,
2678 4101 2735 4148 et
2762 4101 2854 4149 tuo
2879 4094 3105 4151 consilio
3145 4095 3436 4165 corrigam.
3481 4090 3616 4146 Teste
3645 4077 3741 4136 Wil-

2251 4180 2402 4236 drico
2433 4183 2756 4240 cancellario
2792 4185 2934 4256 apud
2969 4184 3383 4255 Merlebergam.
3421 4203 3441 4237 ι

2321 4269 2456 4327 Dum
2501 4273 2615 4329 haec
2663 4275 2736 4328 ita
2778 4273 2932 4340 fiunt,
2976 4289 3106 4331 ecce
3125 4275 3220 4344 qui
3266 4275 3486 4332 Romam
3522 4266 3640 4325 missi
3666 4261 3739 4314 luo-

2252 4373 2373 4418 raut
2402 4364 2645 4420 redeunt.
2687 4365 2994 4435 Suspensus
3014 4375 3194 4421 autem
3223 4364 3399 4422 fuerat
3426 4365 3489 4419 ab
3511 4359 3649 4416 ofﬁcio
3665 4352 3738 4421 φὶο

561 4461 618 4507 et
645 4451 868 4506 consulo
890 4452 1032 4505 sicut
1060 4466 1187 4506 vere
1210 4451 1379 4506 ﬁdelis
1409 4453 1620 4521 corpori
1644 4461 1698 4506 et
1717 4453 1913 4506 anima:
1935 4460 2145 4519 vestras,
2180 4470 2225 4526 ι)
2250 4453 2450 4523 scopali
2484 4455 2596 4524 jam
2635 4455 2764 4510 olim
2790 4455 3130 4511 Willhelmus
3163 4456 3575 4527 archiepiscopus
3595 4447 3734 4502 notho-

562 4557 628 4596 ne
660 4556 754 4596 vos
774 4550 963 4596 contra
995 4541 1422 4598 ecclesiasticam
1461 4544 1898 4600 consuetudinem
1942 4544 1995 4599 in
2035 4553 2142 4599 tam

558 4647 725 4704 grave
744 4645 1022 4705 peccatum
1049 4634 1296 4702 mittatis,
1318 4644 1393 4701 et,
1417 4636 1458 4691 si
1475 4636 1587 4707 jam
1609 4635 1926 4707 increpistis,
1951 4645 2008 4693 ut
2027 4653 2143 4694 om-

555 4725 684 4780 nino
713 4725 1004 4781 desistatis.
1049 4725 1178 4781 Dico
1219 4727 1364 4782 enim
1393 4726 1541 4783 vobis
1572 4727 1715 4797 quod
1758 4727 1913 4784 valde
1952 4730 2144 4784 timere

553 4816 762 4873 debetis
783 4818 926 4886 quod
949 4819 1175 4887 pecunia
1200 4817 1378 4874 taliter
1396 4827 1638 4889 accepta,
1660 4827 1719 4872 ut
1740 4826 1947 4874 taceam
1970 4833 2140 4890 quan-

556 4915 668 4962 tum
711 4917 902 4962 noceat
939 4908 1154 4970 animae,
1213 4922 1320 4961 non
1378 4915 1580 4972 tamen,
1623 4920 1747 4963 cum
1788 4911 2139 4976 expetn'etur,

553 4995 1056 5063 adjuvabitterreua
1078 4999 1288 5067 negotia
1303 5006 1562 5065 quantum
1575 5003 1758 5065 postea
1782 4995 2142 5066 perturbabit.

553 5088 797 5156 Denique
820 5103 916 5143 vos
935 5089 1086 5143 scitis
1117 5087 1242 5158 quia
1267 5102 1354 5142 me
1380 5087 1432 5140 in
1455 5085 1847 5143 Northmanuia
1877 5087 1928 5141 in
1951 5101 2140 5158 pacem

551 5187 789 5234 vestram
818 5181 1152 5250 suscepistis,
1185 5189 1242 5234 et
1279 5180 1348 5234 de
1384 5179 1846 5250 archiepiscopatu
1891 5194 2012 5236 meo
2052 5191 2140 5234 me

552 5269 878 5335 resaisistis,
929 5279 984 5324 et
1033 5270 1178 5340 quod
1218 5285 1348 5325 cura
1387 5279 1444 5325 et
1477 5271 1714 5325 vind'cta
1765 5270 1888 5325 talis
1921 5270 2138 5327 otl‘ensa:

553 5358 788 5413 maxime
807 5359 1043 5427 pertinet
1069 5360 1136 5413 ad
1163 5359 1705 5429 archiepiscopatum,
1736 5360 1990 5428 quoniam
2015 5361 2134 5431 plus

2251 4545 2540 4612 magensis,
2582 4555 2637 4599 et
2667 4559 2764 4614 per
2805 4546 2902 4600 hos
2954 4545 3172 4601 nuntios
3212 4545 3571 4602 intercesserat
3598 4549 3670 4607 Pf°
3695 4543 3735 4582 ’θ

2249 4633 2388 4702 apud
2413 4633 2686 4688 dominum
2708 4648 2900 4704 papam
2923 4634 3209 4690 Anselmus
3232 4633 3629 4704 archiepiscopus
3643 4621 3733 4678 Cal.-

2247 4723 2558 4780 tuariensis.
2597 4724 2868 4780 Mandavit
2893 4725 3076 4796 itaque
3114 4726 3163 4781 ei
3195 4719 3441 4782 dominus
3475 4734 3591 4794 papa
3614 4722 3658 4770 σι
3691 4712 3731 4763 δε

2245 4827 2406 4870 causa
2431 4814 2544 4884 ipsa
2574 4814 2716 4885 quod
2745 4812 3049 4870 faciendum
3097 4815 3418 4888 intelligeret
3456 4827 3538 4868 sua
3566 4809 3653 4862 vice
3680 4802 3730 4853 ll-

2247 4915 2415 4969 (eret,
2440 4905 2618 4960 sciens
2637 4919 2761 4960 eum
2795 4922 2822 4958 a
2843 4904 3069 4975 justitize
3094 4909 3304 4963 semitis
3335 4905 3518 4962 nullius
3538 4900 3601 4958 rei
3619 4898 3729 4951 inter

2247 5005 2410 5048 ventu
2451 4997 2684 5052 scienter
2714 4996 2857 5052 flecti
2900 5011 3080 5067 posse.
3118 4997 3217 5053 lvit
3245 5014 3376 5068 ergo
3400 4994 3728 5057 Rothomagum.

2241 5097 2297 5143 et
2326 5088 2379 5142 in
2411 5087 2618 5158 synodo
2662 5087 3004 5156 clericorum,
3053 5105 3174 5160 qua:
3221 5099 3352 5146 tunc
3401 5096 3508 5144 crat
3544 5083 3726 5138 adunati.

2241 5177 2504 5235 adventus
2528 5180 2612 5235 sui
2639 5193 2863 5253 causam
2891 5181 3161 5250 exposuit.
3200 5178 3410 5236 Profert
3428 5179 3606 5233 litteras
3627 5165 3725 5221 Wnli

2237 5267 2448 5327 hclmus
2475 5271 2682 5344 legatus
2709 5273 3026 5344 regisquas,
3048 5287 3116 5328 ex
3146 5281 3299 5344 parte
3335 5267 3596 5342 apostolici,
3617 5262 3663 5317 de
3691 5266 3728 5307 ιο

2239 5365 2409 5420 Roma
2443 5365 2732 5432 detulerat,
2773 5377 2827 5422 et
2853 5381 3036 5422 coram
3070 5368 3322 5424 omnibus
3363 5364 3616 5422 recitantur
3642 5353 3722 5406 εἰει

1875 5449 2290 5514 HENSCHENH‘
2323 5458 2554 5516 NOTAE.

622 5577 648 5606 ι
667 5563 1038 5634 Blaspltemare
1058 5577 1156 5634 pro
1182 5563 1480 5634 increpare,
1505 5563 1924 5636 reprehendere,
1948 5562 2133 5636 detraa

550 5635 682 5691 here
707 5650 848 5706 saepe
878 5636 1080 5691 dictum
1117 5637 1362 5690 invenias
1396 5639 1536 5706 apud
1562 5635 1722 5688 medii
1751 5635 1849 5706 aevi
1898 5635 2128 5706 scripto-

549 5717 640 5760 res
669 5725 682 5760 :
712 5703 836 5777 hinc
860 5722 956 5777 per
971 5703 1571 5777 contractionem,'qna:
1584 5718 1772 5758 vocem
1801 5703 1963 5770 hanc,
1993 5705 2128 5760 alias

552 5777 716 5834 Deum
745 5775 1003 5851 divosque
1040 5784 1400 5848 spectantem,
1448 5775 1516 5830 ad
1555 5777 1818 5830 humanas
1848 5785 2125 5832 contume-

2236 5571 2338 5626 lias
2365 5572 3071 5641 significandas'restringit,
3103 5573 3296 5629 dicitur
3345 5555 3717 5641 linguafrnﬁi’

2235 5627 2486 5698 bldme‘let
2509 5627 2706 5698 menter
2732 5627 3076 5713 vituperidm,
3098 5627 3566 5713 vituperare,"niide
3581 5627 3720 5685 Nor“?

2232 5713 2436 5783 manui,
2467 5728 2533 5770 ex
2558 5714 2730 5773 Gallia
2757 5715 2813 5771 in
2842 5713 3091 5784 Angliam
3122 5713 3368 5784 traducti,
3397 5717 3628 5779 accepere.
