3890 6306
36 432 143 490 ιδι

1108 414 1879 478 "HISTORIANOVORUM.
1921 445 1986 454 --
2026 414 2151 469 LIB.
2192 415 2258 470 ιγ
2342 394 2345 399 ⁴

3208 412 3311 467 462

118 565 135 596 ι
170 539 447 598 Paschalis
496 540 797 611 episcopus,
830 552 1016 594 servus
1046 552 1322 594 servorum
1369 534 1486 600 Dei,
1526 548 1619 588 ve-
1648 532 1695 592 Α
1722 528 1956 585 archivis
1987 528 2239 586 Ecclesia:
2278 531 2363 588 cui
2401 531 2725 604 praesidebat
2759 529 3140 595 servabantur,
3172 532 3314 584 sicut

50 632 272 689 ,terabili
326 631 476 685 fratri
528 629 837 685 Willbetmo
887 626 1305 697 Rothomagensi
1349 625 1624 695 episcopo,

50 724 273 778 5alntem
304 730 359 779 et
385 719 730 790 apostolicam
764 717 1216 773 benedictionem.

119 833 139 866 ι
170 814 328 871 Licet
366 827 544 879 eam
590 820 696 866 tua:
743 808 994 879 qualitas,
1031 825 1049 858 ι
1093 813 1199 861 etc.
1249 804 1378 859 Vide
1423 805 1476 858 in
1520 801 1627 856 Pa-

49 906 216 959 ,σικιιὶ
246 902 331 959 ιι.
347 872 398 958 Ι

118 996 268 1051 Misit
310 1009 527 1064 quoque
560 992 808 1049 dominus
852 1004 985 1062 papa
1018 989 1303 1061 epistolam
1342 986 1482 1042 hanc
1520 985 1632 1040 An-

48 1087 224 1141 selmo
247 1103 261 1139 :

128 1197 148 1229 r
179 1174 458 1232 Paschalis
497 1175 805 1245 episcopus,
858 1187 1046 1230 servus
1086 1186 1365 1229 servorum
1405 1170 1521 1238 Dei,
1548 1184 1638 1225 ve-

51 1270 285 1327 nerabili
316 1268 466 1323 fratri
505 1267 759 1323 Anselmo
784 1264 1156 1321 Cantuariensi
1185 1262 1457 1334 episcopo,
1498 1261 1640 1318 salu-

53 1374 169 1417 tem
201 1370 258 1416 et
285 1358 634 1431 apostolicam
663 1356 1114 1412 benedictionem.
1478 1385 1561 1477 \.\

146 1472 163 1477 -
196 1452 347 1477 n---)
395 1450 591 1477 A..-I:-:
635 1450 772 1477 .....:..
811 1463 906 1477 ΛΑ..
958 1466 975 1477 .
1017 1456 1102 1477 Ain
1174 1445 1303 1477 ma.
1337 1448 1445 1477 :LLJ

140 1472 163 1505 ‹
196 1452 349 1521 Quod
385 1450 591 1523 Anglici
635 1450 773 1521 regis
808 1463 928 1514 cor,
958 1466 976 1500 ι
1017 1456 1123 1503 etc.
1174 1445 1303 1502 Vide
1337 1448 1463 1503 ibid.

131 1543 233 1599 His
254 1543 444 1598 diebus
464 1539 612 1596 venit
637 1539 1032 1609 Rothomagnm
1060 1536 1406 1593 Boemundus
1427 1550 1475 1602 ι,
1506 1552 1646 1593 unus

56 1636 130 1690 de
157 1631 608 1688 nominatissimis
631 1628 1130 1701 Hierosolymitana:
1163 1629 1263 1683 via:
1290 1627 1647 1699 principibus,

64 1724 278 1779 habens
307 1722 359 1778 in
382 1722 640 1778 comitatu
672 1735 771 1776 suo
804 1719 1089 1792 quemdam
1114 1718 1370 1774 Romanae
1398 1718 1651 1775 Ecclesiae

60 1813 420 1879 cardinalem,
442 1814 661 1869 nomine
681 1812 986 1868 Brunonem
1010 1810 1064 1865 ι).
1093 1810 1231 1867 Huic
1254 1820 1373 1867 erat
1394 1810 1653 1883 magister

59 1906 329 1971 militum,
353 1904 558 1975 llgyrus
573 1914 600 1943 ο
642 1904 879 1969 nomine,
900 1903 985 1959 vir
1002 1912 1276 1967 strenuus,
1294 1911 1349 1957 et
1375 1916 1480 1958 non
1510 1902 1656 1973 igno-

63 1998 197 2053 bilis
220 1997 375 2052 fama:
405 1998 545 2053 inter
566 2012 715 2052 suos.
746 1996 863 2064 Hic,
892 1996 961 2051 ab
984 1994 1346 2051 adolescentia
1376 2009 1470 2050 sua
1500 2004 1659 2050 notus

59 2087 359 2151 Anselmo,
406 2086 576 2142 multa
624 2086 800 2143 fuerat
846 2084 962 2154 ejus
1014 2084 1276 2140 beneﬁcia
1314 2092 1656 2139 consecutus.

63 2180 446 2236 Familiariter
471 2180 652 2250 itaque
683 2194 805 2233 cum
836 2193 901 2234 eo
924 2192 1090 2249 agens
1114 2177 1256 2231 inter
1286 2176 1519 2246 plurima
1542 2190 1662 2246 quae

66 2272 175 2341 ipsi
213 2274 280 2326 de
316 2272 583 2341 superatis
619 2271 797 2333 bellis,
841 2271 907 2325 de
950 2269 1173 2325 urbibus
1210 2269 1403 2339 captis,
1443 2269 1511 2325 de
1554 2270 1660 2323 sitn

69 2365 325 2418 locorum
358 2362 587 2432 aliisque
626 2361 899 2417 nonnullis
936 2376 1056 2431 quae
1085 2362 1137 2413 in
1166 2360 1510 2429 expeditione
1543 2358 1661 2413 Ilie-

66 2454 466 2525 rosolymitana
494 2460 778 2521 acceperat
807 2450 1110 2507 delectabili
1146 2448 1468 2505 allocutione
1497 2448 1665 2502 disse-

67 2547 205 2598 ruit.
231 2542 385 2610 Quod
416 2542 615 2599 mnltas
634 2550 947 2595 sanctorum
978 2538 1237 2609 reliquias
1263 2539 1510 2602 haberet,
1532 2551 1666 2608 quo-

68 2652 185 2706 que
210 2636 376 2691 modo
404 2650 496 2690 cas
523 2633 748 2704 adeptus
778 2631 941 2687 fuerit
972 2632 1202 2702 aperuit.
1228 2631 1285 2686 ln
1316 2630 1533 2701 quibus,
1559 2629 1667 2683 imo

69 2742 246 2797 super
279 2725 537 2781 omnibus
561 2735 696 2795 quas
729 2722 981 2783 habebat,
1001 2720 1270 2791 przccipue
1296 2719 1560 2791 gloriatus
1583 2725 1669 2773 est

72 2820 143 2870 de
173 2813 395 2884 capillis
426 2812 598 2867 beata:
628 2810 817 2866 matris
846 2810 937 2865 Dei
962 2809 1164 2874 Mariae,
1197 2823 1427 2880 quorum
1459 2806 1669 2878 aliquos

72 2905 180 2959 sibi
232 2904 389 2957 datos
426 2900 632 2956 ferebat
671 2916 699 2953 a
744 2900 1055 2970 patriarcha
1099 2898 1439 2954 Antiocheno
1466 2896 1530 2963 ἀ,
1578 2898 1668 2953 ubi

74 2995 463 3065 magistratum
513 2991 739 3047 militum
788 2991 902 3060 ipse
944 2991 1044 3045 sub
1084 2989 1396 3045 Boemundo
1437 2990 1667 3061 agebat,

76 3086 145 3139 Et
176 3086 248 3139 ad
284 3084 402 3139 hac
435 3082 619 3137 intulit
648 3100 661 3136 :
703 3101 720 3133 ι
754 3080 863 3136 Hos
893 3080 1143 3152 capillos,
1174 3080 1368 3146 fateor,
1397 3079 1671 3151 suscipere

1728 622 2033 689 astruebat,
2081 622 2341 692 scriptum
2388 624 2609 696 reperit.
2640 643 2661 677 ι
2707 622 2773 677 Et
2822 622 2935 676 lucc
2984 620 3091 676 ille.
3141 620 3317 691 Super

1729 712 1925 783 quibus
1960 712 2249 769 Anselmus
2294 713 2584 770 admodum
2622 711 2977 777 exhilaratus,
3016 711 3152 766 actis
3189 727 3314 767 cum

1732 802 1987 873 pontifice
2014 801 2438 874 Rothomagensi
2487 813 2542 860 ct
2583 802 2895 859 Boemundo
2917 817 2980 857 ac
3009 800 3322 874 Hierosoly-

1736 893 1957 948 mitanis
1981 908 2102 963 quae
2132 892 2452 947 videbantur
2479 893 2705 962 agenda,
2738 892 2965 947 Beccum
3005 891 3315 947 revertitur.

1736 984 1812 1039 Ac
1838 982 2034 1047 crines,
2062 982 2129 1037 de
2158 983 2353 1054 quibus
2379 983 2667 1053 prmdictus
2695 981 2848 1037 miles
2874 982 3087 1038 locutus
3118 982 3318 1049 fuerat,

1738 1073 1995 1141 quoniam
2038 1072 2284 1138 Carnoti,
2310 1072 2401 1127 ubi
2442 1071 2644 1126 familia
2678 1082 2730 1127 et
2761 1087 2897 1141 pene
2940 1081 3048 1128 tota
3083 1072 3323 1143 supellex

1739 1162 2035 1218 Boemundt
2065 1161 2295 1217 reditum
2324 1161 2443 1233 ejus
2472 1162 2900 1234 prmstolabatur,
2921 1172 3324 1230 remanserant,

1743 1256 1890 1312 missi
1940 1255 2009 1310 ab
2061 1254 2472 1325 archiepiscopo
2520 1254 2971 1326 Rothomagensi,
3020 1264 3074 1309 et
3125 1253 3324 1309 abbate

1742 1345 1999 1401 Beccensi
2028 1345 2047 1385 ί
2078 1345 2545 1416 religiosiordinis
2570 1346 2671 1401 viri
2711 1346 2953 1417 suntqui
2984 1344 3105 1401 illos
3145 1344 3324 1400 defer-

1748 1447 1893 1495 rent.
1950 1439 2016 1492 Et
2067 1438 2270 1493 factum
2319 1446 2424 1493 est.
2474 1437 3046 1510 Appropinquantibus
3102 1437 3181 1493 eis
3236 1436 3332 1506 qui

1747 1545 1883 1600 quos
1927 1528 2298 1599 Rotbomagus
2330 1527 2531 1583 habere
2570 1527 2800 1583 debebat
2840 1527 3201 1598 apportabant
3227 1526 3333 1597 ipsi

1748 1619 1976 1683 civitati,
2001 1617 2268 1686 adjunctis
2294 1616 2394 1673 sibi
2423 1616 2696 1673 canonicis
2720 1626 2772 1672 et
2804 1616 2951 1673 omni
2976 1616 3120 1672 clero
3145 1616 3335 1673 civita-

1752 1712 1843 1778 tis,
1872 1726 1996 1767 cum
2042 1708 2323 1765 monachis
2362 1708 2543 1765 Sancti
2574 1709 2834 1774 Audoeni,
2868 1723 2933 1765 ac
2963 1710 3125 1766 totius
3154 1710 3335 1783 populi

1754 1801 2038 1857 innumera
2082 1799 2457 1879 multitudine,
2506 1798 2747 1870 pontifex
2795 1798 2951 1869 longa
2991 1801 3339 1870 processione

1689 1868 1731 1923 Β
1758 1889 1985 1946 devotus
2020 1893 2278 1954 occurrit,
2307 1897 2363 1944 et
2392 1868 2596 1961 quanto
2626 1888 2800 1958 potuit
2828 1868 3031 1943 honore
3060 1897 3339 1958 susceptos

1761 1983 1812 2037 in
1842 1980 2129 2037 ecclesiam
2158 1980 2349 2036 detulit
2373 1990 2423 2036 et
2457 1980 2738 2035 sacratiori
2771 1979 2888 2035 loco
2914 1979 3171 2049 reposuit.
3199 1978 3340 2045 Qua-

1763 2082 1885 2129 tuor
1910 2080 2089 2127 autem
2113 2087 2179 2127 ex
2211 2071 2314 2126 illis
2343 2070 2573 2149 Beccpm
2598 2070 2757 2126 delati
2783 2080 2929 2137 sunt,
2955 2085 3184 2141 quorum
3206 2070 3342 2127 duos

1762 2164 1862 2236 ipsi
1893 2165 2011 2220 loco
2040 2164 2284 2219 residuos
2312 2163 2598 2219 Anselmus
2638 2171 2947 2218 reverenter
2973 2162 3077 2218 sibi
3105 2163 3339 2239 excepit.

1765 2252 2037 2323 Mihique,
2088 2263 2275 2323 utpote
2318 2254 2409 2323 qui
2467 2251 2688 2323 capellae
2749 2252 2890 2308 illius
2958 2262 3141 2307 custos
3193 2268 3341 2308 eram

1765 2353 1926 2413 atque
1961 2345 2272 2414 dispositor,
2309 2344 2690 2400 custodiendos
2738 2343 3157 2405 commendavit,
3196 2343 3343 2412 quod

1764 2448 1935 2505 usque
1980 2434 2141 2489 hodie
2187 2432 2349 2489 facio.
2404 2433 2545 2502 Quid
2595 2434 2779 2505 itaque
2831 2433 2895 2489 de
2952 2433 3072 2489 istis
3117 2433 3345 2488 aliorum

1766 2538 1958 2579 sensus
2002 2522 2199 2578 habeat
2245 2524 2444 2579 nescio.
2492 2523 2602 2595 Ego
2657 2534 2836 2578 tamen
2889 2523 3194 2579 certissime
3234 2523 3349 2579 scio

1767 2614 2040 2669 dominum
2086 2622 2145 2668 et
2189 2614 2543 2668 reverendam
2572 2614 2789 2669 Patrem
2816 2614 3265 2670 Anselmum‘eos
3293 2611 3348 2667 in
3405 2685 3409 2689 ἴ

1769 2718 1961 2774 magna
2008 2718 2221 2773 semper
2278 2704 2624 2759 veneratione
2655 2703 2944 2771 habuisse,
2986 2713 3044 2759 et
3084 2704 3350 2774 meipsum

1770 2807 1925 2849 sacro
1968 2801 2022 2849 et
2059 2792 2246 2864 grandi
2273 2793 2644 2863 experimento
2671 2792 2905 2848 sensisse
2932 2807 3183 2862 magnum
3214 2792 3343 2861 quid

1771 2893 1825 2939 et
1871 2884 2071 2938 mundo
2120 2881 2549 2953 amplectendum
2610 2881 2821 2953 insigne
2880 2878 3188 2938 sanctitatis
3243 2880 3370 2936 illis‘

1774 2973 1969 3029 inesse.
1993 2973 2067 3027 De
2095 2971 2182 3028 bis
2206 2972 2301 3027 ita.

1842 3086 2026 3158 Itaque
2060 3083 2362 3142 Willclmus
2388 3088 2437 3153 ε,
2466 3085 2557 3141 ubi
2589 3084 2655 3140 ad
2687 3098 2866 3157 regem
2889 3083 2945 3141 in
2971 3083 3163 3157 Anglia
3184 3066 3354 3150 venit,

76 3190 253 3230 ausus
282 3189 389 3229 non
416 3172 658 3236 fuissem,
691 3172 735 3228 si
764 3185 855 3227 me
883 3187 1037 3229 amor
1071 3173 1263 3243 patria:
1295 3173 1451 3229 istius
1477 3173 1531 3227 in
1563 3189 1668 3244 qua
1700 3215 1741 3275 ρ
1773 3184 1830 3233 et
1862 3176 1910 3231 ei
1946 3190 2066 3245 quae
2107 3175 2174 3230 de
2214 3175 2429 3243 negotio
2457 3175 2575 3246 ejus
2603 3174 2671 3228 ad
2704 3173 3002 3229 Romanum
3045 3173 3353 3243 pontificem

77 3278 249 3321 natus
279 3265 356 3321 fui
390 3274 445 3320 et
474 3266 737 3321 educatus
762 3265 830 3321 ad
861 3264 965 3321 hoc
992 3279 1097 3319 non
1131 3265 1444 3321 animasset.
1473 3264 1672 3337 Spera-

78 3359 214 3412 bam
241 3355 388 3411 enim
424 3369 511 3409 me
536 3354 644 3409 huc
674 3354 1000 3424 quandoque
1024 3362 1431 3423 perventurum,
1459 3363 1514 3408 et
1544 3352 1675 3423 ipsis

81 3451 232 3504 hanc
272 3459 449 3500 meam
485 3445 718 3515 patriam
752 3444 1184 3501 sublimaturum.
1218 3444 1484 3513 Quoniam
1512 3444 1678 3516 igitur

78 3540 176 3594 illa
205 3552 327 3607 spe,
343 3546 656 3608 protegente
677 3537 925 3603 Domino,
951 3536 1228 3593 fraudatus
1254 3553 1357 3592 non
1380 3553 1522 3604 sum,
1541 3540 1677 3594 duos

78 3643 149 3683 ex
216 3627 350 3697 ipsis
395 3626 523 3681 huic
573 3626 828 3683 Ecclesiae
876 3641 995 3697 qua:
1054 3627 1218 3682 totius
1274 3626 1679 3683 Nortbmanuiae

79 3718 460 3788 principatum
517 3718 725 3773 obtinet
755 3716 1200 3781 Christianitatis,
1234 3719 1364 3775 dare
1406 3719 1676 3789 disposui;

80 3810 230 3863 duos
270 3808 503 3864 abbatis:
544 3808 695 3863 Beati
734 3807 902 3873 Petri,
928 3817 983 3864 et
1027 3808 1210 3864 Sancti
1246 3808 1511 3877 Audoeni,
1544 3812 1679 3866 duos

83 3899 432 3955 monasterio
471 3898 710 3967 ejusdem
750 3900 987 3969 Virginis
1023 3901 1315 3971 virginum,
1350 3901 1402 3957 in
1444 3916 1549 3973 quo
1578 3902 1681 3957 sub

85 4003 184 4047 tuo
224 3992 530 4062 patrocinio
575 3993 641 4048 ad
684 4001 897 4049 aetatem
936 3992 1170 4049 hominis
1211 4004 1498 4063 provectus
1535 4009 1676 4058 sum,

84 4094 142 4138 et
185 4083 329 4138 duos
362 4083 476 4137 tibi.
518 4083 808 4140 Duodecim
851 4083 995 4140 enim
1034 4099 1261 4139 numero
1300 4084 1368 4140 de
1409 4085 1513 4140 illis
1549 4082 1679 4139 mihi

84 4173 355 4244 praefatus
398 4175 681 4244 episcopus
727 4174 895 4239 dedit,
930 4181 1244 4229 contestans
1286 4173 1423 4238 illos,
1461 4175 1529 4228 ab
1565 4174 1681 4243 ipsa

86 4264 318 4319 domina
346 4264 564 4320 sibimet
590 4265 804 4321 avulsos
824 4277 868 4332 ε,
900 4280 1021 4321 cum
1042 4263 1194 4335 juxta
1221 4280 1435 4321 crucem
1457 4264 1577 4321 Filii
1598 4266 1678 4323 sui

87 4368 250 4413 stans
296 4357 506 4427 gladius
546 4359 780 4414 animam
823 4360 938 4430 ejus
981 4360 1349 4429 pertransivit,
1388 4361 1680 4417 secundum

87 4448 240 4519 quod
289 4448 345 4503 in
400 4450 745 4519 antiquarum
790 4451 1169 4527 monumentis~
1206 4451 1503 4507 litterarum
1564 4467 1684 4523 quae

1777 3273 1896 3321 acta
1933 3262 2148 3318 fuerant
2181 3263 2475 3329 enarravit,
2523 3262 2680 3317 laetus
2726 3262 2813 3317 ille
2861 3263 2928 3317 ad
2975 3261 3177 3327 audita,
3213 3260 3357 3317 illico

1780 3356 2091 3412 Anselmum
2129 3354 2196 3409 ad
2233 3353 2528 3410 Ecclesium
2566 3368 2717 3409 suam
2758 3352 2934 3409 redire
2976 3367 3073 3423 per
3107 3353 3355 3407 eumdem

1778 3448 2144 3504 Willhelmum
2171 3445 2493 3517 postulavit;
2527 3447 2619 3517 qui
2644 3444 3004 3512 Willhelmus,
3026 3444 3094 3500 ad
3119 3458 3218 3501 nos
3237 3452 3360 3516 post

1778 3552 1980 3607 paucos
2020 3537 2133 3592 dies
2172 3552 2439 3603 reversus,
2474 3535 2788 3592 Anselmum
2818 3535 3088 3591 infirmum
3127 3536 3358 3600 invenit,

1779 3643 1832 3689 et
1869 3631 2023 3688 valde
2071 3636 2426 3689 conturbatus
2468 3640 2570 3687 est.
2617 3631 2756 3706 Erat~
2785 3630 2930 3686 enim
2971 3637 3099 3685 tunc
3132 3627 3249 3698 jam
3290 3631 3359 3685 ad

1781 3723 2086 3781 libertatem
2118 3722 2370 3779 Ecclesiae
2401 3722 2496 3779 Dei
2526 3738 2622 3779 cor
2650 3714 2877 3788 habens,
2907 3733 2981 3788 et,
3012 3720 3066 3775 in
3100 3733 3359 3790 quantum

1782 3822 2011 3885 poterat,
2036 3812 2261 3870 sollicite
2289 3827 2509 3884 operam
2539 3814 2678 3868 dans
2704 3820 2762 3867 nt
2791 3811 3078 3867 Anselmus
3105 3825 3218 3867 suae
3247 3810 3359 3866 sedi

1784 3906 1835 3959 in
1882 3920 2017 3976 pace
2063 3913 2118 3961 et
2163 3904 2369 3961 honore
2410 3906 2807 3960 restitueretur.
2856 3902 3078 3958 Timens
3121 3917 3250 3973 ergo
3292 3917 3362 3957 ne

1782 3998 1955 4052 virum
1981 3996 2083 4053 loci
2112 4012 2176 4053 ac
2203 3996 2432 4052 fratrum
2456 4011 2608 4051 amor
2633 4010 2737 4050 non
2768 3994 2943 4049 minus
2970 4009 3131 4063 quam
3171 4009 3233 4049 ea
3256 4008 3361 4062 qua

1782 4088 2110 4159 gravabatur
2159 4088 2403 4158 corporis
2450 4086 2756 4142 invalctndo
2806 4085 2874 4141 ab
2923 4086 3118 4141 itinere
3154 4084 3363 4156 Anglia:

1783 4180 2127 4251 pmpediret,
2154 4165 2329 4236 modis
2369 4178 2562 4248 quibus
2590 4187 2822 4249 poterat,
2851 4185 2959 4233 tam
2987 4191 3086 4246 per
3111 4192 3170 4233 se
3198 4192 3361 4247 quam

1783 4279 1839 4327 et
1866 4285 1963 4341 per
1990 4286 2091 4326 nos
2119 4270 2209 4340 qui
2243 4284 2425 4325 secum
2454 4283 2694 4333 eramus,
2724 4280 2884 4340 agere
2914 4266 3097 4338 coepit,
3130 4268 3364 4338 qualiter

1783 4361 1959 4417 virum
2004 4360 2126 4417 loco
2166 4359 2455 4425 evelleret,
2502 4368 2555 4413 et
2599 4358 2650 4413 in
2694 4358 2803 4414 iter
2838 4357 2979 4427 quod
3023 4357 3365 4412 desiderabat

1782 4460 2148 4524 promoveret.
2185 4449 2486 4506 Praemissis
2522 4449 2685 4518 igitur
2726 4452 2976 4520 precibus
3013 4446 3206 4519 quibus
3240 4463 3362 4502 eum

91 4551 313 4609 magna:
363 4539 705 4595 auctoritatis
749 4541 891 4611 apud
939 4540 1058 4597 illos
1106 4540 1476 4610 habebantur,
1525 4552 1577 4599 et
1627 4542 1679 4599 in
1714 4557 1849 4617 Dex
1888 4552 2043 4615 parte
2093 4541 2294 4599 domini
2344 4540 2426 4596 sui
2474 4541 2616 4611 regis
2663 4539 2959 4610 Anglorum
3003 4537 3365 4609 interpellavit

1390 4741 1803 4800 HENSCHENII
1840 4742 2070 4801 NOTAE.

172 4946 200 4975 ι
241 4933 624 5006 Boemundus,
652 4934 903 5006 princeps
924 4935 1242 5006 Antiochiae,
1275 4938 1424 4993 duxit
1461 4937 1683 4995 Carnoti

98 5018 248 5058 anno
274 5003 417 5079 “QG
453 5014 573 5074 post
601 5003 805 5079 Pascha
834 5003 999 5060 filiam
1054 5005 1281 5077 Philippi
1326 5007 1691 5079 regideran-g

98 5074 726 5153 coru.m,_Consta-ntiam
753 5075 952 5143 dictam
983 5112 998 5143 ,
1051 5084 1176 5131 ante
1196 5074 1430 5147 nuptam
1479 5076 1691 5147 Hugoni

97 5142 292 5199 comiti
319 5141 572 5199 Trecensi

175 5210 345 5285 Filio
368 5223 455 5285 est
488 5214 548 5268 S.
572 5214 774 5281 Bruno,
796 5214 1081 5285 episcopus
1113 5215 1386 5285 Signinus.
1409 5217 1603 5274 colitur
1626 5219 1692 5272 18

99 5282 256 5358 Julii,
285 5284 381 5338 sed
414 5300 519 5338 non
543 5284 754 5358 videtur
786 5282 1077 5358 cardinalis
1108 5282 1292 5352 fuisse,
1330 5287 1414 5343 vel
1447 5289 1580 5358 ipse,
1610 5287 1693 5341 vel

103 5354 252 5407 alius
277 5361 627 5422 eo..tempore
651 5354 835 5409 Bruno
862 5355 1058 5411 dictus.

179 5434 227 5496 c‘
245 5421 458 5496 Nomen
485 5421 765 5496 tamenbic
783 5425 988 5495 llgyrus
1009 5441 1113 5481 non
1133 5426 1316 5493 habet,
1343 5427 1482 5496 quod
1502 5426 1691 5492 sciam,

104 5492 162 5548 in
190 5490 459 5547 Orientali
491 5493 739 5553 historia.
775 5546 779 5551 ,

176 5542 227 5602 δ’
774 5542 1078 5631 Antiochia,
1112 5565 1331 5621 relictus
1353 5572 1440 5620 est
1463 5614 1467 5619 .
1488 5564 1541 5620 in
1595 5579 1691 5620 sua
1738 5556 1742 5561 ’

104 5629 624 5706 dignitateloannes
635 5634 962 5704 patriarcha,
985 5629 1231 5706 egregius
1256 5637 1354 5690 sub
1377 5634 1693 5690 Sarracenis

104 5700 435 5757 confessor:
463 5703 558 5757 sed
586 5700 690 5758 hoc
735 5706 871 5758 intra
922 5700 1197 5761 biennium
1228 5706 1370 5759 ultro
1413 5707 1640 5761 cedente
1671 5744 1687 5770 ,

107 5772 257 5839 quod
288 5786 350 5825 se
384 5773 659 5828 hominem
708 5773 955 5830 Graecum
1000 5776 1207 5830 videret
1252 5792 1356 5831 non
1407 5776 1691 5830 commode

103 5854 350 5913 praeesse
380 5840 605 5910 Latinis,
647 5842 848 5901 electus
878 5854 960 5901 est
990 5846 1311 5913 Bcrnardus,
1358 5842 1515 5917 legati
1556 5859 1688 5923 apo-

1791 4940 1967 5017 s_tolici
2032 4939 2363 5017 capellanns,
2392 4938 2701 5017 Valentinas
2722 4938 2986 5017 Francus,
3013 4943 3071 5017 ut
3100 4934 3367 5017 estnapnd

1795 5010 2016 5133 'fl‘yriun:
2045 5004 2227 5064 in'fine
2246 5008 2339 5064 lib.
2354 5012 2434 5063 vr.
2453 5009 2536 5064 Ab
2564 5008 2822 5063 alterutro
2848 5013 3084 5076 acceptae
3124 5004 3368 5075 reliquie:

1822 5094 1988 5133 urrun
2020 5118 2034 5133 .

1796 5095 2201 5203 mterlggcccnse
2226 5147 2608 5211 monasterium
2636 5143 2902 5216 intelligit,
2930 5142 3155 5202 utinfra
3182 5142 3368 5215 liquet,
3411 5164 3417 5169 ο

1796 5221 1848 5267 in
1872 5232 1979 5267 ouo
2006 5218 2238 5267 priorem
2270 5218 2516 5267 abbatem
2552 5216 2835 5267 Anselmus
2864 5223 3064 5267 eaerat.

1795 5221 1848 5277 in
1872 5232 1979 5287 quo
2006 5218 2239 5286 priorem
2270 5218 2516 5273 abbatem
2552 5217 2835 5296 Anselmus
2864 5223 3064 5284 egerat.

1869 5287 1890 5328 ΐ
1932 5286 2081 5341 Licet
2111 5289 2212 5343 hoc
2256 5296 2313 5341 ut
2346 5302 2378 5340 a
2408 5286 2523 5340 rudi
2563 5293 2877 5354 posteritate
2908 5284 3192 5339 conﬂctum
3214 5323 3230 5348 ,
3264 5297 3370 5337 non

1794 5357 2105 5424 credamus;
2149 5356 2293 5428 ipsos
2323 5364 2499 5411 tamen
2536 5353 2756 5423 capillos
2785 5368 2905 5409 cum
2942 5355 3239 5409 reverentia
3276 5354 3371 5409 ho-

1794 5441 2252 5551 nGitana}:lslielmns
2270 5495 2338 5551 de
2367 5492 2788 5549 Monteforti'hic
2825 5492 2925 5548 fuit
2958 5492 3176 5547 Roberti
3207 5492 3372 5547 comi-

1794 5566 1865 5621 tis
1903 5567 1970 5620 de
2012 5565 2264 5621 Mellento
2298 5578 2445 5635 saepe
2463 5563 2719 5635 nominati
2750 5563 3134 5635 consobrinus,
3162 5562 3231 5615 'ab
3256 5561 3371 5630 ipso

1796 5635 2051 5691 Ausi-imo
2070 5652 2164 5706 per
2193 5633 2401 5697 litteras
2420 5634 2778 5690 Beccensibus
2799 5633 3078 5688 monachis
3099 5645 3374 5686 commen-

1797 5705 1984 5755 datus.
2030 5714 2089 5755 ut
2133 5705 2182 5755 ei
2242 5704 2536 5755 ιιι-πεπιιίοηί
2584 5703 2927 5755 aptissimus:
2988 5715 3149 5755 unam
3201 5698 3376 5755 tenuit

1797 5705 1984 5770 datus,
2030 5703 2089 5780 ut
2133 5705 2182 5761 ei
2242 5703 2927 5780 pmlationi_aptissimus;
2988 5707 3219 5780 quaint

3055 5777 3255 5829 castris
3282 5777 3373 5840 pia

1797 5790 1978 5901 11:13:.
1996 5776 2083 5901 ³ιῖ¹υ
2105 5772 2507 5902 miihi“
2543 5772 2704 5832 ¹³¹ί¹τ³
2741 5773 2863 5832 νίδθ
2888 5772 2963 5847 ·ί¹¹
