3890 6306
543 379 647 436 163

1504 365 1809 424 EADMERI
1860 356 2412 417 CANTUARIENSIS
2453 351 2754 415 MONACHI
3650 367 3718 423 tu

544 507 810 569 quatenus
838 491 1108 564 Angliam,
1149 488 1263 556 ejus
1306 487 1546 542 absentia
1595 489 1918 555 desolatam,
1943 486 2127 541 ‘citalo
2158 482 2201 537 A
2229 479 2416 541 selmo,
2446 491 2544 534 suo
2563 479 2716 547 jussu
2743 485 2964 549 accepta
2993 475 3208 534 fuerant
3232 477 3294 534 sc‘
3318 475 3620 547 redditurum,
3637 501 3720 543 cum

544 589 721 644 reditu
751 586 1015 648 visitaret,
1050 579 1373 643 afﬁrmabat,
1403 587 1458 633 et
1496 577 1814 634 allirmando
1851 576 2133 650 promitte-

543 685 640 739 bat
675 695 853 750 regem
891 678 1065 747 ipsum
1114 674 1333 745 penitus
1378 672 1446 728 ad
1488 673 1820 730 voluntatem
1866 674 2035 745 ipsius
2077 671 2131 725 in

543 786 704 828 omne
725 771 866 841 quod
885 769 1139 837 deinceps
1164 766 1479 836 praeciperet
1502 766 1959 836 promptissimam
1983 778 2133 819 men-

544 879 652 920 tem
692 861 921 926 habere,
962 874 1064 914 nec
1109 856 1336 913 ulterius
1367 871 1398 910 a
1428 855 1674 912 Romana
1710 855 1951 911 Ecclesia
1999 853 2133 910 velle

544 952 857 1009 dissentire.
888 950 957 1005 Et
983 947 1338 1018 subjungens,
1369 947 1447 1002 ait
1478 961 1493 1000 :
1530 965 1548 998 ι
1583 945 1871 1017 Propterea
1903 946 2134 1001 obsecro

544 1051 603 1097 ut
629 1057 845 1098 omnem
896 1055 1106 1095 moram
1154 1039 1420 1108 rumpatis
1468 1038 1520 1092 in
1560 1036 1849 1101 veniendo,
1882 1050 1950 1091 ne
1999 1035 2134 1091 forte

541 1118 609 1189 ex
653 1133 882 1187 adverso
937 1129 1118 1199 aliqua
1161 1128 1438 1184 secularis
1478 1143 1609 1182 aura
1647 1132 1983 1198 prorumpat,
2014 1126 2143 1193 qua!

544 1239 666 1287 eum
697 1224 764 1278 ab
790 1221 910 1276 istis
936 1219 1236 1275 subvertat.
1269 1237 1287 1270 ι
1320 1218 1446 1274 llaec
1469 1217 1558 1273 ille
1579 1217 1804 1272 audiens
1834 1214 1943 1270 Deo
1973 1227 2135 1284 super

545 1311 854 1366 admirabili
889 1309 1032 1366 dono
1067 1309 1181 1379 ejus
1209 1308 1415 1380 gratias
1443 1310 1572 1377 egit,
1609 1315 1940 1376 acceptaque
1968 1305 2138 1361 licen-

544 1405 620 1464 tia
647 1419 675 1458 a
705 1403 965 1462 fratribus
997 1402 1138 1456 inter
1167 1415 1303 1471 quos
1329 1399 1535 1469 jamdiu
1569 1391 1762 1470 magno
1801 1413 1922 1454 cum
1949 1400 2134 1452 amore

545 1506 600 1549 et
621 1493 826 1550 honore
857 1492 1027 1548 habiti
1058 1490 1354 1552 fueramus,
1385 1491 1437 1545 in
1463 1489 1710 1560 Angliam
1740 1489 1913 1544 iturus
1941 1487 2138 1543 Geme-

548 1586 713 1641 ticum
747 1597 774 1625 ι
806 1584 970 1640 venit.
1009 1581 1108 1637 Ubi
1145 1590 1403 1637 renovata
1444 1569 1757 1635 inﬁrmitate
1781 1595 1910 1649 qua,
1937 1587 1993 1632 ut
2022 1592 2137 1632 me-

546 1678 899 1742 moravimu-s,
935 1674 1093 1730 Becci
1139 1683 1396 1745 gravatus
1433 1673 1628 1738 fuerat,
1669 1688 1698 1726 a
1731 1672 1850 1726 loco
1885 1656 2135 1741 progredi

545 1782 887 1837 nequaquam
933 1767 1129 1836 potuit.
1176 1765 1516 1834 Quapropter
1563 1761 1746 1817 missis
1791 1761 1846 1814 in
1888 1759 2134 1828 Angliam

2234 573 2287 628 in
2318 572 2564 642 Angliam
2595 579 2742 626 esset
2771 584 3040 637 reversus,
3069 570 3196 626 dato
3222 569 3505 626 vadimonio
3527 573 3722 642 pollicitus

2235 671 2336 718 est.
3000 666 3002 668 ’

2305 753 2400 808 llis
2427 761 2483 809 et
2519 751 2639 808 aliis
2667 760 2789 823 qua
2817 761 2906 808 res
2942 753 3230 822 expetebat
3257 750 3546 827 immixtis
3568 769 3724 827 compo-

2235 845 2376 910 sitis,
2404 843 2689 899 Anselmus
2713 843 2818 898 iter
2839 842 3085 914 Angliam
3113 842 3391 898 remeant!
3407 842 3635 914 Uyessus
3654 857 3724 911 est,

2235 945 2309 1001 et,
2335 935 2516 991 divino
2546 934 2808 989 tutamine
2833 931 3023 1000 fretus,
3066 948 3233 989 sanus
3267 942 3319 989 et
3343 933 3510 988 alacer
3534 949 3630 989 eum
3653 940 3726 991 Suis

2236 1024 2487 1080 omnibus
2516 1023 2696 1078 Dol'ris
2723 1030 2808 1078 est
2836 1022 3113 1093 appulsus.
3139 1021 3253 1090 Qua
3287 1037 3410 1078 vero
3435 1023 3724 1090 exsultatione,

2237 1136 2343 1193 qua
2385 1118 2744 1191 iucunditate,
2772 1135 2877 1190 qua
2919 1133 3017 1190 spe
3052 1119 3180 1174 boni
3223 1120 3277 1173 in
3313 1117 3539 1192 Angliam
3571 1122 3728 1176 veniens

2237 1212 2524 1282 susceptus
2551 1211 2641 1275 sit,
2672 1211 2816 1274 reor,
2845 1223 2910 1263 ex
2939 1207 3376 1263 consideratione
3409 1205 3631 1261 malorum
3649 1222 3727 1276 qua:

2235 1303 2426 1374 paucis
2460 1301 2736 1371 tetigimus
2771 1299 2883 1354 illic
2921 1307 3049 1354 ante
3085 1297 3316 1353 reditum
3346 1297 3457 1367 ejus
3478 1299 3725 1366 pravenissr.

2239 1393 2626 1462 aliquantulum
2672 1387 2998 1460 subintelligi
3049 1401 3237 1459 posse;
3280 1386 3727 1451 unde,'ut,diversr

2237 1483 2414 1539 anatis
2447 1485 2513 1536 et
2541 1479 2748 1537 ordinis
2795 1479 3074 1534 hominum
3123 1475 3317 1548 gaudia
3362 1476 3628 1541 sileam,de
3655 1477 3727 1546 ipsa

2239 1575 2422 1644 regina
2453 1575 2559 1629 hoc
2582 1571 2822 1627 breviter
2851 1571 3080 1626 dixerim
3111 1568 3258 1638 quod
3277 1561 3386 1623 "nec
3412 1576 3595 1621 terrena
3615 1581 3728 1633 nego-

2243 1666 2338 1729 tia,
2372 1677 2468 1719 nec
2499 1676 2690 1733 pompa
2728 1659 3004 1717 saecularis
3047 1656 3233 1731 gloriae
3273 1653 3378 1712 ulla
3413 1663 3624 1727 poterant
3650 1671 3728 1711 eam

2241 1754 2482 1814 detinere
2513 1757 2652 1827 quin
2681 1751 2861 1810 virum
2898 1749 3019 1809 loca
3063 1749 3279 1807 diversa
3299 1744 3570 1805 adeuntem
3595 1763 3730 1818 prace-

545 1835 771 1934 nuntiis,
803 1835 1078 1914 intimavit
1107 1855 1220 1926 regi
1249 1855 1376 1926 quid
1406 1854 1507 1909 sibi
1537 1867 1604 1907 ne
1633 1852 1836 1934 rediret
1859 1847 2139 1905 obstabat."
2172 1853 2213 1908 Β
2239 1849 2411 1913 deret,
2439 1857 2512 1913 et,
2559 1843 2962 1900 monacliis'seu
3006 1835 3286 1898 canonicis
3308 1840 3378 1895 ‘ei'
3409 1855 3499 1912 pro
3529 1853 3647 1894 more
3669 1840 3730 1892 oli-

545 1932 822 2007 Turbatur
861 1951 950 2007 ille
991 1950 1058 2006 ad
1101 1949 1283 2005 audita
1311 1956 1366 2004 et
1395 1947 1750 2002 vehementer
1777 1932 2022 2005 indoluit,
2047 1941 2136 2010 ju-

545 2055 694 2108 rans,
718 2056 816 2112 per
838 2040 1066 2098 verbum
1091 2039 1209 2104 Dei,
1231 2036 1440 2093 scilicet
1461 2034 1645 2091 omnia
1669 2033 1864 2087 damna
1889 2029 2132 2100 mquam-

453 2182 455 2184 .
545 2136 686 2192 mius
710 2134 1067 2190 toleraturum
1090 2144 1253 2200 quam
1275 2125 1520 2182 Anselmi
1544 2125 1848 2180 decessum.
1872 2120 2136 2176 Remissis

543 2244 676 2300 ergo
701 2225 985 2283 celerrime
1016 2221 1240 2286 nuntiis,
1267 2229 1390 2276 orat
1422 2218 1596 2271 virum
1628 2215 1729 2270 sibi
1771 2213 1874 2283 ipsi
1910 2225 2136 2282 parcere

547 2335 612 2375 ac
647 2314 976 2374 omnimodis
1006 2310 1287 2381 indulgere
1313 2307 1502 2379 quieti.
1538 2305 1804 2374 Prteeepit
1842 2315 2054 2373 quoque
2081 2308 2141 2353 nt

547 2414 616 2468 de
653 2411 722 2466 iis
752 2422 872 2479 quae
902 2405 986 2462 sui
1013 2402 1153 2476 juris
1183 2401 1238 2456 in
1267 2396 1662 2455 Northmannia
1696 2403 1846 2450 erant
1881 2407 1984 2463 pro
2011 2399 2144 2444 voto
2170 2442 2172 2445 .

548 2504 845 2574 acciperet,
879 2507 936 2556 et
961 2496 1064 2553 sibi
1095 2511 1158 2551 ac
1185 2493 1299 2550 suis
1330 2491 1526 2546 exinde
1550 2484 1846 2543 ministrari
1875 2481 2144 2539 suliicien-

551 2603 638 2648 ter
660 2591 903 2662 .juberct,
936 2601 1103 2658 seque
1141 2585 1194 2640 in
1236 2582 1488 2654 proximo
1514 2576 2006 2633 'transl‘relaturum
2042 2589 2140 2628 ex-

553 2686 858 2752 spectaret;
889 2691 997 2747 quo
1041 2675 1158 2744 ipse
1183 2671 1420 2744 gratiose
1445 2675 1686 2736 accepto,
1709 2663 1928 2720 circiter
1954 2673 2145 2718 mense.

547 2786 659 2828 uno
689 2770 762 2824 ibi
791 2766 1072 2823 remansit.
1105 2763 1348 2832 Mitigato
1389 2758 1584 2815 deinde
1619 2756 1876 2826 languere
1905 2752 2136 2806 Beccum

546 2859 729 2925 rediit,
760 2865 912 2913 ratus
945 2854 1048 2910 sibi
1078 2850 1438 2924 opportunius
1471 2853 1527 2902 et
1568 2843 1854 2900 honestius
1885 2841 2000 2894 fore
2031 2838 2140 2894 illic

547 2970 710 3028 quam
737 2952 872 3008 alias
897 2949 1106 3021 regium
1133 2944 1437 3018 praistolari
1477 2942 1789 2997 adventum.
1822 2935 1923 2993 Ubi
1958 2935 2137 2991 omni.-

545 3027 649 3102 bus
702 3044 841 3099 mira
891 3039 1176 3097 alacritate
1224 3037 1290 3092 de
1336 3034 1512 3090 reditu
1560 3031 1677 3100 ejus
1715 3027 2137 3088 exsultantibus,

548 3151 679 3194 ecce
716 3131 1065 3204 lacrymabile
1108 3127 1310 3182 malum
1349 3123 1627 3182 concussit
1670 3131 1832 3190 atque
1874 3117 2142 3176 subvertit

550 3225 809 3299 gaudium
831 3185 1049 3293 dipsum.
1079 3217 1214 3272 Nam
1248 3225 1365 3296 tam
1401 3213 1584 3285 gravis
1623 3185 1914 3266 inﬁrmitas
1942 3208 2138 3264 iterum
2167 3185 2213 3250 (ἶ

551 3297 753 3371 invasit
796 3307 1112 3365 Anselmum
1161 3314 1221 3360 ut
1266 3305 1334 3360 de
1384 3319 1451 3358 eo
1494 3310 1690 3372 prteter
1727 3307 1956 3354 mortem
2008 3297 2142 3352 nihil

549 3412 1011 3477 exspectaremus.
1040 3394 1328 3452 Conﬂuunt
1366 3391 1603 3465 episcopi
1635 3399 1692 3445 et
1723 3389 1944 3445 abbates
1982 3396 2143 3444 term

551 3498 715 3563 illius,
754 3509 819 3550 ac
865 3491 933 3548 de
987 3489 1177 3544 funere
1217 3486 1334 3556 ejus
1379 3485 1580 3556 quique
1629 3487 1984 3553 pertractant.
2033 3477 2143 3533 Sed

550 3589 891 3660 omnipotens
920 3581 1085 3644 Deus,
1109 3593 1202 3634 sua
1233 3579 1455 3648 pietate,
1483 3575 1659 3644 ipsum
1686 3580 1872 3626 contra
1898 3567 2140 3623 omnium

551 3682 861 3754 opinionem
912 3670 1130 3730 sanitati
1183 3668 1441 3734 restituit,
1472 3675 1528 3722 et
1561 3664 1760 3721 multos
1806 3675 2002 3732 magno
2043 3675 2138 3714 ex-

551 3774 676 3828 inde
711 3768 904 3840 gaudio
937 3759 1247 3819 laetiﬁcavit.

620 3865 788 3937 Igitur
828 3861 880 3915 in
925 3853 1311 3925 Assumptione
1352 3851 1528 3907 beatae
1553 3846 1735 3902 Mariae
1774 3860 1870 3900 rex
1909 3843 2138 3898 Beccum

549 3931 717 4021 venit,
751 3952 1128 4018 celebrataque
1160 3945 1230 4002 ab
1257 3942 1514 4000 Anselmo
1547 3937 1774 3996 solemni
1805 3936 1982 3991 missae
2021 3931 2140 3988 olli-

549 4052 660 4116 cio,
687 4063 790 4102 una
817 4061 913 4100 rex
943 4042 1152 4099 scilicet
1177 4045 1232 4093 et
1260 4037 1376 4106 ipse
1412 4037 1802 4096 convenerunt,
1835 4035 1891 4084 et
1920 4027 2138 4081 tandem

550 4140 734 4196 omnia
764 4153 884 4206 quae
912 4136 1030 4191 illos
1060 4135 1114 4188 in
1146 4131 1362 4188 diversa
1395 4130 1672 4183 traxerant
1709 4134 1896 4191 pacem
1927 4127 1983 4174 et
2010 4133 2142 4174 con-

552 4229 792 4301 cordiam
821 4227 1160 4278 invenerunt.
1191 4219 1464 4289 Siquidem
1495 4213 1765 4270 Ecelesias
1781 4208 1986 4282 Anglia:
2005 4223 2140 4280 quas

555 4317 900 4374 Willhelmus
941 4329 1036 4368 rex
1059 4313 1226 4366 frater
1253 4311 1395 4380 regis
1427 4306 1641 4363 Henrici
1681 4306 1782 4360 sub
1807 4318 2052 4367 censum,
2082 4311 2144 4356 ut

552 4410 715 4479 longe
758 4404 1006 4475 superius
1047 4401 1227 4464 retuli,
1259 4403 1465 4469 primus
1501 4397 1802 4466 redegerat,
1841 4393 2039 4449 liberas
2074 4391 2143 4446 ab

555 4501 745 4555 eadem
774 4493 1056 4551 exaetione
1087 4507 1179 4547 rex
1211 4492 1264 4546 in
1300 4504 1490 4544 manus
1520 4485 1759 4543 Anselmi
1799 4483 2045 4550 reddidit,
2087 4491 2142 4538 et

556 4607 616 4649 se
646 4591 714 4644 de
753 4587 904 4658 ipsis,
938 4585 1062 4640 dum
1109 4584 1336 4647 viveret,
1369 4580 1499 4636 nihil
1531 4589 1874 4647 accepturum
1905 4575 2140 4646 quandiu

556 4687 740 4736 essent
784 4678 902 4733 sine
944 4685 1180 4747 pastore,
1212 4669 1480 4743 promisit.
1537 4667 1642 4722 Pro
1689 4665 1916 4738 pecunia
1961 4672 2140 4719 autem

555 4787 718 4843 quam
766 4787 795 4826 a
845 4768 1199 4841 presbyteris,
1231 4774 1289 4820 ut
1335 4760 1546 4835 praefati
1591 4776 1798 4824 sumus,
1835 4768 2138 4830 acceperat,

553 4879 673 4920 eam
705 4862 1138 4918 emendationem
1170 4855 1460 4934 Spopondit
1485 4863 1543 4907 ut
1570 4854 1606 4908 ii
1633 4853 1722 4923 qui
1754 4852 1989 4907 nondum
2018 4849 2140 4906 inde

556 4955 685 5026 quid
725 4953 988 5010 dederant
1027 4950 1160 5004 nihil
1201 4950 1414 5012 darent,
1451 4952 1506 5000 et
1540 4944 1630 5012 qui
1671 4943 1930 4998 dederant
1967 4942 2140 4998 tribus

557 5044 714 5098 anuis
734 5057 831 5096 sua
858 5041 1037 5096 omnia
1066 5039 1119 5092 in
1150 5052 1282 5106 pace
1306 5044 1360 5090 et
1387 5035 1567 5104 quiete
1588 5032 1754 5088 libera
1784 5033 2137 5103 possiderent.

557 5133 764 5190 Cuncta
788 5147 920 5190 vero
949 5145 1070 5202 qua:
1105 5129 1175 5185 de
1208 5127 1700 5197 archiepiscopatu,
1727 5123 2007 5180 exsulante
2035 5124 2146 5180 An-

2204 1940 2382 1995 .viam
2419 1925 2874 2010 procedentibus,
2927 1934 3044 2005 ipsa
3087 1929 3433 2002 procederet,
3473 1925 3731 2001 'hospitiaque

2235 2027 2383 2098 ejus,
2431 2039 2529 2083 sua
2587 2025 2956 2097 providentia,
3015 2021 3195 2094 dignis
3228 2015 3577 2092 apparatibus
3621 2020 3731 2073 ador-

2239 2130 2410 2176 naret.
3021 2116 3046 2118 ’⁷
3167 2143 3169 2145 ι
3313 2129 3372 2143 ’λ
3474 2111 3476 2113 ’
3625 2109 3643 2132 ’⁴

2308 2211 2494 2282 Itaque
2529 2218 2654 2280 post
2683 2209 2823 2276 baac,
2855 2207 2890 2263 ii
2937 2207 3029 2278 qui
3073 2204 3326 2262 ecclesiis
3372 2197 3444 2258 ac
3477 2193 3733 2258 monasteriis

2238 2317 2337 2374 pro
2361 2302 2622 2374 exigenda
2650 2292 2797 2372 regia
2824 2294 3300 2372 pecuniafuerant
3322 2293 3606 2359 intromissi,
3629 2295 3731 2364 eiecti

2239 2404 2388 2461 sunt,
2417 2404 2474 2449 et
2498 2394 2748 2465 personis
2772 2389 3032 2464 cujusque
3053 2389 3301 2447 ecclesia:
3318 2384 3409 2444 res
3435 2389 3562 2442 intus
3580 2394 3621 2441 et
3635 2394 3732 2440 extra

2239 2489 2306 2543 ad
2344 2472 3008 2544 communem'utililatem
3039 2479 3451 2537 commendatae.
3477 2478 3735 2548 Presbytero-

2241 2595 2360 2635 rum
2389 2579 2556 2635 etiam
2589 2591 2786 2642 causae,
2824 2576 2966 2632 sicut
3001 2585 3184 2645 regem
3226 2562 3477 2627 AnSelmo
3507 2567 3735 2640 promisisse

2238 2671 2497 2736 diximus,
2535 2668 2813 2734 dispositae
2845 2673 3006 2734 sunt,
3036 2673 3200 2736 atque
3230 2656 3288 2720 id
3315 2662 3479 2733 ipsum
3515 2675 3598 2732 per
3623 2668 3733 2714 totum

2239 2777 2468 2834 regnum
2503 2761 2864 2834 divulgatum.
3048 2781 3055 2783 η
3245 2775 3247 2777 ί
3349 2775 3352 2777 λ

2317 2852 2429 2905 ltex
2454 2850 2577 2920 ipse
2605 2849 2748 2904 inter
2774 2845 3366 2904 hazc‘Northmanniam
3409 2845 3503 2901 sibi
3527 2843 3638 2900 bello
3655 2840 3735 2896 sub—

2242 2939 2352 3010 egit
2377 2939 2428 3004 δ,
2453 2949 2509 2994 et
2536 2940 2586 2994 id
2609 2937 2864 2993 Anselmo
2902 2952 2998 3010 per
3022 2938 3334 3008 epistolam,
3362 2951 3509 2994 quam
3533 2948 3634 2990 ecce
3655 2933 3734 2988 sub-

2241 3029 2547 3093 scribimus,
2574 3027 2918 3099 signiﬁcavit.
3175 3048 3177 3050 ·
3278 3039 3282 3044 '
3329 3041 3332 3043 λ

2318 3140 2336 3172 ι
2373 3120 2638 3176 Henricus
2667 3136 2758 3174 rex
2798 3119 3115 3190 Anglorum,
3147 3119 3409 3176 Anselmo
3449 3113 3733 3175 Cantuariensi

2243 3213 2674 3284 archiepiscopo,
2703 3211 2931 3267 salutem
2961 3221 3014 3265 et
3043 3211 3364 3268 amicitiam.

2319 3322 2339 3356 ι
2379 3302 2697 3358 Paternitati
2721 3311 2775 3358 et
2801 3302 3076 3357 sanctitati
3105 3309 3304 3357 vestra:
3330 3294 3647 3374 signiﬁcamus
3667 3295 3735 3350 llo.

2241 3401 2455 3456 bertum
2481 3399 2736 3456 comitem
2766 3395 3196 3462 Nortlimanniae,
3231 3413 3357 3453 cum
3385 3397 3603 3453 omnibus
3623 3391 3736 3461 cupiit

2243 3492 2472 3547 militum
2521 3499 2577 3546 et
2622 3490 2866 3561 peditum
2904 3504 3040 3559 quos
3089 3503 3254 3560 prece
3292 3499 3343 3544 et
3383 3489 3542 3560 pretio
3571 3486 3736 3540 adunare

2239 3581 2450 3652 potuit,
2495 3581 2582 3637 die
2626 3580 2903 3636 nominata
2954 3587 3008 3633 et
3055 3579 3410 3652 determinata
3450 3589 3626 3632 mecum
3656 3579 3737 3625 ante

2242 3650 2734 3729 'l‘enerchebraium
2774 3671 2973 3725 acriter
3000 3681 3273 3739 pugnasse
3307 3685 3350 3734 ο,
3381 3650 3434 3721 et
3472 3665 3646 3719 tandem
3673 3655 3736 3712 sub

2241 3763 2611 3820 misericordia
2647 3762 2739 3817 Dei
2764 3761 3011 3826 vicimus,
3039 3770 3093 3815 et
3119 3760 3240 3816 sine
3265 3759 3427 3814 multa
3449 3756 3574 3813 caede
3595 3760 3738 3807 nostm-

2242 3872 2383 3914 rum.
2409 3855 2549 3922 Quid
2575 3851 2979 3926 plura?‘Divina
3011 3851 3387 3907 misericordia
3414 3851 3581 3904 ducem
3601 3840 3736 3897 Noﬂh-

2240 3947 2472 4002 mannize
2487 3955 2540 4002 et
2559 3947 2811 4002 comitem
2829 3943 3123 4008 Moritonii,
3146 3952 3201 3998 et
3225 3941 3577 3998 Willhelmum
3599 3929 3736 4000 Crispi-

2241 4051 2401 4104 num,
2444 4043 2500 4091 et
2523 4034 2898 4090 Willhelmum
2943 4034 3012 4088 de
3051 4031 3324 4099 Ferreris,
3354 4029 3670 4087 ctRobertum
3695 4018 3736 4070 de

2241 4125 2525 4182 Stuteville
2565 4139 2773 4190 senem,
2801 4133 2856 4179 et
2905 4121 3042 4178 alios
3087 4138 3260 4193 usque
3301 4121 3368 4178 ad
3408 4116 3736 4191 quadringentos

2241 4216 2461 4282 milites,
2489 4223 2548 4270 et
2575 4216 2762 4272 decem
2809 4210 2973 4268 millia
3003 4213 3244 4282 peditum
3277 4213 3330 4268 in
3365 4221 3542 4266 manus
3570 4213 3733 4261 nostras

2239 4317 2297 4363 et
2323 4306 2768 4362 Northmanniam
2801 4305 2968 4360 dedit.
3001 4306 3073 4360 De
3100 4303 3205 4359 illis
3234 4314 3412 4358 autem
3442 4313 3560 4372 quos
3595 4290 3735 4367 gladi"!

2238 4397 2494 4468 peremit,
2525 4411 2635 4452 non
2669 4403 2755 4452 est
2783 4405 3067 4452 numerus.
3112 4394 3227 4450 lloc
3259 4405 3435 4449 autem
3466 4407 3558 4446 non
3583 4379 3734 4443 elationi

2241 4489 2326 4544 vel
2372 4487 2719 4558 arrogantiae,
2755 4503 2856 4543 nec
2896 4487 3104 4543 viribus
3149 4488 3286 4543 meis
3323 4487 3510 4548 tribuo,
3541 4479 3618 4537 sed
3643 4476 3734 4532 dono

2243 4580 2439 4635 divinae
2469 4578 2838 4649 dispositionis
2877 4579 3136 4645 attribuo,
3168 4579 3441 4650 quocirca,
3471 4575 3609 4631 Pater
3635 4579 3734 4624 rete-

2241 4673 2427 4738 reude,
2459 4671 2681 4742 supplex
2731 4680 2785 4726 et
2829 4671 3054 4727 devotus
3097 4671 3325 4743 genibus
3370 4679 3468 4724 tuae
3507 4655 3731 4722 sanctitatis

2242 4761 2524 4816 advolutus
2573 4769 2625 4816 te
2666 4759 2932 4831 deprecor
2975 4769 3034 4815 ut
3073 4775 3365 4829 supernum
3389 4745 3734 4827 judicemmllli”

2243 4851 2468 4907 arbitrio
2493 4841 2556 4906 et
2584 4849 2861 4907 voluntate
2887 4848 3190 4919 triumphus
3217 4849 3322 4904 iste
3348 4856 3451 4902 tam
3479 4838 3734 4917 gloriosus“

2241 4945 2390 5006 utilis
2436 4943 2568 4998 mibi
2615 4942 2864 5013 contigit,
2897 4941 3204 5012 depreceris
3240 4949 3303 4996 ut
3335 4955 3438 4994 non
3470 4937 3534 4992 sit
3563 4927 3664 4987 mihi
3690 4920 3734 4976 ad

2241 5035 2496 5090 damnum
2537 5041 2593 5090 et
2639 5033 3044 5095 detrimentum,
3086 5031 3181 5086 sed
3214 5031 3284 5085 ad
3312 5027 3511 5084 initium
3541 5021 3733 5078 bonorum

2241 5140 2461 5182 onerum
2487 5134 2540 5183 et
2566 5123 2774 5181 servitii
2805 5123 2921 5191 Dei,
2947 5131 3002 5180 et
3027 5131 3229 5178 sanctae
3251 5121 3346 5178 Dei
3376 5113 3601 5177 Ecclesia:
3619 5113 3734 5166 stall-

1822 5281 2251 5394 HEN‘SCHENII‘
2281 5321 2508 5379 NOTAE.

631 5507 659 5536 ι
673 5487 1086 5551 Gemmeti-cum,
1100 5485 1256 5553 vulgo
1267 5482 1529 5554 Jumiége,
1553 5480 1691 5554 intra
1707 5479 2100 5554 Rothomagum
2120 5496 2136 5533 :

561 5549 946 5621 monasterium
977 5549 1234 5626 amplum,
1261 5554 1351 5626 ubi
1376 5549 1780 5626 verosimiliter
1809 5549 1989 5626 navim
2011 5563 2139 5603 con-

559 5618 852 5692 scensurus
889 5635 1006 5684 erat
1045 5618 1098 5681 in
1137 5623 1382 5696 Angliam
1427 5619 1776 5696 trajiciendus
1830 5618 2133 5696 Anselmus.

633 5688 662 5746 ἰ»
699 5703 755 5758 1η
782 5709 1042 5754 autumno
1064 5688 1304 5766 ejusdem
1329 5692 1454 5746 anni
1479 5688 1636 5766 H_0_6.
1665 5688 1899 5766 _Consule
1921 5688 2140 5766 praeri-

560 5791 686 5832 cum
703 5770 930 5831 Vitalem
947 5767 1015 5824 ad
1036 5759 1238 5824 dictum
1261 5777 1479 5828 annum,
1499 5760 1588 5816 ubi
1608 5759 1773 5814 etiam
1798 5759 2040 5827 captivos
2058 5774 2138 5814 re-

2243 5488 2447 5546 censet,
2472 5480 2551 5535 uti
2582 5489 2636 5536 et
2663 5480 2850 5536 Simon
2877 5477 3252 5536 Dunelmensis
3282 5475 3475 5546 aliique
3497 5467 3733 5546 scripuli:t

2315 5560 2338 5589 ο
2379 5535 2651 5605 Meritonii
2684 5535 2900 5607 comitis
2933 5561 3173 5605 castrum
3211 5548 3317 5604 hoc
3362 5535 3459 5601 fuit

2242 5604 2464 5691 dentem
2487 5635 2666 5690 regem
2699 5604 3150 5691 aggressiliostes
3197 5618 3252 5671 in
3288 5604 3540 5691 vigilia-$15

2244 5690 2331 5751 lis,
2363 5691 2518 5744 istam
2549 5679 2614 5744 de
2637 5705 2696 5743 se
2723 5679 3002 5745 v'ivctoriam
3033 5689 3259 5755 dedere,
3289 5679 3546 5743 ut'scribit
3574 5679 3660 5745 jam
3681 5679 3736 5723 υ·

2246 5769 2388 5816 tatus
2406 5759 2593 5816 Simon
2621 5759 3016 5817 Dunelmensis.
