3890 6306
103 359 211 413 ισξς

1166 358 1483 417 HlSTORlA
1511 356 1869 415 NOVORUM.
1899 388 1969 399 -—-
2007 355 2134 411 LIB.
2175 355 2261 410 IV.

3262 358 3367 411 466
3382 370 3393 391 θ

103 481 221 525 tum
267 470 571 540 tranquilla
606 486 737 543 pace
770 472 1076 528 tenendum
1111 483 1167 528 et
1201 474 1681 537 corroborandum,
1716 479 1758 534 Α
1789 471 2085 540 quamlibet
2140 471 2354 526 laicamv
2383 484 2602 525 manum
2654 469 3002 525 investiretur
3051 470 3103 525 in
3150 471 3366 541 Anglia.

102 572 163 617 ut
191 562 386 617 amndo
428 562 598 618 libera
625 563 792 631 vivat,
822 574 887 619 et
908 564 1049 620 nulla
1097 565 1437 621 concutiatur
1479 575 1685 634 tempe-

100 661 247 708 state
270 651 556 709 bellorum.
587 671 608 706 ι

171 746 342 816 Igitur
372 746 443 800 ob
478 758 665 815 pacem
695 760 856 815 quam
901 760 997 801 rex
1047 747 1249 801 fecerat
1278 754 1403 800 cum”
1429 745 1685 803 Anselmo

98 838 203 893 hac
236 836 464 893 victoria
492 852 618 893 eum
648 837 873 907 potitum
904 837 1056 893 multi
1092 839 1268 894 testati
1300 848 1446 894 sunt.

168 927 567 983 Northmannia
619 942 748 1000 ergo
800 929 900 982 sub
948 929 1092 1000 regia
1140 944 1272 1000 pace
1314 929 1593 999 disposita,
1631 938 1688 984 et

97 1020 239 1075 duce
265 1020 504 1075 Roberto
531 1034 661 1075 cum
685 1019 883 1076 comite
909 1018 1179 1075 Moritonii
1214 1021 1266 1075 in
1310 1020 1559 1093 Angliam
1586 1020 1686 1077 sub

96 1110 359 1180 captione
375 1109 691 1180 praemissis,
716 1127 811 1166 rex
842 1112 953 1183 ipse
984 1113 1037 1167 in
1067 1127 1287 1183 regnum
1319 1127 1475 1167 suum
1504 1127 1686 1167 rever-

94 1215 189 1254 sus
223 1208 328 1255 est.
368 1200 649 1256 Adunatis
680 1211 861 1255 autem
906 1202 974 1257 ad
1012 1202 1219 1257 curiam
1247 1202 1364 1273 ejus
1394 1203 1448 1257 in
1476 1201 1683 1257 Pascha

94 1302 260 1347 terra
302 1292 657 1362 principibus,
698 1292 866 1347 dilata
906 1300 992 1347 est
1024 1292 1375 1347 ecclesiarum
1415 1291 1685 1347 ordinatio

93 1396 263 1452 quam
290 1396 386 1436 rex
412 1396 472 1436 se
500 1381 767 1436 facturum
799 1382 1158 1452 disposuerat,
1184 1396 1249 1437 eo
1274 1384 1415 1452 quod
1441 1397 1683 1438 summus

90 1473 243 1528 sedis
277 1471 583 1543 apostoiicze
622 1473 861 1543 pontifex
901 1474 1177 1528 Paschalis
1207 1474 1491 1528 Franciam
1520 1489 1683 1530 vene-

91 1572 175 1617 rat
198 1577 254 1629 ιι,
283 1572 341 1618 et
368 1562 475 1617 sibi
498 1563 573 1617 ad
594 1563 885 1619 concilium
917 1564 946 1605 ιι
977 1564 1123 1633 quod
1153 1562 1341 1618 Trecis
1381 1573 1499 1618 erat
1538 1564 1681 1619 cele-
1722 1570 1725 1571 ⁷

88 1656 387 1722 braturus,
421 1669 454 1710 a
494 1669 622 1727 rege
649 1652 885 1712 Henrico
926 1664 982 1710 et
1027 1654 1097 1710 ab
1129 1654 1383 1711 Anselmo
1410 1657 1680 1726 archiepi-

87 1760 282 1816 sc0po,
310 1758 454 1815 sape
484 1758 645 1815 supra
678 1753 1003 1801 memoratos
1028 1744 1193 1811 viros,
1224 1742 1593 1801 Willbelmum
1625 1755 1683 1801 et

86 1836 431 1892 Baldwinum
460 1838 603 1893 mitti
635 1837 1008 1893 mandaverat.
1038 1834 1208 1891 [tatus
1236 1836 1419 1907 itaque
1455 1852 1549 1891 rex
1582 1837 1682 1892 ‘ali-
1714 1818 1757 1872 Β

86 1927 221 1995 quid
258 1929 381 1983 novi
408 1941 471 1985 se
508 1928 563 1984 in
594 1928 767 1985 reditu
810 1927 1022 1985 illorum
1059 1937 1428 1998 accepturum,
1460 1927 1513 1982 in
1553 1929 1681 1983 sub-

84 2034 329 2089 sequens
350 2019 548 2076 festum
567 2020 919 2077 Pentecostes
937 2022 1121 2078 omnia
1143 2019 1371 2084 distulit,
1394 2028 1676 2090 quatenus,
1712 2036 1727 2046 ί

84 2111 169 2166 eis
205 2114 473 2177 reversis,
506 2114 754 2169 securius
788 2127 1039 2185 quaeque,
1071 2113 1252 2184 agnita
1288 2112 1558 2182 pontiﬁcis
1587 2128 1685 2169 vo-

84 2199 330 2266 luntate,
358 2201 686 2272 disponeret.

153 2290 354 2345 Saluta
388 2291 555 2361 igitur
593 2292 743 2346 curia
782 2290 1070 2347 Anselmus
1096 2291 1164 2346 ad
1190 2290 1464 2347 abbatiam
1506 2290 1680 2346 sancti

80 2380 397 2435 Eadmundi
424 2381 575 2434 vadit
606 2393 824 2436 crucem
855 2395 1108 2450 magnam
1139 2376 1211 2435 ibi
1240 2390 1679 2447 consecraturus,

79 2480 136 2523 et
162 2468 278 2524 alia
321 2468 570 2538 quedam
605 2468 930 2539 episcopalia
969 2467 1142 2524 oﬁicia
1179 2468 1678 2524 administraturus.

79 2560 299 2626 Quibus
318 2558 571 2628 expletis,
599 2574 723 2615 cum
742 2559 854 2629 jam
882 2559 1186 2615 rediturum
1207 2575 1266 2615 se
1291 2567 1508 2629 putaret
1532 2559 1679 2630 gravi

76 2653 342 2723 corporis
402 2651 721 2707 inﬁrmitate
776 2650 1105 2722 corripitur,
1159 2659 1216 2706 et
1276 2652 1685 2720 ingravescente

78 2746 353 2815 languore
397 2743 465 2797 ad
496 2752 749 2799 extrema
780 2742 893 2798 fere
922 2743 1257 2813 perducitur.
1296 2741 1557 2796 Detentus
1586 2756 1687 2795 au-

77 2840 185 2886 tem
238 2840 332 2888 est
374 2830 445 2886 ibi
489 2838 715 2902 propter
755 2831 927 2902 ipsam
981 2830 1349 2885 inﬁrmitatem
1395 2842 1567 2897 usque
1616 2829 1683 2883 ad

77 2932 317 2977 octavas
347 2922 715 2988 Pentecostes,
747 2929 803 2974 et
831 2920 1119 2976 concilimn
1160 2920 1327 2989 quod,
1361 2919 1501 2975 sicut
1545 2918 1685 2973 dixi-

78 3028 229 3078 mus,
272 3011 504 3066 dilatum
524 3018 668 3075 erat,
701 3025 866 3065 causa
901 3008 1235 3065 inﬁrmitatis
1271 3007 1411 3078 ejus,
1441 3007 1686 3064 inducias

79 3105 131 3157 in
167 3102 411 3157 Kalend.
441 3101 667 3171 Augusti
705 3100 937 3171 accepit.

1788 561 2118 614 concedente
2155 573 2371 628 quoque
2406 559 2664 615 Anselmo
2701 569 2760 615 ut
2804 560 2979 615 nullus
3016 561 3067 615 iu
3102 561 3369 631 prmi-utio-

1789 667 1909 707 nem
1941 651 2148 707 electus
2179 666 2278 721 pro
2306 652 2567 715 liominio,
2601 653 2742 722 quod
2777 652 2887 723 rcgi
2928 652 3150 717 faceret,
3176 669 3369 709 conse-

1788 744 2031 798 oratione
2085 743 2320 813 suscepti
2377 743 2600 798 honoris
2651 745 2979 814 privaretur.
3033 744 3237 813 Quibus
3292 747 3366 802 ita

1786 835 2079 906 dispositis,
2105 850 2239 904 pene
2277 834 2525 889 omnibus
2564 834 2817 891 Ecclesiis
2845 836 3067 907 Anglia},
3109 853 3227 906 quae
3255 839 3367 892 suis

1786 937 1941 982 erant
1964 927 2272 997 pastoribus
2292 926 2380 980 ditt
2412 926 2663 991 viduatae,
2692 940 2787 995 per
2809 928 3093 982 consilium
3124 928 3363 983 Anselmi

1785 1034 1849 1075 ac
1890 1034 2176 1089 procerum
2218 1019 2393 1089 regni,
2423 1018 2541 1074 sine
2570 1019 2718 1075 omni
2760 1018 2925 1089 virgae
2963 1021 3248 1089 pastoralis
3274 1033 3368 1075 aut

1786 1109 1969 1164 annuli
2000 1108 2319 1164 investitura
2349 1108 2538 1165 Patres
2566 1123 2594 1161 a
2625 1122 2752 1179 rege
2779 1118 2904 1163 sunt
2933 1109 3182 1164 instituti.
3211 1101 3367 1164 lusti-

1786 1202 1886 1257 tuti
1932 1216 2148 1272 quoque
2192 1208 2317 1256 sunt
2356 1201 2554 1256 ibidem
2588 1209 2645 1256 et
2672 1199 2861 1255 eodem
2893 1209 3133 1271 tempore
3162 1204 3228 1255 ab
3253 1203 3368 1273 ipso

1783 1307 1911 1360 rege
1936 1292 2155 1362 quidam
2204 1292 2273 1346 ad
2321 1291 2561 1363 regimen
2608 1292 2963 1361 quarumdam
3005 1291 3163 1346 Eccle
3194 1293 3367 1346 iarum

1783 1382 2212 1450 Northmanniae,
2241 1396 2361 1453 qua:
2393 1380 2643 1438 similiter
2669 1381 2783 1439 suis
2810 1392 2966 1438 erant
2991 1381 3243 1439 Patribus
3272 1384 3368 1439 de-

1784 1474 2003 1529 stitutae.
2750 1488 2753 1491 ·

1854 1565 2002 1619 Inter
2035 1563 2138 1620 ista
2178 1564 2345 1635 cmpit
2373 1562 2659 1620 Anselmus
2705 1576 2890 1619 coram
2935 1577 3062 1634 rege
3110 1564 3370 1633 regnique

1783 1655 2051 1726 episcopis
2075 1664 2239 1726 atque
2262 1655 2598 1727 principibus
2623 1655 2838 1727 exigere
2866 1669 2894 1709 a
2926 1653 3169 1711 Gerartlo
3192 1656 3369 1711 archi-

1782 1748 2035 1818 episcopo
2057 1746 2408 1815 Eboracensi,
2437 1746 2823 1819 professionem
2846 1747 2914 1803 de
2943 1763 3037 1805 sua
3065 1749 3369 1804 obedientia

1784 1846 1838 1893 et
1865 1837 2222 1904 subjectione,
2251 1850 2412 1907 quam
2444 1851 2549 1892 non
2582 1836 2785 1892 fecerat
2812 1852 2878 1892 ex
2908 1851 3016 1907 quo
3057 1837 3125 1891 de
3168 1837 3370 1906 episco-

1784 1934 1911 1995 patu
1959 1923 2337 1981 ﬂerel'ordensi
2381 1925 2437 1980 in
2492 1925 3016 1996 archiepiscopatum
3058 1925 3368 1982 Eboracen—

1783 2033 1930 2081 sem,
1967 2025 2027 2072 ut
2070 2031 2234 2088 supra
2276 2016 2650 2086 meminimus,
2692 2016 3013 2073 translatum
3058 2014 3255 2070 iuerat.
3286 2017 3368 2071 Ad

1782 2126 1902 2182 qua:
1940 2104 2064 2166 cum
2106 2124 2202 2166 rex
2245 2111 2359 2180 ipse
2403 2109 2610 2164 diceret
2652 2110 2753 2165 sibi
2784 2110 3003 2181 quidem
3049 2123 3156 2163 non
3199 2107 3365 2162 videri

1784 2216 2005 2259 necesse
2049 2216 2172 2257 esse
2212 2211 2273 2257 ut
2317 2201 2638 2273 professioni
2671 2216 2833 2272 quam
2862 2199 3218 2256 ordinationis
3257 2213 3368 2253 sua:

1783 2299 2028 2359 tempore
2055 2289 2330 2345 Gerardus
2361 2290 2563 2345 fecerat
2589 2289 2752 2344 aliam
2784 2288 3196 2359 superadderet,
3229 2300 3369 2358 prae-‘-

1782 2380 1991 2444 sertim,
2016 2394 2140 2436 cum
2181 2379 2310 2435 licet
2338 2379 2635 2436 Ecclesiam
2671 2379 2985 2445 mutaverit,
3015 2378 3154 2433 idem
3187 2385 3364 2431 tamen

1782 2469 1876 2540 qui
1925 2468 2104 2524 fuerat
2151 2468 2206 2524 in
2260 2483 2492 2540 persona
2534 2469 2930 2538 permanserit,
2969 2483 3072 2523 nec
3114 2482 3145 2522 a
3190 2467 3365 2537 prima

1782 2558 2121 2630 professione
2154 2559 2434 2616 absolutus
2461 2559 2755 2627 exstiterit,
2787 2559 3095 2624 Anselmus,
3131 2567 3192 2612 ut
3232 2546 3368 2627 prae;

1783 2648 1954 2704 sentis
1981 2648 2200 2718 quidem
2231 2648 2377 2719 regis
2410 2649 2598 2704 verbis
2641 2648 2915 2719 acquievit
2950 2662 3013 2703 ea
3059 2646 3369 2702 conditione

1783 2750 1844 2796 ut
1869 2741 2144 2797 Gerardus
2186 2742 2240 2796 in
2288 2755 2506 2795 manum
2539 2740 2643 2797 sibi
2685 2742 2838 2797 daret
2874 2754 2935 2796 se
2964 2740 3209 2796 eamdem
3238 2737 3367 2794 sub-4

1778 2829 2070 2900 jectiunem
2107 2832 2163 2887 in
2211 2832 2682 2903 archiepiscopatu
2730 2833 2781 2888 ei
2825 2841 3166 2888 servaturum
3202 2846 3366 2900 quam

1785 2922 1839 2977 in
1866 2923 2181 2994 episcopatu
2206 2916 2498 2992 professus
2537 2920 2731 2978 fuerat.
2763 2922 2964 2976 Annuit
2988 2919 3282 2983 Gerardus,
3313 2929 3371 2974 et

1785 3029 1881 3070 sua
1920 3030 2082 3069 manu
2131 3013 2380 3086 imposita
2410 3015 2590 3070 manui
2626 3008 2889 3078 Anselmi,
2918 3012 3233 3082 interposita
3262 3010 3367 3065 ﬁde

1785 3118 1909 3170 sua,
1940 3104 2209 3174 pollicitus
2240 3102 2325 3161 est
2359 3120 2418 3160 se
2453 3104 2699 3161 eamdem
2743 3101 3131 3171 subiectionem
3157 3109 3214 3156 et
3238 3102 3367 3155 obeo

145 3193 304 3247 Liter
335 3191 471 3256 haec,
498 3205 563 3246 ex
594 3198 749 3262 parte
789 3189 1069 3262 apostolici
1109 3189 1273 3244 allata
1312 3197 1395 3245 est
1422 3187 1679 3244 Anselmo
1707 3173 1754 3239 Ο
1783 3173 2042 3254 dientiam
2072 3196 2175 3267 ipsi
2204 3204 2260 3251 et
2299 3195 2705 3251 successoribus
2747 3194 2860 3249 suis
2905 3194 2959 3248 in
3002 3192 3370 3262 archiepisco-

77 3282 319 3353 epistolu
352 3282 454 3337 ista
486 3298 500 3335 :

153 3393 170 3425 ι
201 3370 496 3428 Paschalis
514 3372 832 3443 episcopus,
859 3386 1049 3428 servus
1071 3385 1349 3428 servorum
1376 3369 1492 3435 Dei,
1516 3383 1684 3425 vene-

76 3464 235 3517 rabili
264 3462 433 3518 fratri
457 3462 730 3529 Anselmo,
754 3462 1131 3518 Cantuariensi
1161 3461 1433 3532 episcopo,
1453 3459 1681 3517 salutem

75 3564 129 3607 et
159 3553 527 3623 apostolicam
560 3552 1014 3609 benedictionem.

153 3665 171 3697 ι
206 3644 294 3699 De
340 3644 779 3714 presbyterorum
826 3644 987 3713 ﬁliis,
1037 3661 1055 3696 ι
1108 3652 1214 3700 etc.

74 3736 250 3789 uitali
296 3733 379 3788 11.

147 3824 205 3877 In
235 3822 504 3878 Kalendis
525 3836 658 3894 ergo
682 3822 932 3894 Augusti,
963 3830 1260 3879 conventus
1279 3820 1678 3893 episcoporum,

77 3916 383 3980 abbatum,
446 3928 735 3982 procerum
786 3914 937 3983 regni
985 3914 1283 3970 Lundonia:
1329 3917 1381 3967 in
1424 3913 1681 3984 palatium

77 4008 227 4078 regis
262 4004 446 4065 [actus
477 4014 580 4061 est.
611 4006 679 4060 Et
705 4020 803 4075 per
844 4015 952 4061 tres
981 4007 1267 4061 continuos
1294 4005 1431 4071 dies,
1459 4006 1684 4062 absente

79 4098 349 4154 Anselmo
398 4099 541 4155 inter
584 4113 765 4169 regem
815 4108 871 4155 et
913 4099 1199 4170 episcOpos
1232 4099 1365 4156 satis
1401 4107 1579 4154 actum
1617 4098 1685 4154 de

80 4189 465 4247 Ecclesiarum
502 4188 857 4256 investituris,
889 4191 1215 4260 quibusdam
1261 4189 1331 4245 ad
1366 4190 1470 4245 hoc
1506 4190 1685 4245 niten~

78 4283 230 4337 tibus
265 4288 331 4332 ut
366 4294 462 4334 rex
505 4293 600 4334 eas
642 4277 851 4334 faceret
882 4294 1032 4350 more
1062 4280 1234 4350 patris
1272 4294 1333 4337 ac
1357 4278 1543 4335 fratris
1579 4280 1680 4344 sui,

78 4388 188 4427 non
209 4369 383 4439 juxta
411 4378 737 4440 praeceptum
759 4379 816 4426 et
837 4370 1199 4428 obedientiam
1220 4371 1523 4443 apostolici.
1548 4369 1682 4426 Nam

78 4478 249 4533 papa,
288 4462 342 4515 in
386 4462 656 4516 sententia
698 4476 819 4530 quae
861 4462 1059 4517 exinde
1104 4463 1437 4533 promulgata
1479 4460 1681 4528 fuerat,

1295 3641 1421 3697 Vide
1472 3643 1527 3696 in
1578 3639 1682 3695 Pa.

1782 3296 1913 3358 patu
1959 3286 2330 3341 exlxibiturum
2357 3299 2519 3356 quam
2569 3282 2950 3340 ileret‘ordensi
2997 3281 3255 3338 Ecclesiae
3300 3280 3368 3335 ab

1782 3394 1848 3435 eo
1876 3377 2175 3435 sacrandus
2205 3377 2435 3432 antistes
2460 3376 2804 3446 promiserat.

1780 3491 1790 3520 ι
1854 3466 1990 3521 Exin
2028 3473 2293 3521 statutum
2322 3472 2407 3520 est
2459 3473 2519 3518 ut
2552 3464 2645 3533 qui
2692 3464 2761 3519 ad
2808 3472 3176 3534 episcopatum
3198 3464 3366 3516 electi

1779 3566 1937 3613 erant
1989 3555 2345 3612 Cantuariam
2399 3555 2576 3620 irent,
2628 3562 2685 3610 et
2738 3554 2809 3609 ibi
2864 3554 3142 3625 dignitatis
3195 3551 3369 3622 ipsius

1780 3648 2220 3705 benedictionem
2277 3659 2346 3700 ex
2404 3659 2557 3700 more
2610 3645 2971 3715 susciperent.
3020 3643 3369 3698 Willhelmus

1783 3737 1967 3808 itaque
1990 3734 2385 3793 Wintoniensis
2407 3773 2423 3799 ,
2447 3742 2504 3789 et
2547 3733 2813 3805 Rogerius
2858 3731 3255 3793 Serberiensis,
3303 3744 3371 3783 ac

1782 3828 2096 3885 Beinelmus
2122 3836 2251 3882 tunc
2271 3840 2442 3895 nuper
2463 3824 2720 3881 Ecclesia:
2750 3822 3130 3879 Herel‘ordensi
3147 3821 3370 3876 restitu—

1784 3929 1872 3976 tus
1908 3920 2194 3991 episcopus
2216 3960 2231 3985 ,
2261 3934 2491 3989 quorum
2530 3931 2693 3988 supra
2725 3914 3089 3977 meminimus,
3117 3926 3219 3966 nec
3256 3926 3369 3964 non

1785 4010 2134 4067 Willhelmus
2171 4011 2262 4080 qui
2301 4011 2567 4080 legatione
2592 4007 2736 4075 regis
2764 4004 2911 4074 fungi
2947 4002 3201 4068 solebat,
3234 4011 3366 4055 tunc

1785 4110 1968 4157 autem
2017 4101 2393 4157 Execestrensi
2451 4096 2707 4154 Ecclesia:
2762 4096 2968 4153 electus
3038 4094 3324 4164 episcopus
3350 4133 3368 4159 ,

1787 4192 2040 4250 Urbanus
2080 4204 2296 4262 quoque
2324 4188 2758 4259 Glamorgatensi
2795 4186 3051 4243 Ecclesia:
3075 4197 3098 4225 ε
3121 4227 3135 4251 ,
3164 4199 3284 4255 quae
3312 4186 3371 4241 in

1785 4284 1971 4342 Gualis
1996 4292 2102 4349 est,
2135 4282 2389 4339 similiter
2422 4282 2631 4337 electus
2674 4280 2989 4350 cpiscopus,
3018 4275 3181 4334 simul
3230 4276 3372 4332 Can-

1788 4375 2018 4431 tuariam
2048 4380 2339 4439 venerunt,
2370 4380 2426 4427 et
2454 4372 2507 4425 in
2532 4369 2812 4425 Dominica
2845 4368 2955 4433 die,
2980 4382 3101 4438 qua:
3125 4365 3229 4422 fuit
3261 4374 3371 4420 ter-

1789 4468 1864 4523 tio
1910 4468 2033 4523 ldus
2079 4464 2357 4537 Augustid
2393 4463 2598 4535 pariter
2646 4462 2714 4517 ab
2764 4459 3022 4516 Anselmo
3064 4457 3387 4514 consecrati.

79 4556 273 4608 minus
338 4559 520 4616 Stans.
575 4560 922 4606 concesserat
980 4550 1220 4607 lIOminia
1267 4567 1386 4622 quae
1436 4550 1685 4607 Urbanus
1717 4547 1953 4625 JI’sunt,
1993 4554 2429 4612 ministrantibus
2453 4562 2508 4608 et
2552 4551 2974 4622 cooperantihus
3018 4550 3119 4605 sibi
3170 4549 3225 4603 in
3264 4547 3371 4601 hoc

80 4658 227 4714 papa
269 4656 427 4712 aeque
469 4649 530 4696 ιιι
574 4640 927 4696 investitums
955 4640 1334 4708 interdixerat,
1363 4657 1429 4697 ac
1455 4658 1552 4712 per
1582 4643 1684 4698 hoc
1784 4649 1962 4708 oﬂicio
1998 4647 2357 4719 suﬂ'raganeis
2393 4644 2565 4715 ipsius
2610 4641 2792 4707 sedis,
2827 4639 3071 4696 Gerardo
3119 4636 3374 4692 videlicet

81 4749 281 4805 1'0ng
327 4732 433 4789 sibi
468 4731 535 4787 de
564 4731 902 4787 investituris
929 4743 1351 4789 consentaneum
1380 4734 1604 4801 fecerat,
1626 4743 1685 4789 ut
1784 4741 2195 4811 archiepiscopo
2222 4735 2572 4803 Eboracensi.
2615 4732 2853 4789 Βοιωτιο
2882 4728 3210 4786 Lincoliensi
3255 4727 3369 4796 cpi-

81 4842 149 4881 εἰ
184 4824 427 4896 εβίείοίθ
458 4838 620 4894 quam
646 4840 811 4895 ευρηι
852 4825 1239 4895 des‘il'ilmﬁl“8
1268 4824 1441 4896 6011583
1484 4834 1680 4895 POleSl-
1787 4848 1982 4903 scopo,
2015 4830 2213 4887 Joanni
2264 4826 2615 4883 Bathoniensi
2642 4865 2657 4889 ,
2692 4822 2960 4878 Herberto
3005 4817 3369 4881 Norwicensi,

81 4917 341 4983 Dehinc,
392 4927 658 4988 praesente
707 4918 997 4982 Anselmo,
1047 4928 1261 4976 astante
1319 4918 1682 4984 multitudine,
1788 4923 2025 4979 Roberto
2074 4919 2391 4987 Cestrensi,
2446 4912 2679 4971 Radulfo
2726 4910 3087 4975 Cicestrensi,
3137 4906 3372 4964 Ranulfo

84 5013 292 5065 annuit
322 5022 415 5065 rex
444 5017 501 5063 et
529 5008 721 5067 statuit
754 5018 815 5063 ut
843 5008 913 5062 ab
948 5023 1013 5063 eo
1050 5016 1289 5077 tempore
1328 5010 1382 5064 in
1423 5008 1688 5078 reliquum
1789 5012 2159 5068 Dunelmensi.
2186 5011 2309 5081 Ipso
2334 5010 2426 5064 die
2464 5006 2778 5077 priusquam
2810 5001 3125 5057 eorumdem
3153 4998 3369 5070 episco-

83 5116 379 5171 nunquam
413 5114 511 5171 per
542 5099 813 5156 dationem
849 5098 1024 5153 baculi
1061 5085 1350 5168 pastoralis
1382 5098 1464 5152 vel
1504 5098 1683 5154 annuli

1789 5122 1981 5176 porum
2010 5103 2481 5161 consecrationem
2520 5095 2808 5154 Anselmus
2835 5095 3061 5159 faceret,
3088 5091 3373 5164 praesenti-

82 5193 395 5264 quisquam
449 5191 767 5262 episcopatu
818 5189 904 5245 vel
956 5188 1170 5245 abbatia
1227 5203 1323 5260 per
1374 5205 1557 5262 regem
1604 5191 1689 5245 vel
1787 5197 1890 5252 bus
1915 5197 2076 5252 eiset
2105 5194 2375 5266 episcopis
2420 5190 2513 5263 qui
2550 5192 2916 5245 convenerant
2952 5184 3114 5256 juxta
3141 5182 3369 5240 manda-

1381 5323 1789 5384 IlENSCllEMl
1837 5327 2065 5386 NOTAE}.

163 5496 196 5558 β
236 5484 392 5558 Anno
422 5482 669 5558 sequenti
697 5481 856 5558 1107,
887 5480 1089 5558 Pascha
1120 5478 1220 5558 fuit
1246 5495 1335 5558 xiv
1359 5479 1579 5558 Aprilis.
1609 5552 1622 5558 _
1788 5487 1952 5558 (unde
1975 5485 2076 5542 sub
2096 5485 2313 5558 nomine
2336 5478 2765 5558 Land;tvwsitt_m
2787 5479 3157 5558 episcoporum
3174 5474 3376 5558 deliis.

158 5554 196 5595 δ
238 5544 579 5635 Celebratum
611 5552 664 5609 id
683 5561 767 5611 est
803 5544 880 5608 ιὰ.
910 5550 1059 5618 Maii,
1088 5550 1204 5607 sive
1224 5552 1367 5607 circa
1400 5544 1688 5609 Ascensio-
1788 5544 1879 5611 alii
1908 5558 2093 5680 agunt?
2118 5557 2185 5611 de
2211 5569 2315 5626 qua
2346 5562 2604 5609 actume
2628 5544 2936 5619 Februarii,
2964 5544 3054 5604 ubi
3084 5546 3150 5604 de
3172 5546 3231 5602 S.
3263 5544 3366 5600 Te-

158 5639 226 5677 :m
252 5624 486 5677 Domum.
1787 5628 1893 5680 liao
1922 5642 2037 5680 eius
2087 5627 2169 5680 oci
2197 5626 2467 5680 eniscono.

85 5624 486 5697 ngmynmini.
960 5692 993 5697 __
1064 5690 1121 5697 __
1382 5693 1394 5697 _
1667 5692 1681 5697 _

1787 5628 1893 5683 liao
1922 5624 2037 5697 ejus
2070 5624 2176 5697 loci
2197 5624 2467 5697 episcopo.

164 5704 194 5735 ο
240 5692 449 5747 Wallire
484 5706 613 5763 pars
662 5691 1027 5748 meridionalis
1055 5690 1427 5763 Clamorgnnia
1464 5700 1567 5754 est,
1617 5692 1682 5746 ad
1856 5697 1885 5739 ἀ
1926 5689 2147 5754 scilicet
2170 5689 2347 5751 littera
2371 5689 2683 5750 Dominieali
2711 5690 2752 5745 Ε

89 5764 349 5820 Subrius:
384 5762 716 5821 aestuarium.
749 5763 915 5821 Sedes
945 5764 1264 5836 episcopalis
1291 5762 1561 5820 Laud-avia
1585 5762 1686 5819 fuit
