3890 6306
579 310 681 365 167

1544 307 1628 363 EA
1641 307 1851 364 DMERI
1889 308 2449 371 CANTUARIENSIS
2489 313 2792 372 MONACIII
3676 325 3750 387 ιω

584 438 698 484 tum
757 427 960 483 domini
1009 441 1160 498 papa:
1195 427 1362 498 (nam
1407 426 1510 482 hoc
1535 427 1584 481 ei
1636 442 1732 497 per
1769 425 1976 483 litteras
2024 427 2154 484 olim
2185 439 2228 494 Α
2261 441 2632 492 consecretur,
2672 451 2690 482 ι
2729 430 2952 486 Refert:
2988 451 3004 483 ι
3047 431 3161 489 Non
3203 435 3376 490 omnia
3419 435 3627 493 facienda
3664 457 3748 499 sunt

589 519 937 573 mandaverat
961 518 979 588 )
1034 516 1267 572 reddidit
1295 515 1572 572 Ealdvvino
1605 507 1810 587 virgam
1831 518 2156 589 pastoralem

587 611 816 666 abbatize
845 611 910 665 de
941 609 1210 673 Ramesei,
1255 624 1448 679 quam,
1484 621 1543 664 ut
1589 625 1750 682 supra
1781 612 2155 678 meminimus,

578 701 896 771 perdiderat.
927 702 978 758 in
1009 702 1239 758 concilio
1269 702 1658 758 Lundoniensi.

652 791 707 846 In
731 792 1082 863 subsequenti
1105 793 1268 850 etiam
1295 793 1484 862 quinta
1527 791 1680 856 feria,
1708 795 1942 850 sacravit
1961 794 2014 850 in
2043 798 2157 866 ipsa

577 881 707 940 sede
755 870 1439 941 Robertum'monacbum
1488 885 1721 940 cmnobii
1774 887 1958 941 Sancti
2011 886 2156 944 Petri

580 972 1087 1044 Westmonasterii,
1133 975 1200 1031 ad
1243 975 1482 1048 regimen
1531 977 1767 1032 abbatis:
1842 978 2017 1032 sancti
2059 979 2159 1033 Ea-

577 1063 823 1120 dmundi.

649 1155 933 1214 Ordinatio
979 1166 1162 1214 autem
1228 1158 1439 1216 abbatis
1487 1159 1672 1215 Sancti
1719 1159 2000 1230 Augustini
2063 1175 2159 1230 per

577 1249 633 1304 id
656 1251 920 1320 temporis
943 1265 1008 1306 ea
1037 1267 1230 1320 causa,
1256 1260 1314 1306 ut
1344 1252 1417 1307 ita
1440 1253 1689 1317 dixerim,
1710 1252 1875 1308 dilata
1904 1261 1987 1306 est
2015 1253 2157 1322 quod

578 1341 698 1410 ipse
721 1340 814 1412 qui
848 1341 900 1396 in
930 1342 1217 1409 abbatem,
1245 1343 1452 1399 scilicet
1486 1342 1642 1412 Hugo
1684 1343 1983 1421 monachus
2026 1343 2159 1399 Bee-

576 1431 780 1497 censis,
809 1431 1013 1489 electus
1042 1421 1192 1502 erat,
1241 1434 1476 1490 nondum
1512 1449 1703 1490 sacros
1741 1434 1962 1490 ordines
1989 1435 2156 1492 babe-

572 1521 690 1576 bat.
727 1520 1020 1580 Ordinatus
1061 1537 1189 1580 vero
1220 1531 1304 1578 est
1348 1523 1416 1578 ad
1464 1523 1812 1582 diaconatum
1857 1523 1926 1578 ab
1973 1525 2156 1578 archi-

579 1611 834 1684 episcopo
860 1613 914 1668 in
944 1613 1146 1684 capella
1184 1629 1283 1670 sua
1311 1613 1614 1670 Cantuariae
1643 1630 1764 1672 eum
1792 1615 1975 1670 multis
1997 1615 2116 1670 aliis
2141 1657 2156 1682 ,

575 1703 634 1758 in
673 1703 882 1775 jejunio
921 1705 1132 1776 septimi
1183 1707 1414 1773 mensis,
1447 1715 1500 1762 et
1531 1708 1662 1762 item
1703 1707 1770 1764 ad
1816 1708 2158 1779 presbytera-

2263 535 2382 588 qua:
2410 519 2534 576 fidei
2564 519 2834 574 contraria
2869 536 2976 574 non
3005 530 3151 585 sunt,
3183 523 3416 591 alioquin
3451 526 3585 594 plura
3620 529 3750 587 iucun-

2263 603 2536 664 venientia
2565 610 2774 664 lierent.
2805 609 2918 664 Hoc
2946 626 3164 682 quoque
3193 614 3331 666 unde
3354 615 3748 686 agitur,quamvis,

2262 697 2306 751 si
2345 696 2540 763 ﬁerett,
2571 696 2692 752 fidei
2723 698 3054 752 contrarium
3086 715 3192 754 non
3219 711 3385 766 esset,
3413 702 3520 757 fieri
3543 716 3682 761 tamen
3705 727 3750 765 ex

2250 775 2651 843 consuetudine
2697 803 2805 844 non
2844 789 3034 856 debet,
3070 805 3136 848 eo
3181 791 3324 861 quod
3369 793 3522 849 nimis
3569 796 3749 855 income-

2256 877 2423 942 niens
2448 887 2612 934 esset.
2628 878 2690 934 Ei
2720 879 2918 950 quippe
2942 879 3032 950 qui
3060 883 3319 939 canonice
3349 883 3474 938 mihi
3499 895 3546 940 et
3565 886 3750 946 Ecclesia

2262 979 2461 1025 nostra:
2509 985 2605 1042 per
2648 970 2828 1026 omnia
2861 973 3051 1043 subjici
3104 974 3295 1039 debet,
3339 977 3570 1032 subditus
3607 981 3650 1035 in
3685 981 3751 1036 hoc

2262 1071 2448 1116 contra
2497 1061 2743 1118 ordinem
2792 1062 2998 1120 ﬁerem.
3051 1065 3135 1121 Ad
3187 1066 3342 1134 lucc,
3394 1069 3752 1142 archiepiscopus

2261 1151 2664 1210 Cantuariensis
2693 1153 2899 1224 primas
2943 1166 3022 1212 est
3053 1156 3218 1212 totius
3245 1157 3468 1230 Anglim,
3494 1160 3668 1228 Scotiat,
3692 1163 3752 1218 lii-

2260 1243 2464 1299 bcrniae
2490 1253 2544 1300 et
2575 1243 2940 1314 adiacentium
2979 1247 3304 1314 insularum,
3345 1265 3442 1306 nec
3470 1266 3559 1320 pro
3591 1253 3752 1326 alicujus

2259 1348 2508 1404 personae
2553 1337 2989 1414 consecratione,
3045 1337 3150 1393 nisi
3198 1339 3526 1396 solummodo
3571 1343 3684 1414 regis
3712 1361 3752 1400 ac

2262 1426 2483 1497 reginae,
2531 1427 2713 1482 sedem
2748 1413 2902 1482 suam
2949 1443 3013 1484 ex
3043 1430 3430 1486 consuetudine
3453 1413 3695 1502 egreditur.
3717 1437 3752 1490 Si

2261 1531 2390 1586 ergo
2426 1532 2514 1571 rex
2565 1517 2679 1572 vult
2708 1529 2768 1574 ut
2796 1533 2896 1590 ego
2942 1521 3192 1576 eumdem
3249 1522 3506 1577 honorem
3543 1524 3752 1579 exhibeam

2261 1609 2444 1664 abbati
2472 1609 2659 1666 Sancti
2691 1612 2974 1684 Augustini
3006 1629 3169 1684 quem
3201 1614 3329 1680 sibi,
3356 1630 3534 1685 parem
3560 1632 3660 1672 eum
3682 1618 3754 1685 vult

2262 1702 2314 1757 in
2343 1717 2510 1770 regno
2537 1717 2636 1758 suo
2668 1702 2847 1759 facere
2869 1704 2995 1761 sibi.
3026 1705 3179 1772 Quod
3203 1721 3270 1763 ne
3302 1706 3396 1762 fiat
3427 1708 3640 1774 consulo,
3660 1709 3754 1763 sicut

573 1805 690 1850 tum
731 1813 760 1849 a
795 1795 1105 1854 Willhelmo
1127 1797 1422 1854 Exoniensi
1468 1799 1722 1868 episcopo
1763 1799 1816 1854 in
1846 1800 2036 1856 eadem
2067 1813 2156 1854 ea.
2191 1779 2233 1840 Β
2261 1791 2312 1846 ei
2359 1792 2445 1846 cui
2486 1792 2646 1848 fidem
2679 1794 2878 1861 debeo,
2909 1805 3174 1865 quatenus
3221 1811 3280 1853 se
3312 1798 3379 1853 ab
3424 1797 3520 1852 hac
3546 1798 3748 1853 voluntate

570 1885 711 1956 pelia
743 1883 949 1955 jejunio
973 1885 1169 1944 decimi
1194 1888 1395 1944 mensis
1420 1901 1468 1942 ι.
1501 1888 1794 1945 Anselmus
1821 1890 1966 1944 enim
2007 1887 2158 1944 infir-

571 1978 846 2044 mabatur,
871 1986 924 2032 et
955 1979 1154 2048 partim
1184 1994 1247 2036 ea
1278 1995 1358 2046 re,
1387 1981 1586 2052 partim
1619 1991 1843 2052 propter
1869 1980 2157 2036 imminens

571 2052 773 2122 festum
815 2067 1128 2124 Nativitatis
1164 2068 1366 2124 Christi
1391 2110 1409 2137 ,
1450 2070 1806 2126 Cantuariam
1847 2070 1916 2125 ad
1957 2069 2151 2126 Ansel-

570 2173 722 2214 mum
750 2157 892 2214 idem
923 2158 1208 2231 episc0pus
1228 2148 1416 2238 jussus
1445 2171 1692 2217 venerat.
1720 2161 1850 2217 Post
1888 2161 2003 2216 haec
2033 2174 2154 2215 cum

570 2246 865 2304 Anselmus
903 2238 1300 2306 ordinationem
1353 2250 1526 2322 ipsius
1581 2252 1795 2309 abbatis
1849 2252 2157 2309 accelerare

574 2329 757 2404 vellet,
814 2355 880 2394 eo
910 2341 1054 2410 quod
1086 2356 1174 2396 res
1203 2341 1460 2398 Ecclesia:
1493 2343 1896 2412 pessumibant,
1938 2350 1996 2398 et
2022 2356 2156 2413 quo-

571 2430 706 2511 tidie
735 2431 788 2486 in
821 2431 905 2486 sui
931 2431 1344 2511 diminutionem
1370 2433 1515 2490 intus
1538 2443 1593 2490 et
1617 2443 1776 2490 extra
1805 2434 2153 2500 decidebant,

571 2508 743 2577 voluit
771 2531 830 2578 ut
867 2509 1158 2593 praedictus
1183 2525 1472 2598 episcopus
1516 2541 1643 2583 eum
1689 2528 1746 2583 in
1789 2527 2040 2584 abbatem
2088 2526 2158 2583 ad

572 2614 747 2690 altare
798 2614 1002 2672 Christi
1041 2617 1351 2690 .C‘antguaria:
1401 2619 1718 2676 solemniter
1762 2619 1863 2690 (se
1907 2619 2154 2690 aSIante)

571 2715 938 2762 consecraret.
973 2705 1079 2763 Sed
1110 2707 1200 2762 ubi
1233 2709 1512 2765 monachis
1534 2709 1723 2766 Sancti
1752 2710 2040 2780 Augustini
2069 2724 2157 2766 res

569 2795 848 2864 innotuit,
900 2797 965 2852 ad
1015 2799 1494 2855 contradicendum
1549 2800 1778 2856 animati
1823 2808 1970 2856 sunt.
2018 2797 2153 2855 Nam

568 2883 869 2942 Ecclesium
911 2877 1074 2942 suam
1096 2889 1375 2966 privilegia
1403 2890 1606 2947 habere
1648 2891 1998 2948 commentati
2027 2899 2156 2946 sunt

567 2991 670 3045 per.
696 2993 818 3048 qua:
856 2978 1106 3036 abbatem
1152 2995 1310 3036 suum
1358 2997 1466 3036 non
1509 2981 1612 3036 nisi
1649 2982 1702 3036 in
1729 2982 1859 3038 sede
1885 2997 1982 3038 sua
2009 2982 2156 3038 ordi-

569 3067 694 3121 nari
751 3067 950 3124 debere
1000 3069 1287 3125 manifesta
1339 3070 1665 3141 allegatione
1721 3084 1782 3126 se
1833 3071 2155 3142 probaturos

570 3160 1172 3216 asseruerunt.Duravit
1193 3171 1372 3217 autem
1389 3161 1507 3216 haec
1529 3160 1719 3217 fabula
1735 3162 1948 3217 illorum
1970 3162 2158 3218 diebus

572 3249 894 3313 nonnullis,
933 3251 1191 3307 Anselmo
1243 3252 1553 3308 nullatenus
1617 3254 1907 3310 assertioni
1971 3269 2157 3309 eorum

570 3340 766 3396 cedere
802 3340 1035 3398 volente.
1068 3341 1308 3400 Tandem
1358 3345 1412 3398 in
1467 3344 1624 3399 initio
1670 3345 2099 3416 quadragesima:
2127 3347 2150 3386 ι

569 3448 698 3487 eum
724 3432 1009 3490 Anselmus
1033 3434 1200 3504 juxta
1228 3434 1565 3502 Lundoniam
1593 3451 1690 3508 pro
1718 3436 1988 3507 colloquio
2016 3436 2158 3504 regis

567 3525 847 3590 venisset,
893 3526 1111 3596 quidam
1140 3541 1206 3581 ex
1255 3527 1388 3597 ipsis
1426 3527 1712 3583 monachis
1757 3542 1896 3597 quos
1929 3527 1995 3583 ad
2043 3542 2156 3582 rem

570 3614 932 3670 exercendam
1000 3615 1038 3670 ii
1093 3615 1186 3685 qui
1241 3615 1388 3670 domi
1441 3626 1818 3680 remanserant
1862 3617 1978 3686 pari
2032 3625 2156 3672 voto

568 3703 802 3759 selectos
830 3717 898 3760 eo
921 3703 1256 3772 direxerant,
1283 3705 1505 3762 omissis
1535 3706 1835 3777 privilegiis
1870 3706 1985 3762 suis
2014 3705 2156 3776 (quae

566 3794 713 3850 nulla
743 3795 824 3850 vel
849 3811 953 3850 non
985 3804 1101 3850 rata
1129 3812 1160 3850 a
1188 3812 1312 3868 rege
1337 3805 1392 3852 et
1420 3797 1756 3868 principibus
1793 3798 2147 3870 comprobata

564 3893 694 3959 sunt
718 3895 776 3940 et
801 3886 1078 3957 damnata)
1108 3901 1204 3957 per
1230 3901 1358 3942 suos
1399 3879 1690 3942 advocatos
1716 3886 1827 3956 regi
1858 3901 2150 3956 persuase-

567 3986 696 4036 runt
755 3971 828 4033 ut.
863 3979 1124 4034 Anselmo
1173 3979 1462 4035 mandaret
1513 3979 1766 4036 abbatem
1817 3978 1870 4034 in
1925 3978 2153 4033 ecclesia

567 4066 758 4124 Sancti
800 4067 1085 4138 Augustini
1137 4082 1204 4123 ex
1261 4067 1480 4140 antiqua
1521 4067 1914 4124 consuetudine
1959 4083 2152 4124 conse«

567 4174 744 4214 crare.
800 4158 970 4228 llujus
1027 4160 1267 4215 mandati
1315 4160 1490 4216 nuntii
1541 4161 1762 4216 fuerunt
1809 4158 2153 4215 Willhelmus

567 4246 857 4316 episcopus
881 4245 1274 4304 Wintoniensis
1301 4287 1316 4313 ,
1360 4255 1416 4302 et
1464 4248 1728 4318 Rogerius
1753 4247 2150 4311 Serberieusis.

568 4349 628 4396 et
659 4338 1002 4394 Willhelutus
1028 4339 1370 4406 Exoniensis,
1398 4355 1519 4395 cum
1559 4341 1896 4398 Giesleberto
1927 4341 2147 4406 abbate,

2263 1885 2534 1940 cohibeat.
2569 1884 2650 1940 Re
2700 1887 2900 1941 etenim
2931 1901 3058 1942 vera
3090 1887 3211 1942 dico
3255 1887 3381 1957 quia
3413 1888 3455 1944 si
3501 1887 3547 1942 in
3586 1904 3752 1958 unquam

2213 2029 2220 2034 .
2261 1983 2412 2029 tanta
2443 1973 2770 2030 inordinatio
2800 1976 2852 2030 in
2881 1975 3073 2048 Anglia
3121 1976 3266 2032 facta
3298 1977 3485 2042 fuerit,
3531 1993 3620 2032 non
3649 1980 3754 2034 modo

2261 2066 2394 2136 regi,
2424 2065 2517 2138 sed
2545 2065 2986 2138 archiepiscopis,
3025 2068 3294 2138 episcopis
3319 2109 3335 2135 ,
3383 2068 3688 2138 principibus.
3717 2080 3750 2123 et

2261 2158 2356 2213 toti
2384 2171 2550 2230 regno
2576 2159 2779 2227 grande
2801 2157 3272 2232 cpprobium-erit.
3301 2178 3319 2210 ι
3352 2159 3593 2214 Dixerunt
3615 2176 3625 2212 :
3647 2159 3753 2218 «Eia.

2257 2249 2308 2304 si.
2333 2264 2454 2305 eum
2494 2251 2548 2306 in
2577 2253 2707 2309 sede
2749 2267 2846 2307 sua
2876 2250 3136 2307 ordinare
3170 2251 3290 2306 istis
3335 2251 3616 2306 rationibus
3647 2261 3750 2305 actus

2259 2353 2366 2393 non
2416 2339 2528 2408 vis,
2561 2340 2786 2395 mandat
2817 2348 2876 2394 ut
2905 2339 2958 2393 in
3007 2354 3105 2394 sua
3152 2338 3392 2411 capella,
3437 2354 3496 2416 se
3538 2348 3754 2410 prasente,

2259 2430 2408 2486 illum
2437 2431 2680 2487 ordinari
2715 2431 2998 2500 permittas
3036 2432 3103 2485 ab
3133 2429 3320 2501 aliquo
3346 2431 3677 2502 episcoporum
3701 2431 3756 2487 cui

2259 2522 2372 2592 ipse
2401 2523 2739 2594 praeceperit.
2782 2542 2800 2575 ι
2836 2523 3134 2594 Respondit
3173 2539 3187 2576 :
3229 2541 3249 2574 ι
3296 2521 3406 2578 Cur
3451 2523 3584 2577 illum
3620 2524 3669 2577 ab
3688 2521 3755 2576 alio

2257 2612 2513 2682 episeopo
2549 2613 2789 2668 ordinari
2834 2614 3210 2684 permitterem
3259 2629 3423 2684 quem
3471 2629 3598 2684 ego,
3639 2614 3755 2684 grati:

2259 2701 2375 2767 Dei,
2409 2717 2507 2772 pro
2535 2716 2655 2758 meo
2675 2700 2819 2770 jure,
2858 2703 2934 2756 uti
2959 2703 3150 2765 debeo,
3179 2703 3438 2758 ordinare
3460 2703 3588 2773 potis
3610 2701 3754 2756 sum?»

2263 2811 2282 2845 ι
2315 2793 2382 2847 Ει
2423 2791 2526 2848 hoc
2559 2792 2800 2863 quidem,
2829 2792 3004 2856 aiunt,
3035 2792 3239 2856 mallet,
3269 2803 3336 2848 ut
3363 2793 3471 2849 illic
3492 2808 3599 2849 eum
3621 2800 3662 2846 tu
3683 2791 3758 2860 ipse

2257 2897 2624 2939 consecrares.
2661 2902 2680 2936 ι
2718 2883 2902 2938 Dixit:
2935 2902 2952 2935 ι
2989 2883 3045 2938 Si
3073 2883 3176 2939 hoc
3201 2882 3394 2940 fecero
3427 2881 3689 2939 nonnullam
3707 2881 3757 2934 in-

2251 2973 2450 3043 juriam
2491 2973 2682 3029 faciam
2715 2975 2814 3045 ipsi
2857 2975 3076 3032 domino
3112 2990 3264 3042 meo;
3303 2991 3480 3032 meum
3507 2975 3756 3046 quippenon

2257 3073 2342 3120 est
2387 3066 2437 3120 in
2489 3065 2694 3136 capella
2743 3064 2861 3136 ejus
2904 3065 3124 3120 missam
3154 3065 3464 3130 celebrare,
3495 3065 3585 3120 ttisi
3608 3063 3758 3135 quando

2263 3158 2376 3228 ipse
2399 3157 2561 3213 debet
2589 3173 2620 3213 a
2667 3171 2752 3212 me
2779 3157 3053 3212 coronari.
3101 3156 3294 3226 Itaque
3344 3157 3391 3212 si
3437 3157 3531 3213 hoc
3568 3155 3676 3210 facio
3697 3168 3759 3223 pro

2261 3249 2471 3304 abbatis
2520 3250 2962 3310 consecratione,
3025 3248 3206 3317 regius
3257 3247 3438 3302 honor
3491 3246 3694 3305 vilescct,
3727 3251 3760 3295 et

2260 3339 2511 3411 deinceps
2543 3340 2646 3395 utei
2704 3338 2951 3410 exemplo
2997 3328 3264 3410 exigetur.
3297 3355 3401 3410 pro
3451 3335 3754 3393 consuetudine

2259 3433 2400 3500 quod
2425 3433 2685 3487 hactenus
2725 3431 2890 3487 ﬁebat
2928 3439 3135 3486 statuto
3164 3439 3416 3500 tempore
3443 3445 3533 3500 pro
3555 3428 3648 3484 solo
3667 3426 3758 3493 regis

2262 3525 2483 3578 honore.
2514 3521 2709 3577 Verum
2747 3523 2872 3592 quia
2919 3523 3033 3593 ipse
3065 3521 3178 3576 vult
3203 3531 3262 3576 ut
3293 3522 3534 3592 proxime
3556 3530 3756 3574 consecre-

2260 3626 2368 3682 tur,
2419 3631 2486 3672 eo
2527 3617 2670 3685 quod
2701 3615 2939 3683 nondum
2994 3614 3320 3670 confirmato
3365 3615 3550 3668 abbate
3572 3611 3757 3664 ﬂuctuant

2259 3723 2344 3763 res
2373 3707 2619 3772 abbatiaa,
2661 3705 2707 3762 si
2747 3706 2994 3771 voluerit,
3025 3707 3112 3761 hic
3154 3707 3206 3760 in
3237 3705 3445 3776 capella
3485 3700 3663 3772 hospitii
3685 3697 3755 3750 mei

2258 3798 2694 3864 eumordiuabo,
2719 3797 2974 3866 quoniam
3005 3797 3227 3867 quidem
3276 3797 3412 3852 mihi
3445 3795 3587 3850 facile
3612 3795 3758 3847 naues!

2259 3905 2357 3960 pro
2403 3899 2510 3944 tam
2542 3888 2647 3943 levi
2687 3903 2745 3944 re
2771 3889 2879 3944 hac
2903 3889 3020 3944 vice
3057 3887 3416 3944 Cantuariam
3465 3889 3553 3942 ire.
3587 3881 3757 3937 illam

2257 3988 2382 4036 sunt
2403 3980 2504 4036 ista
2536 3980 2646 4049 regi
2673 3988 2748 4046 et,
2779 3979 3077 4050 approbata
3111 3979 3328 4034 ratione
3357 3975 3602 4039 Anselmi,
3631 3970 3756 4026 [auctr

2257 4075 2332 4127 vit
2358 4081 2416 4127 ut
2443 4071 2665 4127 omissis
2687 4072 2900 4126 cunctis
2935 4069 3302 4140 objectionum
3333 4067 3626 4138 ambagibus
3645 4059 3756 4114 abbas

2256 4171 2589 4226 sacraretur,
2621 4161 2698 4216 uti
2749 4162 2886 4218 dixit
2927 4161 3240 4217 Auselmus.
3279 4157 3558 4216 Ordinavit
3583 4154 3703 4225 igitur
3719 4148 3756 4201 il

2257 4255 2364 4308 lum
2397 4270 2448 4308 tv
2483 4252 2602 4306 Kal.
2635 4252 2832 4318 Martii,
2860 4254 3046 4322 quinta
3094 4251 3230 4307 feria
3281 4251 3471 4322 prima:
3519 4244 3754 4315 septimm-t

2254 4342 2695 4414 Quadragesima:
2717 4345 2857 4414 apud
2876 4343 3231 4399 Lambetham
3259 4341 3316 4395 in
3345 4338 3545 4409 capella
3565 4327 3757 4389 Rodiensis

569 4426 1040 4484 Westntouasterii
1064 4444 1237 4500 arege
1252 4429 1317 4484 ad
1341 4430 1676 4506 Anselmum.
1700 4431 1997 4500 Respondit
2022 4446 2152 4502 ergo
2185 4457 2228 4510 ι)
2253 4437 2517 4506 ecclesire,
2568 4437 2659 4492 ubi
2715 4445 2841 4490 tunc
2889 4435 3182 4490 Anselmus
3217 4442 3339 4487 erat
3375 4429 3660 4500 hospitatus.
3691 4421 3755 4472 Αε-

567 4516 860 4573 Anselmus
891 4535 906 4572 :
947 4534 966 4570 ι
1011 4517 1068 4572 Si
1111 4533 1203 4572 rex
1237 4534 1322 4574 me
1356 4530 1574 4590 rogaret
1599 4529 1870 4596 quatenus
1906 4537 2004 4591 pro
2050 4536 2148 4576 suo

569 4623 758 4664 amore
788 4609 963 4680 ipsum
1011 4609 1260 4684 abbatem
1297 4609 1350 4664 in
1405 4609 1630 4665 ecclesia
1676 4626 1772 4665 sua
1803 4613 2153 4682 ordinarem,

564 4698 816 4754 fortassis
857 4697 1134 4765 facerem,
1179 4712 1243 4753 ea
1310 4697 1776 4764 consideratione,
1830 4715 1896 4756 eo
1953 4701 2147 4755 intuitu

563 4791 707 4861 quod
739 4777 1147 4845 antecesserunt
1193 4804 1482 4853 meorum,
1517 4788 1658 4859 juris
1698 4788 1801 4844 fuit
1828 4800 1883 4847 et
1913 4792 2015 4846 mei
2065 4801 2149 4847 est

563 4880 934 4938 indill'erenter
960 4895 1056 4951 per
1084 4879 1355 4950 Angliam,
1388 4879 1696 4948 ubicunque
1726 4879 1974 4936 voluntas
2002 4882 2140 4947 tulit,

563 4973 870 5044 episcopale
913 4972 1146 5028 omcium
1181 4971 1584 5028 administrare.
1616 4971 1769 5028 Nunc
1807 4983 1986 5028 autem
2017 4976 2146 5044 quia

566 5067 790 5122 mandat
816 5075 876 5122 ut
914 5066 966 5122 id
991 5065 1187 5122 faciam
1213 5079 1280 5120 ex
1310 5065 1704 5120 consuetudine
1735 5106 1750 5130 ,
1771 5065 1891 5120 dico
1919 5081 2144 5121 consue-

568 5155 772 5210 tudinis
794 5155 922 5209 illud
966 5171 1070 5212 non
1111 5172 1250 5214 esse.
1290 5177 1308 5210 ι
1344 5156 1552 5211 Atilii:
1591 5174 1610 5208 ι
1647 5155 1703 5211 Si
1751 5165 1940 5212 contra
1981 5157 2140 5213 fidem

565 5257 674 5304 non
699 5259 824 5304 esse
861 5239 1213 5317 dignoscitur,
1243 5247 1466 5304 omnino
1501 5246 1614 5302 vult
1659 5256 1715 5300 ut
1763 5247 1816 5302 in
1862 5260 1958 5302 sua
2015 5235 2147 5304 sede

2259 4539 2412 4602 cepta
2442 4531 2510 4587 ab
2551 4545 2617 4586 eo
2654 4527 3013 4600 professione,
3046 4541 3112 4581 ex
3143 4539 3317 4589 more,
3347 4539 3452 4593 qua
3487 4535 3543 4575 se
3577 4511 3756 4572 Ecclesia

2259 4620 2650 4677 Doroberneusi
2694 4628 2749 4675 et
2796 4615 3224 4686 archiepiscopis
3256 4614 3381 4684 ejus
3426 4607 3666 4666 canonica:
3697 4612 3756 4668 per

2256 4710 2435 4766 omnia
2465 4709 2809 4765 obediturutn
2857 4705 3128 4777 promisit.
3177 4704 3216 4758 li
3270 4717 3406 4775 ergo
3434 4700 3522 4771 qui
3563 4693 3755 4785 adueniat

2257 4801 2426 4858 tnulto
2452 4802 2732 4858 honestius
2780 4801 2954 4870 ipsum
2991 4795 3304 4854 Cantuariaa
3353 4794 3581 4866 potuisse
3615 4794 3753 4875 samo

2256 4890 2526 4958 dixerunt,
2556 4901 2632 4958 et,
2661 4893 2801 4962 quod
2837 4889 3013 4958 major
3035 4891 3207 4944 honor
3231 4895 3384 4943 esset
3423 4881 3609 4948 abbati,
3635 4888 3755 4942 mli"

2253 4998 2374 5038 rere
2409 4992 2616 5054 patrem
2648 4982 2840 5054 patriae
2879 4997 2978 5054 pro
3005 4979 3388 5037 benedictione
3419 4991 3510 5032 sua
3544 4976 3590 5026 iu
3620 4975 3754 5061 RKl-‘9‘

2250 5073 2356 5143 Ρυιί
2425 5075 2554 5128 sede
2613 5090 2780 5145 quam
2842 5073 2895 5127 in
2975 5071 3183 5141 capella
3244 5067 3513 5124 Roﬂ'ensis
3562 5057 3753 5118 ecclesia

2250 5163 2392 5216 Inter
2427 5162 2542 5219 bzec
2565 5162 2849 5219 Anselmus
2885 5160 3035 5220 misit
3075 5159 3302 5216 domino
3347 5171 3497 5242 papae
3541 5145 3752 5223 epistolam

2250 5252 2387 5309 hanc
2417 5273 2430 5308 :

1873 5354 2286 5416 HENSCHENII
2318 5361 2556 5421 NOTAE.

636 5459 664 5489 ι
699 5445 1082 5528 Hunepassim
1103 5445 1343 5530 Quatuor
1375 5448 1700 5530 Temper-um
1756 5461 2139 5530 nuncupantur

562 5517 667 5572 ista
709 5515 914 5588 jejunia
941 5559 956 5584 ,
986 5533 1052 5571 eo
1102 5517 1244 5586 quod
1273 5521 1468 5586 quater
1512 5515 1569 5572 in
1622 5515 2095 5588 annohabeantur
2127 5538 2142 5577 :

561 5585 763 5655 septimi
792 5596 972 5642 autem
997 5595 1055 5642 et
1105 5585 1303 5641 decimi
1331 5590 1522 5642 mensis
1564 5585 1872 5643 nominibus
1903 5587 2148 5644 indican-

560 5667 649 5711 tur
671 5655 990 5727 September
1018 5667 1071 5713 et
1117 5657 1431 5724 December,
1462 5667 1516 5712 et.
1557 5655 1697 5714 infra
1729 5657 1948 5714 nomine
1974 5662 2149 5728 quarti

560 5728 748 5783 mensis
775 5726 986 5783 Junius.

559 5741 748 5784 manus
775 5741 986 5783 Junius.

2319 5481 2349 5522 ιι
2371 5482 2541 5554 Anno
2569 5482 2703 5539 nos
2731 5475 3013 5547 bissextili.
3044 5483 3257 5554 quando
3273 5479 3482 5554 Pascha
3507 5468 3751 5554 inciditig'

2251 5552 2469 5621 Aprilis.
2505 5563 2555 5609 et
2579 5555 2695 5609 dies
2714 5540 2967 5612 Cinerum
2997 5540 3165 5610 in'xu
3191 5551 3475 5609 Februarii
3504 5546 3662 5603 litteris
3683 5540 3750 5591 ου’

2255 5623 2591 5681 minicalibus
2626 5625 2730 5680 ΕΟ.
