3890 6306
94 362 205 419 οὔθ

1166 360 1493 420 HISTORIA
1526 361 1886 422 NOVORUM.
1928 394 1997 407 —
2023 363 2149 421 LIB.
2189 366 2272 423 IV.

3246 377 3371 438 'm

170 495 192 528 ι
231 472 480 530 Paschali
521 472 741 531 domino
779 471 1041 544 Patrique
1084 474 1415 541 reverenda,
1476 491 1690 531 summo
1717 483 1766 542 Α
1803 492 2024 548 operam
2055 479 2185 535 dare
2240 478 2473 536 instituit
2516 481 2746 552 qttaliter
2792 499 2971 557 anque
3017 489 3178 545 modo
3226 493 3365 549 mala

93 566 387 639 pontifici,
449 566 788 631 Anselmus,
856 579 1045 621 servus
1125 566 1384 622 Ecclesiae
1442 567 1681 623 Cantua-

92 661 317 727 riensis,
350 658 587 714 debitam
623 657 991 714 obedientiam
1037 672 1159 714 cum
1202 658 1505 715 orationum
1546 658 1683 716 assi-

88 754 324 808 duitate.
918 798 921 801 λ
1202 799 1205 801 _

163 862 184 894 ι
224 841 345 896 Non
387 840 561 897 debeo
586 852 775 897 tacere
800 841 1137 897 excellentiae
1160 850 1372 909 vestrae,
1410 843 1553 912 quod
1584 859 1683 914 per

86 950 210 991 eam
251 934 345 990 Dei
379 935 551 1006 gratia
574 944 832 1005 Operatur
862 934 915 989 in
945 934 1135 1007 Anglia
1178 943 1235 989 et
1264 936 1316 990 in
1356 934 1681 991 Northman-

88 1026 198 1080 nia.
233 1025 348 1081 Rex
384 1025 477 1095 qui
509 1025 822 1080 dominatur
843 1024 1032 1093 Anglis
1056 1033 1111 1079 et
1138 1025 1526 1081 Northmannis
1550 1025 1679 1083 obe-

84 1118 306 1173 dientcr
343 1117 648 1188 suscipiens
682 1125 919 1172 vestram
945 1115 1271 1183 iussionem,
1302 1117 1676 1173 investituram

87 1208 480 1271 Berlesiarum,
516 1207 879 1264 renitentibus
914 1206 1125 1274 multis,
1156 1207 1377 1262 omnino
1407 1209 1673 1274 deseruit;

83 1299 236 1370 quod
275 1308 338 1353 ut
365 1297 589 1365 faceret,
609 1296 880 1351 Robertus
901 1310 1085 1351 comes
1120 1296 1186 1350 de
1217 1295 1470 1351 Mellento
1494 1306 1551 1352 et
1576 1296 1675 1351 Ri.

85 1389 330 1447 chardus
370 1390 438 1445 de
468 1388 754 1455 Redneris,
779 1395 841 1443 ut
877 1386 1066 1442 fideles
1091 1386 1259 1442 vestri
1293 1396 1347 1442 et
1374 1387 1468 1441 lilii
1493 1387 1677 1443 Eccle-

82 1485 179 1539 siae
217 1480 470 1537 veritatis
512 1480 770 1546 attracti,
821 1479 1047 1533 monitis
1088 1478 1441 1533 vehementer
1469 1477 1676 1534 instite-

80 1582 234 1629 runt.
288 1572 405 1628 Rex
450 1572 565 1641 ipse
628 1571 681 1625 in
737 1570 984 1641 personis
1040 1566 1301 1638 eligendis
1368 1568 1676 1625 nullatenus

80 1664 306 1737 propria
336 1662 504 1718 utitur
550 1661 851 1726 voluntate,
879 1662 974 1716 sed
1007 1659 1383 1731 religiosorum
1419 1675 1478 1716 se
1517 1661 1668 1731 peni-

79 1768 167 1813 tus
197 1754 493 1811 committit
518 1753 765 1809 eonsiiio.
792 1753 866 1808 De
902 1767 988 1807 me
1016 1761 1201 1807 autem
1242 1759 1473 1822 quantas
1503 1751 1675 1807 debeo

1788 584 1909 640 qua:
1945 584 2214 641 pauperes
2256 572 2494 629 maxime
2536 574 2911 645 deprimebant
2965 580 3363 648 mitigarentur.

1784 658 1952 730 Cujus
2002 659 2129 714 boni
2163 661 2446 717 exordium
2497 678 2697 733 gnarus
2746 681 2776 720 a
2827 682 2923 723 sua
2980 670 3129 725 curia
3179 675 3361 744 coepit.

1786 750 2056 821 Tempore
2109 752 2373 822 siquidem
2425 753 2607 813 fratris
2656 759 2739 814 sui
2792 761 2933 832 regis
2974 762 3117 818 hunc
3158 764 3362 821 morem

1783 841 2071 898 multitudo
2098 858 2287 899 eorum
2315 844 2406 914 qui
2441 846 2646 902 curiam
2684 850 2801 919 ejus
2849 854 3220 923 sequebantur
3261 856 3362 911 ha-

1781 935 1942 991 bebat
1971 943 2031 990 ut
2052 950 2171 1006 qua:
2199 939 2599 1005 pessundarent
2626 941 2950 1013 diriperent,
2983 953 3067 1012 et,
3094 947 3242 1002 nulla
3269 963 3364 1004 eos

1778 1026 2070 1083 cohibente
2099 1028 2406 1098 disciplina,
2459 1038 2625 1086 totam
2656 1040 2856 1087 terram
2879 1076 2894 1101 ,
2937 1050 3037 1104 per
3064 1051 3224 1107 quam
3267 1054 3365 1095 rex

1780 1118 1930 1183 ibat,
1979 1118 2344 1176 devastarent.
2412 1121 2723 1178 Accedebat
2779 1124 2865 1179 his
2922 1126 3064 1181 aliud
3113 1130 3358 1185 malum:

1780 1208 1995 1279 plurimi
2026 1224 2259 1280 namque
2304 1226 2492 1267 eorum
2542 1228 2637 1268 sua
2691 1212 2905 1269 malitia
2932 1227 2958 1256 ι
2995 1216 3222 1273 debriati
3262 1220 3361 1293 [αι.

1780 1297 2075 1371 iuebriati],
2106 1299 2235 1354 dum
2266 1310 2479 1372 reperta
2519 1302 2572 1357 in
2604 1303 2852 1373 hospitiis
2875 1320 2995 1375 qua:
3036 1306 3365 1365 invadebant

1778 1388 1991 1458 penitus
2034 1390 2319 1447 absumere
2345 1409 2451 1448 non
2481 1393 2755 1462 valebant,
2784 1410 2850 1452 ea
2879 1406 3059 1453 autem
3090 1400 3156 1454 ad
3183 1400 3361 1458 forum

1776 1493 1874 1548 per
1897 1478 2117 1537 eosdem
2138 1482 2305 1554 ipsos,
2322 1499 2551 1554 quorum
2578 1495 2756 1553 erant,
2780 1502 2879 1558 pro
2904 1504 3004 1543 suo
3032 1488 3183 1547 lucro
3214 1491 3363 1547 ferre

1776 1587 1841 1627 ac
1871 1574 2104 1630 vendere
2133 1616 2148 1640 ,
2200 1584 2294 1630 aut
2337 1578 2615 1646 supposito
2667 1578 2793 1650 igne
2843 1595 3110 1649 cremare,
3142 1592 3272 1646 aut,
3314 1583 3361 1639 si

1776 1672 1934 1735 potus
1971 1675 2148 1732 esset,
2170 1666 2295 1722 lotis
2321 1668 2518 1723 exinde
2549 1684 2813 1738 equorum
2857 1684 3077 1726 suorum
3111 1673 3357 1743 pedibus,

1776 1758 2050 1813 residuum
2080 1758 2224 1814 illius
2264 1772 2359 1829 per
2390 1769 2588 1815 terram
2618 1759 2916 1827 effundere,
2951 1770 3045 1817 aut
3071 1772 3218 1818 certe
3249 1763 3359 1817 ali-

76 1845 292 1912 grat?as
332 1854 574 1915 paternae
618 1842 940 1911 benignilali
988 1853 1185 1900 vestra!
1227 1842 1516 1899 scribendo
1564 1856 1672 1898 non
1705 1862 1749 1921 Β
1777 1866 1885 1921 quo
1927 1851 2034 1907 alio
2080 1852 2241 1907 modo
2282 1852 2593 1922 diSpcrdere
2646 1853 2914 1909 solebant.
2965 1854 3096 1922 Quae
3129 1871 3260 1911 vero
3304 1858 3360 1909 in

76 1934 289 1990 sufficio
325 1934 575 2001 reddere,
611 1932 704 1989 sed
733 1948 826 1989 eas
877 1932 929 1987 in
979 1934 1168 1990 charta
1197 1933 1375 1989 cordis
1404 1934 1509 1989 mei
1536 1933 1673 1988 scri-

76 2033 203 2096 ptas
224 2024 346 2093 lego
368 2024 608 2079 assidue.
623 2022 758 2079 Cum
784 2023 953 2089 enim,
971 2024 1114 2079 sicut
1135 2024 1281 2080 servi
1296 2024 1460 2080 vestri
1482 2024 1666 2081 dilecti

76 2119 282 2173 fratres
311 2116 483 2173 nostri
511 2115 856 2172 Willhelmus
900 2124 957 2171 et
1003 2116 1298 2173 Balduinus
1349 2116 1669 2184 retulerunt,

75 2208 206 2263 vitae
247 2223 385 2264 mete
410 2206 775 2277 corruptibilis
813 2222 1000 2262 curam
1049 2223 1117 2264 ne
1155 2209 1265 2266 cito
1309 2208 1524 2266 deficiat
1562 2220 1669 2266 tam

74 2298 317 2367 benigna
364 2296 732 2352 sollicitudine
774 2296 906 2351 mihi
953 2310 1145 2368 gerere
1186 2298 1516 2369 praecipitis,
1560 2314 1669 2355 non

73 2388 354 2442 modicum
403 2386 621 2458 pietatis
668 2384 920 2445 affectum
965 2387 1393 2457 magnitudinem
1431 2397 1669 2445 vestram

74 2497 208 2553 erga
235 2480 557 2549 parvitatem
598 2494 774 2535 meam
806 2478 1009 2535 habere
1045 2480 1673 2552 monstratis.0mnipo-o

73 2583 198 2629 tens
229 2574 374 2630 Deus
397 2573 563 2628 vitam
587 2581 825 2629 vestram
855 2573 1012 2629 nobis
1045 2573 1099 2629 in
1135 2574 1283 2629 omni
1305 2574 1668 2645 prosperitate

70 2664 165 2719 diu
197 2664 492 2719 custodiat.
525 2682 544 2716 ι

144 2756 305 2812 Ilanc
332 2755 615 2827 epistolam
648 2756 850 2813 idcirco
885 2756 1090 2828 placuit
1137 2756 1263 2813 huic
1303 2757 1453 2827 operi
1496 2757 1667 2812 admi-

69 2865 260 2913 scere,
295 2857 357 2904 ut
383 2864 445 2904 ea
469 2857 607 2905 teste
634 2857 1063 2906 monstraremus
1091 2864 1211 2918 qua:
1243 2851 1308 2905 de
1334 2850 1666 2906 investituris

70 2938 445 2995 Ecclesiarnm
475 2938 713 2994 diximus
742 2946 858 2994 rata
893 2953 1031 2994 esse.
1058 2939 1141 2995 Ad
1169 2955 1331 3009 quam
1348 2940 1512 2995 etiam
1542 2956 1665 2996 cor-

70 3032 375 3088 rectionem
404 3030 743 3087 Mellentinus
788 3045 972 3088 comes
1018 3046 1117 3101 pro
1158 3031 1357 3087 litteris
1412 3047 1547 3102 quas
1580 3033 1658 3101 ei,

67 3135 309 3195 ntsupra
330 3122 819 3195 seripsimus,papa
838 3123 1132 3191 direxerat,
1159 3126 1453 3194 perductus
1479 3124 1658 3191 fuerit,

1775 1940 2188 2012 patresfamilias
2214 1942 2473 2009 crudelia,
2492 1958 2612 2012 quae
2627 1944 2680 1998 in
2704 1959 2901 2000 uxores
2920 1961 2986 2000 ac
3006 1945 3145 2001 ﬁlias
3166 1960 3357 2001 eorum

1774 2032 2077 2088 indecentia
2114 2033 2366 2099 fecerint,
2397 2034 2672 2090 reminisci
2704 2035 2891 2107 pudet.
2918 2034 3028 2090 Has
3064 2037 3133 2092 ob
3158 2050 3356 2092 causas

1771 2124 1971 2195 quique
1995 2167 2010 2192 ,
2058 2126 2391 2197 praecognita
2432 2127 2574 2198 regis
2614 2127 2870 2193 adventu,
2905 2143 3001 2184 sua
3042 2128 3355 2184 habitacula

1771 2215 2066 2287 fugiebant,
2094 2216 2196 2273 sibi
2236 2218 2486 2288 suisque,
2519 2229 2782 2288 quantum
2806 2219 3081 2285 valebant,
3109 2219 3163 2273 in
3206 2218 3358 2275 silvis

1768 2310 1856 2361 vet
1887 2306 2010 2361 aliis
2031 2305 2187 2371 locis,
2218 2305 2271 2360 in
2294 2306 2489 2377 quibus
2516 2321 2576 2362 se
2620 2307 2783 2361 tutari
2823 2321 2986 2378 posse
3024 2305 3356 2378 sperabant,

1769 2397 2132 2454 consulentes.
2168 2396 2305 2454 Huic
2334 2397 2477 2455 malo
2530 2414 2625 2455 rex
2668 2398 2932 2455 Henricus
2967 2399 3168 2454 mederi
3212 2399 3357 2455 desi-

1767 2489 1984 2555 derans,
2008 2488 2214 2544 indicto
2253 2489 2434 2544 edicto
2474 2490 2728 2545 omnibus
2773 2489 2866 2559 qui
2918 2489 3118 2559 aliquid
3165 2503 3355 2545 eorum

1767 2595 1887 2650 quae
1923 2579 2057 2645 dixi,
2096 2578 2293 2634 fecisse
2318 2579 2538 2649 probari
2569 2588 2840 2649 poterant,
2888 2588 2983 2634 aut
3007 2578 3192 2634 oculos
3214 2580 3353 2643 erui,

1767 2678 1858 2724 aut
1874 2682 2064 2724 manus
2076 2670 2160 2724 vel
2184 2670 2349 2740 pedes
2364 2669 2447 2724 vel
2470 2669 2573 2723 alia
2591 2670 2833 2726 membra
2848 2670 3120 2725 constanti
3143 2668 3357 2739 iustitia

1765 2767 2020 2815 strenuus
2067 2759 2301 2816 faciebat
2346 2760 2635 2831 amputari.
2681 2759 2811 2827 Quae
2836 2758 3073 2829 justitia,
3104 2759 3159 2814 in
3187 2759 3358 2829 pluri-

1764 2851 1867 2906 bus
1896 2852 2031 2918 visa,
2060 2861 2286 2907 cancros
2317 2852 2682 2922 integritatem
2728 2851 2811 2906 sui
2843 2859 3090 2908 amantes
3121 2851 3190 2905 ab
3220 2850 3355 2904 alio-

1766 2957 1884 2997 rum
1912 2942 2131 2998 Iaasione
2155 2942 2484 2999 deterrebat.

1833 3033 1968 3089 Item
2003 3044 2221 3090 moneta
2259 3042 2512 3105 corrupta
2539 3042 2596 3089 et
2624 3034 2758 3090 falsa
2804 3033 2989 3089 multis
3018 3033 3355 3089 modis’tnul-

1768 3132 1850 3179 tos
1884 3122 2174 3196 afﬂigebat.
2210 3129 2382 3192 Quam
2432 3139 2526 3179 rex
2575 3126 2675 3180 sub
2704 3132 2851 3179 tanta
2884 3123 3355 3178 animadversione

66 3216 233 3286 hujus
283 3215 594 3271 testimonio
636 3214 953 3285 designare,
1001 3216 1118 3285 pari
1167 3224 1294 3271 voto
1342 3217 1490 3272 cordi
1538 3218 1659 3271 fuit.
1690 3222 1735 3285 ο
1766 3216 1967 3287 corrigi
2009 3217 2198 3271 Statuit
2228 3225 2284 3271 ut
2309 3216 2486 3271 nullus
2509 3217 2599 3285 qui
2623 3222 2805 3285 posset
2834 3206 3160 3286 deprehendi
3189 3212 3354 3269 falsos

66 3307 147 3362 Re
176 3306 380 3363 etenim
403 3322 528 3362 vera
556 3308 624 3364 ab
661 3309 726 3365 iis
752 3310 808 3364 in
839 3308 1033 3378 quibus
1059 3307 1189 3363 olim
1213 3316 1462 3364 versatus
1483 3309 1663 3366 fuerat

63 3395 309 3466 quadam
344 3412 409 3449 ex
434 3404 589 3467 parte
616 3404 855 3452 mutatus
878 3405 1015 3463 erat,
1045 3396 1089 3451 si
1116 3396 1332 3466 quidem
1354 3397 1485 3467 justi
1515 3411 1664 3451 ama-

63 3498 155 3543 tor
188 3487 311 3544 istis
354 3489 664 3554 consilium,
690 3489 800 3545 illis
832 3489 1114 3556 auxilium,
1144 3489 1418 3560 aliquibus
1454 3498 1663 3545 utrum-

65 3592 193 3648 que,
220 3576 379 3647 juxta
400 3580 543 3649 quod
568 3580 707 3635 ratio
734 3581 1002 3650 exigebat,
1028 3594 1172 3650 sape
1199 3580 1509 3645 exhibebat.
1541 3580 1657 3635 Rex

66 3668 187 3737 ipse
225 3666 516 3734 Henricus,
555 3668 700 3724 illius
734 3670 960 3724 consilio
986 3668 1040 3723 in
1076 3669 1229 3737 regni
1259 3669 1495 3739 negotiis
1526 3685 1663 3741 pra:-

64 3759 304 3813 stantius
328 3767 383 3814 et
404 3759 676 3816 efﬁcacius
697 3761 908 3816 cteteris
929 3762 1179 3825 credens,
1205 3759 1448 3816 defuncti
1475 3760 1661 3817 fratris

64 3850 149 3905 sui
176 3850 323 3920 regis
352 3852 577 3920 vestigia
600 3853 774 3922 sequi,
800 3852 940 3908 sicut
962 3851 1255 3919 fatebatur,
1277 3853 1650 3923 perhorrebat.

64 3942 601 4009 Attamcnprazfatus
634 3958 820 3998 comes
861 3957 960 3998 nec
994 3942 1196 4013 Anglos
1245 3943 1505 4015 diligere,
1560 3960 1659 4000 nec

64 4035 304 4105 aliquem
328 4033 544 4089 illorum
563 4033 631 4091 ad
653 4034 1080 4092 ecclesiasticam
1098 4033 1415 4106 dignitatem
1436 4036 1658 4105 provehi

64 4128 399 4197 patiebatur.

137 4218 317 4290 Supra
346 4228 648 4276 memorato
672 4219 999 4292 Gundulpho
1025 4220 1268 4276 Rotfensi
1302 4221 1558 4292 episcopo
1591 4220 1659 4276 de

64 4312 167 4368 hac
218 4312 333 4366 vita
387 4312 619 4377 sublato,
668 4312 960 4368 Anselmus
1006 4312 1073 4366 ad
1115 4327 1239 4367 eum
1295 4311 1658 4383 sepeliendum

66 4402 279 4458 Beiram
326 4403 451 4469 ivit,
480 4402 609 4472 qui,
662 4402 920 4472 obsequio
973 4402 1073 4457 sub
1106 4418 1300 4474 magna
1360 4403 1656 4475 lugentium

65 4494 492 4557 monachorum,
541 4491 860 4547 clericorum
885 4492 952 4546 de
1000 4491 1260 4546 laieorum
1309 4491 1656 4546 multitudine

1766 3306 2019 3361 denarios
2049 3305 2255 3371 facere,
2283 3307 2462 3376 aliqua
2499 3305 2890 3374 redemptione,
2922 3306 3051 3374 quin
3089 3304 3278 3360 oculos
3300 3315 3357 3361 et

1765 3398 2048 3454 inferiores
2075 3398 2321 3469 corporis
2368 3406 2553 3468 partes
2577 3398 2863 3468 perderet,
2890 3395 3078 3464 iuvari
3124 3395 3352 3452 valeret.

1766 3491 1831 3546 Et
1891 3493 2147 3562 quoniam
2199 3492 2517 3562 saepissime,
2552 3491 2678 3545 dum
2731 3489 2941 3545 denarii
2991 3489 3353 3559 eligebantur,

1763 3583 2149 3649 ﬂectebantur,
2173 3585 2584 3654 rumpebantur,
2617 3581 3034 3651 respuebantur,
3064 3581 3255 3636 statuit
3296 3589 3360 3635 ut

1766 3672 1941 3728 nullus
1980 3674 2235 3728 denarius
2268 3673 2355 3727 vel
2389 3674 2580 3729 obolus
2632 3673 2842 3743 integer
2885 3678 3050 3727 esset.
3107 3671 3184 3725 Ex
3238 3676 3357 3741 quo

1763 3763 1909 3818 facto
1939 3748 2193 3835 magnum
2223 3766 2422 3821 bonum
2447 3765 2515 3819 ad
2540 3772 2753 3833 tempus
2781 3762 2875 3816 toti
2906 3776 3077 3833 regno
3105 3746 3351 3817 cre'atnm

1760 3864 1861 3910 est.
1895 3853 2095 3913 Haecin
2122 3854 2470 3911 saecularibus
2498 3854 2563 3909 ad
2606 3852 2926 3909 relevandas
2962 3860 3123 3908 terrm
3154 3867 3353 3907 aerum-

1762 3964 1862 4004 nas
1894 3949 2109 4003 interim
2141 3963 2236 4003 rex
2268 3949 2520 4003 faciebat.
2863 3960 2870 3967 ‘

1834 4039 2025 4094 Divina
2070 4040 2423 4095 nihilominus
2452 4038 2625 4095 oﬂicia
2677 4038 2934 4110 quoniam
2985 4037 3205 4111 indigne
3255 4024 3373 4106 per.

1761 4131 2121 4201 quorumdam
2152 4126 2494 4185 sacerdotum
2527 4145 2721 4184 manus
2746 4143 2812 4183 co
2838 4140 3010 4197 usque
3036 4127 3353 4181 tractaban-

1761 4230 1867 4285 tur,
1901 4220 2167 4276 sollicitus
2199 4221 2400 4282 institit
2427 4228 2486 4275 ut
2517 4227 2573 4274 et
2604 4221 2718 4290 ipsa
2752 4232 2849 4273 suo
2879 4220 2986 4273 ritu
3030 4226 3183 4273 caste
3212 4215 3354 4272 cele-

1760 4309 2070 4365 brarentur.
2100 4309 2251 4364 Multi
2281 4323 2475 4379 nempe
2513 4309 2961 4380 presbyterorum
2992 4312 3189 4361 statuta
3220 4319 3352 4359 con-
3450 4306 3455 4311 '

1760 4402 1866 4458 eilii
1895 4402 2316 4467 Lundoniensis,
2336 4416 2508 4457 necne
2531 4400 2830 4460 vindictam
2858 4413 3019 4470 quam
3052 4398 3106 4453 in
3129 4413 3222 4454 eos
3254 4411 3367 4453 rex.

1759 4500 2101 4562 exercuerat,
2139 4507 2373 4563 quorum
2423 4494 2671 4564 superius
2705 4491 3035 4547 mentionem
3086 4489 3347 4559 fecimus,

65 4585 325 4640 decenter
349 4582 586 4653 expleto,
611 4597 698 4638 res
722 4583 889 4652 ipsius
917 4582 1196 4653 episcopii,
1230 4582 1371 4666 sicut
1401 4583 1655 4652 expedire
1688 4583 1732 4637 D
1758 4594 2144 4657 postponentes
2177 4625 2192 4653 ,
2235 4599 2363 4641 suas
2421 4583 2653 4639 feminas
2697 4583 3009 4638 retinebant
3036 4621 3050 4645 ,
3083 4590 3178 4637 aut
3204 4590 3353 4644 certe

64 4676 256 4732 melius
284 4666 638 4745 intelligebat,
668 4674 734 4741 ad
774 4690 909 4744 opus
945 4674 1201 4730 Ecclesiae
1232 4676 1377 4730 intus
1412 4683 1467 4729 et
1495 4684 1652 4728 extra

62 4780 186 4821 suas
228 4763 486 4819 videlicet
511 4762 799 4819 ordinavit.
822 4763 1052 4818 Baculus
1097 4773 1277 4819 autem
1327 4764 1654 4834 episcopalis

62 4856 416 4911 Cantuariam
441 4859 508 4910 ab
533 4854 755 4909 Ernulfo
791 4855 1059 4911 monacho
1087 4855 1345 4919 Rolfensi,
1380 4857 1471 4927 qui
1506 4857 1652 4926 ejus;

63 4950 177 5002 dem
203 4946 449 5018 episcOpi
472 4944 785 5016 capellanus
819 4945 1123 5010 exstiterat,
1142 4961 1240 5016 pro
1269 4960 1419 5001 more
1445 4946 1654 5001 delatus

64 5049 165 5104 est,
212 5047 271 5094 et
318 5039 372 5093 in
410 5037 697 5108 praesentia
731 5035 959 5091 fratrum
1007 5052 1166 5108 super
1219 5038 1393 5094 altare
1440 5036 1653 5093 Domini

65 5128 369 5185 Salvatoris
391 5138 772 5199 pnosentatus.

132 5222 278 5276 Inter
307 5222 413 5277 ista
457 5237 550 5277 rex
604 5222 868 5285 Henricus
911 5223 1261 5279 censiderans
1307 5233 1478 5280 totum
1519 5240 1657 5295 pene

66 5327 291 5381 regnum
320 5314 374 5368 in
406 5327 626 5384 gravem
655 5328 951 5379 terumnam
979 5315 1162 5371 multis
1192 5331 1258 5370 ex
1299 5317 1480 5371 causis
1508 5316 1654 5369 decio

68 5405 242 5476 disse,
290 5421 390 5478 per
434 5406 718 5463 consilium
745 5406 986 5463 Anselmi
1039 5417 1093 5464 et
1130 5422 1414 5478 procerum
1463 5409 1619 5479 regni

1758 4679 2025 4733 duxerant
2066 4692 2205 4748 quas
2247 4676 2399 4746 prius
2437 4691 2544 4730 non
2593 4674 2891 4730 habebant.
2924 4671 3074 4738 Quod
3118 4671 3352 4725 inconti-

1757 4767 1956 4822 nentiae
1986 4766 2196 4821 crimen
2221 4780 2315 4820 rex
2336 4764 2651 4819 subvertere
2688 4762 2911 4833 cupiens
2938 4798 2955 4826 ,
2982 4758 3236 4815 adunatis
3279 4760 3363 4813 ad'

1757 4858 1963 4913 curiam
1996 4872 2153 4912 suam
2188 4856 2239 4910 in
2272 4854 2618 4912 solemnitate
2662 4854 3012 4909 Pentecostes
3040 4849 3179 4918 apud
3204 4848 3349 4902 Lun-

1762 4950 1982 5006 doniam
2031 4949 2243 5006 cunctis
2282 4946 2577 5018 majoribus
2629 4944 2809 5014 regni,
2850 4944 2917 4996 de
2962 4940 3179 5010 negotio
3223 4953 3359 4993 eum-

1758 5041 2015 5097 Anselmo
2057 5039 2469 5110 archiepiscopo
2503 5046 2558 5093 et
2596 5036 2809 5091 caeteris
2848 5031 3114 5103 epise0pis
3143 5028 3348 5102 Anglia:

1762 5133 2046 5195 tractavit,
2101 5143 2303 5200 eosque
2354 5130 2421 5185 ad
2476 5128 2679 5184 malum
2736 5125 2885 5180 illum
2936 5122 3359 5192 exstirpandum

1761 5222 1926 5293 regali
1967 5220 2293 5276 auctoritate
2342 5216 2784 5290 atquepotentia
2834 5214 2999 5270 fultos
3049 5213 3343 5269 roboravit.

1764 5312 1919 5368 Unde
1968 5311 2255 5367 Anselmus
2318 5310 2759 5379 archiepiscopus
2807 5304 3252 5370 Cantuariensis,
3291 5312 3362 5358 et;

1767 5405 2004 5462 Thomas
2057 5404 2263 5462 electus
2305 5401 2751 5472 archiepiscopus
2791 5397 3149 5457 Eboracensis
3198 5396 3347 5469 (nam

1399 5580 1806 5639 HENSCIIENII
1842 5582 2076 5642 ΝΟΤᾹΞ.

114 5709 166 5739 Α
204 5698 468 5770 Dalmata
516 5712 617 5768 pro
669 5698 929 5770 inebriare
979 5698 1175 5770 saepius
1230 5696 1283 5752 in
1341 5704 1650 5753 sanctorum

67 5765 215 5839 Actis
258 5765 666 5832 oerurrit,.vox
713 5768 901 5839 utique
950 5765 1073 5838 apta
1120 5769 1245 5824 licet
1266 5783 1432 5831 aureo
1460 5770 1658 5824 satculo

73 5837 271 5912 ignota,
299 5840 568 5913 siquidem
598 5839 733 5901 bria.
757 5837 825 5895 ut
847 5837 1027 5897 volunt
1059 5839 1298 5913 quidam,
1321 5848 1523 5897 certam
1549 5838 1656 5896 vini

1762 5710 2076 5752 mensuram
2097 5695 2461 5766 significabat;
2491 5704 2549 5751 ut
2569 5698 2742 5751 ebrius
2763 5704 2818 5751 et
2837 5693 3052 5766 debrius
3069 5692 3337 5766 dicantur,

1765 5767 1920 5836 quasi
1960 5767 2026 5823 de
2074 5760 2689 5827 velw-extravtnensuram
2736 5772 2945 5838 potus:
2973 5762 3201 5830 sobrii“.
3245 5760 3365 5816 SUb‘

1768 5851 1955 5896 mensu
1964 5852 2041 5896 ra.
2052 5888 2059 5891 ἠ
