3890 6306
500 372 600 430 4⁵11

1461 365 1767 423 EADMERI
1804 358 2363 422 CANTUARIENSIS
2408 352 2715 418 MONACHI

3664 355 3757 411 67$

504 486 780 543 Gerardus
817 494 943 541 tunc
988 499 1159 555 nuper
1197 486 1263 539 ad
1311 483 1557 539 eamdem
1607 484 1814 539 curiam
1849 479 2073 537 tendens
2102 490 2145 540 Α
2248 476 2343 531 llis
2367 475 2557 531 diebus
2582 488 2761 531 sermo
2789 471 3006 528 habitus
3030 470 3206 527 estde
3241 469 3501 540 parochia
3530 469 3757 540 episcopi

507 575 739 648 abierat)
781 584 836 632 et
873 590 1062 631 omnes
1105 574 1195 631 alii
1240 576 1445 646 Anglim
1490 575 1726 644 episcOpi
1772 580 2083 631 statuerunt

506 665 563 721 in
586 665 873 736 praesentia
901 666 1141 737 ejusdem
1166 665 1384 738 gloriosi
1418 666 1560 737 regis
1591 666 1829 730 Henrici,
1855 677 2079 720 assensu

503 758 744 813 omnium
773 758 1036 814 barouum
1066 771 1284 812 suorum
1307 797 1321 824 ,
1350 766 1410 812 ut
1460 757 1759 828 pcesbyteri
1786 795 1802 823 ,
1832 752 2040 812 diaconi
2062 804 2078 830 ,

502 845 817 902 subdiaconi
855 855 1005 904 caste
1040 847 1318 915 viverent,
1367 854 1424 900 et
1462 846 1689 903 feminas
1732 846 1788 902 in
1833 846 2079 902 domibus

500 938 616 995 suis
644 953 750 994 non
784 938 1068 1005 haberent,
1092 947 1290 1010 praeter
1309 938 1586 1008 proximas
1607 936 2078 1009 consanguinitate

499 1031 602 1087 sibi
629 1030 866 1101 iunctas,
900 1032 1195 1088 secundum
1221 1031 1365 1102 quod
1391 1039 1575 1087 sancta
1604 1029 1817 1086 Nicaeus
1840 1029 2077 1100 synodus

500 1121 765 1178 deﬁnivit.
801 1122 880 1178 Illi
904 1137 1035 1180 vero
1074 1122 1406 1195 presbyteri,
1456 1123 1699 1185 diaconi,
1730 1120 2074 1186 subdiaconi,

499 1212 592 1281 qui
632 1221 754 1282 post
801 1212 1148 1268 interdictum
1182 1211 1577 1268 Lundoniensis
1601 1210 1813 1267 concilii
1845 1209 2073 1265 feminas

497 1315 629 1356 suas
658 1309 976 1369 tenuerunt,
997 1302 1083 1357 vel
1114 1302 1248 1359 alias
1270 1303 1557 1367 duxerunt,
1598 1303 1643 1358 si
1690 1300 1919 1373 amplius
1944 1302 2075 1356 mis-

498 1403 618 1444 sam
649 1390 924 1447 celebrare
952 1392 1177 1458 vellent,
1204 1407 1299 1447 eas
1325 1392 1548 1449 omnino
1587 1407 1619 1447 a
1643 1390 1968 1465 sefaecrent
1995 1392 2073 1448 sic

499 1480 710 1537 alienas
746 1490 806 1537 ut
857 1496 958 1538 nec
1007 1482 1110 1538 illa:
1137 1482 1191 1536 in
1228 1482 1414 1537 domos
1443 1496 1663 1548 eorum,
1721 1497 1822 1539 nec
1860 1482 1961 1553 ipsi
2016 1483 2071 1538 in

498 1571 690 1628 domos
716 1587 901 1628 earum
940 1573 1243 1640 intrarent,
1271 1575 1366 1630 sed
1395 1588 1570 1645 neque
1600 1575 1652 1629 in
1696 1574 1875 1645 aliqua
1913 1575 2072 1630 domo

498 1660 737 1717 scienter
784 1663 1154 1728 convenirent,
1204 1678 1382 1734 neque
1423 1663 1727 1733 huiusmodi
1766 1663 1979 1720 femina:
2016 1664 2068 1719 in

500 1752 776 1809 territorio
804 1754 1047 1810 ecclesia:
1069 1754 1411 1820 habitarent;
1442 1756 1488 1810 si
1519 1765 1697 1811 autem
1725 1763 1945 1827 propter
1972 1753 2070 1809 επιξ-

496 1858 660 1913 quam
687 1844 969 1900 honestam
994 1861 1233 1912 causam,
1256 1861 1351 1902 eos
1375 1845 1605 1917 colloqui
1629 1855 1919 1917 Oporterct,
1948 1862 2070 1903 cum

496 1934 707 1991 duobus
744 1936 812 1993 ad
858 1937 1037 1992 minus
1084 1937 1338 2008 legitimis
1369 1938 1627 2004 testibus,
1664 1945 1820 1993 extra
1852 1937 2070 1993 domum

497 2021 958 2092 colloquerentur.
989 2024 1049 2083 Si
1073 2040 1203 2083 vero
1225 2027 1279 2081 in
1307 2027 1516 2083 duobus
1544 2035 1637 2082 aut
1666 2029 1718 2083 in
1753 2027 1921 2083 tribus
1943 2027 2072 2099 legi-

496 2111 645 2167 timis
694 2114 958 2181 testibus,
1010 2116 1091 2170 vel
1158 2117 1372 2186 publica
1427 2118 1876 2188 parochianorum
1928 2118 2073 2174 fama

497 2202 695 2273 aliquis
741 2219 930 2262 eorum
979 2218 1265 2264 accusatus
1306 2219 1472 2275 esset,
1499 2212 1642 2281 quod
1673 2212 1775 2265 hoc
1812 2220 2071 2266 statutum

494 2292 787 2361 violasset,
816 2306 1075 2367 purgaret
1124 2313 1185 2354 se
1221 2300 1492 2371 adiunctis
1519 2300 1622 2357 sibi
1656 2316 1838 2357 secum
1866 2303 2072 2358 ordinis

494 2383 584 2439 sui
614 2384 823 2443 idoneis
850 2388 1107 2455 testibus;
1143 2404 1261 2456 sex,
1304 2391 1349 2446 si
1379 2392 1683 2465 presbyter;
1724 2394 1960 2464 quinque
1980 2433 1994 2460 ,
2024 2394 2069 2452 si

497 2474 791 2543 diaconus;
828 2487 1045 2557 quater,
1085 2480 1131 2536 si
1182 2481 1544 2539 subdiaconus
1566 2492 1731 2539 esset.
1756 2483 1854 2538 Cui
1890 2493 2070 2540 autem

496 2564 616 2620 haec
639 2568 889 2639 purgatio
914 2568 1187 2636 deﬁceret,
1218 2579 1277 2626 ut
1315 2581 1682 2644 transgressor
1717 2575 1857 2630 sacri
1880 2576 2069 2631 statuti

492 2651 844 2724 judicaretur.
867 2659 946 2715 Illi
967 2671 1148 2717 autem
1163 2663 1464 2734 presbyteri
1486 2665 1576 2735 qui
1601 2666 1766 2721 divini
1798 2667 1987 2723 altaris
2015 2677 2070 2723 et

493 2758 775 2805 sacrorum
813 2750 1062 2807 ordinum
1095 2763 1497 2824 contemptores
1530 2771 1671 2826 prose
1696 2757 1905 2828 igerent
1945 2773 2068 2813 cum

493 2834 815 2894 mulieribus
834 2838 1099 2907 habitare,
1131 2857 1160 2897 a
1185 2843 1371 2900 divino
1413 2844 1591 2900 ofﬁcio
1620 2848 1811 2901 remoti
1841 2855 1898 2901 et
1922 2849 2069 2903 omni

491 2923 867 2984 ecclesiastico
910 2928 1174 2987 beneﬁcio
1201 2918 1419 3003 privati,
1447 2944 1601 2989 extra
1646 2934 1871 2991 chorum
1898 2949 2067 3007 pone-

490 3024 683 3073 rentur
730 3017 963 3077 infames
1011 3024 1367 3091 pronuntiati.
1421 3025 1527 3094 Qui
1578 3042 1712 3083 vero
1756 3029 1975 3085 rebellis
2015 3039 2071 3085 et

491 3116 836 3180 contemptor
864 3110 1122 3168 feminam
1164 3129 1315 3169 suam
1357 3130 1465 3170 non
1497 3116 1824 3187 relinqueret
1859 3127 1915 3173 et
1940 3119 2068 3174 mis-

491 3214 612 3257 sam
638 3198 918 3261 celebrare
962 3212 1330 3273 praesumeret,
1355 3216 1579 3262 vocatus
1624 3213 1693 3263 ad
1738 3208 2066 3265 satisfactio-

493 3303 639 3355 nem,
669 3290 716 3346 si
751 3291 1065 3364 negligeret,
1096 3304 1292 3351 octavo
1335 3296 1424 3353 die
1450 3298 2066 3356 excommunicarentur.

494 3378 695 3436 Eadem
742 3384 1013 3441 sententia
1062 3385 1474 3445 archidiaconos
1520 3390 1635 3461 (27)
1684 3399 1737 3445 et
1778 3393 2070 3450 canonicos

491 3486 686 3528 omnes
730 3474 1235 3544 complectebatur,
1279 3488 1388 3534 tam
1441 3480 1511 3536 de
1546 3480 1868 3539 mulieribus
1906 3485 2071 3541 relin-

493 3562 725 3630 quendis
752 3578 916 3633 quam
964 3566 1032 3623 de
1074 3568 1293 3624 vitanda
1324 3583 1512 3625 earum
1544 3574 1983 3640 conversatione,
2015 3586 2073 3632 et

493 3648 564 3705 de
601 3649 942 3710 districtione
986 3670 1253 3724 censurae,
1292 3660 1338 3716 si
1380 3670 1578 3719 statuta
1615 3666 1910 3736 trangressi
1940 3666 2073 3723 fuis-

492 3749 634 3844 sent.
664 3739 917 3807 Jurarcnt
944 3746 1165 3817 insuper
1191 3751 1558 3810 archidiaconi
1593 3771 1785 3813 omnes
1809 3758 1951 3829 quod
1977 3774 2089 3831 pe--

492 3836 709 3887 cuniam
733 3849 841 3890 non
871 3836 1178 3909 acciperent
1208 3856 1307 3911 pro
1341 3843 1616 3900 toleranda
1643 3848 2089 3918 transgressione-

492 3920 654 3991 ltujus
680 3927 890 3989 statuti.
918 3942 1021 3983 nec
1047 3928 1339 3987 tolerarent
1367 3934 1747 4006 presbyteros,
1785 3954 1925 4009 quos
1964 3941 2070 3996 sci-

492 4022 617 4070 rent
636 4015 888 4090 _feminas
918 4018 1122 4076 habere
1145 4061 1161 4087 ,
1200 4033 1424 4080 cantare
1452 4026 1534 4082 vel
1577 4028 1810 4085 vicarius
1840 4031 2067 4097 habere,

491 4114 548 4161 et
575 4107 625 4163 si
652 4122 763 4191 eos.
780 4110 1030 4167 audirent
1050 4112 1370 4172 calumniari
1392 4158 1407 4181 ,
1432 4119 1715 4176 veritatem
1745 4121 1869 4177 inde
1894 4122 2071 4192 inqui-

493 4205 700 4253 rerent.
726 4198 987 4257 Similiter
1024 4212 1080 4258 et
1123 4205 1313 4261 decani
1351 4206 1467 4264 haec
1505 4210 1692 4267 eadem
1740 4226 1837 4281 per
1887 4213 2069 4267 omnia

488 4285 759 4352 iurarent.
796 4288 899 4356 Qui
949 4305 1079 4348 vero
1106 4296 1522 4352 archidiaconus
1556 4299 1641 4357 vel
1683 4302 1919 4359 decanus
1967 4302 2072 4359 hoc

488 4376 676 4447 jurare
704 4378 891 4446 nollet,
930 4383 1431 4444 archidiaconatum
1461 4390 1546 4445 vel
1585 4391 1907 4448 deeanatum
1937 4394 2071 4449 irre-

2184 564 2540 621 Lincoliensis
2567 578 2686 634 qua:
2732 561 2785 616 in
2821 560 3422 623 nimiumtendehatur,
3451 574 3761 628 eoquepro-

2170 656 2346 711 cessit
2372 653 2491 727 (28)
2525 663 2604 717 ut,
2632 651 2885 722 quoniam
2914 652 3053 708 ratio
3079 649 3511 707 Christianitatis
3538 648 3598 702 id
3641 649 3761 704 utile

2181 746 2299 803 fore
2346 746 2645 809 suadebat,
2711 742 2825 812 regi
2877 748 2933 797 et
2986 740 3394 810 archiepiscopo
3447 737 3759 805 ceterisqne

2180 836 2515 909 principibus
2547 833 2899 905 regnivisuut
2934 829 3117 896 fuerit,
3146 830 3213 884 de
3244 830 3358 900 ipsa
3385 827 3653 897 parochi:
3674 842 3761 882 suo

2181 932 2433 984 mendum
2462 942 2569 997 quo
2596 928 2751 981 fleret
2775 922 2915 978 alter
2942 922 3284 993 episcopatus
3303 919 3447 989 (29),
3478 916 3638 985 cujus
3674 932 3758 971 ca-

2182 1019 2380 1073 thedrte
2408 1016 2742 1088 principatus
2790 1021 3081 1084 poneretur
3125 1012 3182 1066 in
3234 1010 3455 1065 abbatia
3506 1008 3580 1063 de
3629 1006 3757 1062 lleli.

2178 1108 2281 1165 Sed
2303 1107 2607 1171 Anselmus,
2639 1119 2803 1177 quem
2830 1103 3002 1172 ipsius
3031 1102 3230 1174 negotii
3262 1115 3478 1156 summa
3509 1098 3759 1169 respicie-

2174 1199 2284 1263 bat,
2313 1197 2489 1253 sciens
2518 1202 2712 1266 praeter
2741 1206 3066 1249 consensum
3106 1200 3163 1247 et
3207 1189 3442 1247 Romani
3493 1188 3759 1260 pontiﬁch

2174 1288 2553 1344 auctoritatem
2583 1300 2781 1341 novum
2813 1286 3183 1355 episcopatum
3221 1297 3491 1353 nusquam
3526 1282 3635 1337 rite
3685 1281 3760 1336 ius

2173 1381 2322 1437 Stitui
2350 1393 2528 1451 posse,
2541 1378 2753 1448 scripsit
2777 1377 2827 1432 ei
2846 1377 2958 1431 sic:

2248 1492 2267 1525 ι
2306 1471 2532 1527 Domino
2570 1478 2628 1526 et
2668 1468 2819 1526 Patri
2854 1468 3153 1523 reverenda
3202 1463 3455 1522 Paschali
3489 1505 3507 1530 ,
3556 1479 3763 1520 summa

2172 1564 2438 1635 pontiﬁci,
2469 1562 2759 1619 Anselmus
2784 1559 3041 1616 Ecclesia:
3065 1557 3496 1622 Cantuariensis,
3529 1557 3760 1612 debitam

2171 1652 2529 1709 obedientiam
2556 1665 2682 1707 cum
2712 1649 2855 1706 ﬁdeli
2883 1648 3148 1718 obsequio
3183 1655 3241 1703 et
3275 1646 3643 1703 orationibus.

2249 1762 2268 1797 ι
2310 1743 2574 1812 Quoniam
2606 1743 2774 1799 robur
2798 1740 3211 1810 dispositionum
3260 1754 3379 1809 qua:
3405 1737 3616 1792 utiliter
3635 1737 3763 1791 ﬁtuxt

2106 1832 2147 1887 Β
2176 1838 2228 1893 in
2258 1835 2497 1893 Ecclesia
2537 1834 2632 1891 Dei
2662 1834 2733 1891 de
2768 1840 2964 1889 vestite
3016 1830 3214 1901 pendet
3258 1829 3589 1885 auctoritate
3634 1844 3763 1898 pru-

2174 1926 2391 1995 dentiae,
2435 1925 2649 1996 quando
2678 1923 2858 1989 ﬁunt,
2906 1921 2972 1977 ad
3005 1929 3246 1978 vestrum
3293 1918 3597 1977 referendae
3640 1928 3765 1972 sunt

2174 2019 2418 2074 notitiam
2445 2026 2503 2073 et
2523 2016 2786 2089 judicium
2816 2053 2832 2081 ,
2875 2022 2967 2082 ut,
3019 2029 3143 2069 cum
3189 2011 3491 2082 apostolico
3541 2025 3763 2066 assensu

2174 2109 2375 2166 fuerint
2401 2108 2769 2173 conﬁrmatae,
2812 2104 2953 2161 nulla
3002 2101 3429 2174 prmsumptione
3471 2116 3503 2155 a
3535 2102 3765 2172 posteris

2175 2219 2294 2274 quae
2322 2202 2613 2261 salubriter
2644 2209 2861 2256 statutae
2887 2207 3013 2255 sunt
3037 2208 3242 2269 queant
3269 2196 3486 2263 violari,
3528 2196 3624 2250 sed
3652 2206 3764 2250 rata

2174 2306 2528 2371 permaneant
2568 2298 2623 2352 in
2658 2306 2997 2368 perpetuum.
3054 2295 3110 2349 In
3161 2292 3353 2364 Anglia
3408 2302 3495 2349 est
3544 2292 3765 2361 quidam

2172 2391 2532 2462 episcopatus,
2560 2386 2770 2443 scilicet
2790 2383 3166 2449 Lincoliensis,
3193 2383 3346 2452 cujus
3374 2381 3630 2438 dimcesls
3661 2392 3769 2436 tant

2172 2481 2347 2551 ampla
2386 2489 2470 2536 est
2502 2487 2561 2535 ut
2586 2480 2653 2535 ad
2682 2492 2744 2533 ea
2777 2492 2898 2547 qua:
2924 2493 3031 2533 non
3058 2478 3158 2533 nisi
3208 2478 3277 2533 ab
3304 2477 3601 2547 episcopali
3640 2492 3765 2547 per-

2170 2588 2303 2630 sona
2332 2572 2445 2629 ﬁeri
2468 2582 2672 2643 queunt
2706 2589 2846 2628 unus
2865 2571 3151 2641 episcopus
3179 2569 3336 2640 plene
3365 2567 3615 2624 sutﬁcere
3659 2583 3769 2622 non

2171 2665 2357 2735 possit.
2390 2664 2542 2732 Quod
2569 2680 2691 2719 cum
2719 2664 3088 2719 consideraret
3110 2676 3226 2727 rex,
3277 2669 3333 2715 et
3379 2660 3649 2728 episcopi,
3706 2669 3761 2713 et

2172 2754 2464 2825 principes,
2500 2761 2554 2809 ct
2582 2752 2675 2807 alii
2717 2751 3062 2807 rationabiles
3092 2759 3151 2806 et
3193 2748 3429 2819 religiosi
3465 2749 3566 2803 viri
3613 2751 3767 2818 regni

2170 2844 2499 2916 Anglorum,
2527 2844 2594 2899 ad
2624 2843 2914 2898 utilita'em
2942 2841 3202 2898 Ecclesiae
3250 2840 3425 2894 visum
3474 2839 3767 2895 consilium

2171 2945 2257 2992 est
2286 2935 2660 3007 episcopatum
2686 2933 2972 3006 praefatum
3003 2932 3059 2989 in
3090 2932 3225 2988 duos
3255 2930 3517 2994 dividere,
3570 2931 3656 2984 ita
3714 2940 3766 2984 ut

2173 3027 2330 3084 sedes
2358 3025 2683 3097 episcopalis
2708 3025 2765 3079 in
2793 3022 3026 3094 quadam
3064 3021 3283 3078 abbatia
3309 3060 3324 3083 ,
3354 3034 3478 3090 qum
3528 3020 3645 3075 sita
3686 3029 3765 3075 est

2173 3118 2227 3173 in
2261 3116 2436 3173 insula
2467 3124 2656 3171 vocata
2684 3112 2823 3178 Heli,
2850 3124 2907 3168 et
2924 3121 3009 3168 est
3037 3112 3179 3166 intra
3230 3109 3516 3181 praefatam
3555 3110 3765 3166 diate-

2173 3207 2296 3276 sim,
2325 3206 2709 3268 constituatur,
2754 3201 3038 3258 monachis
3073 3200 3272 3257 ibidem
3299 3199 3767 3268 permanentibus,

2172 3299 2311 3355 sicut
2336 3305 2464 3353 sunt
2489 3295 2645 3350 multi
2673 3295 3015 3364 episcopatus
3042 3292 3136 3362 qui
3168 3291 3465 3347 monachos
3494 3290 3546 3344 in
3580 3300 3765 3344 matre

2173 3389 2401 3445 ecclesia
2430 3386 2656 3452 habent,
2684 3401 2791 3441 non
2816 3384 3129 3439 canonicos.
3168 3382 3323 3450 Quod
3365 3381 3602 3437 libenter
3638 3397 3764 3436 con-

2173 3479 2314 3534 cedit
2343 3479 2456 3549 ipse
2479 3478 2763 3548 episcopus
2785 3475 3167 3542 Lineoliensis,
3212 3473 3479 3530 Robcrtus
3516 3474 3765 3539 nomine,

2172 3572 2295 3644 quia
2320 3586 2419 3642 pro
2444 3571 2513 3626 iis
2540 3584 2660 3641 quae
2686 3576 3037 3626 assumuntur
3064 3568 3132 3622 de
3168 3581 3267 3621 sua
3295 3565 3531 3621 Ecclesia
3589 3565 3666 3620 ad
3700 3568 3759 3620 in-

2177 3662 2531 3719 staurandum
2574 3675 2781 3716 novum
2824 3659 3195 3729 episcopatum
3227 3657 3279 3711 in
3329 3654 3444 3711 Heli
3474 3697 3491 3722 ,
3551 3664 3762 3710 tantum

2173 3753 2429 3810 Ecclesiae
2463 3751 2789 3808 Lincoliensi
2821 3760 3163 3807 restauratur
3188 3761 3214 3791 ι
3243 3756 3303 3803 ιιι
3331 3748 3448 3818 ipse
3477 3746 3761 3804 suﬁicieus

2172 3857 2227 3911 et
2250 3855 2462 3916 gratum
2488 3845 2591 3900 sibi
2619 3858 2742 3899 esse
2769 3844 3020 3898 fateatur.
3050 3840 3152 3897 Cui
3181 3840 3259 3895 rei
3282 3839 3436 3903 mihi,
3468 3847 3585 3893 tum
3645 3855 3757 3909 pro-

2173 3946 2294 4008 pter
2325 3935 2638 4007 praedictam
2661 3934 3063 3999 necessitatem,
3112 3924 3225 3986 tum
3257 3940 3483 4001 propter
3517 3931 3759 3985 multitu-

2172 4027 2353 4083 dinem
2385 4024 2760 4096 praedictorum
2788 4024 2881 4094 qui
2908 4024 2961 4079 in
3007 4024 3125 4081 hoc.
3156 4022 3537 4088 consentiunt,
3592 4024 3763 4078 visum

2172 4124 2355 4181 estut,
2385 4115 2532 4171 salva
2560 4122 2739 4172 vestra
2767 4115 3108 4182 auctoritate,
3131 4129 3414 4171 assensum
3436 4113 3761 4183 praeberem.

2173 4207 2432 4262 Precatur
2458 4205 2621 4278 igitur
2643 4204 2960 4275 suppliciter
2981 4221 3100 4261 mea
3149 4206 3397 4276 parvitas
3422 4245 3442 4271 ,
3490 4214 3761 4277 quatenus

2174 4300 2275 4355 hoc
2297 4300 2437 4370 quod
2483 4313 2581 4369 pro
2606 4296 2839 4353 utilitate
2882 4296 3137 4355 Ecclesia:
3163 4299 3245 4354 sic
3292 4298 3627 4367 dispositum
3663 4306 3757 4378 est,

2182 4403 2349 4450 vestra
2370 4391 2692 4448 auctoritate
2718 4392 2770 4447 in
2802 4400 3118 4462 perpetuum
3147 4390 3455 4455 roboretur,
3487 4406 3557 4446 ne
3586 4407 3618 4445 a
3652 4406 3758 4462 ρος·

493 4466 1177 4566 θυηςτιιρίιὶιθνῶρθτάετει.
1214 4473 1520 4566 Prestyteri
1551 4495 1678 4536 vero
1708 4482 1831 4550 qui,
1862 4483 2065 4539 relictis
2088 4504 2143 4566 Ι)
2171 4486 2301 4556 teris
2324 4484 2426 4539 ulla
2452 4483 2870 4554 praesumptione
2894 4482 3058 4554 (quod
3097 4483 3235 4538 bene
3280 4491 3552 4538 statutum
3584 4482 3757 4547 fuerit)

492 4553 846 4654 ωυιίετίδυεξ,
883 4560 996 4654 Deo
1043 4571 1106 4654 et
1132 4565 1303 4621 sacris
1349 4567 1615 4624 altaribus
1656 4572 1862 4629 servire
1903 4553 2137 4644 elige.-
2169 4553 2419 4631 violetur.
2462 4573 2695 4654 oramus
2741 4573 3028 4629 Dominum
3066 4572 3496 4641 omnipotentem
3552 4582 3615 4628 ut
3662 4572 3757 4626 Ec-

488 4655 635 4715 rent,
675 4650 1039 4721 quadraginta
1080 4653 1196 4711 dies
1241 4671 1340 4725 pro
1390 4660 1819 4728 transgressione
1856 4662 2065 4732 prrefati

489 4740 707 4799 concilii
749 4743 819 4799 ab
842 4742 1020 4801 cilicio
1048 4756 1327 4804 cessantes
1354 4788 1368 4815 ,
1416 4764 1516 4819 pro
1563 4764 1622 4805 se
1659 4751 1875 4809 interim
1920 4753 2067 4809 vicao

491 4833 603 4889 rios
644 4834 946 4902 haberent,
980 4837 1215 4907 injuncta
1255 4841 1337 4896 eis
1383 4842 1731 4910 pmnitentia,
1769 4846 2065 4902 secundum

489 4922 638 4994 quod
681 4926 952 4998 episcopis
1000 4944 1188 4986 eorum
1249 4933 1423 4988 visum
1478 4943 1640 4991 esset.
1702 4934 1890 4993 Omnia
1938 4954 2065 4995 vero

492 5014 713 5072 mobilia
772 5017 1042 5089 lapsorum
1090 5023 1317 5091 posthac
1364 5023 1838 5095 presbyterorum,
1881 5028 2067 5083 diaco-

494 5122 721 5170 norum.
775 5111 1229 5170 subdiaconorum
1260 5124 1316 5169 et
1350 5117 1733 5172 canonicorum
1783 5119 2065 5175 traderen-

496 5205 583 5344 “:1!
600 5198 904 5346 lepiscopis,
939 5211 995 5259 et
1032 5204 1344 5262 concubina:
1392 5221 1516 5264 cum
1547 5207 1708 5264 rebus
1736 5210 1850 5266 suis
1874 5251 1889 5277 ,
1922 5209 2068 5267 velut

496 5303 523 5344 a
565 5305 597 5345 ιι
622 5298 768 5346 term.

492 5298 768 5346 adulterae.

2166 4666 2348 4721 clesia:
2392 4680 2505 4722 suae
2562 4680 2658 4721 vos
2729 4664 2785 4719 in
2835 4664 3089 4720 diuturna
3150 4663 3519 4735 prosperitate
3587 4672 3759 4721 custo-

2164 4756 2275 4812 diat
2298 4756 2347 4811 δ.

2243 4845 2431 4902 Saluta
2461 4847 2636 4912 curia,
2678 4846 2969 4903 Anselmus
3006 4846 3075 4900 ad
3118 4845 3300 4902 villam
3326 4862 3487 4904 suam
3514 4889 3530 4913 ,
3561 4847 3753 4904 Morte.

2169 4936 2255 4992 lac
2284 4938 2523 5003 nomine,
2545 4938 2667 5003 ivit,
2696 4938 2876 5008 ibique
2896 4940 2951 4994 in
2978 4938 3330 5009 subsequenti
3356 4937 3567 5007 jejunio
3585 4936 3754 5009 quarti

2170 5028 2394 5094 mensis,
2444 5029 2643 5085 multos
2688 5030 2756 5084 ad
2803 5044 2991 5085 sacros
3032 5030 3252 5086 ordines
3296 5031 3590 5101 promovit.
3622 5024 3755 5083 Inter

2170 5136 2306 5191 quos
2335 5120 2627 5176 Ricardum
2651 5136 2865 5191 quoque
2905 5119 2958 5175 in
2996 5122 3322 5190 praecedenti
3379 5122 3633 5192 proxima
3666 5133 3749 5173 so-

2170 5213 2449 5268 lemnitate
2476 5211 2827 5268 Pentecostes
2854 5210 3085 5267 electum
3142 5213 3213 5266 ad
3244 5213 3619 5281 pontiﬁcatum
3657 5209 3751 5264 Ec-

2171 5303 2352 5360 clesire
2381 5302 2813 5368 Lundoniensis,
2865 5303 2932 5357 ad
2975 5301 3416 5374 presbyteratutn
3469 5300 3745 5359 ordinavit.

1737 5428 2142 5488 HENSCHENII
2178 5431 2408 5490 NOTrE.

562 5545 587 5573 ι
612 5531 778 5614 pato
819 5534 1022 5614 scilicet
1084 5540 1478 5614 un_o_Ehe_nsis
1516 5541 1763 5614 abbatis:
1825 5543 2067 5614 manerio

491 5600 811 5683 Spaldwich,
868 5608 935 5683 de
980 5623 1109 5683 ιιιιιξ⁵
1145 5608 1304 5683 infra
1340 5612 1649 5683 Godwinus
1684 5611 1765 5683 de;
1801 5600 2067 5683 episcopis

486 5671 696 5758 {Anglice
716 5675 826 5758 duo
859 5671 1138 5758 aliaaddit
1167 5676 1513 5758 Biccleswort
1540 5689 1594 5735 et
1625 5671 1869 5758 Boltden';
1914 5671 2065 5739 assie-

487 5756 615 5798 rens
649 5744 1228 5809 abbatiamEliensem
1268 5758 1375 5806 tam
1409 5751 1629 5808 divitem
1660 5749 1823 5807 fuisse
1839 5744 1863 5819 ,ν
1884 5762 1939 5807 ut
1968 5769 2065 5811 suo

2175 5543 2355 5599 abbati
2386 5543 2505 5613 plus
2544 5544 2825 5609 redderet,
2855 5557 3015 5613 quam
3043 5544 3308 5615 episcopis
3342 5547 3459 5604 suis
3483 5546 3615 5604 bina
3643 5555 3745 5602 ter-

2176 5630 2324 5670 nteve
2350 5614 2728 5669 nonnullarum
2759 5615 2969 5669 sedium
2996 5614 3439 5683 Anglicanarum.

2247 5685 2275 5726 ιδ
2311 5684 2666 5741 Postulationi
2698 5683 2934 5755 pontifex
2961 5685 3172 5755 annuit,
3207 5684 3301 5741 sed
3327 5687 3537 5746 obicrat
3561 5684 3739 5744 Ausci-

2171 5769 2291 5814 mus
2328 5763 2614 5827 antequam
2644 5754 2924 5826 negotium
2956 5754 3330 5815 conﬁceretur.
