3890 6306
67 367 191 421 ι’ῖὸ

1138 356 1463 421 HISTORIA
1500 353 1866 417 NOVORUM‘.
1889 391 1960 402 -
1995 361 2125 416 LIB.
2155 361 2243 417 IV.

3247 363 3350 420 ιτι

132 477 345 536 Deinde
369 477 435 532 ad
468 476 813 533 festivitatem
845 472 1354 546 gloriosi-simorum
1384 476 1653 546 apostolo.
1684 486 1731 542 Α
1759 476 1990 546 Rogcrio
2022 476 2379 542 Serheriensi,
2415 475 2642 531 Radulfo
2663 477 3013 545 Cicestrensi,
3034 487 3088 535 et
3104 476 3347 553 Willhel.

51 589 185 627 rum
218 570 366 628 Petri
392 579 448 625 et
484 568 633 624 Pauli
662 565 1014 624 Cantuariam
1048 567 1304 632 veniens,
1363 566 1451 621 die
1494 567 1660 635 ipsius

52 662 382 719 festivitatis
410 661 462 715 in
490 657 725 728 capitulo
750 652 1111 727 praesentibus
1131 655 1383 712 Ecclesiae
1403 654 1659 710 fratribus

52 764 114 810 et
153 753 349 807 multis
372 751 497 809 aliis
525 760 631 804 tam
662 750 942 804 monachis
966 763 1127 819 quam
1158 748 1390 810 clericis,
1420 761 1520 802 nec
1552 762 1658 802 non

49 856 107 899 et
139 842 322 902 laieis.
353 840 500 895 dedit
523 838 804 907 Radulpho
832 838 1015 893 abbati
1062 837 1211 907 Sagii
1246 849 1297 901 ι,
1336 838 1455 890 viro
1494 836 1653 905 equi-

52 936 184 989 dem
240 933 385 987 bono
424 940 478 986 et
521 931 809 1000 religioso,
855 940 912 985 et
957 928 1059 999 ipsi
1099 928 1340 984 ecclesia:
1372 928 1527 983 valde
1575 926 1658 982 fad

50 1026 290 1092 miliari,
319 1024 688 1095 episcopatum
714 1022 1021 1078 Rolfensem
1054 1061 1070 1085 ,
1120 1031 1345 1092 accepto
1387 1021 1541 1091 prius
1588 1021 1659 1076 ab

57 1120 188 1188 ipso
214 1132 404 1173 coram
440 1116 694 1171 omnibus
716 1115 957 1170 hominio
983 1129 1047 1169 ac
1085 1113 1356 1169 ﬁdelitate.
1389 1112 1562 1180 Quam
1594 1113 1660 1167 fi-

53 1207 350 1264 delitatem
377 1222 439 1261 se
461 1206 559 1272 illi,
605 1216 660 1261 et
703 1205 915 1261 cunctis
967 1204 1222 1275 legitimis
1258 1204 1659 1260 successoribus

51 1297 178 1367 ejus
220 1298 585 1367 Ecclesiteque
603 1297 1009 1353 Cantuaricnsis
1036 1305 1295 1367 perpetuo
1321 1306 1659 1353 servaturum

50 1391 340 1459 promisit,
375 1392 561 1448 ethoc
603 1406 768 1459 super
818 1399 1049 1459 quatuor
1091 1388 1382 1460 Evangelia
1428 1386 1659 1456 iurando

52 1482 432 1539 conﬁrmavit.
459 1484 516 1539 In
561 1483 802 1539 crastino
825 1491 1005 1537 autem
1032 1483 1179 1538 misit
1225 1498 1351 1538 eum
1411 1481 1653 1536 Rovece-

52 1583 261 1639 stram,
285 1583 483 1630 etcum
514 1590 580 1629 eo
608 1572 974 1628 Willhelmum
1002 1573 1441 1628 archidiaconum
1476 1588 1657 1640 suum,

54 1675 114 1720 ut
152 1664 314 1720 illum
364 1680 431 1720 ex
476 1679 576 1720 sua
624 1674 780 1735 parte
832 1666 948 1734 ipso
992 1665 1305 1736 episcopatu
1358 1666 1655 1723 investiret.

54 1756 327 1823 Ejusdem
362 1772 577 1828 quoque
599 1758 801 1827 negotii
854 1773 1017 1812 causa
1067 1759 1215 1814 misit
1260 1769 1316 1813 et
1368 1761 1658 1815 Antonium

1761 584 1849 622 mo
1880 568 2279 634 Execestrunsi,
2307 578 2525 640 accepta
2565 570 2715 639 prius
2739 571 2807 626 ab
2857 586 2922 627 co
2973 586 3070 642 pro
3110 588 3265 629 more
3288 573 3355 628 de

1759 660 2066 716 obedientia
2103 669 2158 715 et
2188 660 2521 729 sulijcctioue
2546 677 2641 717 sua
2671 663 3028 734 professione.
3336 736 3339 739 ἢ

1831 750 2075 808 Ροειιιωο
2106 753 2255 808 venit
2278 754 2564 811 Anselmus
2597 757 2967 823 Cantuariam,
3017 768 3072 812 et
3126 759 3194 814 ibi
3231 774 3351 812 eum

1762 858 1957 914 magno
1992 844 2197 899 honore
2224 846 2460 900 sacravit
2511 846 2803 916 prmfatum
2832 848 3194 919 ltadulphum,
3227 849 3352 903 Ruf-

1759 935 1898 989 fensi
1947 935 2204 991 Ecclesia:
2239 937 2474 993 electum
2515 939 2848 1010 cpiscOpum,
2881 941 3066 1009 quinto
3096 942 3218 995 ldus
3249 942 3355 995 Au-

1759 1027 1923 1097 gusti,
1955 1028 2392 1086 ministrantibus
2415 1030 2516 1086 sibi
2544 1032 2595 1085 in
2630 1031 2733 1087 hoc
2761 1031 3071 1088 Willhelmo
3099 1032 3354 1103 episcopo

1761 1118 2144 1187 Wintonieusi,
2185 1121 2415 1176 Radulfo
2461 1122 2809 1187 Cicestreusi,
2839 1122 3185 1177 etRichardo
3210 1122 3355 1177 Luu-

1759 1208 2024 1283 douieusi.
2091 1210 2192 1278 Qui
2268 1210 2611 1281 Ricbardus,
2670 1225 3074 1269 antecessorum
3133 1212 3354 1270 suorum

1760 1279 1848 1369 ili,
1884 1299 2113 1373 morem]
2150 1310 2390 1367 secutus,
2420 1302 2651 1359 honesto
2680 1320 2904 1359 munere
2931 1306 3213 1361 honoravit
3240 1298 3355 1377 ipso

1759 1391 1846 1446 die
1873 1401 2100 1448 matrem
2145 1409 2297 1449 suam
2337 1394 2625 1450 ecclesiam
2680 1394 3130 1452 Cautuarieusem
3158 1438 3173 1462 ,
3198 1396 3356 1465 juxta

1759 1481 1901 1551 quod
1931 1492 2192 1538 statutum
2223 1483 2401 1539 fuerat
2439 1502 2468 1539 a
2498 1500 2625 1555 rege
2678 1497 2885 1554 quanto
2932 1488 3240 1557 impetravit
3290 1488 3357 1543 ab

1759 1572 2016 1629 Ansehno
2070 1583 2131 1629 ut
2174 1582 2319 1630 eum‘
2359 1585 2603 1631 sacraret
2641 1577 2783 1647 apud
2830 1576 3104 1647 Pagabam
3132 1618 3146 1644 ,
3221 1578 3359 1634 sicut

1762 1662 2016 1720 diximus.
2610 1686 2611 1689 η

1830 1756 1977 1815 Inter
2003 1761 2120 1815 haec
2144 1759 2350 1816 electus
2400 1771 2483 1816 est
2533 1760 2603 1815 ab
2644 1759 2955 1816 Alexandro
2999 1775 3124 1831 rege
3162 1741 3366 1825 scotia:

53 1847 399 1904 monachum
420 1848 574 1913 illuc,
603 1849 693 1918 qui
722 1848 1019 1918 subprioris
1056 1847 1238 1903 officio
1262 1851 1314 1903 in
1336 1852 1665 1906 monasterio
1698 1848 1741 1903 B
1767 1857 1821 1902 et
1856 1847 2004 1904 clero
2026 1860 2081 1903 et
2107 1850 2301 1919 populo
2354 1852 2652 1907 monachus
2705 1851 2922 1921 quidam
2959 1851 3357 1925 Dunchuensis,

53 1939 449 1995 Canutariensi
481 1939 824 2011 fungebatur.
855 1939 991 1994 Nam
1046 1956 1113 1995 ex
1159 1952 1267 2011 quo
1318 1940 1657 2012 Ernulphus

54 2026 240 2099 ipsius
269 2030 528 2086 Ecclesiae
560 2031 707 2100 prior
757 2032 897 2099 apud
946 2028 1181 2099 Burgum
1218 2032 1247 2071 δ
1276 2032 1441 2087 abbas
1487 2033 1662 2086 fuerat

55 2123 268 2190 factus,
296 2138 471 2195 usque
497 2123 549 2178 id
580 2122 836 2194 temporis
869 2121 1042 2178 nullus
1093 2123 1149 2178 in
1189 2123 1484 2193 prioratum
1535 2138 1659 2181 suc-

52 2225 332 2271 cesserat.

124 2309 343 2365 Eodem
373 2316 617 2379 tempore
655 2324 751 2364 rex
801 2308 1248 2364 Northmanniam
1286 2309 1367 2364 ire
1415 2308 1659 2379 parabat.

50 2401 357 2456 Anselmus
386 2410 567 2456 autem
608 2401 673 2456 ad
705 2400 1124 2456 benedicendum
1157 2400 1230 2454 illi
1274 2409 1487 2471 portum
1543 2416 1661 2455 ma»

54 2493 133 2547 ris
167 2491 264 2547 ubi
298 2494 532 2548 transire
550 2492 780 2548 debebat
801 2495 869 2548 ab
894 2508 961 2547 eo
1000 2492 1256 2547 invitatus
1286 2493 1524 2547 advenit.
1556 2491 1661 2546 Sed

54 2592 247 2651 nocte,
280 2598 405 2639 cum
450 2585 697 2655 sequenti
734 2600 892 2640 mane
942 2584 1279 2639 brachiolem
1332 2586 1500 2639 maris
1548 2600 1656 2656 quo

54 2678 210 2748 regis
251 2677 541 2747 hospitium
600 2679 668 2733 ab
721 2677 956 2748 hospitio
1004 2676 1244 2731 Anselmi
1305 2677 1663 2731 dirimebatur

55 2768 177 2838 regi
206 2767 491 2823 locuturus
522 2769 752 2824 transire
785 2768 1025 2837 deberet,
1055 2768 1191 2822 adeo
1239 2767 1551 2822 inﬁrmatus
1580 2778 1663 2823 est

55 2869 118 2915 ut
148 2860 220 2915 ad
261 2874 445 2931 regem
475 2860 737 2917 accedere
763 2860 911 2916 nullo
953 2868 1110 2929 pacto
1135 2860 1359 2914 valeret.
1391 2859 1542 2926 Quod
1568 2861 1661 2917 ubi

55 2951 372 3005 nuntiatum
398 2959 481 3006 est
506 2952 645 3022 regi,
699 2952 746 3005 ei
796 2965 894 3021 per
922 2949 1293 3004 Willhelmum
1344 2949 1658 3019 episcopum

54 3040 503 3097 Wintoniensem
533 3049 589 3094 et
631 3040 870 3109 ejusdem
914 3039 1145 3094 nominis
1181 3040 1491 3110 episc0pum
1515 3040 1659 3095 Exe-

56 3140 405 3187 cestreusem
460 3130 826 3202 praecipiendo
852 3131 1143 3184 mandavit
1175 3144 1242 3184 ne
1270 3130 1336 3184 ad
1368 3145 1427 3184 se
1468 3131 1658 3185 ullate-

54 3237 166 3277 nus
191 3221 319 3286 iret,
368 3223 463 3276 sed
511 3221 682 3291 plena:
723 3219 1022 3290 indulgeret
1061 3220 1247 3290 quieti.
1302 3219 1408 3275 Per
1443 3222 1660 3275 eosdem
1688 3210 1734 3273 C

53 3326 282 3384 quoque
304 3314 651 3383 semetipsum
700 3326 809 3382 quo
863 3310 1140 3383 pergebat,
1187 3321 1242 3365 ct
1291 3311 1459 3366 filium
1501 3327 1701 3390 suum.

52 3421 222 3475 quent
249 3407 303 3460 in
326 3420 487 3477 regno
514 3404 869 3476 relinquebat,
902 3419 1023 3460 cum
1053 3413 1162 3459 toto
1192 3419 1358 3475 regno
1379 3420 1659 3460 commen-

52 3497 212 3551 davit
238 3496 454 3550 tuitioni
482 3496 615 3568 ejus,
650 3506 708 3550 ut
732 3495 988 3565 quidquid
1017 3505 1301 3561 statueret,
1348 3506 1525 3550 ratum
1572 3512 1657 3553 es-

52 3598 177 3653 set;
220 3587 460 3651 irritum,
493 3586 634 3657 quod
663 3587 993 3656 prohiberet.
1020 3587 1249 3655 Rogavit
1274 3587 1438 3641 etiam
1475 3587 1647 3653 illum,

51 3689 285 3751 propter
319 3693 558 3733 amorem
583 3678 687 3742 sui,
719 3690 1040 3732 consecrare
1084 3691 1247 3745 supra
1298 3686 1655 3731 memoratmn

60 3770 405 3824 ltichardum
460 3769 825 3823 Lundoniensi
877 3768 1129 3823 Ecclesia:
1157 3768 1384 3821 electum
1437 3768 1659 3839 pontifi-

54 3874 203 3923 cem,
234 3861 378 3929 apud
408 3857 722 3923 Cicestram,
759 3860 1011 3928 quoniam
1042 3873 1207 3928 prope
1227 3867 1346 3911 erat
1381 3903 1396 3927 ,
1440 3868 1495 3913 ct
1539 3856 1654 3930 epi-

55 3952 233 4021 scOpi,
261 3963 395 4021 quos
416 3950 689 4019 adjutores
727 3967 791 4006 ac
818 3951 1093 4006 ministros
1120 3950 1173 4005 in
1199 3949 1379 4005 ofﬁcio
1410 3953 1524 4021 ipso
1555 3954 1656 4007 ha-

52 4044 234 4107 beret,
288 4049 503 4111 pra‘stn.
558 4041 731 4096 Causa
757 4050 935 4095 autem
972 4052 1192 4112 prepter
1239 4060 1403 4116 quam
1435 4045 1539 4098 hoc
1584 4046 1655 4098 ita

60 4135 322 4188 festinato
351 4132 468 4188 fieri
494 4132 731 4197 volebat,
761 4132 849 4186 illa
892 4131 1172 4188 dicebatur
1191 4151 1311 4191 esse
1348 4137 1471 4205 quia
1502 4150 1656 4190 eum-

59 4228 187 4281 dem
214 4224 571 4290 Ricltardum,
598 4224 649 4279 in
679 4224 1029 4279 saecularibus
1058 4226 1283 4280 multum
1334 4228 1605 4282 valentem
1638 4267 1653 4291 ,

58 4318 220 4387 longe
250 4330 443 4371 versus
469 4315 834 4371 occidentales
870 4316 1076 4386 Anglia:
1107 4317 1239 4372 flues
1262 4321 1327 4373 ad
1358 4335 1455 4373 sua
1490 4333 1647 4389 nego-

60 4410 135 4463 tia
178 4409 485 4463 exercenda
515 4408 884 4462 tuansmittere
921 4407 1021 4461 sub
1073 4407 1350 4463 celeritate
1401 4411 1653 4479 dispone-

59 4501 171 4554 bat.
196 4499 271 4553 At
288 4497 574 4553 Anselmus
607 4501 963 4555 consideratis
1010 4501 1328 4571 quibusdam
1364 4501 1656 4554 rationabi-

59 4593 202 4648 libus
241 4591 422 4645 causis
456 4591 652 4653 renuit,
686 4604 784 4644 nec
810 4592 1122 4663 episc0pnm
1170 4607 1388 4647 sacrare
1415 4592 1468 4646 in
1511 4592 1659 4646 Cice-

59 4694 193 4747 stra,
230 4683 371 4737 sicut
410 4682 716 4752 petebatur,
743 4684 1032 4752 acquievit.
1067 4682 1449 4740 Verumtamen
1481 4701 1549 4739 ne
1576 4685 1659 4738 ni-

59 4774 135 4829 hil
166 4788 272 4843 pro
316 4788 462 4845 rege,
493 4773 584 4843 qui
615 4783 806 4828 cuneta
856 4790 976 4845 qua:
1027 4785 1153 4831 huic
1208 4777 1530 4847 petebantur
1557 4792 1654 4847 pro

59 4863 318 4921 Anselmo
350 4862 585 4919 faciebat
614 4904 629 4929 ,
674 4863 854 4919 facere
897 4865 1167 4919 videretur
1194 4904 1211 4930 ,
1260 4866 1508 4920 eumdem
1538 4867 1651 4935 cpi-

60 4968 287 5027 scopum
315 4970 413 5026 pro
449 4970 636 5010 amore
675 4955 815 5010 illius
850 4955 904 5010 in
938 4956 1141 5025 capella
1164 4972 1259 5012 sua
1304 4958 1464 5027 apud.
1482 4957 1653 5029 Paga-

59 5049 185 5104 ham
210 5047 575 5114 consecravit,
608 5062 681 5101 vn
730 5046 847 5101 Kal.
890 5048 1110 5117 Augusti
1144 5090 1158 5114 ,
1214 5048 1653 5103 ministrantibus

60 5144 108 5199 ei
138 5143 194 5199 iu
226 5142 334 5198 hoc
380 5139 558 5197 ofﬁcio
609 5139 919 5196 Willhclmo
967 5139 1219 5211 episcopo
1262 5139 1650 5205 Wintoniensi,

1763 1939 1980 1993 noniiue
2018 1939 2297 2011 Turgodus
2325 1951 2374 2006 ο,
2408 1943 2474 1996 ad
2501 1940 2869 2011 episcopatum
2909 1937 3096 1994 Sancti
3126 1940 3359 1994 Andrea:

1762 2028 1829 2083 de
1853 2027 2057 2084 Scotia.
2088 2028 2251 2098 Cujus
2280 2033 2616 2087 consecratio
2648 2032 2775 2086 dum
2803 2031 2943 2085 ultra
2975 2046 3139 2100 quam
3191 2046 3358 2100 expe-

1763 2119 1905 2174 diret
1960 2120 2340 2176 demoraretur
2370 2161 2385 2187 ,
2442 2132 2554 2176 tum
2604 2132 2892 2192 pr0ptcrea
2942 2121 3070 2191 quia
3123 2121 3358 2177 Thomas

1762 2210 2119 2267 Eboracensis
2149 2212 2401 2268 Ecclesia:
2430 2214 2657 2269 antistes
2700 2214 2906 2269 electus
2954 2214 3181 2269 necdum
3227 2213 3347 2269 fue—

1762 2310 1845 2357 rat
1900 2312 2282 2369 consecratus,
2315 2314 2426 2359 tum
2483 2313 2703 2376 prepter
2753 2304 2998 2374 quaedam
3049 2304 3150 2359 alia
3179 2346 3194 2370 ,
3240 2321 3359 2375 qua:

1764 2393 1979 2463 longum
2017 2403 2100 2450 est
2128 2410 2387 2452 enarrare
2413 2439 2427 2465 ,
2478 2397 2796 2467 Ranulphus
2833 2398 3208 2453 Dunelmcnsis
3246 2401 3358 2470 epi-

1764 2500 1962 2557 sc0pus
1984 2490 2266 2560 proposuit
2299 2490 2548 2545 eumdem
2586 2491 2820 2546 electum
2871 2491 2923 2544 in
2964 2490 3250 2560 prmsentia
3281 2490 3360 2560 ip-

1769 2579 1885 2634 sius
1919 2579 2141 2637 Thoma:
2180 2581 2320 2651 apud
2357 2582 2655 2638 Eburacam
2686 2599 3029 2647 consecrare,
3062 2583 3354 2637 associatis

1762 2671 1864 2726 sibi
1905 2672 2176 2743 episc0pis
2229 2672 2428 2728 Scotiae
2493 2683 2550 2729 et
2611 2675 2947 2731 Orcadarum
3027 2672 3355 2728 insularum.

1767 2759 1962 2817 Verum
2003 2764 2127 2832 quia
2161 2764 2213 2819 id
2248 2771 2446 2833 praeter
2486 2780 2808 2821 consensum
2863 2775 2918 2820 et
2970 2769 3358 2822 auctoritatem

1760 2854 2167 2912 Cantuariensis
2193 2857 2431 2928 episcopi
2468 2858 2572 2913 rite
2599 2858 2713 2912 fieri
2761 2873 2866 2912 non
2919 2875 3076 2928 posse
3110 2859 3315 2915 sciebat
3341 2898 3357 2924 ,

1763 2947 2108 3003 mandavitei
2138 2948 2206 3004 de
2255 2951 2473 3020 negotio
2501 2963 2599 3020 per
2625 2948 2849 3003 militem
2881 2950 3190 3018 quemdam,
3223 2959 3277 3009 et
3305 2963 3361 3009 ut

1761 3034 1879 3104 ejus
1907 3037 2133 3092 consilio
2179 3047 2236 3095 et
2278 3040 2627 3094 concessione
2678 3048 2986 3094 sacraretur
3037 3039 3360 3110 deprecatus

1762 3138 1865 3185 est.
1895 3129 1975 3184 Ad
2005 3146 2125 3200 quae
2154 3131 2370 3202 scripsit
2396 3132 2445 3188 ei
2470 3131 2751 3203 epistolam
2781 3133 2919 3187 hanc
2956 3150 2969 3186 :

1840 3245 1859 3279 ι
1908 3226 2209 3283 Anselmus
2239 3226 2679 3298 archiepiscopus
2728 3226 3033 3282 Cautuaria:
3063 3267 3078 3294 ,
3132 3228 3361 3286 Ranulfo

1761 3319 2013 3390 episcopo
2048 3318 2393 3374 Dunelmensi
2431 3319 2682 3373 salutem.

1836 3427 1855 3460 ι
1890 3409 2185 3464 Mandastis
2215 3410 2343 3463 mihi
2377 3423 2474 3478 per
2505 3409 2791 3477 quemdam
2846 3409 3097 3475 militem,
3120 3408 3361 3485 Scellan-

1759 3497 1886 3552 dum
1934 3500 2192 3565 nomine,
2244 3498 2385 3568 quod
2418 3497 2677 3554 volebatis
2727 3507 2783 3553 ut
2836 3499 3039 3555 electus
3078 3501 3363 3571 episc0pus

1760 3588 2000 3644 ecclesias
2027 3590 2213 3645 Sancti
2242 3591 2471 3646 Andreae
2502 3591 2569 3645 de
2596 3590 2778 3646 Scotia
2802 3601 3131 3660 sacraretur,
3164 3603 3220 3647 et
3251 3593 3357 3648 hoc

1760 3680 2025 3735 volebatis
2049 3680 2167 3735 ﬁeri
2198 3695 2320 3737 meo
2354 3681 2583 3736 consilio
2613 3690 2664 3737 et
2697 3696 2814 3735 mea
2853 3681 3226 3736 concessione.
3255 3680 3361 3738 Sed

1761 3770 1864 3825 hoc
1898 3786 1999 3825 nec
2028 3771 2188 3827 debet
2217 3772 2317 3827 nec
2340 3782 2518 3843 potest
2562 3772 2822 3826 canonice
2879 3773 2994 3826 lteri
3052 3772 3121 3828 ab
3169 3773 3360 3828 eodem

1760 3858 1932 3915 electo
1964 3861 2521 3931 arcltiepiscOpo,nec
2549 3860 2620 3915 ab
2642 3859 2765 3913 alio
2796 3873 2901 3930 per
2936 3860 3084 3913 illum
3112 3900 3127 3924 ,
3177 3862 3358 3930 prius-

1760 3951 2221 4023 quam-ipseiﬁat
2270 3951 2709 4020 archiepiscopus
2740 3950 3020 4017 canonica
3068 3963 3362 4003 consecra-

1763 4044 1928 4097 tione.
1959 4041 2299 4112 Quapropter
2355 4056 2456 4096 ncc
2510 4039 2735 4095 consulo
2772 4054 2873 4093 nec
2913 4039 3151 4094 concedo
3202 4037 3362 4109 (imo

1761 4134 2048 4204 interdico)
2090 4150 2158 4189 ne
2180 4136 2274 4187 ttat
2296 4141 2421 4187 ante
2444 4130 2909 4187 consecrationem
2937 4127 3174 4198 ejusdem
3199 4129 3360 4184 electi

1760 4225 2169 4295 archiepiscopi,
2202 4226 2305 4281 nisi
2334 4241 2364 4279 a
2391 4239 2496 4293 me,
2522 4224 2568 4279 si
2600 4222 2742 4278 forte
2774 4222 2877 4278 hoc
2905 4222 3204 4277 necessitas
3229 4235 3360 4277 exe-

1761 4319 1921 4390 gerit.
1952 4318 2102 4374 Vale.
2143 4337 2161 4370 ι

1828 4411 1955 4466 Post
1984 4412 2101 4467 haec
2126 4411 2414 4467 Anselmus
2442 4410 2796 4466 considerans
2847 4408 3113 4464 Thomam
3149 4408 3361 4479 episco-

1762 4504 1935 4575 palem
1966 4519 2121 4559 suam
2149 4504 2579 4559 benedictionem
2606 4518 2714 4557 non
2766 4501 2843 4556 ita
2873 4511 3138 4571 expetere
3167 4541 3182 4568 ,
3216 4501 3360 4556 sicut

1763 4595 2013 4661 debebat,
2047 4595 2302 4664 scriptam
2336 4595 2479 4649 hanc
2509 4592 2793 4662 epistolam
2822 4592 2869 4647 ei
2901 4592 3102 4647 direxit

1838 4705 1857 4738 ι
1890 4687 2177 4743 Ansclmus
2209 4685 2648 4756 archiepiscopus
2697 4683 3143 4748 Cantuariensis,
3178 4681 3357 4734 amico

1759 4792 1859 4833 suo
1897 4776 2115 4831 Thema:
2143 4816 2159 4841 ,
2211 4775 2384 4830 electo
2413 4775 2824 4845 archiepiscopo
2845 4772 3091 4829 ecclesia:
3147 4770 3354 4825 Ebora-

1761 4871 1937 4932 censi,
1967 4868 2219 4922 salutem.

1835 4980 1856 5013 ‹
1893 4960 2164 5017 Cauouica
2214 4961 2511 5016 auctoritas
2542 4960 2793 5032 praecipit
2839 4958 2953 5029 (30)
3008 4966 3068 5013 ut
3124 4956 3353 5012 ecclesia

1760 5054 2111 5124 episcopatus
2135 5054 2275 5108 ultra
2309 5062 2422 5108 tres
2450 5066 2662 5107 menses
2689 5065 2794 5106 non
2836 5056 3057 5105 maneat
3081 5048 3199 5104 sine
3253 5063 3351 5118 pa-

1755 5156 1922 5201 store.
1954 5145 2219 5213 Quoniam
2242 5154 2423 5200 autem
2468 5143 2582 5214 regi
2614 5142 2818 5213 placuit
2840 5140 3066 5198 consilio
3086 5139 3352 5195 baronum

1394 5278 1802 5335 llENSCllENll
1840 5277 2071 5335 ΝΟΤᾹΞ.

127 5403 153 5432 ι
198 5388 433 5459 Ahbatia
486 5386 762 5459 Sagiensis
792 5388 846 5443 in
893 5386 1287 5459 Northmannia
1328 5398 1441 5454 est,
1491 5389 1652 5457 vulgo

59 5457 746 5523 Saint-Mqﬂin-dc-Séez,
801 5459 868 5513 de
924 5458 1078 5525 cujus
1134 5459 1452 5516 fundatione
1509 5459 1650 5515 facta

58 5546 205 5586 anno
245 5528 386 5584 1050
428 5528 548 5599 vide
577 5527 884 5599 _Neustria‘m
913 5528 1054 5599 piam
1087 5529 1315 5599 Arturi.
1340 5527 1655 5599 Radulphus

58 5611 241 5655 autem
272 5613 418 5670 anno
459 5597 601 5670 illi
626 5597 694 5653 ad
729 5598 1250 5670 archiepiscopatum
1288 5597 1651 5657 Cantuarieu-

55 5687 173 5728 sent
210 5668 506 5724 translatus
530 5667 650 5723 fuit.

128 5742 159 5781 δ
202 5739 638 5808 Petroburgense
672 5736 724 5791 in
758 5751 889 5808 agro
922 5736 1419 5794 Northamtoniensi
1463 5754 1650 5795 mona-

63 5811 287 5879 tcrium,
334 5810 399 5865 de
437 5807 544 5879 quo
591 5808 776 5867 multis
802 5807 861 5866 ’vt
898 5807 1104 5882 Martii,
1144 5808 1233 5867 ubi
1262 5810 1326 5866 de
1362 5810 1462 5868 SS.
1501 5810 1662 5869 hine-

1757 5390 1895 5461 burg
1915 5400 1972 5446 et
1990 5390 2333 5448 Kineswitha
2358 5390 2570 5449 ﬁliabus
2592 5391 2808 5461 Pendae,
2837 5391 3116 5449 sororibus
3136 5387 3353 5454 Peadae,

1759 5475 1948 5518 retium
1981 5462 2330 5518 Merciorum.
2638 5496 2641 5499 -

1759 5475 1948 5532 regum
1981 5475 2330 5518 Merciorum.
2638 5496 2641 5499 -

1759 5544 1856 5611 mc
1898 5531 1997 5611 Hic
2028 5542 2135 5611 esg
2152 5533 2454 5611 Turgotus,
2484 5543 2610 5590 ante
2639 5533 2790 5611 prior
2829 5528 3239 5611 punelmensis,
3252 5530 3356 5611 cui

1757 5599 2050 5660 Historiam
2097 5599 2515 5659 Duuehnensem
2535 5646 2550 5669 ,
2576 5599 2677 5659 sub
2707 5605 2923 5659 nomine
2951 5601 3221 5669 Simeonis
3249 5600 3358 5653 Du-

1754 5673 2051 5731 uelmensis
2071 5668 2704 5739 editam,vindicavimus
2732 5690 2799 5730 xx
2823 5672 2999 5730 Martii
3015 5679 3141 5728 ante
3157 5668 3357 5727 Trans-

1756 5741 2012 5803 lationem
2050 5744 2293 5817 corporis
2323 5744 2381 5802 S.
2416 5744 2699 5803 Cuthberti
2736 5759 2858 5815 pag.
2896 5741 3015 5801 125.
