3890 6306
608 282 715 339 475

1603 298 1906 357 EADMERI
1935 303 2496 365 CANTUARIENSIS
2535 307 2839 368 MONACHI

3700 338 3765 394 476

606 416 830 458 suorum
886 415 941 462 et
1001 416 1186 463 nostra
1243 412 1591 469 concessione
1628 427 1686 472 ut
1722 429 1899 474 vestra
1959 438 2186 492 persona
2222 411 2265 467 Α
2296 423 2405 479 bet.
2436 426 2509 481 De
2536 425 2709 481 electo
2738 426 3000 497 episcopo
3029 423 3215 482 Sancti
3251 429 3467 488 Andreae
3509 435 3567 492 de
3604 438 3762 515 50015,,

606 493 892 515 A.._-__.___
929 497 989 515 _.
1118 500 1166 515 ..
1246 501 1256 511 .
1435 513 1441 515 _
2052 514 2055 515 γ

603 493 895 563 eligeretur
923 497 989 552 ad
1020 500 1544 571 archiepiscopatum
1572 506 1853 575 Eboracre,
1889 527 1995 577 non
2028 514 2189 569 debet

601 595 700 650 per
729 598 823 638 vos
850 586 1110 641 terminus
1135 580 1425 647 salubriter
1458 596 1787 653 constitutus
1833 599 2038 657 diutius
2081 604 2186 659 dif-

600 673 754 728 ferri.
776 675 925 732 Unde
948 678 1116 734 miror
1158 682 1283 751 quia
1318 693 1440 754 post
1469 686 1790 745 electionem
1820 704 2057 749 vestram
2079 714 2185 753 non

597 766 897 834 requisistis
930 778 989 822 ut
1017 778 1476 831 consecraremini
1524 780 1593 834 ad
1623 783 1766 851 quod
1821 784 1978 843 electi
2021 791 2179 846 estis.

592 852 785 913 Mando
812 859 997 930 itaque
1029 865 1182 921 vobis
1212 875 1272 920 ιιι
1309 878 1502 924 octavo
1530 872 1652 927 ldus
1681 875 2013 945 Septembris
2062 882 2182 938 sitis

590 948 733 1015 apud
762 960 990 1006 matrem
1023 964 1256 1010 vestram
1304 959 1587 1016 ecclesiam
1640 964 2079 1025 Cantuariensem
2113 973 2179 1028 ad

588 1036 896 1097 faciendum
927 1049 1070 1115 quod
1113 1049 1291 1106 facere
1334 1054 1561 1122 debetis,
1598 1068 1654 1113 et
1683 1060 1750 1114 ad
1779 1063 2177 1132 suscipiendam

586 1134 1051 1191 consecrationem
1072 1148 1330 1196 vestram.
1364 1143 1514 1211 Quod
1548 1149 1591 1203 si
1639 1165 1745 1205 non
1800 1153 2064 1223 feceritis,
2108 1161 2176 1215 ad

585 1232 672 1272 me
691 1222 922 1289 pertinet
948 1234 1007 1280 ut
1026 1241 1126 1298 ego
1149 1245 1333 1285 curam
1361 1233 1585 1292 habeam
1612 1249 1666 1293 et
1686 1239 1879 1296 faciam
1907 1260 2027 1314 qua:
2054 1264 2176 1315 per-

586 1307 853 1366 tinentad
892 1314 1196 1388 episcopale
1246 1321 1480 1380 officium
1512 1328 1565 1381 in
1602 1329 1935 1390 Eboracensi
1992 1340 2175 1394 archi-

586 1400 922 1473 episc0patu.
971 1406 1240 1467 Praeterea
1280 1417 1459 1471 audivi
1508 1422 1651 1489 quod
1711 1439 1809 1479 vos
1858 1428 2171 1499 priusquam

578 1495 969 1550 conseercmini
997 1498 1178 1555 facere
1213 1504 1373 1560 vultis
1400 1517 1457 1562 ut
1479 1509 1681 1569 electus
1717 1495 2003 1587 episcopus
2028 1518 2169 1575 San-

576 1581 648 1634 cti
676 1582 904 1640 Andreae
927 1587 991 1644 de
1036 1589 1217 1647 Scotia
1269 1597 1411 1666 apud
1458 1581 1766 1659 Eboracam‘
1793 1620 2165 1666 consecretur.

574 1673 726 1741 Quod
760 1692 857 1734 nec
881 1695 975 1736 vos
1004 1682 1185 1743 facere
1217 1687 1441 1759 debetis,
1469 1710 1571 1750 nec
1616 1713 1715 1766 ego
1760 1703 2001 1758 concedo
2023 1746 2038 1767 ,
2071 1707 2166 1761 sed

571 1766 795 1821 omnino
834 1768 1097 1829 interdico
1128 1792 1194 1831 ne
1224 1777 1338 1847 fiat,
1372 1791 1463 1837 aut
1501 1786 1568 1841 de
1599 1787 1690 1842 illo
1738 1800 1832 1845 aut
1875 1792 1943 1848 de
1980 1796 2160 1866 aliqua

569 1870 799 1925 persona
827 1876 945 1931 qua:
973 1862 1026 1918 in
1051 1867 1290 1937 regimen
1316 1873 1622 1932 animarum
1653 1879 1810 1935 debet
1842 1862 2161 1953 provehi-ab

566 1947 979 2031 archiepiscopo
1025 1955 1374 2026 Eboracensi,
1405 1966 1528 2032 quia
1553 1982 1657 2022 non
1685 1972 1922 2039 pertinet
1965 1976 2031 2030 ad
2065 1992 2158 2033 vos

565 2036 714 2104 dare,
738 2024 831 2094 vel
861 2046 1160 2102 concedere
1189 2049 1346 2106 alicui
1387 2055 1649 2125 regimen,
1675 2072 1768 2115 aut
1806 2078 1992 2119 curam
2035 2068 2157 2122 ani.

562 2144 795 2197 marum,
828 2133 953 2203 quia
1001 2139 1237 2194 nondum
1270 2146 1576 2214 accepistis.
1613 2147 1815 2208 Valete.
1847 2172 1865 2204 ι

631 2221 712 2275 Ad
738 2222 881 2279 illam
908 2229 1106 2297 scripta
1138 2244 1219 2286 est
1245 2235 1473 2304 epiStola
1504 2240 1617 2297 haec
1650 2259 1667 2297 :

635 2335 653 2366 ι
693 2317 1050 2376 Dilectissimo
1104 2324 1249 2381 Patri
1296 2338 1351 2384 et
1405 2336 1698 2391 venerabili
1748 2340 1966 2396 domino
2034 2342 2148 2398 An—

558 2407 749 2477 selmo,
779 2422 981 2470 sancta:
1012 2416 1417 2480 Cantuaricusis
1434 2426 1689 2486 Ecclesia:
1720 2434 2148 2507 archiepiscopo,

559 2503 798 2562 'l'liomas
825 2507 1079 2566 Eboracae
1109 2518 1387 2587 metropoli
1424 2520 1655 2590 electus,
1704 2525 1834 2582 licet
1873 2503 2147 2600 indignus,

558 2592 787 2650 salutem
814 2606 868 2651 et
896 2602 1085 2657 amica:
1119 2603 1394 2662 fidelitatis
1420 2610 1762 2683 obsequium.

588 2748 592 2752 ,
631 2704 650 2761 ι
696 2688 913 2745 Gratias
940 2708 1036 2763 ago
1086 2697 1260 2765 vobis,
1294 2704 1590 2759 reverende
1638 2706 1821 2777 Pater,
1879 2713 2021 2782 quod
2064 2730 2148 2770 me

555 2789 777 2846 semper
814 2780 1081 2839 dilexistis
1108 2796 1163 2842 et
1200 2790 1499 2855 audivistis.
1552 2804 1605 2851 et
1633 2798 1698 2854 de
1726 2780 1994 2869 proventu
2027 2819 2146 2861 meo

551 2867 870 2939 exsultavit,
904 2881 958 2927 et
993 2874 1226 2934 leatum
1268 2890 1351 2937 est
1382 2899 1479 2939 cor
1509 2896 1746 2943 vestrum
1795 2891 1849 2945 in
1895 2893 2143 2952 Domino.

549 2951 813 3015 Dominus
833 2960 976 3019 Deus
1004 2968 1268 3024 retribuat
1293 2973 1443 3028 vobis
1472 2991 1570 3046 pro
1602 2982 1716 3034 me!
1748 2982 1900 3049 Quod
1927 2986 1993 3039 ad
2016 3002 2145 3042 con-

549 3049 914 3106 secrationem
966 3070 1139 3117 meam
1175 3062 1359 3140 venire
1416 3066 1622 3133 distuli,
1673 3086 1836 3128 causa
1885 3075 1987 3130 fuit
2032 3094 2136 3132 non
2167 3123 2210 3173 Γ
2244 3074 2616 3119 οοηεθονθιυεο
2652 3063 2886 3119 Litteras
2918 3081 3056 3135 quas
3084 3068 3448 3173 τείιυῖιδιιιελιξ
3472 3077 3731 3173 ξθεῑιξξιξωιυξ

549 3151 650 3173 IIM'I
682 3156 777 3173 nan
810 3157 971 3173 nvi-eun
1014 3163 1127 3173 1.....-
1150 3166 1230 3173 ---Α
1280 3152 1365 3173 ι,.ε
1414 3172 1417 3173 ,
1449 3158 1481 3173 ο.
1540 3159 1574 3173 τι
1722 3165 1733 3173 .
2201 3163 2212 3173 Α
2244 3172 2265 3173 ἡ
2348 3172 2355 3173 ,
2382 3172 2387 3173 ,
2526 3164 2562 3173 γ.
2630 3156 2645 3173 1
2720 3158 2754 3173 ,ο
2836 3158 2848 3170 ο
3014 3168 3024 3173 -

1321 3132 1508 3212 ζιῖηιιίι,
1538 3132 1823 3218 mmmam
1852 3183 2010 3226 quam
2038 3185 2135 3226 ,πο
2167 3132 2212 3185 ί)
2242 3172 2486 3226 personae
2513 3164 2570 3212 et
2598 3156 2882 3214 electionis
2913 3168 3123 3223 vestrm,
3158 3175 3285 3217 cum
3316 3162 3443 3217 mihi
3472 3160 3611 3217 locuti
3639 3157 3751 3212 fueri-

546 3151 653 3191 una
682 3156 777 3195 nec
810 3157 973 3211 parva
1011 3163 1130 3216 qua:
1150 3166 1234 3206 me
1262 3152 1508 3212 detinuit.
1538 3159 1823 3218 Pecuniam
1852 3183 2010 3236 quant
2036 3185 2135 3239 pro

546 3224 801 3284 facultate
832 3234 948 3287 mea
978 3244 1225 3307 magnam
1258 3258 1419 3300 causa
1466 3250 1725 3306 veniendi
1764 3255 1832 3309 ad
1862 3270 1955 3311 vos
2001 3274 2133 3314 con~

545 3327 843 3386 traxeram,
874 3324 1011 3380 ultra
1038 3344 1186 3399 Spem
1214 3322 1409 3403 meam,
1440 3348 1491 3392 et
1521 3342 1744 3398 nimium
1775 3347 1863 3401 diu
1894 3359 2132 3407 moratus

543 3418 716 3467 totam
755 3415 998 3487 dispendi
1032 3420 1320 3483 Wintoniae
1342 3445 1371 3483 a
1403 3446 1507 3501 qua
1542 3434 1704 3492 citius
1734 3438 2036 3507 discedens,
2065 3446 2131 3500 ad

539 3516 638 3558 vos
661 3507 846 3563 venire
877 3510 1269 3592 disposuerant.
1302 3519 1510 3579 Placuit
1544 3536 1724 3583 autem
1764 3531 1983 3588 domino
2028 3552 2132 3591 no-

538 3604 654 3650 stro
688 3594 803 3669 regi
835 3610 889 3656 ut
917 3619 1039 3659 cum
1070 3607 1158 3664 ille
1185 3610 1387 3683 legatos
1424 3617 1650 3675 Romam
1679 3637 1776 3691 pro
1829 3640 1991 3681 causa
2030 3644 2126 3683 sna

537 3685 808 3753 mittebat,
839 3707 938 3762 ego
960 3708 1083 3749 cum
1106 3698 1185 3754 eis
1210 3718 1387 3757 incum
1418 3707 1688 3764 mitterem
1745 3712 1812 3766 ad
1842 3716 2126 3784 requiren-

536 3779 661 3832 dum
706 3768 980 3841 Ecclesia:
1027 3776 1226 3846 nostrae
1284 3795 1527 3865 pallium.
1574 3800 1918 3859 Festinanter
1968 3808 2129 3877 igitur

533 3873 764 3929 consilio
804 3878 945 3948 regis
977 3882 1043 3936 ad
1078 3887 1294 3955 propria
1326 3905 1576 3947 reversus
1598 3894 1664 3948 ad
1692 3895 1793 3952 hoc
1821 3914 1956 3968 opus
1979 3915 2126 3969 qua:-

529 3964 652 4033 sivi,
684 3976 736 4023 et
767 3970 946 4028 adhuc
1007 3992 1192 4049 quaero
1237 3983 1541 4051 pecuniam,
1600 3989 1694 4051 sed
1749 4006 1970 4059 parum,
2022 3995 2163 4053 nisi.

490 4102 495 4105 ,
530 4060 769 4126 graviter
807 4076 1127 4139 mutuatam,
1154 4072 1389 4141 invenio,
1420 4080 1674 4151 quoniam
1728 4084 1979 4142 dominus
2031 4088 2124 4144 Gi-

530 4151 722 4206 rardus
747 4157 1186 4232 archiepiscopus
1223 4167 1484 4225 ecclesias
1532 4182 1747 4231 nostras
1775 4186 1833 4232 et
1876 4177 2123 4236 homines

529 4248 588 4293 et
614 4239 788 4309 ipsum
819 4245 1117 4306 dominium
1147 4264 1391 4311 nostrum
1418 4260 1645 4317 multum
1683 4270 2023 4336 pauperavit.
2054 4270 2116 4325 Et

528 4339 679 4385 certe
724 4347 829 4411 rex,
846 4340 1097 4404 promisit
1128 4345 1257 4399 mihi
1286 4350 1429 4417 quod
1473 4352 1627 4407 vobis
1661 4355 2069 4425 colloqueretur
2101 4401 2117 4428 ,

2289 518 2431 585 quod
2477 518 2701 583 audistis
2734 559 2749 585 ,
2804 534 3051 575 rumores
3104 530 3230 575 sunt
3276 523 3459 591 quibus
3500 532 3763 592 crederem

2287 618 2519 677 oportet.
2556 609 2736 665 Facile
2769 625 2899 682 ergo
2922 622 3005 668 est
3054 612 3337 681 interdici,
3369 620 3518 686 quod,
3553 632 3601 675 nt
3638 626 3761 694 tia-et,

2286 710 2393 750 non
2425 712 2456 750 a
2482 713 2567 751 me
2597 700 2961 769 excogitatum
2986 714 3087 758 est.
3114 704 3308 762 Vivere
3337 722 3429 762 vos
3448 724 3607 765 sanum
3630 712 3765 770 latum-

2284 802 2413 856 que,
2454 789 2657 858 dinque
2686 792 2902 861 Deoque
2933 804 3118 850 nostra
3155 796 3386 853 Domino
3434 812 3596 857 nostro
3631 809 3764 877 suppli-

2284 887 2369 930 cat
2397 877 2657 934 Ecclesia.
2700 880 2914 937 Sanclae
2940 883 3348 943 Cantuariensis
3368 889 3597 949 Ecclesiae
3616 909 3764 969 congre-

2282 970 2550 1037 gationem
2582 971 2778 1038 saluto,
2807 982 2863 1028 et
2890 989 2989 1030 oro
3017 985 3077 1031 ut
3104 993 3202 1048 pro
3231 995 3315 1034 me
3344 991 3477 1036 oret.
3505 982 3691 1041 Valete.»

2351 1058 2694 1130 Rescriptum
2722 1061 2964 1119 Ansclmi
2987 1067 3053 1119 ad
3084 1068 3333 1124 eumdem
3356 1069 3621 1127 Thomam:

2326 1169 2373 1202 -r
2408 1152 2694 1209 Anselmus
2736 1154 3176 1226 archiepiscopus
3201 1158 3616 1229 Cantuariensis,
3652 1169 3763 1223 amico

2277 1256 2374 1296 suo
2386 1242 2623 1310 Thomaa,
2637 1244 2810 1300 electo
2823 1246 3227 1317 archiepiscopo
3246 1248 3575 1320 Eboracensi,
3594 1256 3762 1315 Salutem.

2352 1352 2370 1386 ι
2415 1333 2713 1391 Manslatis
2747 1336 2875 1391 mihi
2902 1337 2955 1391 in
2987 1337 3182 1395 litteris
3207 1344 3401 1398 vestris
3427 1348 3585 1413 quod,
3608 1352 3762 1405 termino

2274 1442 2303 1479 a
2337 1440 2422 1479 me
2448 1426 2602 1483 vobis
2630 1428 2936 1483 constituto
2978 1430 3111 1500 (Deo
3166 1432 3478 1504 auxiliante)
3505 1474 3519 1499 ,
3546 1436 3763 1495 Contraria

2272 1516 2450 1582 eritis,
2482 1517 2526 1572 si
2561 1527 2862 1588 opportune
2885 1520 3158 1587 poteritis,
3181 1532 3519 1592 suscepturus
3560 1536 3603 1595 et
3646 1527 3762 1582 ιιοιυ.

2272 1623 2365 1663 rus
2394 1609 2537 1678 quod
2578 1610 2807 1666 debetis.
2839 1610 3091 1682 negastis
3121 1627 3339 1683 quoque
3368 1624 3422 1668 ut
3460 1616 3501 1670 si
3534 1617 3580 1671 id
3620 1617 3761 1673 efﬁcere

2272 1713 2379 1754 non
2402 1700 2593 1756 valetis
2617 1742 2633 1767 ,
2672 1704 3026 1759 concederem
3059 1713 3328 1773 quatenus
3360 1705 3409 1760 id
3440 1707 3561 1761 mihi
3589 1724 3615 1761 ι
3639 1708 3761 1763 diebus

2279 1799 2405 1846 ante
2437 1792 2749 1848 renuntiare
2779 1794 3025 1863 possetis.
3059 1793 3165 1851 Sed
3194 1806 3246 1850 et
3269 1796 3587 1852 Willhelmus
3609 1798 3760 1854 clericus

2263 1883 2484 1939 nuntius
2519 1893 2695 1939 vester
2725 1894 2978 1954 precatus
3001 1894 3085 1942 est
3123 1902 3209 1957 me
3232 1904 3300 1944 ex
3330 1898 3497 1944 vestra
3541 1900 3760 1960 partequa-

2266 1981 2423 2028 tenus
2453 1988 2551 2043 ego
2579 1973 2754 2045 ipsum
2784 1975 3073 2031 terminum
3106 1977 3375 2033 adventus
3402 1981 3551 2034 vestri
3590 1978 3758 2049 aliquan-

2262 2070 2374 2117 tum
2402 2063 2771 2130 extenderem,
2799 2074 2857 2119 ut
2883 2066 2949 2120 ad
2977 2081 3075 2137 nos
3096 2068 3455 2138 opportunius
3491 2070 3679 2138 possetis
3700 2086 3756 2123 vc-

2259 2154 2395 2209 nire.
2426 2154 2577 2221 Quod
2599 2166 2655 2209 et
2679 2170 2778 2225 ego
2797 2171 2959 2212 causa
2989 2158 3157 2212 vestri
3211 2159 3413 2213 amoris
3455 2166 3507 2214 et
3529 2160 3754 2237 opportuni-

2259 2244 2386 2298 tatis
2436 2244 2665 2301 libenter
2701 2245 2864 2302 facio.
2920 2245 2999 2301 Ne
3056 2249 3240 2327 itaque
3288 2264 3423 2319 opus
3462 2250 3526 2305 sit
3558 2264 3634 2305 vos
3667 2250 3754 2312 mihi

2255 2334 2549 2405 quidquam
2574 2345 2700 2393 ante
2721 2338 2788 2394 de
2806 2347 2987 2395 vestro
3014 2339 3249 2394 adventu
3275 2341 3589 2403 renuntiare,
3608 2340 3755 2394 submo-

2255 2441 2357 2483 neo
2383 2443 2480 2484 vos
2510 2437 2569 2483 ιιι
2607 2429 2694 2485 die
2723 2429 3025 2494 Dominico,
3050 2429 3142 2500 qui
3173 2429 3284 2485 erit
3308 2431 3491 2501 quinto
3529 2430 3625 2486 Kal.
3646 2432 3753 2487 Octo-

2252 2519 2386 2586 bris,
2412 2519 2718 2577 Cantuarize
2764 2521 2885 2578 sitis
2908 2522 2977 2577 ad
3004 2520 3318 2578 faciendum
3350 2523 3485 2592 quod
3523 2522 3664 2578 facere
3689 2524 3747 2577 de-

2188 2604 2193 2609 ’
2252 2609 2415 2676 betis,
2453 2619 2508 2666 et
2561 2611 2629 2666 ad
2658 2611 3055 2681 suscipiendam
3085 2611 3543 2666 consecrationem
3570 2622 3749 2668 vestram.

2249 2698 2516 2758 Prmterea
2549 2700 2690 2771 quod
2715 2702 2896 2758 dicitis
2920 2703 2969 2757 in
2986 2704 3183 2761 litteris
3206 2708 3408 2762 vestris
3428 2722 3517 2763 vos
3546 2704 3752 2776 pecuniam

2251 2804 2497 2861 quaerere
2512 2802 2568 2847 ιιι
2586 2793 2813 2847 Romam
2832 2794 3060 2849 mittatis
3072 2810 3169 2864 pro
3185 2796 3353 2866 pallio
3367 2796 3595 2852 Ecclesia:
3606 2802 3750 2849 vestra.

2249 2895 2355 2936 non
2388 2882 2645 2938 concedo.
2690 2884 2757 2936 Et
2779 2891 2908 2953 puto
2931 2886 3074 2953 quod
3106 2886 3159 2939 id
3180 2885 3389 2941 frustra
3416 2886 3648 2949 faceretis,
3666 2897 3751 2953 quo-

2248 2972 2395 3027 niam
2467 2972 2648 3029 nullus
2702 2974 2864 3029 debet
2912 2974 3114 3031 habere
3156 2976 3385 3046 pallium
3437 2984 3677 3046 antequam
3706 2972 3751 3027 sit

2244 3074 2616 3119 consecratus.
2652 3063 2886 3119 Litteras
2918 3081 3056 3135 quas
3084 3068 3370 3137 requiritis
3398 3068 3448 3123 in
3472 3065 3748 3123 testimonium

2241 3246 2308 3300 tis
2331 3254 2385 3300 ct
2404 3247 2749 3303 ostenderitis
2778 3249 2861 3302 cui
2900 3264 2994 3313 eas
3027 3251 3262 3320 dirigere
3297 3246 3749 3318 debeo,libenterh-

2232 3335 2373 3389 Ciam
2393 3350 2488 3403 pro
2509 3335 2661 3391 vobis
2692 3337 2833 3391 sicut
2859 3352 2958 3409 pro
2996 3339 3192 3408 amico,
3238 3341 3387 3412 quod
3421 3341 3582 3398 facere
3616 3337 3745 3394 debeo.

2234 3426 2440 3483 Valete.
2462 3446 2480 3479 ι
2836 3488 2847 3494 ,

2306 3515 2476 3572 Ratus
2503 3533 2633 3589 ergo
2664 3518 2954 3575 Anselmus
3001 3536 3107 3577 non
3152 3537 3275 3578 esse
3304 3524 3401 3579 abs
3424 3539 3480 3578 re
3505 3520 3745 3594 prsimonia:

2243 3607 2519 3662 dominum
2548 3623 2743 3679 papam
2776 3611 2841 3665 de
2870 3613 3087 3683 negotio
3110 3612 3283 3683 pallii,
3310 3615 3451 3685 quod
3471 3615 3560 3668 sibi
3579 3612 3745 3667 Thomas

2230 3713 2288 3753 se
2302 3700 2490 3754 manda
2499 3710 2647 3756 verat
2665 3705 2987 3773 rcquisituru
2998 3721 3071 3772 ιιι,
3083 3706 3304 3776 scripsit
3319 3708 3367 3762 ei
3379 3706 3626 3777 epistolam
3636 3705 3744 3759 hanc

2307 3807 2326 3841 ι
2374 3790 2603 3847 Domino
2628 3802 2682 3848 et
2736 3793 2883 3849 Patri
2924 3810 3052 3850 vere
3099 3795 3377 3866 diligendo
3423 3807 3475 3853 et
3520 3794 3743 3851 reverenda

2234 3878 2508 3947 Paschali,
2538 3897 2751 3938 summo
2779 3886 3046 3954 pontifici,
3072 3886 3360 3943 Anselmus
3411 3902 3583 3942 servus
3618 3884 3743 3940 Eccle-

2230 3967 2325 4022 siae
2354 3969 2786 4039 Cantuariensis,
2832 3974 3067 4031 debitam
3093 3975 3460 4032 obedientiam
3486 3991 3592 4033 cum
3628 3972 3745 4028 ﬁdeli-

2229 4060 2331 4116 bus
2361 4065 2719 4121 orationibus.
3682 4154 3707 4164 ‘
3734 4155 3740 4164 _

2307 4174 2325 4207 ι
2366 4155 2635 4222 Quoniam
2668 4157 2927 4216 fortitudo
2958 4169 3014 4216 et
3049 4161 3281 4220 directio
3333 4162 3657 4227 Ecclesiarttm
3682 4154 3743 4209 Dei

2229 4248 2465 4303 maxime
2516 4250 2714 4320 pendet
2740 4266 2805 4305 ex
2854 4254 3179 4310 auctoritate
3231 4255 3562 4326 paternitatis
3601 4257 3738 4305 vesut

2225 4349 2350 4410 post
2380 4342 2686 4409 Dominum,
2718 4344 2933 4412 quando
2957 4347 3095 4402 ratio
3132 4349 3307 4420 exigit
3340 4350 3406 4405 ad
3428 4348 3537 4415 ejus
3561 4345 3734 4400 libenter

529 4429 585 4474 et
619 4421 930 4480 .lilationem
965 4443 1139 4513 meam
1173 4437 1311 4505 apud
1343 4454 1437 4494 vos
1480 4455 1782 4500 excusaret.
1812 4448 2067 4506 Termino
2090 4470 2118 4507 a

529 4506 679 4544 νήιιῖο
713 4515 1004 4544 Μωσείουοη
1034 4519 1274 4544 "Lunae-
1321 4542 1334 4544 _
1393 4528 1477 4544 ηιμ
1563 4543 1570 4544 ,
1615 4532 1626 4544 ι
1948 4539 1960 4544 -

2247 4435 2557 4489 'ecurrimus
2605 4437 2864 4492 auxilium
2898 4448 2957 4495 et
3010 4441 3320 4496 consilium.
3369 4438 3739 4534 Arcliiepiscotltls

525 4506 682 4566 vellis
713 4501 1283 4587 constituto-(Domino
1313 4528 1631 4601 auxiliante)
1676 4548 1772 4589 em
1823 4539 1961 4607 apud
1989 4557 2121 4595 εειη,
2153 4501 2195 4517 ν
2226 4521 2606 4592 Eboracensis,
2639 4526 2901 4584 Girardus
2923 4531 3161 4598 nomine,
3189 4532 3522 4602 migravitde
3549 4530 3631 4583 bac
3648 4532 3737 4583 uta.

523 4611 666 4658 ctam
692 4604 1136 4667 Cantuariensem
1173 4614 1491 4686 Ecclesiam,
1515 4623 1558 4677 si
1589 4604 1887 4694 opportune
1910 4641 2118 4701 potero,

524 4704 880 4767 suscepturus
907 4708 961 4756 et
990 4701 1234 4762 facturus
1257 4722 1377 4777 quae
1406 4710 1597 4769 debeo.
1630 4714 1781 4782 Quod
1826 4719 1871 4773 si
1896 4736 1999 4775 non
2026 4738 2119 4791 po-

534 4794 673 4852 tero,
705 4803 826 4844 cum
863 4792 996 4847 mihi
1020 4798 1324 4864 paternitas
1352 4812 1528 4857 vestra
1561 4809 1837 4864 mandavit
1864 4820 1920 4866 ιιι
1951 4814 2111 4883 quin-

521 4876 692 4932 decim
718 4880 909 4938 diebus
930 4893 1058 4939 ante
1082 4887 1236 4944 vobis
1269 4892 1631 4949 renuntiarem
1657 4938 1673 4967 ,
1724 4915 1917 4969 precor
1951 4904 2109 4959 heni-

519 4966 741 5035 gnitatis
766 4979 963 5028 vestrae
1012 4977 1381 5049 sanctitatem,
1428 4993 1479 5040 Ill
1521 4966 1943 5048 decem—diebus
1988 5004 2115 5051 ante

522 5057 673 5111 vobis
702 5062 1015 5119 renuntiare
1044 5069 1243 5136 possim
1276 5083 1326 5133 α,
1359 5074 1491 5130 mihi
1520 5080 1848 5135 concedatis.
1874 5082 2110 5141 Litteras

522 5160 650 5201 vero
680 5152 1020 5218 paternitatis
1048 5169 1243 5216 vestrae
1272 5166 1487 5235 requiro
1511 5169 1563 5222 in
1595 5171 1957 5229 testimonium
1988 5191 2109 5245 per-

2226 4623 2284 4669 et
2308 4614 2463 4680 alius,
2494 4616 2735 4674 Thomas
2774 4622 3012 4686 nomine,
3042 4621 3159 4678 loco
3193 4622 3310 4691 ejus
3344 4624 3539 4678 electus
3568 4628 3648 4674 est.
3691 4614 3739 4667 De

2218 4719 2327 4774 quo
2350 4722 2533 4761 rumor
2554 4717 2638 4763 est
2671 4711 2811 4779 quod
2835 4712 3097 4781 quaeritur
3121 4714 3169 4768 ei
3192 4714 3414 4782 pallium
3434 4721 3675 4781 antequam
3691 4704 3737 4758 sil

2228 4806 2599 4863 consecratus,
2639 4808 2693 4854 et
2712 4800 2851 4855 mihi
2903 4800 3069 4856 faciat
3096 4802 3485 4879 professionem
3515 4796 3735 4858 secundum

2226 4888 2505 4959 antiquam
2535 4893 2982 4949 consuetudinem
3014 4905 3424 4953 anteeessorum
3470 4904 3670 4953 meorum
3702 4893 3737 4986 ς(

2222 4958 2467 5032 suorum.
2501 4978 2628 5036 limo
2656 4990 2740 5037 est
2776 4982 2938 5052 igitur
2970 5000 3183 5040 summa
3218 5003 3439 5057 precum
3468 4995 3669 5042 mearum
3702 4979 3737 5028 in

2220 5066 2324 5121 liae
2356 5083 2434 5134 re,
2468 5079 2547 5135 ut,
2572 5081 2860 5141 antequam
2898 5089 3251 5132 consecretur
3294 5088 3352 5133 et
3399 5077 3521 5132 mihi
3563 5071 3735 5129 debila“!

2218 5156 2579 5215 obedientiam
2611 5160 2774 5233 (sicut
2809 5164 2943 5236 dixi)
2970 5167 3314 5236 profiteatur,
3365 5179 3421 5224 et
3461 5170 3553 5223 hoc
3589 5163 3734 5216 factum

521 5249 669 5289 sonte
699 5247 753 5291 et
780 5239 1061 5301 electionis
1098 5259 1298 5307 nostra:
1338 5255 1527 5324 quales
1579 5259 1789 5317 debetis
1840 5273 1895 5319 et
1951 5265 2105 5323 scitis

2250 5262 2336 5301 sse.
2356 5247 2550 5306 litteris
2572 5254 2772 5308 nostris
2799 5258 3138 5324 cognoscatis
3185 5275 3214 5313 a
3268 5268 3446 5315 vestra
3486 5248 3730 5311 excellentia

520 5332 796 5392 oportere.
848 5329 961 5387 lloc
988 5336 1149 5393 modo
1174 5353 1353 5397 vestra
1377 5348 1639 5404 sanctitas
1669 5360 1803 5406 meae
1849 5355 2105 5422 parvitati

518 5415 703 5485 debet,
736 5419 842 5478 hoc
871 5433 1047 5482 vestra
1085 5428 1324 5489 Ecclesia
1355 5446 1557 5494 nostra:
1584 5415 1866 5513 denegare
1880 5458 1987 5499 non
2012 5446 2109 5503 dc-

2213 5338 2433 5407 pallium
2478 5356 2583 5397 non
2614 5344 2895 5414 suscipiat.
2933 5345 3087 5414 Quod
3118 5364 3223 5406 non
3268 5351 3394 5406 dico
3421 5348 3599 5404 idcirco
3629 5335 3730 5409 «ιιιοιί

2214 5427 2290 5483 illi
2317 5430 2534 5498 pallium
2569 5434 2838 5492 invideam
2872 5476 2888 5505 ,
2925 5440 3021 5496 sed
3066 5441 3324 5511 quoniam
3374 5439 3576 5513 quidam
3615 5437 3728 5487 autu-

1788 5552 2195 5616 HENSCHENII
2225 5560 2451 5621 NOTAE.
3000 5630 3003 5631 ν

568 5638 614 5677 "-
738 5628 839 5710 9'01
886 5630 1010 5691 aliis
1059 5634 1253 5695 litteris
1287 5640 1367 5697 vel
1393 5658 1488 5714 per
1525 5645 1742 5704 nuntios
1783 5649 2105 5708 verbotcnus
2148 5654 2346 5715 factum
2384 5661 2621 5733 oportuit
2656 5678 2669 5719 :
2716 5665 2931 5737 quando
2986 5666 3097 5725 haec
3140 5665 3381 5725 limitatio
3413 5676 3559 5736 supra
3596 5668 3676 5714 κιαι

568 5712 845 5737 [ulluulnr

518 5700 865 5768 exprimitur.
914 5746 917 5749 .
