3890 6306
26 351 127 404 ΓΠ

1068 382 1069 385 η
1097 345 1422 405 HISTORIA
1470 347 1837 407 NOVORUM.
1868 384 1935 394 —-
1971 351 2096 407 LIB.
2124 352 2209 409 iV.

3208 324 3313 418 $73

26 470 211 528 mant,
242 470 300 517 et
323 469 491 516 etiam
516 465 813 531 procurant
852 466 910 512 ut
932 499 946 527 ,
995 460 1040 513 si
1092 461 1195 516 hoc
1240 476 1269 515 a
1316 460 1472 517 vobis
1504 476 1632 517 con-
1667 448 1708 505 Α
1733 466 1873 537 juris
1897 482 1961 523 ex
1991 468 2215 537 antiquo
2264 466 2500 522 Ecclesia
2538 467 2945 526 Cantuaricnsis
2981 485 3143 542 super
3170 471 3305 527 Ebo-

26 567 256 607 ccssum
316 551 503 618 fuerit,
564 552 808 607 confidat
863 565 924 607 se
972 542 1364 621 professionem
1394 550 1629 605 debitam

26 644 167 697 mihi
202 658 366 713 posse
398 643 686 709 denegare.
728 642 785 697 Si
813 642 957 697 enim
988 642 1089 697 hoc
1114 641 1451 713 contingeret
1478 679 1494 705 ,
1523 639 1628 695 sci-

27 744 147 790 tate
172 735 305 806 quia
337 733 580 790 Ecclesia
608 734 817 804 Anglia:
851 734 1212 798 scinderetur,
1244 741 1300 788 et
1336 731 1632 787 secundum

27 826 371 882 sententiam
398 824 610 881 Domini
642 825 868 881 dicentis
900 843 913 879 :
953 824 1121 879 Omne
1150 839 1366 893 regnum
1393 823 1449 875 in
1490 821 1630 890 scip-

28 936 150 972 sum
179 919 404 974 divisum
457 916 776 972 desolubitur
800 915 953 985 (Luc.
1005 932 1082 979 χι,
1118 916 1233 985 i7),
1267 912 1629 978 desolaretur,

29 1020 87 1063 et
124 1010 283 1079 vigor
312 1008 623 1079 apostolicae
654 1007 953 1077 disciplina:
978 1006 1031 1060 in
1070 1020 1134 1061 ea
1171 1021 1276 1060 non
1324 1020 1511 1075 parum
1540 1002 1634 1058 de-

31 1100 393 1166 bilitaretur;
436 1115 536 1170 ego
574 1112 788 1168 quoque
832 1096 1136 1151 nullatenus
1190 1109 1531 1150 remanerem
1575 1093 1631 1147 in

30 1190 255 1260 Anglia.
283 1188 401 1245 Non
429 1190 571 1245 enim
599 1187 847 1244 deberem
874 1194 967 1241 aut
992 1200 1204 1256 possem
1230 1184 1363 1254 pati,
1414 1193 1474 1237 ut
1502 1182 1521 1255 (
1547 1198 1633 1238 me

34 1285 90 1338 in
119 1299 185 1340 ea
222 1282 458 1354 vivente)
484 1282 748 1352 primatus
772 1280 1031 1335 Ecclesia:
1081 1286 1279 1333 nostrae
1326 1279 1633 1332 destruere-

40 1386 156 1431 tur.
185 1375 303 1431 Hoc
333 1375 505 1444 ipsum
533 1381 588 1428 et
632 1374 823 1428 eodem
868 1371 1069 1427 affectu
1115 1384 1347 1440 suggero
1381 1382 1633 1423 reveren-

34 1469 129 1522 tiae
150 1477 351 1523 vestrm
379 1465 446 1521 de
476 1464 756 1520 Lundonia
781 1506 795 1529 ,
848 1464 892 1519 si
948 1463 1065 1534 ejus
1114 1461 1370 1532 episcopo
1405 1459 1631 1530 pallium

32 1557 244 1628 petitur
313 1555 334 1627 (
361 1554 501 1625 quod
528 1569 805 1624 nunquam
853 1552 1077 1624 habuit)
1109 1559 1166 1606 ut
1194 1551 1401 1607 scilicet
1430 1551 1497 1604 ad
1528 1551 1631 1605 hoc

33 1649 355 1703 nullatenus
382 1661 663 1703 assensum
689 1646 948 1716 prmlieat.
971 1644 1201 1713 Quidam
1240 1656 1473 1712 namque
1504 1656 1632 1696 con-

35 1741 296 1806 cinnant,
327 1738 428 1794 sub
453 1738 557 1794 hac
598 1737 778 1807 specie
806 1736 932 1791 boni
962 1778 977 1802 ,
1025 1734 1301 1806 primatus
1329 1732 1634 1788 Cantuariae
1667 1788 1673 1807 ἲ

38 1832 368 1901 dignitatem
416 1828 869 1899 quemadmodum
920 1842 1025 1883 non
1059 1835 1271 1897 oportet
1319 1824 1626 1879 humiliare.

32 1921 158 1976 Misi
190 1921 465 1977 sanctitati
499 1928 692 1976 vestrae
714 1920 766 1975 in
796 1921 898 1975 hoc
937 1935 1081 1974 anno
1114 1927 1238 1988 post
1272 1918 1631 1973 Pentecosten

30 2011 251 2066 litteras
274 2026 371 2081 per
394 2008 726 2066 Bernardum
756 2008 1078 2065 servientem
1100 2007 1303 2064 domini
1334 2006 1481 2062 Petri
1533 2022 1626 2061 ca-

30 2103 261 2158 merarii
288 2103 475 2167 vestri,
500 2104 641 2171 quod
667 2117 758 2156 rex
777 2100 977 2169 Anglire
1001 2099 1351 2169 conqueritur
1378 2097 1519 2168 quod
1541 2113 1630 2153 su-

30 2191 260 2247 Stinetis
291 2206 473 2263 regem
500 2190 856 2246 Teutonicum
884 2191 1017 2246 dare
1040 2189 1390 2245 investituras
1439 2188 1628 2244 Eccle-

31 2281 245 2336 siarum
302 2281 422 2335 sine
461 2280 1067 2344 excommunicatione‘,
1108 2289 1166 2335 ct
1210 2280 1331 2335 ideo
1382 2281 1628 2335 minatur

32 2373 156 2428 sine
184 2372 351 2428 dubio
378 2388 438 2429 se
472 2382 875 2442 resumpturum
896 2387 1024 2428 suas
1044 2371 1388 2428 investituras
1420 2414 1435 2440 ,
1489 2387 1627 2442 quo-

29 2462 189 2517 niam
232 2461 326 2517 ille
368 2476 497 2517 snas
539 2470 684 2516 tenet
714 2461 766 2516 in
799 2477 947 2532 pace,
974 2461 1166 2516 Videat
1187 2461 1351 2530 igitur
1395 2462 1629 2530 pruden-

31 2554 102 2607 tia
131 2559 323 2608 vestra
351 2552 469 2606 sine
489 2550 745 2607 dilatione
785 2551 914 2621 quid
970 2551 1093 2606 inde
1141 2566 1304 2621 agere
1353 2550 1622 2618 debeatis,

31 2660 98 2699 ne
125 2644 276 2714 quod
334 2652 444 2697 tam
485 2643 623 2698 bene
660 2642 970 2698 aadilicastis
998 2642 1495 2713 irrecuperabiliter
1536 2642 1627 2697 de.

28 2744 308 2791 struatur.
348 2733 462 2789 Rex
498 2733 643 2788 enim
674 2740 859 2788 noster
884 2731 1172 2801 diligenter
1210 2730 1435 2801 inquirit
1481 2730 1626 2801 quod

28 2828 95 2881 de
138 2825 234 2903 illo
262 2838 388 2895 rege
412 2824 609 2880 facitis.
647 2822 877 2880 Oramus
904 2824 1191 2878 Dominum
1224 2821 1396 2877 Deum
1442 2830 1500 2877 ut
1526 2835 1626 2879 nos

28 2916 271 2979 l:etificet
298 2914 365 2970 de
400 2915 653 2970 diuturna
690 2914 1048 2984 prosperitate
1071 2922 1274 2968 vestra.
1313 2933 1331 2965 ι

97 3008 455 3077 Rescriptum
486 3004 692 3061 domini
718 3019 871 3075 papa:
891 3005 959 3060 ad
980 3004 1299 3059 Anselmum
1324 3021 1340 3059 :

1736 575 2013 615 racenscm
2059 573 2275 627 semper
2327 557 2527 614 habere
2580 562 2925 614 consueverit
2971 563 3168 617 sciunt.
3207 564 3315 617 An-

1734 651 1935 707 selmus
1966 658 2146 703 autem
2175 657 2501 719 postponens
2522 649 2843 704 clericorum
2870 650 3067 706 litteris
3094 667 3315 722 respon-

1734 743 1881 807 dere,
1912 742 1978 796 ad
2005 741 2212 795 litteras
2242 739 2461 796 Thomae
2489 741 2705 810 scripsit
2751 741 2905 796 haec:

1808 853 1827 887 ι
1864 832 2149 889 Anselmus
2181 832 2616 903 archiepiscopus
2668 832 3090 902 CantuaricnSIs,
3140 836 3315 890 amico

1733 946 1831 988 suo
1844 929 2083 996 Thomm,
2102 926 2271 983 eiecto
2288 926 3047 996 archiepiscopoEboracensi,
3064 927 3311 983 salutem.

1811 1064 1830 1097 ι
1880 1044 2128 1099 Mandavi
2188 1042 2343 1097 vobis
2406 1041 2728 1097 cbaritative
2788 1041 3069 1112 plusquam
3125 1043 3314 1107 semel,

1732 1145 1997 1206 quatenus
2023 1132 2088 1188 ad
2117 1142 2342 1187 matrem
2364 1142 2599 1187 vestram
2633 1131 2927 1186 Ecclesiam
2955 1132 3316 1186 Cantuaricn-

1732 1242 1847 1282 sem
1909 1225 2204 1290 veniretis,
2264 1224 2329 1278 ad
2416 1223 2810 1293 suscipiendam
2886 1222 3313 1277 benedictionem

1732 1325 1999 1380 vestram,
2032 1324 2087 1370 et
2115 1315 2180 1378 ad
2205 1312 2509 1369 faciendum
2548 1313 2688 1384 quod
2720 1312 2929 1367 debetis
2950 1322 3003 1366 ct
3029 1328 3134 1367 non
3160 1328 3313 1366 vem-

1733 1410 1855 1465 stis.
1915 1408 2255 1478 Quapropter
2311 1406 2497 1462 eadem
2562 1404 2850 1460 dilectione
2920 1404 3070 1459 vobis
3140 1404 3317 1459 adhuc

1733 1500 1932 1556 mando
1976 1508 2243 1569 quatenus
2269 1498 2409 1568 apud
2440 1499 2609 1569 ipsam
2643 1507 2872 1552 matrem
2897 1506 3127 1551 vestram
3161 1506 3316 1552 sexto

1734 1592 1858 1648 ldus
1906 1591 2225 1647 Novembris
2272 1590 2413 1655 sitis,
2454 1598 2512 1645 ut
2561 1589 2775 1645 faciatis
2820 1591 2960 1659 quod
3002 1589 3231 1655 debetis,
3260 1599 3315 1645 et

1734 1681 2041 1750 suscipiatis
2072 1680 2503 1736 benedictionem
2551 1689 2813 1735 nostram.
2850 1679 3143 1746 Praeterea,
3187 1681 3314 1750 quia

1736 1772 2022 1829 consilium
2070 1771 2272 1841 petitis,
2318 1770 2543 1826 consulo
2584 1770 2741 1827 vobis
2786 1779 2844 1824 ut
2897 1785 3003 1825 non
3041 1771 3313 1839 incipiatis

1734 1864 1948 1935 aliquod
1973 1863 2116 1933 quod
2148 1879 2255 1917 non
2287 1862 2496 1917 debetis
2527 1870 2713 1917 contra
2746 1861 3039 1917 Ecclesium
3078 1862 3312 1919 Cantua-

1736 1958 1986 2012 riensem.
2016 1954 2150 2009 Nam
2182 1970 2280 2025 pro
2310 1964 2458 2009 certo
2482 1955 2670 2009 sciatis
2704 1955 2829 2023 quia
2862 1955 3113 2010 omnibus
3140 1958 3312 2012 modis

1732 2048 1931 2119 quibus
1952 2062 2170 2117 possum
2188 2046 2253 2100 ad
2288 2045 2389 2099 hoc
2414 2060 2498 2099 me
2519 2045 2844 2113 impendam,
2862 2055 2920 2099 ut
2940 2046 3114 2100 desua
3139 2048 3313 2117 digni-

1733 2148 1842 2195 tate
1861 2138 2099 2194 Ecclesia
2121 2136 2233 2208 ipsa
2253 2151 2372 2192 meo
2388 2146 2627 2207 tempore
2654 2137 2788 2191 nihil
2816 2138 3027 2207 perdat.
3048 2138 3251 2195 Valete.
3286 2158 3305 2192 ι

1802 2249 1918 2305 Non
1972 2252 2121 2306 venit
2179 2250 2273 2306 sed
2318 2250 2525 2305 directa
2577 2250 2804 2322 epistola
2855 2252 2969 2307 haec
3012 2252 3155 2309 inter
3206 2253 3311 2309 alia

1730 2345 1977 2417 scripsit:

1804 2478 1823 2511 ι
1859 2459 2093 2515 Causam
2128 2474 2232 2529 qua
2256 2458 2502 2514 differtur
2526 2459 2761 2517 sacratio
2790 2475 2930 2528 mea,
2962 2476 3124 2531 quam
3153 2477 3315 2520 nemo

1729 2548 2020 2605 studiosius
2056 2564 2218 2617 quam
2253 2563 2353 2617 ego
2380 2549 2541 2604 vellet
2589 2549 2917 2614 accelerare,
2946 2551 3036 2619 qui
3068 2551 3312 2621 protule-

1729 2640 1856 2695 runt
1892 2655 1998 2694 non
2025 2640 2293 2695 desistunt
2334 2639 2713 2695 corroborare.
2750 2641 3111 2708 Quamobrem
3148 2660 3312 2713 quam

1726 2731 2112 2801 periculosum,
2165 2746 2327 2801 quam
2382 2741 2538 2801 turpe
2582 2732 2654 2787 sit
2714 2743 2906 2788 contra
2979 2751 3308 2791 consensum

1728 2819 1981 2884 Ecclesia:
2016 2822 2122 2893 (cui
2179 2822 2378 2892 praeﬁci
2408 2822 2600 2891 debeo)
2646 2825 2887 2895 regimen
2936 2827 3108 2895 ipsius
3162 2829 3313 2882 inva-

1726 2910 1876 2976 dere,
1911 2920 2090 2967 vestra
2128 2912 2383 2969 discretio
2430 2916 2665 2969 noverit.
2719 2914 2825 2971 Sed
2853 2924 2908 2970 et
2930 2933 3093 2988 quam
3126 2918 3313 2972 formi-

1728 2999 1926 3066 dahile,
1960 3018 2121 3073 quam
2149 3003 2222 3058 sit
2244 3003 2555 3060 evitandum
2586 3005 2686 3062 sub
2712 3006 2893 3076 specie
2924 3009 3313 3066 benetlic'ionis

103 3120 122 3153 ι
154 3100 443 3156 Paschalis
482 3096 768 3169 episcopus
804 3112 994 3152 servus
1021 3111 1302 3153 servorum
1332 3096 1450 3161 Dei,
1492 3096 1624 3152 dile-
1649 3124 1698 3187 ο
1732 3092 2168 3150 maledictionem
2201 3095 2454 3152 induere!
2486 3116 2505 3150 δ

30 3201 117 3247 cto
188 3190 347 3246 fratri
422 3188 679 3245 Anschno
749 3176 1127 3243 Cantuariensi
1198 3187 1621 3260 archiepiscopo,

29 3284 265 3338 salutem
291 3290 343 3335 et
363 3279 715 3350 apostolicam
739 3278 1195 3353 benedictionem.

108 3394 125 3427 ι
164 3372 403 3428 Litteras
443 3380 546 3425 ture
574 3368 879 3425 dilectionis
911 3369 1234 3438 recepimus,
1255 3383 1353 3439 per
1377 3384 1511 3439 quas
1540 3368 1623 3423 af-

30 3462 317 3520 fabililatis
354 3471 456 3516 tua:
483 3460 816 3516 dulcedinem
849 3460 1280 3529 recognovitnus,
1306 3469 1441 3526 etc.,
1465 3478 1626 3530 usque

30 3558 136 3610 ad:
186 3554 306 3609 Rex
338 3567 466 3606 vero
494 3552 539 3606 si
573 3568 623 3606 In
666 3559 910 3622 paterna:
958 3550 1214 3619 nequitia:
1255 3550 1474 3605 tramite
1497 3565 1627 3619 per-

31 3642 393 3707 severaverit,
426 3641 574 3698 beati
603 3640 747 3696 Petri
780 3637 1036 3711 gladium,
1067 3656 1224 3711 queui
1244 3642 1355 3711 jam
1385 3642 1619 3697 educere

32 3737 324 3807 coepimus,
349 3724 533 3805 procul
557 3733 718 3789 dubio
747 3734 1057 3805 experietur
1094 3746 1143 3790 α.
1171 3733 1319 3789 Data:
1348 3733 1626 3790 Beneven-

34 3831 71 3884 ti
99 3845 157 3885 ιν
184 3826 311 3882 ldus
341 3823 613 3881 Octobris.
656 3844 674 3877 ι

106 3919 289 3988 Supra
311 3925 644 3973 memoratus
671 3914 1063 3972 Thomasinter
1086 3918 1210 3985 ista,
1228 3926 1435 3973 mutato
1458 3915 1626 3986 priori

35 4010 288 4074 consilio,
318 4007 665 4063 Cantuariam
700 4015 904 4062 statuto
944 4008 1046 4063 sibi
1102 4008 1351 4069 termino,
1381 4008 1624 4078 prohibi-

39 4115 122 4157 tus
162 4118 193 4156 a
265 4086 544 4156 canonicis
592 4099 726 4166 suis,
777 4100 916 4154 sicut
972 4114 1070 4170 per
1124 4101 1331 4155 litteras
1375 4099 1627 4155 Anselmo

36 4190 338 4256 trandavit,
388 4188 576 4245 venire
612 4204 719 4245 non
753 4189 949 4259 potuit,
994 4198 1049 4245 et
1088 4191 1157 4246 ob
1221 4189 1325 4245 hoc
1354 4190 1481 4259 quid
1524 4190 1626 4244 sibi

38 4282 160 4335 inde
187 4279 333 4334 foret
389 4278 677 4350 agendum,
715 4279 999 4334 consilium
1036 4279 1102 4334 ab
1144 4293 1210 4334 eo
1257 4279 1467 4349 petivit.
1520 4278 1629 4350 ipsi

38 4375 234 4444 quippe
275 4371 524 4427 canonici
571 4372 806 4427 scientes
831 4370 1143 4427 Anselmum
1188 4379 1347 4426 aetate
1384 4371 1544 4427 simul
1574 4380 1628 4427 et

1804 3185 1879 3240 Ex
1909 3185 1992 3242 his
2020 3186 2318 3247 ,Anselmus
2367 3189 2654 3245 advertens
2693 3190 2955 3248 Thomam
2987 3194 3310 3249 clericorum

1728 3292 1948 3333 suorum
1986 3279 2156 3347 magis
2185 3295 2349 3348 quam
2395 3295 2514 3349 suo,
2552 3284 2693 3351 quod
2744 3286 3033 3353 petiverat,
3079 3287 3310 3342 consilio

1727 3368 2011 3435 inhaerere,
2044 3367 2172 3425 fecit
2222 3371 2505 3442 episcopos
2531 3376 2716 3428 venire
2753 3375 2819 3429 ad
2857 3392 2933 3438 se,
2965 3386 3019 3432 et
3061 3392 3183 3431 cum
3234 3378 3314 3431 eis

1734 3464 1950 3535 negotio
1981 3472 2237 3529 tractans,
2266 3465 2393 3534 quid
2421 3465 2690 3534 praecipue
2728 3464 2862 3520 foret
2886 3466 3152 3538 agendum
3200 3468 3313 3522 dis-

1726 3556 1967 3626 quisivit.
1999 3555 2236 3611 Probant
2260 3556 2331 3611 illi
2367 3557 2502 3612 duos
2530 3557 2705 3613 adhuc
2745 3558 3028 3629 episcopos
3071 3560 3136 3613 ad
3187 3573 3311 3613 eum

1727 3647 1909 3718 dirigi,
1965 3648 2056 3717 qui
2090 3648 2237 3703 illum
2263 3663 2329 3703 cx
2362 3658 2515 3719 parte
2544 3650 2791 3705 Anselmi
2833 3660 2888 3705 et
2924 3651 3166 3705 omnium
3201 3651 3315 3721 epi-

1727 3753 2014 3807 scoporum
2038 3739 2244 3808 Anglia:
2285 3750 2562 3806 moneant,
2588 3750 2780 3812 cmptm
2812 3741 3088 3796 rebellioni
3117 3757 3315 3795 renun-

1730 3830 1889 3894 tiare,
1945 3837 2001 3884 et
2057 3829 2323 3899 siquidem
2388 3831 2442 3885 id
2493 3831 2677 3886 facere
2739 3832 2894 3896 nolit,
2946 3828 3213 3886 suadeant
3264 3830 3314 3884 ei

1727 3921 2074 3978 Cantuariam
2110 3936 2208 3992 pro
2256 3922 2632 3977 benedictione
2667 3939 2785 3989 sua,
2829 3924 3120 3979 secundum
3172 3926 3314 3992 quod

1727 4029 1785 4071 se
1842 4012 2020 4069 facere
2084 4014 2283 4070 debere
2330 4024 2680 4083 cognoverat,
2723 4015 2927 4080 venire,
2991 4015 3172 4083 ibique
3231 4014 3315 4085 (si

1727 4100 1928 4173 possit)
1980 4102 2171 4172 probet
2216 4116 2276 4157 se
2329 4117 2360 4157 a
2417 4102 2752 4171 subjectione
2815 4117 2977 4172 quam
3025 4104 3316 4159 Anselmus

1727 4193 1979 4263 exigebat
2041 4194 2240 4249 debere
2295 4192 2525 4247 liberum
2580 4210 2720 4260 esse,
2781 4205 2856 4260 et,
2920 4196 3023 4251 hoc
3062 4196 3106 4249 si
3154 4206 3317 4266 qur-at

1728 4284 1961 4352 efﬁcere,
2000 4293 2248 4341 sacratus
2286 4282 2471 4338 redeat
2518 4286 2571 4340 in
2611 4301 2707 4339 sua
2748 4301 2871 4341 cum
2902 4302 3055 4357 pace.
3088 4286 3313 4341 Placue-

1729 4382 1856 4429 runt
1906 4374 2010 4430 ista
2062 4375 2237 4430 Patri.
2290 4376 2357 4431 Et
2403 4377 2519 4431 bare
2544 4391 2705 4445 agerc
2734 4375 2882 4430 missi
2908 4384 3032 4431 sunt
3077 4375 3315 4446 episc0pi

39 4466 318 4520 debilitate
352 4463 585 4534 fatigari,
627 4464 727 4518 rati
772 4472 899 4517 sunt
950 4477 1073 4518 eum
1130 4462 1294 4518 citius
1343 4462 1468 4518 huic
1505 4463 1630 4519 vita:
1662 4498 1705 4553 υ
1735 4466 1858 4531 duo,
1898 4463 2290 4523 Lundoniensis
2326 4469 2597 4534 videlicet,
2624 4468 2749 4539 quia
2790 4467 3026 4523 decanus
3062 4467 3316 4522 Ecclesia)

36 4554 491 4619 subtrahendum,
538 4561 592 4608 et
638 4553 758 4607 ideo
815 4560 959 4618 mota
1012 4550 1279 4607 calumnia
1328 4552 1622 4608 Ecclesiam

40 4645 438 4699 Eboracensem
510 4658 696 4713 parem
755 4656 877 4697 esse
940 4643 1313 4698 Cantuaricnsi
1372 4644 1624 4700 Anselmo

40 4737 397 4806 scripserunt.
436 4733 493 4788 in
517 4748 624 4804 quo
653 4743 830 4788 tamen
860 4734 1088 4790 electum
1115 4736 1414 4791 antistitem
1443 4735 1625 4791 Eccle-

40 4828 129 4882 size
175 4843 294 4882 sum
338 4826 688 4881 Cantuariam
742 4825 821 4879 ire
870 4824 1067 4879 debere
1118 4841 1217 4895 pro
1254 4826 1625 4882 benedictione

41 4935 132 4974 sua
164 4926 563 4989 cognoverunt,
615 4915 710 4971 sed
759 4913 1149 4983 professionem
1187 4914 1253 4969 de
1293 4914 1625 4983 subiectione

43 5026 132 5066 sua
173 5010 419 5082 pontifici
456 5008 831 5064 Cantuaricnsi
862 5023 982 5062 eum
1024 5007 1201 5062 facere
1227 5008 1424 5063 debere
1456 5023 1621 5078 nega-

43 5111 253 5168 verunt,
282 5117 349 5158 ac
372 5117 440 5156 ne
465 5100 690 5162 faceret,
714 5108 973 5169 quantum
1013 5099 1065 5153 in
1111 5098 1192 5154 eis
1224 5098 1346 5167 fuit,
1376 5113 1442 5155 ex
1467 5108 1623 5164 parte

46 5194 139 5251 Dei
174 5205 231 5250 et
262 5195 524 5251 Romanae
549 5192 804 5250 Ecclesiae
841 5192 1255 5262 prohibuerunt.
1291 5193 1442 5259 Quod
1476 5194 1622 5263 quali

47 5287 182 5341 fama
215 5287 361 5358 ipsos
388 5286 682 5342 canonicos
710 5284 849 5355 apud
895 5284 1182 5339 multorum
1226 5294 1435 5339 mentes
1464 5296 1620 5340 neta-

46 5378 200 5444 verit,
231 5387 308 5440 et,
352 5390 443 5432 me
472 5384 706 5442 tacente,
757 5374 1029 5445 conjicere
1082 5382 1309 5443 possunt
1357 5374 1450 5444 qui
1489 5375 1619 5444 quid

1732 4553 2159 4624 Cantuaricnsis,
2207 4568 2262 4615 ct
2300 4559 2589 4625 Rofiensis,
2640 4561 2729 4630 qui
2781 4562 3020 4628 ejusdem
3062 4560 3317 4615 Ecclesia:

1729 4648 1979 4718 proprius
2003 4659 2164 4719 atque
2181 4651 2507 4708 domesticus
2536 4669 2655 4709 esse
2678 4654 3033 4723 dignoscitur.
3066 4651 3130 4706 lii
3162 4666 3314 4721 ergo,

1730 4737 1833 4792 iter
1870 4743 2131 4811 aggressi,
2173 4744 2566 4800 mandaverunt
2606 4745 2849 4809 Thomze,
2882 4754 2936 4800 et
2963 4744 3206 4799 occurrit
3233 4744 3316 4798 eis

1730 4833 1869 4901 apud
1921 4832 2270 4888 Suthwellam
2310 4835 2495 4891 villam
2552 4851 2728 4891 suam.
2787 4836 3075 4905 Exponunt
3119 4833 3169 4887 ci
3216 4848 3317 4903 pro

1728 4921 1925 4990 quibus
1973 4924 2243 4978 venerint.
2309 4925 2380 4979 At
2432 4925 2546 4996 ipse
2599 4924 2849 4979 nuntium
2901 4938 3079 4987 suum,
3153 4938 3314 4991 quem

1729 5014 2177 5071 Northmanniam
2215 5017 2281 5071 ad
2311 5031 2492 5088 regem
2534 5017 2775 5079 miserat,
2804 5023 2861 5070 et
2884 5015 3064 5084 plures
3088 5015 3152 5069 de
3177 5014 3313 5079 suis,

1727 5122 1865 5177 quos
1910 5108 1976 5163 ad
2029 5124 2088 5163 se
2141 5108 2299 5179 longe
2356 5109 2479 5163 inde
2530 5107 2816 5177 pervenire
2851 5106 3220 5173 mandaverat,
3256 5121 3316 5163 se

1725 5208 2045 5267 exspectare
2093 5200 2392 5268 respondit.
2451 5198 2551 5266 Qui
2610 5213 2733 5253 cum
2788 5198 3058 5265 venerint,
3117 5198 3312 5268 inquit,

1725 5290 1908 5346 audito
1933 5306 2120 5346 eorum
2149 5291 2396 5359 consilio,
2432 5291 2625 5345 faciam
2654 5290 2794 5360 quod
2818 5290 3155 5359 potissimum
3183 5289 3314 5345 mihi

1729 5381 2407 5440 faciendumlaudaverint.
2426 5382 2647 5453 Reversi
2678 5381 2731 5437 in
2765 5380 2882 5439 istis
2907 5382 3138 5455 episcopi
3165 5389 3311 5437 sunt.

1338 5487 1753 5548 HENSCHENII
1794 5492 2035 5549 NOTAE.-

121 5614 157 5675 '_
186 5601 249 5658 Et
274 5612 533 5675 expertus
563 5611 667 5667 est,
697 5616 802 5656 non
829 5600 1045 5675 quidem
1078 5599 1387 5675 a_Pascﬁbali
1408 5645 1423 5670 ,
1456 5619 1624 5675 aquo

50 5672 229 5735 τινιίνο
292 5670 645 5728 investituras
695 5673 925 5737 extorsit
968 5670 1234 5727 Henricus
1266 5673 1331 5739 ν,
1366 5687 1459 5729 rex
1485 5670 1624 5731 Ger~

54 5743 239 5799 mania:
265 5760 407 5799 "uno
436 5743 590 5810 1111,
616 5742 802 5797 eodem
828 5757 948 5797 cum
979 5740 1115 5799 liber
1137 5741 1235 5798 fuit
1261 5746 1622 5814 neqtlidattam

1738 5603 1960 5661 Sutrina
2000 5606 2135 5661 Acta
2174 5613 2533 5662 retractante:
2565 5604 2660 5661 sed
2688 5620 2718 5659 a
2748 5598 2968 5661 Callisto
2991 5596 3065 5671 11,¹
3088 5604 3174 5659 cui
3218 5618 3315 5659 eas

1736 5675 1850 5746 ipse
1893 5686 2116 5732 coactus
2145 5688 2226 5735 est
2260 5678 2576 5746 restituere,
2630 5686 2774 5733 anno
2814 5673 2949 5732 1122
2989 5675 3045 5733 in
3085 5673 3314 5733 concilio

1737 5744 2136 5805 Wormatiensi.
