3890 6306
477 403 493 460 ι

540 301 650 358 479

1537 302 1857 360 ΕΑΙὶΜΕΒΙ
1899 306 2446 366 CANTUARIENSIS
2477 309 2782 397 MONACIII

3711 316 3802 369 88η

607 389 745 475 Post
766 417 901 483 luce,
944 416 1096 472 brevi
1127 415 1383 498 temporis
1409 418 1584 488 spatio
1611 419 1950 490 interposito,
1980 437 2122 490 ,nun-
2153 427 2196 485 Α
2229 422 2412 477 tudine
2441 422 2670 491 professi
2710 393 2856 486 sunt,
2894 423 3201 493 proﬁtearis
3248 425 3404 493 Quod
3427 425 3475 481 si
3508 427 3566 481 in
3607 425 3678 482 iis
3699 442 3804 498 qu

542 512 650 566 tius
678 526 744 565 ex
767 516 923 578 parte
937 505 1159 563 Thomas
1180 503 1246 561 ad
1267 495 1577 564 Anselmum
1603 509 1855 579 directus,
1889 511 2114 580 litteras,

541 616 676 674 quas
696 615 822 655 ecce
847 600 1156 664 scribimus,
1178 599 1353 672 sigillo
1368 601 1509 671 regis
1531 600 1764 659 inclusas
1789 605 1836 660 ei
1856 607 2115 676 porrexit.

617 710 636 742 ι
672 689 958 757 Henricus,
1005 689 1097 744 Dei
1139 689 1338 760 gratia,
1380 705 1475 745 rex
1510 692 1826 762 Anglorum,
1864 697 2119 754 Anselmo

538 779 916 837 Cantuariensi
943 779 1370 851 archiepiscopo,
1387 782 1554 838 charo
1575 781 1720 839 Patri
1749 798 1866 851 suo,
1891 785 2116 844 salutem

539 879 596 926 et
629 867 946 924 amicitiam.
2100 935 2107 940 ,

617 983 635 1015 ι
665 961 860 1018 Mando
904 961 1059 1018 vobis
1102 970 1165 1018 ut
1215 965 1602 1034 reexspcctetis
1654 981 1809 1037 aequo
1855 967 2036 1022 animo
2063 977 2117 1024 et

539 1055 988 1112 bona'voluntate
1023 1055 1454 1110 benedictionem
1503 1055 1723 1113 Thema:
1761 1060 2118 1118 Eboracensis

538 1145 932 1216 archiepiscopi
983 1159 1155 1216 usque
1209 1147 1276 1200 ad
1326 1145 1554 1213 Pascha,
1591 1157 1644 1203 et
1674 1150 1930 1220 quidquid
1975 1153 2119 1208 inter

537 1256 637 1296 vos
663 1240 788 1295 inde
835 1248 1017 1294 actum
1048 1247 1150 1294 est.
1183 1239 1294 1310 Ego
1319 1241 1484 1305 enim,
1533 1241 1576 1296 si
1625 1241 1760 1296 infra
1804 1245 2115 1312 praedictum

540 1334 831 1389 terminum
863 1334 916 1387 in
955 1331 1200 1403 Angliam
1233 1332 1462 1398 rediero,
1488 1333 1712 1387 consilio
1742 1334 2115 1405 episcoporum

538 1435 596 1482 et
635 1425 897 1482 baronum
948 1440 1188 1479 meorum
1233 1438 1330 1478 vos
1362 1421 1416 1491 ju
1451 1431 1504 1479 te
1543 1433 1597 1479 et
1647 1425 1943 1481 honoriﬁce
1992 1427 2118 1483 inde

539 1515 897 1572 concordabo.
929 1515 1082 1583 Quod
1132 1514 1175 1568 si
1215 1524 1322 1567 tam
1353 1515 1461 1569 cito
1510 1531 1613 1568 non
1671 1517 1903 1582 rediero,
1933 1517 2118 1572 taliter

541 1610 666 1665 inde
694 1625 872 1681 agam,
922 1610 1065 1678 quod
1109 1605 1345 1662 fraterna
1380 1622 1483 1677 pax
1524 1615 1580 1662 et
1635 1607 1774 1664 bona
1825 1611 2118 1665 concordia

541 1703 683 1757 inter
704 1716 800 1756 vos
823 1700 945 1755 erit.
989 1719 1007 1751 ι
1722 1689 1724 1691 ὶ

2225 515 2433 584 coepisti
2487 518 2660 587 magis
2711 506 3064 588 perseverare
3105 535 3271 590 quam
3321 522 3393 576 ab
3421 521 3507 576 eis
3555 521 3806 578 desistere

2234 606 2527 677 delegeris,
2580 608 2832 664 omnibus
2854 609 3126 681 episcopis
3174 613 3340 667 totius
3383 611 3692 668 Britanniae
3721 620 3806 670 sub

2215 707 2486 767 perpetuo
2513 700 2864 755 anathemate
2896 701 3188 766 interdico,
3218 716 3287 758 ne
3314 703 3410 758 tibi
3459 703 3612 759 ultus
3635 718 3804 758 eorum

2221 803 2416 845 manus
2435 793 2501 845 ad
2527 791 2939 860 promotionem,
2969 794 3322 863 pontiﬁcatus
3352 796 3630 867 imponat,
3651 797 3751 863 vel,
3769 802 3806 854 si

2222 881 2292 934 ab
2337 883 2584 938 externis
2633 891 2918 953 promotus
2967 885 3158 952 fueris,
3207 901 3306 956 pro
3350 888 3622 958 episcopo
3653 888 3804 943 velin

2219 971 2396 1042 aliqua
2453 971 2764 1028 Christiana
2809 977 3205 1032 communione
3248 986 3300 1032 te
3341 979 3647 1051 suscipiat.
3697 981 3804 1035 Tibi

2216 1078 2456 1134 quoque,
2489 1063 2716 1129 Thema,
2749 1066 2848 1120 sub
2896 1067 3086 1122 eodem
3134 1062 3494 1124 anathemate
3543 1085 3623 1124 es
3667 1083 3804 1140 parte

2221 1154 2313 1208 Dei
2344 1156 2608 1213 interdico
2638 1167 2692 1212 ut
2731 1173 3008 1228 nunquam
3035 1157 3476 1217 benedictionem
3530 1163 3800 1233 episcopa-

2221 1256 2308 1303 tus
2343 1249 2698 1305 Eboracensis
2741 1251 3029 1321 suscipias,
3076 1252 3181 1308 nisi
3224 1254 3376 1322 prius
3415 1254 3800 1325 professio-era

2217 1359 2379 1411 quam
2407 1354 2786 1400 antecessores
2814 1346 2888 1400 tui
2921 1345 3160 1402 Thomas
3183 1357 3240 1402 et
3261 1347 3539 1403 Girardus
3565 1347 3800 1404 Ecclesia

2217 1435 2592 1490 Cantuariensi
2619 1435 2866 1492 fecerunt
2892 1437 3082 1492 facias.
3116 1436 3173 1492 Si
3201 1447 3386 1494 autem
3428 1441 3798 1510 episcopatum

2218 1528 2614 1583 Eboracensem
2645 1543 2709 1583 ex
2765 1538 2878 1584 toto
2907 1529 3199 1594 dimiseris,
3249 1532 3496 1589 concedo
3547 1541 3612 1589 ut
3643 1532 3802 1591 eicio

2217 1621 2564 1686 sacerdotali,
2594 1621 2739 1692 quod
2767 1622 2880 1693 jam
2908 1623 3248 1694 suscepistis,
3275 1624 3472 1680 utaris.
3507 1643 3529 1676 ι

2291 1712 2440 1768 llanc
2479 1713 2761 1783 epistolam
2804 1716 3083 1778 omnibus.
3111 1716 3388 1786 episcopis
3438 1714 3680 1785 Anglis,
3706 1717 3800 1772 sin-

609 1795 692 1848 Ad
729 1793 846 1848 haec
881 1792 1070 1847 nuntio
1099 1791 1300 1862 petenti
1333 1791 1460 1861 quid
1485 1792 1772 1847 Anschnus
1801 1793 1958 1848 vellet
1988 1794 2116 1850 dare
2150 1795 2191 1854 Β
2220 1803 2398 1873 gulam
2444 1804 2694 1874 singulis,
2739 1819 2864 1860 eum
2921 1820 3019 1861 suo
3059 1804 3240 1877 sigillo
3267 1805 3494 1871 direxit,
3525 1805 3802 1875 unicuique

541 1885 809 1957 responsi,
841 1884 1014 1940 dixit:
1045 1902 1067 1936 ς
1102 1883 1173 1939 Se
1202 1885 1311 1956 regi
1341 1886 1432 1954 qui
1459 1884 1560 1940 sibi
1590 1885 1798 1941 litteras
1822 1887 1969 1964 misit
2009 1903 2116 1940 non

536 1971 761 2030 Thomze
810 1989 1217 2045 responsurum.
1257 1995 1276 2028 ι
1338 1975 1589 2046 Delegata
1641 1977 1806 2048 igitur
1851 1978 2118 2050 legatione

535 2067 697 2136 hujus
752 2069 828 2125 rei
885 2069 1058 2126 Odoni
1108 2072 1313 2128 decano
1346 2071 1599 2128 Ecclesiae
1649 2072 2026 2138 Cicestrensis,
2065 2083 2121 2130 et

537 2162 765 2217 Alboldo
793 2163 1059 2219 monacho
1081 2165 1311 2225 emnobii
1343 2164 1557 2221 Sanctae
1587 2163 1770 2221 Mariae
1806 2166 2117 2234 Beccensis,

539 2256 833 2312 destinavit
864 2271 957 2312 eos
986 2257 1040 2312 iu
1081 2257 1533 2312 Northmanniam
1565 2257 1631 2312 ad
1676 2271 1856 2329 regem
1897 2273 2121 2315 narrare

541 2347 617 2404 illi
649 2357 817 2403 totum
840 2349 980 2419 quod
1007 2349 1289 2417 praesentis
1318 2350 1522 2404 dissidii
1559 2359 1770 2415 tenore,
1800 2350 1941 2406 inter
1978 2367 2038 2407 se
2065 2357 2122 2406 et

539 2440 914 2499 Eboracenses
939 2452 1120 2500 actum
1137 2444 1445 2498 exstiterat.
1477 2443 1934 2514 Rogareutetiam
1966 2444 2120 2501 illum

542 2544 814 2606 quatenus
838 2551 950 2590 sua:
978 2536 1314 2606 auctoritatis
1344 2536 1679 2606 ingenuitate
1718 2545 1775 2592 et
1813 2536 2124 2606 provisione

543 2634 839 2697 satageret.
863 2641 932 2682 ne
961 2626 1245 2697 integritas
1274 2626 1700 2682 Christianitatis
1738 2627 1790 2680 in
1818 2627 1922 2681 duo
1950 2627 2122 2682 divisa

543 2718 887 2774 scinderetur
913 2719 964 2774 in
996 2720 1209 2791 Anglia,
1248 2735 1432 2778 certus
1463 2719 1708 2778 existens
1735 2721 1876 2791 quod
1901 2719 2123 2775 scissio-

541 2824 690 2872 nem,
735 2807 890 2877 juxta
945 2810 1156 2875 Domini
1203 2811 1427 2876 dictum,
1487 2811 1751 2871 desolatiu
1802 2821 2123 2886 sequeretur

542 2899 700 2972 (Luc.
733 2917 812 2966 χι,
841 2901 951 2973 l7).
975 2902 1051 2957 De
1079 2902 1311 2958 induciis
1337 2913 1518 2960 autem
1557 2921 1693 2975 quas
1716 2907 1938 2962 Thema:
1979 2901 2127 2962 Ebo-

541 2991 756 3052 racensi
801 2992 1210 3064 archiepiscopo
1251 2994 1368 3049 dari
1409 2996 1781 3059 mandaverat,
1832 3011 1934 3066 pro
1970 3005 2122 3052 certo

2220 1895 2484 1950 mandans
2525 1902 2688 1964 atque
2722 1895 3065 1965 praecipiens,
3109 1910 3214 1965 per
3254 1906 3503 1952 sanctam
3554 1895 3800 1950 obedien-

2220 1991 2349 2045 tiam
2411 2005 2574 2060 quam
2646 1990 2901 2046 Ecclesia
2967 1990 3352 2057 Cantuariensi
3387 1989 3688 2053 debebant,
3732 1998 3796 2053 ut,

2219 2082 2518 2138 secundum
2549 2083 2692 2152 quod
2725 2083 2778 2138 in
2817 2082 2903 2137 illa
2939 2083 3201 2153 scriptum
3223 2091 3362 2150 erat,
3387 2097 3454 2139 se
3469 2097 3612 2154 erga
3637 2083 3796 2153 ipsum

2211 2174 2486 2229 Thomam
2510 2171 2764 2243 deinceps
2792 2183 3059 2239 tenerent.

2289 2264 2422 2320 Post
2467 2266 2586 2320 haec
2629 2279 2684 2320 at
2721 2264 2841 2329 Kal.
2882 2264 3006 2319 Maii
3055 2263 3341 2320 defunctus
3385 2273 3472 2321 est
3509 2264 3803 2320 Cantuaria

2221 2354 2278 2410 in
2301 2356 2585 2426 metropoli
2642 2357 2773 2412 sede
2815 2354 3098 2424 gloriosus
3119 2353 3278 2408 Pater
3297 2355 3613 2417 Anselmns,
3648 2364 3704 2408 et
3727 2354 3803 2405 die

2222 2447 2490 2516 sequenti,
2523 2459 2643 2516 qua;
2674 2445 2776 2501 fuit
2801 2443 2968 2500 Coena
3000 2443 3235 2510 Domini,
3258 2445 3312 2502 in
3360 2443 3561 2513 majori
3588 2445 3802 2499 ecclesia

2223 2537 2289 2600 ad
2328 2546 2492 2607 caput
2522 2536 2843 2592 veneranda)
2889 2535 3163 2590 memoriae
3198 2533 3494 2590 Lanl'ranei
3520 2534 3806 2603 pmleccs-

2222 2629 2366 2684 soris
2410 2629 2516 2694 sui,
2549 2627 2850 2684 honoriﬁce
2871 2625 3138 2696 sepultus,
3168 2640 3313 2682 anno
3340 2626 3622 2682 lnearnati
3655 2625 3802 2679 Verbi

2223 2721 2507 2777 millesimo
2549 2719 2846 2776 centesimo
2895 2731 3064 2782 nono,
3093 2718 3242 2790 regni
3273 2723 3422 2772 vero‘
3450 2717 3672 2771 Henrici
3701 2718 3804 2784 glo-
3888 2769 3890 2774 .

2223 2813 2353 2869 riosi
2381 2814 2522 2884 regis
2543 2813 2836 2883 Anglorum
2875 2825 3039 2878 nono,
3074 2810 3420 2880 pontiﬁcatus
3444 2818 3634 2864 autem
3658 2810 3805 2880 ipsius

2221 2904 2463 2962 Anselmi
2495 2920 2610 2964 xvr,
2649 2903 2827 2957 aetatis
2846 2915 2976 2957 vero
3002 2900 3408 2971 septuagesimo
3429 2907 3612 2960 sexto,

2291 2998 2476 3068 Itaque
2511 3003 2631 3072 post
2687 2994 2822 3066 lucc,
2875 2993 3064 3069 paucis
3114 2993 3309 3054 diebus
3355 2991 3618 3060 evolutis,
3669 2992 3806 3050 venit

541 3085 707 3140 sciret
733 3083 873 3153 quod
902 3084 1052 3153 prius
1093 3093 1372 3153 pateretur
1401 3094 1545 3141 totus
1575 3089 1916 3144 membratim
1944 3088 2120 3144 disse-
2148 3140 2191 3165 η
2222 3093 2468 3165 Angliam
2508 3093 2708 3148 missus
2733 3106 2766 3146 a
2816 3089 3127 3146 venerando
3167 3103 3382 3144 summo
3403 3087 3666 3158 pontiﬁce
3689 3087 3806 3141 Pas-

543 3176 659 3232 cari
700 3191 862 3246 quam
893 3177 959 3230 de
981 3177 1217 3259 negotio,
1248 3177 1301 3231 in
1335 3193 1442 3248 quo
1472 3178 1622 3234 illum
1649 3190 1840 3237 contra
1867 3182 2140 3259 antiquas'

544 3273 854 3322 sanctorum
886 3257 1103 3320 Patrum
1139 3267 1465 3332 sanctiones,
1495 3271 1536 3322 si
1565 3268 1758 3338 injuste
1786 3278 1839 3326 et
1861 3257 2123 3327 adversus

544 3355 714 3410 Deum
743 3355 982 3410 erexisse
1009 3355 1234 3422 sciebat,
1264 3357 1346 3412 vel
1371 3358 1440 3412 ad
1475 3360 1662 3414 horam
1689 3357 1806 3414 illas
1832 3361 2123 3430 aliquando

545 3445 723 3500 daret.
754 3444 978 3500 Reversi
1015 3447 1209 3512 nuntii,
1253 3448 1494 3503 referunt
1533 3465 1712 3521 regem
1750 3465 1906 3520 aequo
1941 3452 2122 3507 animo

545 3549 612 3592 ac
647 3536 876 3603 benigno
898 3535 1059 3590 verba
1089 3537 1325 3594 Anselmi
1357 3539 1686 3609 suscepisse,
1716 3541 2123 3613 pollicitumth

544 3641 608 3684 se
631 3643 727 3697 per
763 3630 1018 3686 auxilium
1041 3638 1097 3686 et
1125 3632 1548 3687 misericordiam
1579 3633 1669 3687 Dei
1721 3648 1779 3688 re
1800 3633 1913 3704 ipsa
1942 3645 2127 3702 osten-

545 3735 756 3785 surum,
801 3721 944 3792 quod
1000 3723 1366 3794 integritatem
1396 3722 1825 3781 Christianitatis
1877 3727 2125 3798 diligeret

543 3809 600 3865 in
633 3809 844 3880 Anglia,
880 3827 985 3868 non
1017 3813 1334 3870 scissuram.

615 3904 762 3960 Inter
792 3907 903 3962 haec
933 3906 1162 3975 languor
1186 3907 1277 3977 qui
1304 3921 1502 3976 corpus
1527 3907 1704 3964 Patris
1731 3908 1972 3964 Anselmi
1999 3924 2124 3980 gra-

541 3995 685 4052 viter
725 3997 994 4068 atlligebat
1045 3999 1266 4067 gravior
1319 3998 1420 4052 sibi
1462 3998 1562 4068 ipsi
1603 3999 1672 4054 de
1731 3999 1818 4054 die
1869 4000 1920 4054 in
1979 4000 2122 4055 diem

544 4085 727 4142 ﬁebat.
757 4085 910 4142 Nota
950 4096 1132 4142 tamen
1164 4086 1472 4143 rebellionis
1496 4104 1602 4144 non
1646 4090 1952 4159 immemor,
1987 4091 2126 4146 scri-

543 4177 653 4246 psit
682 4177 902 4234 Thomas
923 4178 1204 4249 epistolam
1227 4180 1366 4237 hanc
1391 4197 1406 4236 :

623 4285 642 4318 ι
675 4267 963 4322 Anselmus
987 4269 1230 4324 minister
1251 4270 1506 4326 Ecclesia:
1532 4271 1957 4341 Cantuariensis,
1980 4272 2126 4330 Tho-

546 4373 650 4413 mas
675 4357 851 4412 electo
873 4359 1282 4430 archiepiscopo
1310 4361 1658 4434 Eboracensi.

560 4449 562 4452 ’
624 4467 645 4501 ι
679 4449 822 4513 Tibi,
866 4449 1092 4514 Thoma,
1132 4451 1193 4505 in
1238 4463 1527 4522 conspectu
1574 4455 1961 4525 omnipotentis
2004 4455 2121 4519 Dei,
2155 4491 2203 4553 υ

545 4556 648 4611 ego
711 4543 1003 4598 Anselmus
1071 4545 1512 4617 archiepiscopus
1589 4547 2002 4604 Cantuariensis
2066 4559 2123 4606 et

549 4637 715 4694 totius
741 4637 1036 4694 Britannia;
1073 4639 1276 4710 primas
1325 4641 1535 4712 loquor.
1563 4641 1816 4713 Loquens
1865 4658 1932 4697 ex
1973 4649 2128 4712 parte

545 4729 718 4797 ipsius
738 4731 852 4795 Dei,
889 4732 1222 4788 sacerdotale
1239 4732 1470 4788 ollicium
1505 4735 1650 4803 quod
1677 4749 1800 4790 meo
1818 4734 1974 4805 jussu
2000 4747 2025 4776 ει
2064 4735 2117 4791 in

546 4821 803 4891 paroebia
840 4837 958 4877 mea
1003 4838 1100 4896 per
1145 4822 1548 4897 sull‘raganeum
1598 4839 1777 4880 meum
1820 4825 2125 4895 suscepisti,

546 4913 642 4969 tibi
715 4914 998 4982 interdico,
1070 4924 1234 4985 atque
1303 4917 1559 4987 prtecipio
1615 4933 1683 4972 ne
1729 4927 1778 4974 te
1822 4918 1889 4973 de
1948 4918 2126 4987 aliqua

547 5019 675 5059 cura
721 5004 976 5074 pastorali
1017 5005 1126 5060 ullo
1179 5007 1340 5061 modo
1389 5023 1688 5076 praesumas
1743 5007 2125 5075 intromittere,

547 5095 720 5151 donec
763 5109 794 5148 a
843 5094 1136 5151 rebellione
1158 5111 1322 5166 quam
1353 5105 1542 5151 contra
1573 5096 1864 5152 Ecclesiam
1893 5097 2128 5153 Cantua-

549 5184 784 5240 riensem
815 5184 1083 5255 incoapisti
1098 5186 1364 5254 discedas,
1392 5186 1516 5243 etei
1547 5185 1936 5254 subiectionem
1961 5203 2124 5259 quam

549 5285 925 5332 antecessores
982 5278 1080 5344 tui,
1144 5278 1388 5336 Thomas
1440 5279 1693 5336 videlicet
1745 5289 1801 5336 et
1865 5280 2128 5336 Girardus

550 5368 1012 5442 archiepiscopus,
1063 5386 1129 5427 ex
1179 5373 1404 5445 antiqua
1451 5381 1858 5429 antecessorum
1890 5386 2122 5426 consue-

2219 3182 2395 3250 ehale,
2423 3183 2654 3240 clericus
2702 3182 2918 3252 quidam
2963 3178 3199 3250 (Ulricus
3237 3179 3455 3234 nomine
3477 3179 3533 3250 1δ)
3567 3179 3805 3234 caulius-

2223 3276 2292 3332 lis
2333 3284 2534 3331 sancta:
2588 3274 2847 3328 Romana:
2885 3270 3162 3326 Ecclesiae.
3194 3269 3296 3325 Hic
3343 3269 3569 3338 pallium
3599 3268 3806 3337 Ebora-

2223 3368 2371 3423 censi
2395 3365 2651 3421 Ecclesiaa
2674 3378 2860 3419 secum
2910 3360 3113 3426 ferens,
3153 3361 3246 3416 ubi
3274 3361 3464 3416 didicit
3495 3360 3803 3415 Anselnnnn

2189 3454 2389 3511 'vitam
2429 3455 2610 3510 [inisse
2651 3453 2810 3526 (nam
2867 3451 3076 3507 obitum
3115 3449 3232 3522 ejus
3259 3491 3274 3516 ,
3322 3451 3415 3520 qui
3467 3456 3602 3504 tunc
3649 3466 3809 3518 nuper

2223 3548 2514 3611 acciderat,
2548 3561 2654 3601 non
2686 3545 2841 3617 longe
2877 3554 3035 3600 extra
3076 3543 3326 3614 Angliam
3351 3543 3512 3598 fama:
3549 3545 3806 3598 certitudo

2224 3637 2557 3711 pertulerat)
2599 3644 2979 3692 consternatus
3029 3633 3258 3698 animo,’
3296 3633 3428 3703 quid
3466 3633 3804 3702 potissimum

2224 3731 2326 3786 sibi
2345 3728 2483 3786 foret
2502 3728 2768 3795 agendum
2796 3724 3096 3799 dubitabat.
3133 3723 3363 3779 Pallium
3405 3723 3617 3778 etenim
3645 3724 3804 3792 ipsum

2222 3819 2478 3875 Anselmo
2521 3818 2772 3889 primitus
2809 3815 3159 3872 deferendum
3185 3830 3216 3870 a
3259 3814 3508 3869 Romano
3553 3817 3803 3884 pontiﬁce

2224 3915 2547 3979 sumpserat,
2572 3915 2626 3962 et
2667 3915 2728 3962 ut
2749 3906 2969 3963 demum
3019 3905 3177 3976 juxta
3216 3904 3508 3960 consilium
3537 3921 3610 3960 ac
3638 3907 3804 3974 dispo-

2223 4002 2474 4057 sitionem
2499 3999 2672 4071 ipsius
2715 3998 2842 4054 inde
2877 4005 3085 4069 ageret,
3112 3997 3181 4052 ab
3237 3997 3428 4052 eodem
3481 4006 3804 4068 pmeplum

2224 4100 2530 4164 acceperat.

2295 4184 2351 4240 lu
2378 4182 2728 4254 subsequenti
2767 4181 3064 4238 festivitate
3083 4178 3456 4243 Pentecostes,
3488 4193 3588 4233 rex
3629 4178 3804 4233 Henri-

2225 4291 2322 4333 cus
2343 4275 2546 4330 curiam
2579 4289 2733 4329 suam
2763 4272 3057 4328 Lundonia:
3086 4269 3141 4324 in
3182 4283 3376 4340 magna
3432 4271 3628 4323 mundi
3657 4270 3800 4339 gloria

2225 4378 2280 4423 et
2303 4367 2454 4423 diviti
2482 4375 2745 4437 apparatu
2799 4361 3115 4420 celebravit.
3147 4361 3249 4428 Qui
3274 4361 3573 4416 transactis
3609 4374 3803 4415 corona

2227 4476 2337 4518 sum
2359 4459 2726 4515 festivioribus
2745 4457 2959 4520 diebus,
2990 4453 3156 4522 erepit
3183 4467 3346 4523 agere
3383 4467 3514 4507 cum
3553 4451 3802 4522 episcopis

2227 4559 2282 4604 et
2311 4549 2458 4620 regni
2496 4547 2852 4617 principibus,
2879 4545 3009 4615 quid
3038 4550 3186 4599 esset
3218 4542 3492 4613 agendum
3527 4542 3596 4597 de
3626 4555 3801 4596 eamse-

2231 4641 2476 4696 cratione
2502 4637 2662 4694 electi
2691 4635 2950 4693 Ecclesiae
2979 4633 3335 4692 Eboracensi.
3376 4631 3460 4687 Ad
3507 4633 3655 4702 quod
3688 4631 3804 4686 reei-

2235 4739 2342 4793 tata
2373 4741 2453 4785 est
2497 4743 2679 4784 curam
2729 4743 2797 4783 eo
2842 4726 3091 4799 epistola,
3135 4739 3298 4796 quam
3347 4724 3607 4794 proxime
3658 4738 3798 4790 supra

2232 4822 2568 4892 scripsimus,
2609 4821 2712 4892 ipsi
2735 4820 2910 4876 electo
2944 4819 3013 4873 ab
3042 4816 3301 4872 Anselmo
3319 4815 3624 4881 destinata,
3653 4816 3800 4870 inter-

2233 4912 2463 4968 dicendo
2500 4913 2752 4968 videlicet.
2790 4911 2865 4966 illi
2896 4909 3354 4973 benedictionem,
3399 4906 3445 4960 si
3494 4906 3672 4976 primo
3707 4919 3796 4957 non

2235 5007 2438 5062 l‘aeeret
2465 5004 2718 5061 Ecclesia:
2763 5001 3143 5060 Cantuari-ensi
3184 4997 3605 5072 professionem.
3643 4997 3795 5065 Quam

2237 5097 2742 5152 Robertuscumes
2805 5093 2870 5149 de
2921 5089 3174 5146 Mellento
3209 5088 3311 5143 sibi
3369 5087 3674 5156 expositam
3732 5081 3796 5134 uti

2233 5188 2517 5252 intellexit,
2547 5186 2852 5242 sciscitatus
2881 5191 2964 5238 est
2985 5181 3236 5251 quisnam
3262 5179 3642 5249 episcoporum
3669 5190 3798 5231 eaut-

2235 5279 2359 5333 dem
2389 5277 2668 5348 epistolam
2701 5274 2978 5344 suscipere
3009 5285 3174 5325 ausus
3200 5269 3363 5324 fuerit
3401 5276 3600 5337 prater
3627 5277 3798 5319 asscito

2228 5385 2346 5425 smn
2382 5378 2437 5424 et
2484 5369 2769 5440 imperium
2824 5364 3030 5422 domini
3066 5361 3226 5434 regis.
3261 5360 3320 5415 ln
3371 5375 3477 5431 qua
3517 5359 3794 5425 interroga-

1823 5459 2209 5518 ll'ENSCIlENI
2245 5458 2498 5517 ΙΝΟΤΔΞ.
2517 5504 2520 5508 ί

619 5590 648 5620 ι
687 5576 902 5650 Mallem
944 5578 1124 5649 legere
1145 5579 1367 5650 injuste
1398 5593 1417 5634 :
1447 5577 1584 5650 alias
1625 5592 1733 5633 non
1774 5584 2000 5650 apparet
2031 5591 2130 5650 cur

549 5649 787 5720 potuerit
818 5649 900 5720 ab
931 5645 1549 5720 exercitio'presbyterii
1594 5649 1855 5720 canonice
1897 5645 2131 5720 suscepti

551 5717 1106 5790 prohiberimecdum
1129 5717 1271 5776 enim
1298 5717 1405 5792 pro
1422 5718 1723 5775 contumaci
1755 5717 2128 5778 damnabatur.

2308 5575 2347 5616 ιδ-
2376 5574 2614 5639 Ulricus,
2637 5574 2750 5629 sive
2771 5570 3030 5635 Ull‘ricus,
3057 5576 3276 5626 creatus
3303 5561 3588 5623 cardinalis
3610 5559 3792 5617 dicitur

2241 5660 2383 5704 anno
2409 5644 2566 5713 “05,
2593 5653 2648 5702 et
2674 5643 2890 5701 natione
2921 5639 3144 5714 Anglus.
