3890 6306
58 329 169 384 881

1154 321 1469 381 HISTORIA
1500 320 1853 380 NOVORUM.
1897 357 1966 366 -——
2002 325 2132 383 LIB.
2161 325 2250 384 IV.

3264 333 3366 390 {Si

54 442 232 497 tione
265 440 503 513 episcopi
534 440 875 497 advertentes
899 440 1153 495 comitem
1178 440 1313 495 velle
1339 438 1665 494 calumniam
1697 441 1746 499 Α
1775 437 1968 495 collata
1997 450 2496 513 corrumperentur,
2553 442 2949 511 scinderentur,
2998 446 3368 503 annibilaren-

56 549 332 599 movere,
365 546 469 605 qua
509 548 603 588 eos
631 533 794 604 regia!
834 532 1105 603 majestati
1158 534 1420 587 obnoxios
1450 531 1672 595 faceret,

56 625 285 679 remoti
325 639 355 679 a
416 623 784 689 multitudine,
841 623 1029 677 habito
1067 622 1314 687 c0nsilio,
1370 629 1676 675 statuerunt

58 718 223 786 apud
259 731 319 771 se
354 715 467 770 suis
498 714 772 780 omnibus,
815 716 859 770 si
904 715 1049 786 regia
1094 714 1364 769 sententia
1390 713 1494 768 hoc
1525 711 1667 768 forte

56 808 305 864 comitis
339 807 595 863 instinctu
622 808 872 873 dictaret,
903 822 961 863 se
986 806 1147 861 malle
1194 805 1482 876 despoliari
1510 819 1671 871 quam

60 901 133 956 iis
195 917 332 971 quae
378 902 665 957 Anselmus
700 903 767 957 de
814 902 1066 973 praesenti
1127 901 1342 970 querela
1401 913 1672 971 pra-cepe-

58 1001 152 1045 rat
208 1008 329 1047 non
367 994 765 1065 obtemperare.
827 994 996 1048 Erant
1046 1004 1223 1047 autem
1260 994 1336 1058 hi,
1370 993 1671 1047 Richardus

55 1081 499 1153 Lundoniensis,
557 1083 901 1141 Willhelmus
942 1083 1356 1148 Wintoniensis,
1394 1083 1665 1137 Roberlus

54 1171 458 1241 Lincoliensis,
492 1174 785 1230 llerbertus
819 1174 1204 1241 Norwicensis,
1246 1174 1511 1245 Rogerius
1539 1177 1669 1229 Ser-

57 1265 367 1329 beriensis,
399 1265 720 1337 Radulphus
745 1266 1034 1331 Roﬂ‘ensis,
1065 1266 1377 1322 Reinelmus
1404 1266 1663 1320 Herefor-

56 1356 275 1420 densis,
329 1356 595 1413 llobertus
623 1359 952 1425 Cestren‘sis,
985 1357 1222 1413 Joannes
1251 1356 1661 1424 Bathoniensis,

56 1447 343 1502 Radulfus
379 1449 756 1515 Cicestrensis,
802 1450 1142 1505 Willhelmus
1166 1450 1508 1505 Exoniensis.
1545 1449 1663 1505 istis

54 1552 214 1606 ergo,
251 1539 470 1593 firmato
504 1540 750 1605 consilio,
799 1550 859 1596 ut
885 1542 1141 1608 diximus,
1179 1541 1320 1596 inter
1359 1557 1436 1608 se,
1486 1544 1661 1596 visum

54 1640 139 1683 cst
171 1627 506 1685 Samsonem
540 1631 957 1703 Wigornensem
998 1634 1311 1704 episcOpum
1366 1626 1658 1689 acccrseué

54 1722 206 1786 dum,
250 1732 314 1777 et
342 1739 504 1793 quam
560 1724 627 1779 de
669 1727 884 1795 negotio
922 1726 1245 1781 sententiam
1278 1726 1440 1781 ferret
1489 1726 1655 1781 etiam

1780 540 1887 586 tur.
1940 532 2233 601 Acquievit
2284 534 2406 591 istis
2449 551 2567 602 rex,
2600 545 2654 592 et
2687 535 2847 604 jussit
2884 538 3119 607 ipsarum
3151 555 3367 610 quoque

1777 625 1979 694 scripta
2032 627 2439 693 auctoritatum,
2497 643 2619 698 quae
2667 627 2907 685 Ecclesia
2952 629 3364 689 Cantuariensis

1734 704 1741 710 ’
1775 713 2029 781 habebat,
2060 716 2160 771 sub
2190 717 2468 772 celeritate
2495 718 2699 782 afferri,
2736 720 2895 774 allata
2926 721 3166 777 recitari.
3207 722 3361 789 Quod

1773 805 1863 858 ubi
1907 804 2107 859 factum
2151 816 2254 871 est,
2282 806 2499 862 intulit:
2556 827 2574 859 ι
2609 807 2747 875 Quid
2783 810 3013 880 amplius
3060 814 3362 882 quaeritur?

1770 893 2163 961 Auctoritales,
2197 906 2252 952 et
2302 898 2584 969 privilegia
2635 902 2949 969 apostolica:
2989 904 3134 961 sedis
3153 916 3208 962 et
3242 923 3361 978 quze

1772 986 1826 1039 in
1870 989 2153 1055 praesentia
2202 989 2373 1058 patris
2417 1000 2472 1044 et
2499 992 2688 1046 matris
2727 1008 2875 1057 meae,
2927 995 3027 1050 sub
3050 998 3365 1054 testimonio

1770 1088 1825 1132 et
1851 1080 2265 1136 confirmatione
2293 1084 2689 1152 episcoporum,
2741 1085 3018 1148 abbatum,
3059 1099 3113 1142 et
3159 1105 3357 1159 proce-

1770 1183 1889 1222 rum
1917 1170 2064 1240 regni
2098 1169 2317 1224 deﬁnita
2356 1181 2483 1225 sunt
2514 1180 2570 1226 ut
2592 1172 2746 1243 quasi
2773 1175 2838 1229 de
2863 1177 3091 1246 cpistola
3111 1178 3353 1235 Anselmi

1767 1262 1982 1331 penitus
2015 1270 2277 1325 taceatur,
2319 1278 2419 1333 ego
2453 1264 2505 1318 in
2545 1266 2898 1335 quaestionem
2931 1268 3222 1335 mitterem,
3255 1286 3359 1341 ego

1768 1352 1925 1405 novis
1984 1353 2302 1423 ambagibus
2359 1355 2551 1425 agitari
2599 1357 3011 1426 permitterem?
3060 1358 3170 1413 lmo
3218 1363 3356 1416 sciat

1767 1443 2002 1499 Thomas
2030 1458 2089 1500 se
2122 1454 2216 1500 aut
2242 1444 2632 1514 subjectionem
2676 1456 2731 1503 et
2758 1450 3125 1505 obedientiam
3164 1450 3356 1507 Eccle-

1765 1534 1859 1591 sia:
1882 1537 2261 1591 Cantuariensi
2285 1538 2511 1607 ejusque
2531 1538 2875 1609 primatibus,
2895 1549 2953 1595 ut
2975 1551 3358 1600 antecessores

1764 1626 1847 1680 sui
1877 1626 2107 1696 professi
2138 1636 2285 1692 sunt,
2318 1628 2689 1698 professurnm
2738 1642 2832 1685 aut
2862 1633 3353 1705 archiepiscopatui

1765 1715 2096 1773 Eboracensi
2134 1733 2201 1773 ex
2232 1727 2344 1773 toto
2376 1735 2677 1775 cessurum.
2700 1722 2876 1793 Eligat
2896 1738 3023 1793 ergo
3046 1724 3190 1794 quod
3216 1726 3350 1781 vult.

54 1811 170 1881 ipse
244 1814 698 1883 perquirendum,
768 1814 994 1870 Factum
1053 1826 1154 1881 est,
1218 1826 1271 1871 ει
1335 1818 1652 1887 respondit;
1686 1804 2127 1866 BConsideratis
2175 1812 2358 1883 itaque
2394 1812 2632 1869 Thomas
2692 1815 3109 1872 auctoritatibus
3153 1818 3353 1887 quibus

58 1928 75 1957 ι
108 1908 276 1964 Licet
337 1910 483 1964 hunc
537 1910 630 1981 qui
689 1911 743 1965 in
816 1912 1192 1981 pontificatum
1244 1912 1655 1967 Eboracensem

52 2001 274 2056 electus
298 2010 397 2065 est,
420 2000 546 2057 olim
569 2017 633 2057 ex
660 2002 889 2072 conjuge
920 2003 1085 2057 iiiimn
1119 2004 1470 2073 susceperim,
1499 2004 1656 2072 eique

45 2090 203 2157 juxta
240 2092 501 2146 saeculum
538 2102 594 2148 et
621 2095 802 2149 carnis
841 2102 1086 2149 naturam
1120 2094 1343 2149 honoris
1374 2109 1437 2148 ac
1473 2094 1655 2164 digni-‘-

53 2185 181 2239 tatis
214 2184 494 2254 profectus
514 2183 604 2252 jus
625 2186 932 2256 aequissime
956 2186 1391 2251 debeam,multo
1418 2187 1654 2241 maxime

53 2284 238 2330 tamen
288 2275 339 2329 id
375 2276 534 2329 matri
574 2291 708 2330 meae
754 2276 1010 2331 Ecclesiae
1057 2276 1434 2331 Cantuariensi
1460 2277 1649 2344 debeo,

51 2381 171 2434 qure
195 2381 296 2421 me
323 2366 375 2421 in
405 2381 550 2432 eum,
594 2368 648 2421 in
693 2383 800 2437 quo
826 2384 965 2432 sum,
1018 2369 1277 2421 honorem
1309 2369 1574 2437 provexit,
1599 2378 1653 2423 et

50 2460 247 2527 gratiae
278 2474 436 2529 quam
465 2476 494 2514 a
533 2460 755 2517 Christo
786 2463 1014 2517 Domino
1050 2464 1248 2518 meruit
1283 2478 1369 2517 me
1394 2479 1490 2534 per
1510 2478 1650 2532 pon-

50 2552 265 2606 tificale
316 2553 680 2608 ministerium
730 2555 1050 2625 participem
1118 2555 1263 2609 fecit.
1314 2552 1652 2626 Quapropter

51 2654 246 2698 notum
283 2647 535 2702 omnibus
551 2662 670 2702 esse
694 2649 813 2703 volo
859 2664 946 2703 me
968 2658 1023 2703 et
1054 2647 1251 2704 litteris
1274 2650 1447 2703 Patris
1476 2649 1665 2705 nostri

49 2737 300 2792 Anselmi
326 2739 393 2793 de
439 2755 604 2794 causa
645 2756 765 2811 quae
797 2757 938 2796 nunc
982 2742 1123 2797 inter
1150 2756 1248 2796 nos
1291 2742 1466 2814 agitur
1492 2741 1649 2797 factis

50 2828 231 2883 modis
256 2829 511 2885 omnibus
536 2830 902 2896 obediturum,
945 2848 1046 2889 nec
1078 2848 1313 2902 unquam
1362 2849 1643 2888 assensum

48 2920 435 2988 praebiturum,
485 2930 544 2975 ut
584 2921 629 2976 is
681 2922 772 2991 qui
823 2924 1026 2979 electus
1064 2932 1147 2979 est
1184 2924 1235 2978 in
1273 2924 1642 2995 episcopatum

52 3009 455 3065 Eboracensem
515 3011 857 3081 aliquatenus
927 3024 1299 3081 consecretur,
1354 3016 1524 3071 donec
1573 3016 1641 3070 de

51 3104 393 3174 subjectione
436 3120 533 3160 sua
587 3105 843 3163 Ecclesiae
894 3106 1268 3163 Cantuariensi
1298 3108 1533 3163 debitam
1586 3118 1641 3163 et

1761 1900 2063 1957 Ecclesium
2132 1904 2603 1961 Dorobernensem
2661 1907 2758 1960 niti
2831 1916 2886 1961 et
2949 1908 3346 1966 circumvallari

1756 1992 1993 2058 videbat,
2015 1994 2215 2063 spretis
2243 1995 2461 2051 clericis
2482 1997 2597 2050 suis
2623 2012 2853 2066 quorum
2883 2012 2941 2052 se
2968 1999 3199 2053 consilio
3224 2016 3348 2056 cre-

1756 2084 1958 2140 didisse
2002 2101 2131 2140 sero
2165 2085 2404 2151 dolebat,
2448 2102 2508 2142 se
2552 2096 2737 2142 contra
2804 2089 2949 2159 ipsas
2994 2090 3348 2147 auctoritates

1754 2174 1896 2229 nolle
1959 2183 2124 2241 stare,
2190 2177 2283 2231 sed
2353 2191 2560 2232 morem
2634 2186 3045 2233 antecessorum
3120 2195 3342 2235 suorum

1753 2268 2051 2336 sequendo,
2074 2279 2130 2321 et
2177 2267 2311 2338 ipsis
2365 2269 2713 2339 acquiescere
2744 2280 2799 2324 et
2826 2270 3121 2325 Ecclesiam
3170 2273 3341 2342 ipsam

1753 2354 2006 2426 deinceps
2052 2372 2268 2427 semper
2317 2357 2541 2427 diligere
2578 2358 2718 2414 velle
2769 2360 2905 2415 dixit
2942 2368 2997 2415 et
3042 2361 3341 2417 honorare.

1751 2445 2018 2518 Praecepit
2043 2449 2203 2520 igitur
2235 2465 2327 2505 rex
2363 2459 2419 2504 ut
2448 2450 2715 2520 professio
2744 2467 2907 2522 quam
2963 2451 3203 2510 Thomas
3223 2460 3346 2508 erat

1749 2538 1991 2595 facturus
2028 2542 2081 2596 in
2126 2543 2207 2597 sui
2252 2545 2538 2612 prmsentia
2599 2544 2923 2611 dictaretur,
2974 2547 3338 2609 scriberetur;

1750 2624 2033 2700 sigilloque
2069 2647 2170 2687 suo
2198 2634 2540 2698 charactere,
2573 2645 2627 2688 ut
2684 2646 2902 2701 vocant,
2959 2638 3191 2694 rotundo
3214 2650 3340 2693 erat

1749 2723 2132 2793 imprimenda,
2174 2741 2241 2779 ne
2267 2726 2395 2795 quid
2435 2727 2488 2780 in
2531 2741 2596 2781 ea
2640 2729 2832 2797 quovis
2857 2728 3150 2792 molimine,
3184 2740 3341 2784 ante-

1748 2814 1910 2886 quam
1957 2815 2076 2872 eam
2106 2818 2413 2888 profitendo
2457 2816 2696 2873 Thomas
2742 2818 2968 2888 legeret,
3007 2828 3336 2886 mutaretur,

1747 2920 2058 2964 servaretur
2084 2910 2311 2965 inclusa.
2348 2928 2367 2961 ι
2410 2909 2562 2977 Quod
2584 2919 2640 2965 et
2663 2909 2867 2965 factum
2896 2919 2997 2965 est.
3220 2918 3221 2921 ‘

1815 3000 2094 3055 Dominiea
2117 3016 2245 3072 ergo
2273 3002 2361 3056 die
2385 3014 2505 3070 qua:
2558 3001 2659 3056 fuit
2689 3017 2721 3055 v
2742 3000 2860 3055 Kal.
2893 3014 2920 3043 ι
2958 3001 3084 3057 Julii
3140 3017 3339 3059 convc-

1748 3102 1977 3156 nerunt,
1997 3092 2227 3162 jubente
2245 3107 2396 3164 rege,
2431 3092 2734 3149 Richardus
2761 3094 3174 3160 Lundoniensis,
3200 3096 3338 3151 Wil-

52 3152 375 3249 can'onicam
409 3194 767 3251 obedientiam
807 3198 1146 3268 proﬁtemur.
1180 3196 1299 3267 Ipse
1328 3199 1471 3254 enim
1502 3213 1641 3268 pm-
1667 3152 1713 3217 θ
1747 3180 1976 3238 lhelmus
2004 3182 2762 3254 Wintoniensis,,Radulphus
2784 3182 3069 3249 Boﬂ‘ensis,
3101 3184 3335 3241 llerber-

51 3302 169 3344 sens
202 3289 283 3343 fui
313 3292 530 3360 quando
554 3290 725 3347 frater
762 3307 913 3348 meus
934 3290 1173 3346 Thomas
1200 3291 1643 3361 archiepiscopus

52 3385 417 3441 Eboracensis
490 3394 604 3440 tum
664 3386 901 3455 antiquis
965 3386 1466 3451 consuetudinibus,
1526 3394 1639 3441 tum

50 3480 461 3534 invincibilibus
509 3479 922 3550 allegationibus
952 3488 1131 3544 actus,
1157 3480 1402 3533 eamdem
1431 3479 1641 3547 profes-

49 3568 257 3625 sionem
313 3567 620 3625 Lanfranco
674 3569 1086 3639 archiepisc0po
1132 3566 1530 3635 Cantuariensi,
1585 3577 1639 3623 et

52 3661 269 3715 cunctis
298 3660 415 3728 ejus
450 3661 857 3716 successoribus
886 3660 1034 3716 fecit.
1065 3678 1084 3711 ι
1139 3657 1234 3714 His
1271 3659 1449 3725 dictis,
1494 3659 1637 3715 illico

50 3750 204 3805 simul
226 3766 417 3806 omnes
438 3752 671 3823 episcopi
700 3751 765 3805 ad
784 3765 962 3821 regem
987 3748 1189 3804 reversi
1217 3757 1363 3815 sunt,
1387 3758 1638 3805 constano

50 3850 125 3894 ter
149 3852 207 3896 et
242 3842 456 3897 litteras
476 3857 640 3912 super
668 3842 864 3915 quibus
886 3856 1067 3896 comes
1095 3841 1409 3896 sciscitatus
1432 3839 1631 3907 fuerat,

51 3943 101 3983 se
126 3932 458 4001 suscepisse,
496 3941 549 3986 et
574 3941 761 3987 contra
790 3946 883 3986 eas
925 3930 1068 3985 nulla
1101 3930 1310 3986 ratione
1335 3931 1631 4001 quidquam

50 4032 265 4077 acturos
299 4032 622 4079 asserentes.
657 4024 739 4078 Ad
765 4038 907 4092 quae,
937 4037 1059 4078 cum
1090 4022 1231 4077 idem
1257 4037 1440 4078 comes
1470 4034 1634 4093 caput

50 4114 301 4182 agitaret,
332 4124 625 4171 autumans
653 4117 765 4185 jam
796 4116 848 4170 in
879 4115 1003 4170 illos
1047 4116 1201 4182 quasi
1227 4115 1293 4171 de
1317 4124 1630 4186 contemptu

50 4205 183 4275 regis
209 4206 420 4260 crimen
464 4206 837 4275 injiciendum,
885 4207 1022 4262 dixit
1050 4222 1184 4261 rex:
1224 4225 1242 4259 ι
1272 4206 1538 4276 Quidquid
1574 4207 1630 4261 in

50 4296 107 4350 iis
132 4298 367 4353 aliorum
401 4298 667 4353 sententia
700 4297 861 4365 ferat,
886 4298 951 4353 de
981 4312 1067 4352 me
1107 4308 1322 4354 conStat
1348 4299 1475 4369 quia
1505 4314 1627 4354 cum

47 4387 310 4458 episcopis
336 4387 533 4455 sentio,
568 4402 669 4443 nec
699 4388 781 4443 vel
805 4389 870 4442 ad
892 4387 1078 4443 horam
1114 4390 1630 4445 excommunicatio-

1748 3277 1837 3325 tus
1866 3270 2582 3342 Norwicensisﬁadulphus
2607 3274 2989 3341 Cicestrensis,
3016 3274 3333 3345 Ranniphus

1743 3363 2145 3429 Dunelmensis,
2170 3372 2230 3418 et
2271 3362 2514 3420 Herveus
2562 3365 2960 3434 Pangorneusis
2990 3367 3228 3437 episcopi
3275 3368 3331 3423 in

1742 3452 1972 3509 ecclesia
2002 3452 2148 3507 beati
2216 3453 2368 3509 Pauli
2422 3454 2719 3512 Lundonia:
2762 3471 2862 3526 pro
2915 3459 3332 3515 consecratione

1742 3543 1980 3599 Thomas.
2007 3545 2154 3599 Inter
2173 3544 2386 3601 solitam
2415 3560 2548 3618 ergo
2579 3548 3059 3614 examinationem,
3090 3563 3189 3604 suo
3209 3550 3330 3605 loco

1738 3634 2130 3704 professionem
2164 3635 2230 3690 de
2279 3634 2612 3704 subiectione
2661 3647 2715 3693 et
2763 3638 3071 3692 obedientia
3121 3650 3323 3695 sancta:

1738 3725 1994 3782 Ecclesia
2022 3726 2419 3783 Dorobernensi
2446 3729 2747 3785 exhibenda
2774 3730 3078 3785 Richardus
3110 3729 3328 3786 Lundo-

1738 3810 1945 3872 niensis
1972 3817 2279 3887 episcopus,
2313 3820 2406 3889 qui
2457 3819 2719 3875 Thomam
2742 3833 2859 3875 erat
2880 3834 3219 3886 sacraturus,
3254 3822 3328 3875 ab

1737 3909 1829 3964 illo
1858 3909 2059 3980 exegit.
2089 3910 2363 3966 Professio
2401 3911 2585 3982 igitur,
2616 3913 2758 3967 sicut
2782 3922 2905 3966 erat
2934 3912 3193 3981 sigillata,
3219 3912 3324 3967 sibi

1734 4016 1916 4056 coram
1946 4002 2196 4055 omnibus
2227 4002 2404 4056 oblata
2426 4012 2530 4068 εει,
2560 4000 2841 4071 fractoque
2870 4002 3049 4073 sigillo
3103 4001 3323 4057 evoluta

1733 4106 1789 4153 et
1816 4097 1950 4152 lecta
1989 4097 2059 4151 ab
2088 4111 2153 4151 eo
2177 4104 2259 4151 est
2286 4096 2358 4151 ita
2388 4110 2405 4149 :
2442 4113 2462 4147 ι
2502 4096 2616 4165 Ego
2675 4094 2912 4151 Thomas
2962 4095 3325 4151 Eboracensis

1733 4186 1991 4242 Ecclesia!
2012 4187 2416 4242 consecrandus
2432 4186 2901 4255 metropolitanus,
2915 4186 3175 4257 profiteor
3196 4188 3325 4243 sub-

1726 4277 2020 4349 jectionem
2061 4286 2118 4331 et
2145 4277 2465 4332 canonicam
2506 4275 2869 4332 obedientiam
2915 4284 3121 4332 sanctae
3148 4277 3323 4334 Doro-

1730 4370 1982 4427 bernensi
2013 4369 2290 4435 Ecclesiae,
2324 4378 2379 4426 et
2401 4368 2640 4439 ejusdem
2684 4368 2946 4425 Ecclesiae
2971 4369 3189 4439 primati
3228 4386 3322 4425 ra-

50 4491 160 4532 nem
186 4477 432 4534 Anselmi
474 4479 755 4549 subjacere
804 4477 1148 4549 aliquatenus
1197 4480 1338 4535 volo.
1370 4499 1390 4533 ›
1424 4480 1628 4547 Quibus

1749 4463 1924 4517 ionice
1946 4461 2119 4518 electo
2148 4472 2200 4518 ct
2225 4470 2579 4529 consecrato,
2645 4470 2701 4518 et
2743 4463 3154 4519 successoribus
3204 4464 3322 4519 suis

49 4567 260 4632 auditis,
321 4568 491 4640 gavisi
534 4578 660 4625 sunt
715 4582 928 4625 omnes.
991 4568 1059 4623 Et
1121 4579 1341 4636 agentes
1400 4570 1628 4625 Domino

48 4668 219 4723 grates
254 4658 459 4726 pariter
478 4660 955 4714 conclamaverunt
980 4658 1296 4715 Anselmum
1330 4662 1539 4722 adesse,
1572 4671 1626 4716 et

50 4761 198 4814 quam
244 4764 354 4803 non
401 4760 614 4819 poterat
664 4750 720 4805 in
765 4765 993 4819 corpore
1021 4750 1241 4822 degens,
1282 4751 1394 4821 jam
1427 4752 1623 4807 mundo

51 4837 320 4893 absentem
392 4856 613 4896 causam
690 4842 948 4897 Ecclesiae
1026 4856 1138 4897 sua;
1210 4843 1619 4898 determinasse.

49 4925 246 4984 Deinde
278 4931 329 4985 in
368 4931 616 4987 laudibus
636 4934 818 4987 eximii
848 4934 1111 5003 principis
1151 4934 1491 4989 demoratum
1514 4944 1616 4998 est,

50 5035 107 5074 ac
150 5033 210 5077 ut
248 5023 363 5093 ipse
405 5025 723 5097 dignitatem
770 5027 1036 5095 primatus
1074 5026 1331 5081 Ecclesia:
1383 5026 1620 5081 Cantua-

49 5110 235 5168 riensis
295 5114 566 5169 humiliari
624 5131 653 5169 a
714 5116 862 5171 nullo
926 5117 1261 5186 permitteret
1294 5118 1615 5186 postulatus,

50 5198 303 5268 siquidem
353 5204 406 5257 in
438 5204 561 5271 hoc,
602 5205 813 5271 dicunt,
841 5206 1265 5262 consuetudines
1302 5208 1537 5277 antiquae
1562 5217 1617 5262 et

50 5301 225 5345 earum
256 5293 718 5362 confirmationes,
742 5298 1121 5367 astipulatione
1144 5300 1308 5355 totius
1341 5302 1487 5372 regni
1515 5303 1615 5358 sub

49 5392 233 5451 magno
273 5400 402 5456 rege
442 5384 753 5443 Willhelmo
793 5390 967 5457 factae,
998 5404 1169 5447 necne
1197 5393 1472 5465 privilegia
1495 5411 1614 5464 qua:

51 5467 127 5523 his
148 5474 327 5541 priora
373 5476 617 5533 existunt
645 5479 713 5534 ab
738 5483 1030 5539 apostolica
1056 5485 1182 5539 sede
1217 5485 1317 5553 ipsi
1353 5484 1612 5543 Ecclesiae

1730 4555 1994 4610 canonice
2024 4554 2428 4620 inthronizatis,
2482 4554 2632 4611 salva
2685 4554 2943 4611 fidelitate
2976 4554 3180 4609 domini
3208 4555 3317 4610 niei

1729 4644 1873 4715 regis
1925 4643 2147 4700 Henrici
2196 4644 2493 4715 Anglorum
2523 4685 2539 4711 ,
2588 4655 2644 4699 et
2690 4645 2841 4699 salva
2882 4644 3189 4701 obedientia
3243 4659 3313 4701 ex

1725 4746 1905 4806 parte
1956 4751 2076 4791 mea
2117 4737 2395 4804 tenenda,
2452 4752 2616 4807 quam
2692 4738 2931 4792 Thomas
2993 4746 3317 4792 antecessor

1725 4843 1878 4883 meus
1904 4837 2109 4884 sanctae
2142 4828 2403 4884 Romana:
2430 4830 2687 4886 Ecclesiae
2707 4846 2771 4887 ex
2799 4839 2953 4902 parte
2980 4844 3077 4885 sua
3106 4830 3309 4901 profes—

1722 4935 1816 4975 8118
1833 4930 1935 4975 est.
1971 4940 1989 4973 ι

1792 5034 2057 5088 intererat
2081 5033 2207 5088 huic
2223 5032 2396 5089 oﬂicio
2422 5034 2569 5105 prior
2590 5034 2850 5089 Ecclesim
2873 5034 3309 5091 Dorobernensis

1720 5124 2025 5195 (Conradus
2068 5126 2310 5195 nomine)
2357 5134 2412 5179 et
2456 5142 2521 5180 ex
2578 5128 2860 5182 monachis
2900 5126 3139 5195 ejusdem
3199 5126 3304 5182 loci

1719 5216 2089 5288 quamplures,
2121 5217 2209 5286 qui
2258 5233 2359 5287 pro
2424 5219 2526 5273 hoc
2556 5219 2692 5289 ipso,
2748 5220 3004 5290 quoniam
3069 5235 3159 5274 res
3211 5236 3310 5274 eos

1718 5308 1953 5362 maxime
1974 5308 2313 5377 reSpiciebat,
2340 5308 2430 5363 illo
2459 5321 2841 5366 convenerant.
2871 5310 3092 5365 Lectam
3125 5311 3310 5378 itaque

1722 5397 2111 5469 professionem
2142 5413 2264 5452 cum
2296 5414 2326 5451 a
2358 5397 2565 5453 Thoma
2597 5399 2699 5454 sibi
2730 5400 2963 5456 oblatam
2997 5400 3308 5456 Richardus

1723 5491 1950 5546 antistes
2014 5489 2413 5545 Lundoniensis
2476 5493 2795 5563 accepisset,
2844 5508 2962 5549 eam
3024 5492 3307 5548 nominato

1272 5641 1676 5704 llEXSCHENli
1706 5646 1935 5705 ΝΟΤᾸΕ.

115 5760 141 5790 ι
172 5749 297 5809 Erat
323 5768 608 5827 perperam
635 5769 894 5813 exeusum
926 5773 979 5812 iv
1004 5757 1126 5813 Kal.
1153 5757 1305 5825 Iulii,
1336 5759 1425 5831 qui
1460 5776 1601 5818 anno
1626 5762 1758 5818 “09
1782 5762 1960 5820 littera
1983 5760 2296 5820 Dominicali
2325 5763 2366 5821 C
2396 5764 2585 5823 incidit
2607 5766 2658 5823 in
2689 5766 2875 5822 feriam
2905 5763 3219 5822 secundum.
