3890 6306
567 269 675 326 483

1561 259 1865 316 EADMERI
1893 255 2446 315 CANTUARlENSIS
2475 256 2785 316 MONACHI
3677 281 3744 336 ω

568 383 738 455 priori
770 391 826 436 et
855 378 1112 434 fratribus
1152 352 1395 440 tradidit,
1429 376 1616 432 dicens
1643 393 1656 429 :
1694 391 1714 426 ι
1752 373 1922 438 Hanc,
1951 372 2150 427 fratres
2181 373 2229 428 Α
2257 370 2496 427 decanus
2525 372 2782 428 Ecclesiae
2805 371 3238 443 Cautttartensts,
3273 388 3325 434 et
3347 423 3362 445 ,
3416 380 3532 437 item
3557 384 3675 455 juxta
3700 397 3751 450 in.

570 486 628 532 et
659 472 859 528 domini
887 469 1012 534 mei,
1061 468 1114 522 in
1147 467 1518 522 testimonium
1568 464 1914 520 auctoritatis
1959 470 2156 516 vestra:

573 561 814 618 Ecclesia
859 558 1135 628 suscipite,
1173 565 1228 612 et
1283 557 1457 626 ipsam
1509 554 1662 610 vobis
1708 555 1906 608 factam
1941 553 1994 607 in
2045 567 2158 605 mc-

575 652 802 706 moriam
855 647 1189 719 posteritatis
1228 655 1461 701 servate.
1493 665 1511 698 ι
1557 644 1758 699 Deinde
1804 658 1836 697 a
1877 641 2159 710 Radulpho

571 739 1185 810 Cicestrensiepiscopo
1227 738 1428 793 dictum
1489 737 1542 791 in
1591 735 1788 806 populo
1842 742 1926 790 est
1985 735 2155 804 ipsam

574 832 1037 889 consecrationem
1067 846 1135 885 ex
1175 838 1325 885 recto
1387 837 1444 883 et
1493 827 1713 896 antiqua
1759 824 2159 882 consuetudine

569 925 771 979 debere
828 923 944 978 fieri
977 920 1304 976 Cantuarios.
1360 919 1426 972 Et
1453 917 1648 986 adjecit
1678 932 1694 972 :
1729 933 1748 967 ‹
1778 914 1974 970 Verum
2027 913 2156 983 quia

573 1016 687 1086 ipsa
709 1015 926 1077 civitas,
948 1010 1205 1066 defuncto
1242 1009 1402 1064 Patre
1451 1017 1639 1064 nostro
1673 1006 1953 1068 Anselmo,
2008 1019 2155 1059 nunc

572 1107 791 1176 quidem
817 1102 1072 1175 pontifice
1103 1109 1269 1166 caret,
1300 1100 1474 1155 visum
1513 1099 1625 1168 regi
1647 1096 1988 1166 sacratisque
2013 1095 2159 1151 ordi-

573 1199 731 1255 nibus
759 1196 908 1266 regui
932 1204 1014 1251 est
1042 1203 1204 1263 atque
1234 1190 1588 1266 principibus,
1614 1203 1734 1250 eam
1765 1187 1854 1241 hic
1881 1195 2042 1255 atque
2090 1186 2162 1264 ab

574 1291 738 1359 hujus
767 1290 913 1344 sedis
942 1289 1194 1357 episcopo
1215 1299 1323 1355 pra:
1350 1283 1472 1337 aliis
1497 1280 1838 1350 potissimum
1870 1278 2153 1333 celebran-

571 1386 718 1447 dam,
768 1396 836 1436 eo
865 1381 1083 1446 intuitu,
1133 1393 1196 1432 ea
1225 1376 1436 1430 ratione
1483 1372 1628 1442 quod
1673 1373 1961 1443 episcopus
2005 1369 2158 1424 Lun-

568 1475 846 1530 doniensis
882 1475 1022 1528 inter
1051 1472 1184 1526 alios
1208 1471 1492 1541 episcopos
1521 1475 1605 1522 est
1635 1465 1874 1520 decanus
1898 1461 2156 1517 Ecclesia:

569 1565 998 1629 Cantuariensis,
1025 1573 1080 1619 et
1103 1563 1221 1618 ideo
1247 1547 1468 1632 speciali
1501 1557 1732 1628 quadam
1759 1555 2022 1625 dignitate
2049 1568 2155 1608 ca:-

573 1658 710 1713 teris
782 1656 1210 1727 anteponendus.
1269 1674 1288 1707 i
1353 1654 1430 1708 Ita
1497 1665 1630 1722 ergo
1683 1649 1736 1704 iu
1783 1648 2167 1719 episcopatum.

2261 463 2603 520 stitutionem
2629 464 2774 520 beati
2801 467 3048 536 Gregorii
3077 468 3371 539 Anglorum
3417 477 3631 544 apostoli,
3664 492 3745 542 tunc

2259 553 2414 622 prior
2442 553 2669 610 alterius
2691 556 2922 621 exstitit,
2962 559 3092 627 quia
3144 561 3297 631 prius
3323 576 3391 616 eo
3420 562 3578 622 fuerat
3601 575 3746 629 ordiar.

2262 652 2369 698 tus.
2394 642 2560 714 Cujus
2591 645 2847 702 nimirum
2900 649 3393 723 primatus-gratia
3447 670 3502 710 se
3538 661 3622 716 sub
3653 675 3746 723 tanta

2260 733 2635 802 festinatione,
2667 749 2727 793 ut
2757 754 2921 810 supra
2950 741 3208 808 diximus,
3233 745 3363 800 licet
3387 747 3525 803 aliud
3551 751 3595 805 in
3617 761 3746 826 populi

2258 828 2664 896 praedicaretur,
2698 830 2750 884 in
2777 831 3151 900 pontiIiCatum
3175 836 3412 892 ordinari
3437 855 3624 909 gnarus,
3644 863 3748 917 expr-

2261 917 2382 981 tiit,
2414 921 2872 988 quemadmodum
2921 924 3080 980 nobis
3141 928 3332 981 testati
3385 938 3506 984 sunt
3534 933 3609 1002 qui
3639 937 3743 990 animi

2259 1009 2376 1078 ejus
2399 1013 2601 1082 absque
2632 1014 2796 1069 dubio
2818 1023 3026 1071 secreta
3063 1027 3353 1084 noverunt,
3374 1029 3428 1075 et
3453 1022 3640 1092 ipsemet
3656 1043 3676 1080 ι
3695 1046 3745 1084 tre

2264 1113 2652 1171 percunctatus
2700 1103 2954 1160 familiari
2994 1106 3159 1164 aifatu
3217 1113 3553 1166 asseveravit.
3597 1113 3674 1169 Sed
3706 1120 3746 1172 de

2261 1193 2500 1248 sessione
2524 1195 2734 1264 prandii
2767 1196 2965 1267 regalis
2989 1208 3118 1254 tunc
3140 1199 3286 1256 inter
3314 1201 3596 1272 episcopos,
3627 1212 3742 1262 resin

2265 1287 2526 1345 remansit
2549 1289 3187 1359 determinandajudicio
3218 1291 3386 1349 futuri
3421 1295 3744 1362 pontificisCau-

2264 1375 2582 1437 tuariorum.

2281 1543 2292 1551 ‘
2333 1465 2438 1520 Per
2462 1466 2514 1521 id
2549 1469 2830 1537 temporis,
2871 1476 2992 1524 acta
3048 1479 3131 1525 est
3187 1485 3357 1527 causa
3406 1475 3740 1545 presbyterorum

2259 1558 2557 1630 Angliaa,et
2587 1560 2889 1616 districtius
2915 1577 3078 1631 quant
3102 1571 3348 1634 tempore
3376 1564 3541 1621 Patris
3563 1566 3739 1629 Anselmi;

2261 1665 2291 1705 a
2329 1653 2600 1707 consortio
2640 1652 2924 1708 mulierum
2976 1656 3200 1710 coerciti
3247 1665 3392 1712 sunt.
3445 1657 3738 1728 Quamplurimi

569 1751 970 1815 Eboracensem
1016 1749 1255 1806 Thomas
1285 1756 1635 1803 consecratus
1660 1750 1766 1810 est,
1796 1741 2102 1812 suscipiens
2123 1755 2155 1794 a
2186 1730 2231 1790 Β
2265 1759 2500 1814 namque
2533 1745 2770 1812 illorum,
2800 1761 2868 1802 ex
2915 1746 3063 1802 obitu
3093 1747 3276 1804 Patris
3300 1749 3526 1805 Anseltui
3567 1765 3645 1806 non
3666 1768 3737 1806 mo-

571 1843 824 1914 miriistro
878 1842 1022 1913 quod
1083 1842 1360 1912 suscipere
1417 1837 1741 1895 detrectavit
1797 1851 1827 1890 a
1875 1835 2156 1906 magistro.

573 1933 708 1986 Dum
763 1945 892 2002 ergo
922 1933 1046 1986 vita:
1096 1931 1352 2002 praesenti
1381 1929 1650 1999 superfuit
1677 1941 1730 1993 ο,
1754 1927 2036 1996 ptenitudo
2061 1926 2163 1980 btt-

571 2025 660 2095 jus
691 2024 818 2078 facti
856 2023 924 2078 ab
945 2025 1129 2078 animo
1176 2022 1294 2092 ejus
1325 2037 1432 2077 non
1470 2020 1733 2086 recessit,
1777 2034 1834 2075 se
1864 2017 2158 2083 infelicem,

573 2131 677 2171 nec
703 2115 837 2170 tanti
869 2115 1048 2170 Patris
1072 2114 1450 2170 benedictione
1479 2113 1702 2183 dignum
1729 2111 1898 2167 fuisse
1925 2124 2161 2180 pronun-

574 2207 742 2263 tians.
943 2259 946 2262 .

649 2298 858 2365 Quibus
934 2297 1205 2370 peractis,
1273 2294 1532 2367 prazfatus
1589 2293 1843 2349 Ecclesiae
1902 2292 2160 2347 Romanae

571 2388 908 2457 cardinalis,
961 2389 1146 2443 audito
1195 2401 1320 2458 rege
1385 2386 1655 2456 curireque
1724 2384 1866 2456 regis
1908 2383 2156 2450 consilio,

573 2479 795 2547 pallium
823 2480 965 2549 quod
1015 2476 1305 2541 detulerat,
1341 2475 1640 2531 Eboracam
1687 2475 1900 2539 detulit,
1936 2475 2160 2545 ipsoque

574 2571 885 2640 pontificem
913 2569 1032 2640 ejus
1079 2570 1373 2638 investivit,
1405 2569 1594 2639 sicque
1640 2566 1870 2622 Romam
1900 2564 2158 2622 redeundi

572 2661 682 2715 iter
704 2661 940 2731 repetiit.

641 2751 790 2805 Inter
811 2753 926 2808 llaec
962 2753 1204 2809 Herveus
1231 2751 1520 2823 episcopus
1545 2750 1974 2822 Pangornensis,
2001 2749 2158 2821 cujus

569 2855 732 2911 supra
759 2842 1122 2908 meminimus,
1153 2842 1222 2897 ab
1252 2841 1490 2898 Ecclesia
1521 2855 1820 2911 sua,quam
1843 2841 1971 2896 olim
2001 2840 2162 2896 dirui-

567 2941 738 2998 serat,
783 2936 1000 3004 penitus
1033 2934 1330 2990 translatus
1359 2943 1467 3000 est,
1525 2940 1583 2987 et.
1626 2946 1767 2986 novo
1812 2932 2154 3002 episcopatu,

568 3043 731 3097 quem
761 3044 854 3084 rex
879 3038 935 3084 et
961 3029 1234 3098 principes
1261 3028 1461 3083 dudum
1515 3026 1568 3080 in
1627 3025 1746 3080 Heli
1789 3026 2152 3090 statuendum,

564 3121 724 3190 juxta
757 3121 1088 3175 mentionem
1118 3111 1246 3174 inde
1278 3119 1524 3187 superius
1557 3117 1777 3183 factam,
1805 3118 2159 3173 decreverant

571 3208 992 3263 intltronizatus.
1031 3207 1185 3275 Quod
1230 3207 1448 3277 quidem
1475 3215 1534 3261 ut
1561 3207 1785 3278 adipisci
1821 3217 2152 3274 mereretur,

573 3303 741 3357 multa
765 3317 947 3370 prece,
973 3302 1157 3357 multis
1173 3302 1462 3357 multarum
1484 3317 1660 3357 rerum
1687 3301 2157 3370 promiss'onibus,

572 3404 869 3450 mutorum
923 3409 1142 3464 quoque
1189 3393 1490 3449 ciliciorum
1556 3393 2019 3460 exbibitionibus,
2067 3396 2154 3450 vix

571 3497 694 3556 post
717 3488 923 3543 obitum
945 3486 1307 3542 strenuissimi
1333 3485 1512 3541 Patris
1528 3485 1770 3542 Anselmi
1796 3485 2044 3542 obtinere
2062 3502 2158 3558 po-

571 3581 643 3636 tis
669 3580 791 3635 fuit.
1703 3593 1708 3601 ’
1806 3591 1810 3596 λ
2041 3597 2044 3601 ’

639 3667 759 3739 Ipso
797 3683 940 3725 anno
971 3667 1416 3740 apparuitstella,
1439 3683 1601 3741 quam
1638 3678 1908 3726 cometam
1954 3683 2154 3740 quam-

565 3757 787 3828 pluritni
819 3760 1194 3815 nominabant.
1230 3759 1356 3816 Visa
1386 3769 1473 3816 est
1519 3769 1702 3814 autem
1741 3761 1794 3814 in
1826 3774 2011 3815 mense
2055 3760 2159 3816 De-

565 3850 769 3906 cembri
799 3851 944 3907 circa
977 3851 1209 3906 lacteum
1247 3851 1532 3918 circulum,
1557 3851 1761 3906 crinem
1785 3851 1838 3906 in
1864 3852 2155 3909 australem
2181 3851 2183 3853 ’

566 3943 690 3997 οωιί
723 3944 965 4014 dirigens
995 3942 1228 4015 plagam.

639 4035 694 4090 In
719 4035 1070 4106 subsequenti
1097 4034 1396 4091 Nativitate
1426 4033 1643 4090 Domini
1674 4034 1899 4101 Christi,
1927 4049 2154 4106 regnum

565 4125 771 4196 Anglia:
797 4129 864 4182 ad
890 4129 1100 4185 curiam
1131 4131 1274 4202 regis
1295 4127 1589 4183 Lundonia:
1621 4141 1720 4196 pro
1748 4141 1900 4181 more
1951 4142 2156 4182 corrre-

569 4216 743 4280 nit,et
769 4233 962 4288 magna
986 4220 1301 4275 solemnitas
1323 4219 1508 4274 habita
1538 4226 1624 4273 est
1673 4226 1836 4288 atque
1867 4218 2143 4274 sublimis.

570 4306 689 4377 Ipsa
725 4307 810 4362 die
844 4311 1291 4381 archiepiscopus
1316 4309 1675 4365 Eboracensis
1712 4323 1772 4364 se
1803 4309 1921 4364 loco
1944 4310 2151 4380 prima-

2263 1836 2445 1894 dicum
2497 1839 2809 1903 exhilarati,
2843 1841 3212 1910 promiserant
3240 1841 3369 1906 sibi,
3427 1857 3487 1897 eo
3531 1841 3586 1898 de
3629 1844 3738 1898 medio

2261 1930 2494 1993 sublato,
2526 1930 2731 1986 licitum
2761 1930 2877 1987 fore
2915 1932 3081 2002 quod,
3114 1933 3234 2002 ipso
3264 1934 3557 2004 superstite,
3586 1934 3660 1988 sibi
3677 1934 3739 1989 illi-

2263 2027 2376 2075 tum
2409 2019 2577 2074 fuisse
2598 2019 2946 2077 condoluere.
2977 2020 3083 2078 Sed
3117 2022 3171 2077 in
3203 2023 3526 2078 contrarium
3555 2038 3623 2078 res
3643 2023 3734 2093 lapsi

2262 2118 2366 2166 est.
2391 2109 2507 2165 Rex
2530 2110 2674 2166 enim
2705 2111 2796 2181 qui
2824 2111 2942 2182 plus
2958 2111 3068 2168 Deo
3101 2127 3132 2166 a
3167 2111 3357 2169 multis
3380 2114 3649 2180 timebatur,
3679 2131 3735 2168 sua

2262 2200 2379 2278 lege
2409 2216 2504 2257 eos
2529 2203 2857 2257 constrinxit
2891 2214 3184 2273 quatenus,
3213 2203 3409 2259 vellent
3436 2203 3624 2268 nollent,
3660 2220 3737 2256 rou-

2262 2294 2369 2349 cilii
2397 2292 2797 2350 Lundoniensis
2825 2294 2992 2365 (quod
3040 2309 3207 2365 supra
3265 2295 3576 2365 notavimus)
3617 2295 3734 2350 saltem

2260 2383 2432 2440 oculis
2481 2383 2761 2438 hominum
2791 2383 2984 2439 fierent
3014 2395 3385 2441 exsccutores.
3413 2387 3476 2439 At
3499 2386 3538 2440 si
3563 2386 3637 2456 ipsi
3658 2401 3734 2454 prc-

2261 2472 2466 2546 sbytcri
2519 2472 2756 2527 deterius
2803 2488 2985 2545 agere,
3030 2476 3186 2545 quasi
3239 2476 3294 2531 in
3339 2477 3671 2531 damnationem
3703 2485 3734 2528 et

2261 2564 2644 2624 contumeliam
2664 2563 2906 2620 Anselmi
2937 2581 3036 2637 pro
3094 2567 3200 2623 hoc
3257 2566 3644 2630 elaboraverunt,
3672 2564 3732 2633 ipsi

2173 2704 2175 2706 .
2261 2656 2515 2714 viderint.
2545 2658 2697 2715 Onus
2723 2675 2880 2716 suum
2913 2659 3144 2729 quisque
3174 2659 3434 2728 portabit.
3461 2659 3566 2713 Scio
3610 2655 3732 2725 quippe

2260 2751 2514 2820 quoniam
2541 2752 2586 2806 si
2616 2751 2976 2806 fornicatores
2997 2757 3052 2803 et
3078 2748 3358 2804 adulteros
3379 2748 3605 2818 judicabit
3623 2747 3732 2802 Domi-

2260 2857 2383 2908 nus,
2430 2844 2984 2915 consanguincarutn,
3043 2855 3113 2896 ne
3139 2840 3322 2899 dicam
3375 2855 3590 2896 sororum
3624 2838 3732 2892 rdii.

2261 2935 2452 2992 liarum
2485 2949 2840 3009 stupratores,
2881 2952 2990 2992 non
3011 2933 3529 3008 eil‘ugientjudicium
3554 2931 3731 3003 cjus.Nec

2261 3029 2405 3100 quod
2426 3044 2520 3085 eos
2539 3029 2828 3086 Anselmus
2855 3030 2924 3085 ab
2949 3028 3162 3084 illicitis
3179 3026 3506 3098 amplexibus
3532 3024 3730 3097 prohibuit,

2263 3120 2368 3175 ulla
2409 3137 2630 3176 suarum
2659 3121 3004 3192 iuiquitatum
3035 3121 3324 3177 excusatio
3371 3119 3488 3186 erit,
3529 3118 3603 3172 sed
3631 3117 3730 3170 nimi-

2260 3228 2380 3279 rum
2409 3213 2778 3284 unusquisque
2804 3212 3050 3283 recipiet,
3076 3219 3238 3282 prout
3273 3210 3454 3281 gessit.
3477 3207 3603 3276 Quod
3622 3207 3654 3260 si
3675 3204 3732 3257 ali-

2259 3303 2382 3374 quis
2408 3303 2608 3360 dixerit
2637 3303 2958 3360 Anselmum
3008 3303 3203 3372 melius
3252 3302 3468 3366 fecisse,
3513 3299 3548 3355 si
3585 3296 3730 3352 tuendo

2261 3394 2540 3462 toleraret,
2586 3395 2730 3465 quod
2784 3393 3116 3464 prohibitum
3147 3393 3201 3447 in
3255 3390 3404 3462 pejus
3449 3387 3729 3461 pullulaturuui

2257 3487 2487 3545 fortasse
2549 3490 2904 3559 procederet,
2952 3487 3134 3542 dicere
3181 3486 3389 3556 poterit
3425 3483 3606 3539 divitem
3639 3479 3727 3533 illum

2178 3591 2184 3598 '
2258 3579 2628 3650 evangelicum
2658 3579 2750 3650 qui
2778 3579 2848 3633 ad
2894 3593 3106 3634 coenam
3141 3592 3309 3647 quam
3354 3565 3728 3648 prmpararitmul-

2261 3677 2344 3724 tos
2370 3670 2603 3736 vocavit,
2654 3683 2873 3724 servum
2915 3682 3074 3724 suum
3114 3683 3221 3723 non
3253 3666 3494 3724 debuisse
3523 3663 3576 3718 ad
3602 3671 3726 3716 conro-

2257 3760 2489 3814 candum
2531 3758 2786 3814 invitatos
2810 3759 3103 3825 destinare,
3146 3773 3211 3814 eo
3246 3757 3386 3829 quod
3416 3754 3605 3826 contigit
3629 3746 3726 3805 simul

2258 3865 2328 3907 ne
2353 3851 2602 3907 venirent
2645 3867 2836 3907 omnes
2865 3866 3149 3907 excusare.
3190 3851 3260 3906 Et
3281 3851 3418 3907 hanc
3450 3850 3591 3919 ipsam
3618 3844 3726 3898 Em-

2257 3943 2378 4014 gelii
2399 3943 2712 4010 lectionem,
2749 3952 2856 3998 tam
2889 3944 2942 3999 in
2959 3944 3374 4000 consecratione
3403 3941 3550 4012 ipsius
3567 3931 3725 3992 Δωθιωὶ

2256 4050 2418 4105 super
2446 4050 2570 4090 eum
2597 4045 2864 4105 repertam
2891 4051 3052 4106 quam
3076 4035 3200 4091 etin
3225 4033 3376 4108 pallii
3403 4033 3507 4102 ejus
3522 4022 3725 4094 susceptio-

2255 4140 2326 4180 ne
2354 4125 2406 4180 in
2438 4126 2636 4198 pepulo
2666 4126 2883 4192 lectam,
2931 4142 2995 4182 ea
3045 4125 3274 4181 forsitan
3325 4124 3630 4195 praesignasse
3659 4127 3722 4167 non

2256 4219 2492 4275 alienum
2541 4235 2568 4274 a
2602 4220 2828 4276 veritate
2871 4228 2957 4274 est
2988 4218 3231 4275 credere.
3264 4218 3512 4286 Quoniam
3535 4225 3638 4284 pene
3654 4221 3721 4260 om-

2257 4310 2416 4364 nibus
2437 4325 2556 4380 qua:
2579 4310 2920 4379 praedicando
2941 4310 3125 4364 docuit
3161 4310 3246 4365 vel
3281 4309 3508 4365 docendo
3521 4297 3720 4376 prohibuit.

573 4400 644 4454 tis
672 4399 1076 4458 Cantuariensis
1105 4417 1284 4472 regem
1308 4411 1691 4458 coronaturum
1713 4411 1770 4457 et
1795 4401 2014 4457 missam
2035 4419 2155 4473 spe-
2184 4411 2232 4471 D
2257 4404 2538 4457 excusatio
2573 4402 2786 4472 objecta
2822 4411 2925 4466 est,
2959 4410 3017 4458 et
3057 4402 3111 4456 in
3142 4401 3290 4458 nullo
3318 4401 3483 4456 verbis
3499 4395 3591 4465 ejus
3610 4389 3721 4447 eilia-

571 4507 698 4547 raus
730 4491 1127 4548 celebraturum
1175 4495 1244 4549 ad
1296 4494 1346 4548 id
1411 4493 1636 4548 omnino
1679 4499 1930 4563 paratum
1980 4506 2154 4551 semet

567 4583 834 4639 exhibuit.
865 4583 962 4640 Cui
1020 4587 1304 4657 episcopus
1342 4584 1741 4641 Lundoniensis
1772 4600 1877 4641 non
1930 4587 2149 4656 acquie-

567 4689 749 4740 sceus,
789 4690 1048 4731 coronam
1076 4677 1238 4746 capiti
1269 4677 1410 4746 regis
1461 4674 1753 4746 imposuit,
1793 4690 2026 4747 eumque
2061 4693 2155 4749 per

568 4765 816 4820 dextram
849 4765 1060 4823 induxit
1092 4765 1369 4831 Ecclesiae,
1399 4773 1456 4821 et
1480 4763 1714 4819 oﬂicium
1749 4762 1856 4820 diei
1913 4768 2154 4836 percele-

566 4854 764 4912 bravit.
789 4855 858 4911 At
882 4873 1004 4913 cum
1038 4859 1105 4913 ad
1135 4873 1375 4913 mensam
1423 4859 1566 4930 regis
1587 4868 1805 4914 ventum
1829 4872 1993 4930 esset,
2014 4869 2068 4916 et
2089 4861 2155 4916 de

569 4946 688 5005 loco
707 4952 963 5008 sessionis
983 4953 1125 5007 inter
1153 4953 1371 5008 eosdem
1398 4953 1682 5024 episcopos
1715 4955 1980 5012 dissensio
2004 4963 2150 5010 mota

571 5039 782 5108 fuisset,
810 5043 982 5099 noluit
1009 5059 1105 5100 eos
1135 5061 1230 5099 rex
1254 5044 1464 5111 audire,
1492 5047 1590 5100 sed
1620 5055 1907 5118 utrumque
1931 5062 1960 5101 a
1984 5062 2150 5117 pran-

569 5131 660 5187 dio
687 5149 786 5189 suo
813 5147 1102 5204 remotum,
1141 5154 1438 5208 pransurus
1474 5138 1707 5209 hospitia
1738 5157 1840 5206 sua,
1892 5139 2152 5210 praecepit

571 5226 744 5281 adire.
772 5226 838 5280 Et
878 5231 1095 5298 quidem
1142 5231 1285 5300 quod
1315 5231 1602 5302 episcopus
1641 5217 2040 5287 Lundoniensis
2077 5230 2148 5285 ita

570 5315 705 5374 fecit
741 5319 950 5390 (utalia
983 5325 1216 5394 taceam)
1249 5339 1312 5380 ea
1345 5325 1559 5381 ratione
1591 5340 1720 5381 usus
1766 5332 1852 5380 est
1901 5323 2046 5393 quod
2093 5331 2150 5378 et

2250 4494 2389 4550 citer
2411 4493 2858 4563 obtemperatum.
2884 4491 3072 4563 chat,
3099 4492 3192 4562 qui
3224 4492 3354 4559 vult,
3386 4483 3562 4546 textum
3585 4475 3720 4539 concilii

2251 4584 2668 4650 Lundoniensis,
2709 4593 2786 4649 et,
2816 4585 3075 4654 inspectis
3103 4583 3324 4638 statutis
3364 4579 3471 4650 ejus
3497 4586 3622 4645 atque
3637 4581 3721 4637 Pi”

2255 4677 2444 4746 ceptis,
2503 4678 2805 4748 perpendat
2867 4676 2990 4743 quis
3046 4675 3126 4728 eis
3178 4674 3410 4736 obediat,
3453 4668 3557 4739 quis
3600 4668 3718 4716 eam

2253 4781 2540 4826 exsecutor
2588 4771 2808 4834 existat,
2839 4767 2963 4837 quis
2993 4782 3099 4820 non
3126 4780 3190 4820 ea
3240 4764 3391 4834 quasi
3433 4757 3581 4816 inania
3603 4751 3717 4848 donl-

2253 4863 2417 4929 Eccc,
2449 4871 2509 4916 ut
2538 4861 2768 4931 plurima
2809 4868 3108 4924 taceantur,
3133 4859 3356 4915 abbates
3388 4849 3573 4922 quidam
3597 4855 3659 4909 ιιυι
3687 4849 3718 4886 ¹¹¹

2257 4952 2378 5025 ipso
2441 4953 2672 5010 concilio
2722 4969 2820 5022 pro
2870 4952 3114 5008 Simonia
3165 4946 3405 5020 dispositi
3447 4940 3632 4996 fuerunl.
3665 4932 3719 4979 ³¹¹¹

2259 5049 2381 5105 illas
2409 5063 2546 5118 quas
2584 5047 2936 5118 perdiderunt
2974 5055 3068 5100 aut
3103 5044 3236 5099 alias
3265 5031 3625 5118 abbatias,dato

2261 5140 2336 5194 tio
2393 5114 2491 5209 per
2541 5114 2707 5194 laicus
2764 5139 2941 5208 adepti
3003 5146 3150 5194 sunt.
3192 5137 3321 5196 ltem
3384 5129 3464 5199 (ιιιί

2257 5205 2516 5301 dicuntur
2541 5229 2656 5284 sive
2690 5205 2936 5283 canonici
2971 5226 3086 5296 jam
3113 5231 3411 5296 tepescente
3448 5205 3714 5287 ῐθείεοάδαθο

2256 5325 2398 5396 apud
2426 5325 2710 5395 episcouos
2737 5337 2866 5380 suos
2905 5332 2961 5378 et
3013 5321 3414 5377 archidiaconos
3448 5301 3594 5367 infami
3622 5303 3716 5349 com-

1891 5428 2321 5492 'liENSCHENII
2357 5435 2590 5492 ΝΟΤΔΞ.

642 5561 669 5592 ι
709 5547 988 5619 Superfuit
1029 5556 1210 5621 autem
1245 5549 1480 5606 Thomas
1496 5564 1667 5621 usque
1692 5548 1758 5621 ad
1789 5546 2146 5621 Februarium

568 5621 694 5676 anni
723 5616 891 5684 HM,
921 5621 1088 5677 etiam
1117 5619 1241 5675 hinc
1267 5616 1752 5688 laudandus,'quod
1783 5633 1904 5674 cum
1934 5616 2146 5688 letalem

567 5693 686 5764 ejus
715 5692 964 5750 morbum
991 5699 1250 5762 negarent
1290 5689 1483 5747 medici
1525 5704 1683 5760 posse
1725 5689 1904 5747 sanari
1943 5687 2149 5758 absque

2254 5567 2357 5622 usu
2387 5549 2623 5622 feminae,
2656 5538 2838 5622 castus
2869 5545 3120 5622 maluerit
3149 5540 3315 5622 mori,
3349 5547 3492 5622 quam
3522 5523 3713 5596 θΡῙ⁵⁶⁰Ρ³¹

2257 5621 2362 5679 lem
2384 5621 2698 5693 dignitatem
2728 5617 2820 5676 tali
2859 5617 3069 5674 macula
3091 5617 3457 5673 contaminare.
