3890 6306
35 371 150 427 «188

1088 358 1443 425 ἨιδΤΟΙὶΙΑ
1496 364 1853 425 NOVORUM.
1888 398 1957 409 —
1999 365 2121 422 LIB.
2169 364 2227 419 ν.

26 485 246 541 mercio
283 482 334 538 id
366 481 665 538 etl'ecerunt
696 492 754 537 ut
801 470 895 538 aut
924 472 1049 539 suas
1096 499 1233 553 quas
1272 482 1629 552 reliquerant,
1665 488 1708 545 Α
1741 482 1975 549 damque
2033 484 2325 535 nominatae
2363 478 2617 535 Ecclesiae
2648 478 2963 553 dignitatem
2999 483 3135 540 satis
3177 486 3326 540 sum-

22 586 124 632 aut
174 577 310 631 alias
344 590 482 645 ,qute
537 576 708 646 magis
748 575 1023 646 placeant,
1072 576 1274 645 spretis
1328 574 1625 644 prioribus,

25 671 209 724 libere
235 666 609 722 meretriculas
652 667 875 721 ducant.
918 667 998 721 Ad
1042 668 1157 722 lucc
1203 666 1383 722 criniti
1431 682 1569 735 quus
1595 680 1625 719 a

23 762 196 815 Patre
222 758 478 814 Anselmo
505 773 533 811 a
568 768 771 813 sanctae
797 757 1044 814 ecclesiae
1072 759 1351 813 liminibus
1382 758 1624 813 certissi‘

24 867 116 906 me
157 851 415 905 novimus
442 851 961 914 excommunicatos,
1010 850 1062 904 in
1098 858 1305 903 tantum
1349 848 1627 902 abundant

25 951 357 1011 tantumque
405 956 466 995 se
494 940 561 995 de
602 930 835 994 crinium
872 956 1093 995 suorum
1123 940 1353 994 feminea
1392 946 1446 993 et
1478 938 1627 1009 igno-

25 1033 271 1085 miniosa
311 1030 643 1102 longitudine
672 1030 973 1099 jactitnndo
1023 1030 1397 1102 magnificam,
1446 1038 1505 1083 ut
1534 1029 1626 1099 qui

24 1124 270 1178 crinitus
294 1138 400 1177 non
428 1131 531 1189 est,
563 1122 752 1177 rustici
777 1121 859 1175 vel
883 1122 1184 1193 presbyteri
1214 1121 1443 1191 proboso
1467 1135 1627 1174 voca-

24 1214 156 1267 bulo
183 1213 497 1266 deuoretur.
524 1212 732 1268 Czelera
761 1213 954 1266 horum
973 1211 1293 1282 indignitate
1318 1224 1423 1263 non
1449 1209 1627 1263 minus

29 1304 284 1374 indigna,
332 1317 400 1357 ne
433 1316 622 1356 eorum
667 1311 957 1365 amatores,
991 1316 1113 1354 cum
1139 1313 1257 1355 mea
1291 1299 1425 1352 nihil
1457 1302 1627 1353 inter-

25 1394 116 1454 sit,
162 1391 341 1462 gratis
366 1388 661 1457 oll‘endam,
710 1389 928 1444 silentio
958 1404 1221 1460 premam.
1250 1387 1478 1442 Tantum
1505 1388 1626 1442 dico

26 1483 151 1552 quia
185 1482 321 1552 quid
348 1480 523 1534 futura
552 1481 665 1535 dies
689 1480 758 1534 sit
787 1480 1027 1550 paritura
1058 1480 1276 1544 nescio;
1301 1478 1354 1532 in
1373 1479 1623 1548 praesenti

24 1573 136 1628 scio
162 1588 333 1643 quam
366 1572 521 1642 pauci
554 1572 655 1641 (de
696 1571 1050 1626 saecularibus
1071 1570 1220 1642 dico)
1255 1570 1623 1635 inveniuntur,

25 1664 113 1733 qui
148 1664 247 1717 via
303 1678 467 1733 quam
540 1662 772 1717 illustris
830 1662 994 1717 Pater
1035 1661 1326 1717 Anselmus
1383 1663 1625 1717 docendo

24 1757 377 1820 monstravit,
405 1754 472 1808 ad
501 1769 715 1810 ccenam
747 1755 958 1810 Domini
990 1769 1124 1825 puro
1159 1771 1223 1810 ac
1246 1754 1477 1825 simplici
1507 1769 1625 1809 cor-

1734 587 1861 627 cere
1915 582 1970 627 et
2004 571 2465 643 superabundare.
2530 573 2596 627 Et
2645 574 2801 628 nobis
2849 575 3035 645 utique
3093 576 3160 631 de
3213 576 3321 631 illis

1738 675 1880 730 qua:
1908 661 2020 731 ipse
2049 661 2177 716 fecit
2204 662 2494 731 (quantum
2521 663 2737 732 quidem
2764 662 2828 717 ad
2867 663 3079 733 negotia
3117 673 3324 735 spectat

1731 768 1962 823 quorum
1988 754 2157 824 gratia
2195 753 2283 808 illa
2304 753 2473 822 fecit)
2503 755 2706 809 nullum
2738 754 2882 809 aliud
2910 770 3070 825 quam
3102 756 3315 812 illorum

1724 841 1988 910 judicium
2022 849 2107 897 est
2164 841 2248 897 vel
2294 841 2585 911 aliquando
2629 842 2752 897 fuit.
2794 842 2949 899 Unde
2997 852 3055 897 ut
3104 852 3318 898 tantum

1730 947 1870 989 onus
1923 932 2196 988 scribendi
2258 948 2677 998 assumeremus,
2712 933 2867 1003 quasi
2914 943 3101 990 nostro
3155 950 3319 1005 opere

1729 1041 1894 1096 opera
1920 1026 2037 1096 ejus
2069 1026 2416 1096 aliquatenus
2441 1024 2632 1080 fulcire
2654 1026 3095 1097 cogitaverimus,
3132 1042 3321 1082 amen-

1731 1120 1802 1173 tia
1834 1133 1957 1174 esse
1982 1118 2193 1173 videtur
2217 1117 2270 1172 in
2296 1127 2530 1173 mentem
2563 1116 2721 1171 alicui
2762 1117 2986 1183 cadere,
3016 1118 3318 1188 praesertim

1692 1207 1850 1267 ‘cum
1881 1221 2089 1278 nostra,
2143 1226 2265 1282 qua:
2295 1211 2402 1266 illis
2454 1212 2866 1277 continuantur,
2924 1227 3031 1266 non
3070 1213 3173 1267 nisi
3209 1211 3319 1282 per

1728 1302 1816 1358 illa
1846 1303 2012 1357 robur
2034 1303 2179 1358 unde
2216 1301 2519 1358 subsistant
2551 1301 2700 1357 salva
2736 1317 2917 1355 rerum
2952 1317 3090 1372 quas
3112 1303 3318 1358 descri-

1724 1394 1936 1463 psimus
1996 1395 2230 1449 veritate
2278 1393 2600 1449 sortiantur.
2645 1393 2897 1449 Attamen
2954 1394 3122 1464 (quod
3176 1409 3315 1465 pace

1726 1483 1967 1538 omnium
1997 1484 2201 1538 dictum
2253 1484 2360 1554 est)
2402 1498 2586 1553 quaeso
2636 1484 2941 1554 accipiatur
2990 1499 3097 1539 non
3126 1498 3319 1555 parum

1728 1574 1794 1627 ad
1840 1574 2315 1629 exterminandum
2376 1575 2691 1631 scandalum
2753 1577 2899 1645 quod
2945 1575 3317 1632 Eboracenses

1730 1678 1895 1733 super
1919 1664 2091 1733 ipsam
2139 1663 2442 1720 Ecclesiam
2472 1673 2759 1719 moverunt
2779 1673 2833 1719 et
2859 1666 3184 1720 confirmare
3210 1666 3317 1722 nisi

1726 1764 1876 1821 sunt,
1938 1764 1998 1809 ut
2048 1756 2115 1811 de
2155 1756 2277 1811 aliis
2339 1764 2572 1821 taceam,
2626 1756 2741 1826 ipsa
2795 1756 3026 1826 epistola
3084 1757 3310 1827 profuit,

24 1848 89 1902 de
143 1859 446 1916 properare
492 1846 847 1901 contendant.
905 1846 1084 1900 Exivit
1126 1846 1376 1917 Angliam
1427 1846 1618 1913 semel,
1655 1843 1885 1917 Bquam
1928 1847 2033 1916 piae
2091 1848 2485 1904 recordationis
2549 1848 2829 1903 Paschalis
2886 1864 3027 1920 papa
3082 1848 3318 1906 Girardo

23 1941 196 1993 exivit
247 1940 503 2005 secundo,
531 1936 613 1994 ad
648 1941 865 1994 modum
897 1938 1154 1994 videlicet
1185 1939 1440 2009 praecepti
1477 1940 1619 2009 quod

22 2031 345 2101 evangelica
400 2046 559 2087 servo
628 2046 729 2097 suo
790 2031 1053 2087 Dominus
1106 2030 1252 2086 fecit.
1306 2030 1360 2085 In
1426 2031 1623 2102 quibus

24 2124 274 2177 exitibus
304 2123 448 2193 quod
495 2124 764 2195 ingentem
800 2122 1200 2177 multitudinem
1252 2122 1619 2190 praedicando,

21 2214 393 2281 admonendo,
426 2215 743 2285 castigando
780 2229 953 2269 cinna:
998 2214 1288 2269 Dominicre
1332 2215 1399 2268 de
1428 2213 1618 2268 alieni-

22 2304 179 2371 genis
226 2304 611 2371 introduxerit,
666 2320 768 2360 nos
798 2306 888 2376 qui
928 2304 1141 2359 itineris
1173 2304 1290 2375 ejus
1329 2312 1383 2359 et
1418 2304 1619 2359 laboris

23 2394 265 2449 comites
326 2382 529 2450 fuimus
606 2396 751 2451 omni
822 2405 1031 2449 remoto
1087 2394 1341 2466 ambiguo
1394 2395 1617 2450 scimus.

23 2489 260 2541 Avertat
310 2487 478 2558 igitur
512 2489 858 2558 omnipotens
882 2489 1023 2542 Deus
1049 2488 1117 2542 ab
1144 2487 1249 2543 illis
1288 2488 1517 2553 vocatis,
1550 2489 1618 2543 ad

22 2594 158 2647 quos
224 2580 569 2636 adducendos
631 2583 805 2651 primo
880 2581 1080 2637 missus
1132 2588 1239 2646 est,
1295 2581 1621 2635 sententiam

20 2685 187 2737 quam
246 2670 388 2725 idem
442 2670 701 2727 Dominus
758 2672 980 2727 intulit:
1043 2671 1174 2725 Dico
1221 2671 1429 2725 scilicet
1476 2672 1619 2726 vobis

22 2759 159 2825 quod
201 2770 353 2812 nemo
379 2761 605 2813 virorum
657 2758 871 2814 illorum
908 2761 997 2831 qui
1038 2759 1205 2814 vocati
1243 2768 1364 2813 sunt
1389 2759 1620 2829 gustabit

21 2866 229 2903 cauam
255 2866 423 2903 meam
452 2850 601 2919 (Luc.
632 2868 743 2919 xiv,
772 2852 889 2922 24).

92 2938 196 2992 His
254 2940 329 2992 ita
382 2941 625 3009 digestis,
684 2958 928 3012 praesens
959 2942 1116 3011 opus,
1170 2941 1254 2995 cui
1297 2939 1512 3012 quidem
1560 2948 1621 2995 ut

23 3044 248 3099 operam
292 3030 501 3096 darem,
555 3035 765 3089 sincera
812 3035 1030 3090 dilectio
1080 3050 1239 3105 quam
1273 3049 1398 3106 erga
1446 3035 1618 3088 beatre

24 3121 309 3175 memoriae
367 3122 581 3177 Patrem
622 3125 952 3180 Anselmum
1004 3141 1239 3197 superna
1278 3128 1449 3197 pietas
1480 3125 1615 3180 mihi

1724 1940 1963 2010 pontiﬁci
2006 1940 2332 1996 Eboracensi
2362 1941 2430 1996 de
2471 1940 2812 2009 professione
2859 1956 3024 2011 quam
3053 1941 3314 2011 episcopo

1722 2032 2105 2089 (lantuariensi
2157 2032 2338 2088 facere
2380 2032 2611 2087 debebat
2658 2048 2757 2103 pro
2790 2032 3050 2089 Anselmo
3083 2033 3309 2089 direxit.

1724 2122 2007 2193 Siquidem
2058 2123 2249 2179 eadem
2298 2123 2524 2194 epistola
2581 2122 2888 2179 Cantuariae
2942 2139 3067 2178 cum
3137 2123 3316 2193 sigillo

1722 2230 1873 2285 papa:
1904 2217 2185 2280 remansit,
2227 2231 2389 2285 quam
2431 2215 2715 2279 Girardus,
2756 2224 2815 2269 ut
2852 2214 2935 2268 vir
2963 2215 3015 2269 in
3048 2214 3311 2271 ecclesia-

1721 2309 1875 2366 sticis
1909 2310 2217 2378 disciplinis
2266 2310 2549 2371 educatus,
2592 2308 2734 2362 illius
2784 2307 3125 2361 auctoritatis
3174 2321 3311 2376 prm-

1722 2409 1879 2469 cepto
1908 2415 2014 2455 non
2050 2415 2237 2469 egens,
2266 2399 2461 2456 factam
2493 2399 2545 2454 in
2569 2400 2883 2469 episcopatu
2908 2397 3310 2467 professionem

1720 2488 1975 2545 Anselmo
2005 2489 2168 2561 (sicut
2205 2489 2413 2545 mentio
2448 2488 2571 2544 inde
2622 2488 2874 2557 superius
2907 2487 3089 2542 habita
3130 2486 3314 2541 decla-

1720 2582 1891 2653 ravit)
1940 2582 2259 2651 interposita
2325 2582 2430 2635 fide
2493 2595 2613 2645 sua,
2684 2580 3015 2634 ﬁrmaverat.
3072 2578 3310 2633 Tcxtum

1721 2683 1901 2729 autem
1928 2673 2096 2743 ipsius
2129 2671 2373 2741 epistolae
2400 2673 2511 2737 hic,
2543 2681 2602 2725 ut
2622 2670 2875 2725 omnibus
2900 2671 2991 2740 qui
3025 2670 3207 2738 legere
3225 2670 3311 2723 vel

1721 2764 1911 2819 audire
1950 2765 2053 2819 ista
2106 2764 2419 2833 dignantur,
2480 2763 2806 2825 innotescat,
2878 2761 3308 2824 subscribemus,

1720 2865 1774 2913 et
1799 2871 1922 2910 eum
1958 2855 2010 2909 in
2037 2854 2247 2909 laudem
2284 2853 2444 2909 nobis
2479 2853 2575 2908 Dei
2625 2851 2913 2907 terminum
2942 2850 3103 2920 hujus
3129 2850 3313 2921 operis

1719 2949 2134 3005 constituemus.
2336 2990 2339 2991 ν
3183 2961 3189 2969 .
3244 2960 3247 2963 μ

1795 3058 1816 3091 ι
1837 3038 2120 3095 Paschalis
2145 3038 2450 3109 cpiscopus,
2481 3052 2669 3092 servus
2692 3048 2972 3090 servorum
2997 3033 3113 3097 Dei,
3147 3047 3311 3087 vene-

1722 3131 1876 3186 rabili
1910 3130 2064 3185 fratri
2103 3128 2356 3192 Girardo,
2398 3127 2731 3182 Eboracensi
2774 3125 3051 3195 episcopo,
3075 3122 3308 3179 salutent

26 3212 253 3282 indigno
282 3217 552 3271 concessit
580 3216 803 3283 habere,
834 3219 1070 3272 maxima
1110 3220 1250 3274 inter
1271 3219 1407 3274 alias
1445 3233 1608 3273 causa
1643 3201 1687 3261 Ο
1718 3231 1774 3277 et
1800 3220 2153 3292 apostolicam
2182 3220 2640 3275 benedictionem.

23 3302 141 3365 fuit,
181 3303 276 3359 flni
307 3307 575 3361 addicam.
629 3306 789 3363 Prius
816 3316 1019 3374 tamen,
1052 3319 1107 3363 et
1156 3310 1225 3364 ab
1255 3310 1320 3364 iis
1358 3309 1449 3380 qui
1496 3324 1612 3363 mo-

24 3396 88 3449 do
107 3407 270 3463 sunt,
301 3408 355 3452 et
384 3399 452 3452 ab
480 3399 560 3454 eis
595 3400 686 3470 qui
709 3411 828 3471 post
854 3416 954 3456 nos
979 3401 1072 3455 filii
1102 3402 1354 3457 Ecclesiae
1374 3401 1612 3457 Cantua-

24 3486 247 3552 riensis,
293 3488 346 3542 id
386 3498 467 3544 est
495 3490 923 3547 Dorobernensis
964 3492 1099 3560 (Deo
1140 3493 1400 3561 donante)
1442 3491 1612 3547 futuri

23 3585 164 3639 sunt,
218 3578 409 3645 paucis
444 3581 668 3648 petitum
718 3580 783 3634 iri
828 3595 1134 3651 precamur,
1189 3597 1258 3637 ne
1312 3583 1486 3648 nobis,
1519 3582 1611 3652 qui

21 3667 121 3720 ista
186 3668 528 3737 scripsimus,
556 3672 710 3739 quasi
745 3672 797 3726 in
850 3672 985 3727 nihil
1032 3673 1482 3741 laboraverimus,
1508 3674 1611 3743 ipsi

24 3746 408 3822 succenseant,
456 3757 763 3825 iudicantes
818 3759 1066 3817 fortassis
1103 3763 1245 3831 apud
1294 3778 1353 3819 se
1387 3778 1450 3817 ea
1495 3778 1617 3833 qua:

23 3847 323 3914 gloriosum
376 3858 435 3903 et
479 3852 825 3919 magnificum
856 3853 1076 3910 Patrem
1119 3854 1480 3911 Lanfrancum
1517 3869 1617 3911 suo

27 3949 275 4010 tempore
325 3950 539 3999 constat
587 3943 804 4013 fecisse,
858 3948 924 4001 ad
977 3948 1230 4003 tuendam
1283 3963 1612 4004 conservan-

32 4102 694 4129 ———-—————

1796 3332 1813 3364 ι
1849 3312 2167 3383 Quanquam
2217 3325 2384 3382 prave
2431 3310 2693 3365 adversus
2729 3320 2850 3374 nos,
2880 3315 2985 3361 etc.
3014 3324 3031 3358 ι
3076 3296 3209 3359 Vi'de
3252 3304 3309 3357 in

1722 3404 1998 3459 Paschali.

1792 3495 1928 3549 Hinc
1950 3495 2117 3564 igitur
2140 3503 2193 3547 et
2219 3492 2271 3547 in
2304 3492 2452 3548 omni
2485 3505 2648 3560 opere
2676 3504 2775 3543 suo
2802 3487 3051 3541 laudetur
3080 3485 3217 3554 ipse,
3250 3494 3307 3539 et

1719 3585 2094 3649 benedicatur,
2125 3584 2217 3652 qui
2252 3582 2391 3637 idem
2430 3582 2481 3636 in
2512 3595 2575 3635 se
2599 3594 2822 3634 manens
2851 3577 3077 3633 innovat
3097 3576 3302 3640 omnia,

1722 3673 1975 3728 transfert
2007 3688 2191 3744 regna,
2245 3680 2300 3726 et
2332 3686 2490 3741 quem
2517 3670 2629 3724 vult
2672 3684 2835 3738 super
2874 3667 2962 3723 illa
2991 3666 3297 3728 constituit,

1719 3765 1907 3820 vivens
1928 3773 1982 3820 et
2014 3778 2249 3833 regnans
2286 3771 2414 3816 ante
2440 3769 2496 3815 et
2528 3760 2667 3815 ultra
2688 3758 2874 3815 omnia
2905 3757 3105 3814 saecula
3139 3757 3303 3811 Deus.

1717 3856 1913 3913 Amen.

1068 4261 1482 4375 LIBER
1567 4257 2248 4395 QUINTUS.

1278 4478 1360 4538 Et
1392 4476 1509 4538 huc
1544 4495 1621 4538 ex
1651 4475 2019 4539 aoundantt'.

1508 4650 1794 4664 .—————.

87 4799 384 4857 Terminus
428 4794 607 4868 quarti
653 4795 775 4852 libri
817 4793 1087 4861 Historiae,
1116 4792 1200 4851 cui
1243 4791 1515 4850 Novorum
1557 4792 1610 4848 in
1640 4784 1690 4846 D
1718 4812 1879 4869 quam
1913 4805 2040 4853 tunc
2074 4796 2193 4852 fuit.
2226 4795 2422 4853 Verum
2463 4797 2603 4855 inter
2633 4797 2776 4865 haec,
2803 4813 2868 4854 ex
2899 4795 2982 4852 his
3018 4812 3135 4867 quae
3163 4795 3299 4877 scer

20 4894 217 4967 Anglia
257 4902 443 4949 notam
472 4891 787 4959 indidimus,
817 4891 977 4962 plane
1008 4889 1211 4945 indicat
1246 4902 1343 4943 nos
1374 4887 1443 4942 ibi
1478 4885 1619 4953 deli-g

21 4984 246 5039 berasse
272 4982 438 5037 totius
460 4981 639 5052 operis
661 4990 856 5037 metam
885 4995 1107 5051 ponere,
1144 4978 1252 5033 imo
1287 4977 1460 5032 modis
1496 4991 1614 5030 om-

18 5073 178 5128 nibus
207 5071 476 5145 posuisse.
503 5070 788 5127 Translata
804 5071 1004 5126 etenim
1025 5084 1091 5125 eo
1110 5069 1176 5124 de
1199 5070 1301 5123 hac
1323 5068 1430 5123 vita
1458 5066 1612 5135 tujus

18 5181 173 5220 amor
212 5166 387 5235 ipsius
433 5164 683 5218 Historiae
729 5163 1097 5218 describenda:
1137 5176 1298 5217 causa
1338 5160 1607 5230 praecipua

18 5256 143 5323 fuit,
165 5256 427 5311 videlicet
455 5256 674 5311 domino
696 5264 749 5310 et
766 5255 1154 5326 gloriosissimo
1173 5252 1333 5308 Patre
1354 5252 1607 5307 Anselmo

18 5347 315 5417 Anglorum
347 5361 562 5403 summo
600 5344 890 5415 pontifice,
930 5354 1082 5400 ratus
1119 5359 1261 5410 sum,
1308 5343 1421 5398 visa
1453 5358 1606 5398 mora

20 5434 295 5503 pontificis
331 5435 729 5501 substituendi,
762 5450 868 5501 me,
912 5435 955 5489 si
990 5435 1131 5489 ultra
1167 5432 1515 5503 procederem
1550 5432 1605 5488 in

19 5526 326 5601 scribendo,
360 5533 455 5579 aut
498 5524 680 5579 inania
707 5523 847 5580 forte
873 5524 1233 5596 scripturum,
1267 5531 1360 5578 aut
1398 5522 1450 5577 in
1497 5522 1607 5595 pri-

19 5628 143 5671 rato
169 5626 581 5673 conversantem
616 5632 723 5672 non
764 5616 961 5683 multa,
995 5631 1113 5687 qua:
1149 5615 1432 5671 scribenda
1464 5614 1603 5669 ratio

19 5718 318 5777 expeteret,
358 5710 594 5781 pleniter
629 5708 976 5781 agniturum,
1014 5709 1177 5764 tacita
1216 5702 1619 5763 incertitudine'

20 5802 146 5854 vitae
182 5818 310 5859 meae
354 5815 476 5873 quae
516 5817 657 5858 nunc
686 5801 900 5873 quidem
948 5801 1079 5857 mihi
1125 5815 1232 5859 non
1287 5799 1488 5858 certior
1517 5807 1601 5857 est

1710 4902 1922 4957 pseram
1953 4896 2103 4942 certo
2133 4886 2473 4956 comperiens
2501 4902 2585 4942 me
2614 4886 2905 4942 multorum
2941 4884 3202 4941 voluntati
3234 4902 3295 4942 ac

1710 4976 1986 5032 dilectioni
2035 4990 2241 5030 morem
2294 4976 2562 5046 gessisse,
2611 4975 2812 5046 placuit
2865 4975 3059 5030 seriem
3114 4990 3294 5029 rerum

1711 5068 2066 5124 describenda
2086 5067 2188 5121 illis
2208 5076 2514 5129 anneetere,
2531 5065 2683 5134 juxta
2708 5066 2847 5136 quod
2874 5066 3034 5129 Deus,
3054 5064 3294 5120 omnium

1712 5159 1857 5226 finis,
1884 5158 2194 5230 dignabitur
2217 5158 2500 5230 inSpirare.
2525 5158 2603 5211 Eo
2628 5155 2891 5226 siquidem
2922 5166 3167 5228 respectu
3188 5171 3299 5227 quo

1710 5251 1799 5307 illa
1846 5250 2091 5321 pluribus
2128 5260 2351 5319 accepta
2386 5265 2505 5305 esse
2540 5247 2865 5317 deprehendi
2910 5248 3193 5320 sperabam
3239 5258 3293 5303 et

1710 5342 1815 5398 ista
1835 5341 1988 5398 oneri
2012 5356 2118 5396 non
2142 5340 2399 5397 aﬂ'utura.
2421 5339 2579 5395 Prius
2603 5349 2782 5395 tamen
2807 5355 2969 5410 quant
2993 5339 3079 5395 illa
3104 5326 3297 5412 aggreJ

1708 5431 1844 5498 diar,
1885 5431 2203 5502 quibusdam
2233 5431 2324 5501 qui
2359 5429 2534 5486 adhuc
2583 5430 2808 5502 praefato
2850 5432 3115 5502 pontifici,
3163 5446 3299 5507 vere)

1715 5532 1926 5589 sancto,
1957 5523 2245 5580 detrahere
2268 5537 2374 5577 non
2397 5532 2671 5587 verentur,
2698 5539 2762 5579 eo
2785 5523 2993 5580 scilicet
3021 5523 3163 5593 quod
3192 5536 3290 5578 nec

1707 5614 2072 5681 saecularium,
2100 5629 2201 5670 nec
2235 5612 2721 5669 ecclesiasticarum
2759 5630 2940 5670 rerum
2968 5612 3292 5669 exstructio-

1708 5706 1868 5761 nibus
1899 5706 2012 5775 ipse
2043 5705 2125 5775 (ut
2145 5704 2352 5773 dicunt)
2384 5704 2437 5759 in
2469 5721 2564 5761 sua
2597 5722 2757 5761 manu
2778 5706 2958 5762 omnia
2996 5714 3184 5761 tenens
3212 5705 3285 5757 ita

1709 5797 1948 5857 studium
1965 5796 2309 5870 impenderit,
2323 5797 2461 5855 sicut
2476 5808 2787 5857 antecessor
2806 5798 2947 5857 illius
2968 5793 3287 5854 veneranda:
