3890 6306
551 340 657 399 ιετ

1541 332 1847 395 ΕΑῡΜΕΒΙ
1887 332 2441 401 CANTUARIENSIS
2481 337 2786 396 MONACIII

3720 347 3810 402 ω

546 450 831 512 memoria
848 447 1009 508 Pater
1029 445 1367 507 Lanfraneus
1387 462 1485 506 suo
1510 458 1752 522 tempore
1772 448 1925 515 fecit,
1950 449 2134 520 paucis
2160 451 2211 513 Α
2237 452 2489 507 monachi
2524 467 2623 523 per
2650 454 2853 509 bonum
2879 453 3195 510 Anselmum
3222 456 3378 527 potiti
3411 468 3563 527 sunt,
3597 459 3806 519 multum

553 548 839 603 rationem.
877 542 1164 600 ostendere
1220 543 1274 598 in
1330 552 1565 599 mentem
1624 544 1812 605 venit,
1864 553 2132 612 quatenus

552 640 797 710 inspecta
824 638 1023 707 negotii
1063 636 1358 706 qualitate,
1386 652 1453 691 cx
1492 636 1606 707 ipsa
1646 637 1873 691 veritate
1899 650 2130 706 perpen-

550 729 680 784 dant
717 744 784 783 an
814 727 1007 782 amodo
1035 727 1106 781 sit
1139 726 1220 782 eis
1253 726 1518 782 silendum
1555 740 1715 796 super
1736 726 1859 790 hoc,
1895 741 1961 778 an
1998 740 2127 780 non.

626 818 820 887 Utique
855 832 977 872 cum
1020 818 1163 873 idem
1207 818 1493 873 Auselmus
1538 818 1713 887 primo
1759 816 2128 886 pontificatum

545 910 997 965 Cantuaricnsem
1036 924 1223 980 regere
1254 912 1601 979 suscepisset,
1640 909 1710 962 ita
1735 923 1923 962 omnes
1958 917 2130 962 terras

544 1001 613 1053 ad
656 1000 833 1069 ipsum
875 1002 1136 1056 honorem
1172 1003 1510 1071 pertinentes
1547 1008 1783 1057 vastatas
1816 1000 2037 1065 invenit,
2074 1010 2131 1054 et

542 1108 734 1147 omnes
763 1093 1008 1148 redditus
1036 1108 1065 1146 a
1100 1092 1409 1147 Willhelmo
1441 1092 1552 1147 ﬁlio
1578 1091 1798 1161 majoris
1826 1090 2125 1146 Willbelmi

546 1187 691 1257 regis
739 1188 1010 1255 direptos,
1062 1196 1123 1241 ut
1161 1187 1302 1242 unde
1344 1188 1665 1241 subsisteret
1712 1186 1861 1256 (nota
1913 1186 2125 1256 loquor)

545 1293 652 1331 non
684 1279 932 1333 haberet.
964 1278 1322 1345 Quamobrem
1349 1276 1629 1333 fraudatus
1659 1277 1974 1344 redditibus,
2004 1279 2125 1347 qui-

545 1368 648 1422 bus
684 1385 713 1423 a
753 1370 891 1424 festo
927 1371 1099 1425 sancti
1146 1369 1424 1424 Michaelis
1458 1368 1608 1439 (nam
1662 1369 1821 1441 paulo
1861 1380 1988 1425 ante
2026 1371 2127 1427 hoc

547 1460 744 1516 festum
793 1462 1144 1516 Cantuariam
1185 1462 1432 1531 venerat)
1470 1476 1641 1530 usque
1691 1460 1743 1514 in
1780 1460 2125 1517 Nativitatem

543 1553 757 1607 Domini
809 1555 991 1609 vivere
1034 1554 1236 1620 debuit,
1268 1569 1478 1608 summa
1519 1556 1843 1611 necessitate
1881 1565 2121 1622 coactus,

542 1646 610 1699 de
645 1646 709 1701 iis
741 1647 935 1717 quibus
980 1648 1047 1701 ab
1084 1646 1193 1715 ipsa
1235 1646 1578 1701 solemnitate
1616 1662 1788 1717 usque
1825 1650 1876 1702 in
1918 1648 2123 1703 Pascha

541 1737 782 1790 victurus
803 1746 940 1802 erat,
964 1736 1164 1791 victum
1189 1736 1290 1792 sibi
1316 1736 1613 1791 ministrari
1643 1738 1896 1794 faciebat.
1924 1739 2123 1809 Sicque

540 1830 981 1908 subsequentium
1029 1831 1381 1883 terminorum
1419 1829 1679 1896 redditus,
1724 1830 1776 1884 in
1819 1832 2127 1901 prmeeden-
2157 1801 2200 1859 Β

541 1920 686 1975 tibus
714 1922 961 1977 terminis
990 1922 1251 1992 paulatim
1290 1928 1344 1973 et
1378 1920 1614 1975 discreto
1643 1923 2013 1979 moderamine
2037 1939 2128 1979 su-

539 2026 715 2077 mens,
763 2013 851 2067 vix
898 2014 1063 2067 tertio
1104 2013 1195 2068 sui
1230 2013 1482 2069 introitus
1526 2031 1697 2080 anno,
1730 2016 1796 2069 ad
1845 2025 2044 2070 statum
2095 2031 2125 2070 a

538 2103 1032 2172 praedecessoribus
1087 2107 1200 2161 suis
1253 2116 1515 2162 statutum
1581 2110 1633 2162 in
1685 2109 1769 2163 bis
1822 2108 2128 2178 pertingere

539 2196 737 2262 potuit.
764 2195 902 2262 Quid
936 2208 1115 2252 autem
1151 2201 1523 2269 angustiarum
1541 2240 1555 2265 ,
1585 2211 1788 2269 przeter
1816 2200 1916 2254 has
1943 2216 1973 2254 a
1998 2214 2127 2270 rege

539 2285 853 2342 Willbehno
880 2298 933 2344 et
954 2290 1069 2345 suis
1096 2307 1285 2361 passus
1320 2293 1391 2346 sit
1416 2306 1515 2362 per
1551 2292 1670 2347 illos
1697 2301 1804 2347 tres
1832 2301 1886 2347 et
1911 2302 2122 2362 quarto,

539 2378 629 2446 qui
659 2378 979 2435 subsecutus
1003 2391 1105 2446 est,
1137 2396 1298 2447 anno,
1331 2383 1382 2437 in
1413 2384 1588 2455 primo
1610 2393 1665 2438 et
1691 2384 1929 2439 secundo
1951 2385 2128 2439 nomi-

539 2478 679 2523 natrc
717 2468 965 2525 Historiae
1004 2472 1172 2539 libro,
1209 2482 1395 2543 utpote
1421 2474 1511 2542 qui
1552 2475 1634 2529 eis
1673 2473 1959 2540 all'uimus,
1988 2489 2125 2529 non-

542 2560 704 2615 nullis
731 2561 1075 2631 digessimus.
1109 2546 1189 2621 1ιῆ
1223 2564 1387 2633 igitur
1416 2565 1468 2619 in
1500 2566 1848 2620 tribulatione
1875 2575 1930 2620 et
1956 2566 2123 2620 atroci

540 2652 915 2718 persecutione
944 2662 1177 2723 quatuor
1206 2655 1364 2709 annis
1397 2654 1448 2708 in
1478 2655 1669 2725 Anglia
1696 2654 1915 2726 degens,
1939 2654 2127 2725 quinto

539 2740 724 2809 pulsus
746 2742 813 2795 ab
852 2744 1038 2798 eodem
1072 2758 1196 2816 rege
1225 2755 1324 2808 est,
1359 2754 1413 2800 et
1450 2754 1593 2800 totus
1630 2746 2126 2816 archiepiscopatus

538 2832 778 2894 invasus,
814 2846 876 2887 ac
898 2848 995 2903 per
1025 2843 1134 2889 tres
1165 2837 1450 2891 continuos
1482 2851 1678 2901 annos,
1705 2835 1810 2891 hoc
1844 2844 1927 2891 est
1952 2836 2127 2891 donec

539 2936 633 2974 rex
662 2920 801 2975 idem
827 2923 1022 2994 sagitta
1048 2924 1270 2989 interiit,
1296 2940 1468 2995 usque
1490 2925 1543 2979 in
1573 2925 1917 2989 immensum,
1943 2936 2127 2981 vasta-

540 3023 648 3066 tus.
677 3013 967 3069 Amisimus
990 3031 1118 3069 vero
1142 3016 1282 3070 inter
1303 3017 1419 3071 haec
1443 3016 1613 3088 patria
1636 3016 1966 3085 eliminatus,
1992 3017 2121 3073 dum

2232 559 2330 614 per
2358 559 2573 602 omnem
2604 548 2820 602 modum
2853 546 3088 601 Ecclesia
3116 558 3272 601 aucta
3302 559 3411 614 est,
3438 550 3495 604 in
3528 564 3807 621 recupera-

2234 633 2379 689 tione
2424 635 2674 691 videlicet
2714 636 3071 707 plurimarum
3104 646 3405 702 terrarum,
3437 656 3581 709 quas
3605 642 3803 711 quidam

2231 724 2353 779 laici
2398 733 2645 782 tenentes
2688 728 2743 782 in
2792 729 3163 784 luereditatem
3210 730 3311 785 sibi
3357 732 3727 798 vindicabant,
3759 736 3802 790 in

2230 816 2459 872 diversis
2478 820 2833 885 ornamentis,
2875 820 3042 889 inque
3071 821 3216 875 omni
3248 822 3446 879 decore
3471 824 3671 880 domus
3700 826 3801 893 Dei,

2232 906 2394 962 itaut
2418 924 2586 978 pauca
2614 920 2671 964 et
2698 911 2949 967 indecora
2983 913 3099 966 visa
3137 911 3340 970 fuerint
3369 915 3638 971 Ecclesia:
3658 934 3800 974 orsa-

2230 1009 2431 1065 mcnta,
2472 1004 2875 1071 comparatione
2914 1004 3127 1059 decoris
3164 1014 3219 1058 et
3264 1006 3637 1062 multitudinis
3681 1008 3801 1066 illius

2230 1104 2350 1157 quae
2376 1093 2426 1143 in
2460 1092 2545 1146 his
2573 1092 2763 1147 diebus
2799 1093 3054 1162 perducta
3090 1104 3236 1149 sunt.
3271 1095 3448 1164 Super
3472 1097 3613 1161 tunc,
3646 1099 3795 1167 ipsum

2229 1183 2549 1248 oratorium,
2576 1191 2834 1252 quantum
2863 1199 2893 1237 a
2923 1183 3129 1253 majore
3162 1188 3296 1240 turri
3322 1188 3373 1240 in
3400 1188 3674 1243 orientem
3695 1206 3798 1259 por-

2227 1283 2433 1329 rectum
2470 1285 2571 1340 est,
2609 1276 2723 1345 ipso
2762 1274 2921 1331 Patre
2955 1277 3216 1333 Anselmo
3253 1279 3600 1348 providente,
3639 1281 3791 1351 ἀίει»

2228 1376 2392 1421 nente
2417 1377 2633 1423 auctum
2676 1376 2778 1424 est.
2824 1368 2891 1423 Et
2931 1368 3046 1423 hinc
3080 1369 3299 1438 quidem
3330 1372 3518 1424 omnia
3566 1374 3631 1427 de
3658 1376 3799 1429 rebus

2227 1456 2471 1511 ecclesiae
2501 1468 2622 1512 acta
2649 1467 2794 1523 sunt,
2824 1458 2963 1514 sicut
2990 1468 3045 1513 et
3071 1460 3236 1514 multa
3274 1476 3392 1531 qua:
3431 1479 3533 1531 per
3558 1464 3798 1519 homo-

2226 1562 2347 1603 cum
2377 1547 2522 1603 facta
2561 1547 2800 1615 fuerunt,
2832 1551 3092 1607 Anselmo
3119 1553 3186 1608 de
3213 1555 3328 1608 suis
3355 1566 3560 1623 praeter
3586 1558 3671 1611 illa
3701 1560 3799 1627 piu-

2227 1638 2418 1693 rimam
2456 1642 2696 1710 pecunire
2723 1643 3085 1711 quantitatem
3134 1644 3187 1697 in
3230 1657 3586 1715 augmentum
3626 1648 3798 1702 donius

2230 1729 2322 1785 Dei
2364 1731 2694 1787 conferente.
2736 1733 2815 1789 Ex
2866 1734 2951 1789 his
2994 1749 3124 1790 vero
3158 1751 3280 1806 qua:
3330 1737 3383 1791 in
3432 1739 3677 1793 dominio
3716 1756 3798 1794 suo

2229 1822 2561 1890 possidebat,
2589 1832 2645 1878 et
2671 1822 2957 1880 oll‘erendaa
2996 1826 3217 1897 majoris
3246 1827 3437 1882 altaris
3468 1832 3797 1885 medietatem

2230 1914 2248 1983 (
2287 1913 2413 1967 liam
2458 1917 2804 1972 medietatem
2848 1918 2994 1972 enim
3035 1918 3195 1973 Pater
3237 1919 3582 1976 Laufraocus
3616 1935 3798 1976 contu-

2232 2006 2473 2078 lerat)<et
2499 2009 2759 2078 quasdam
2799 2018 2972 2065 terras
2998 2010 3065 2067 ad
3095 2011 3393 2066 subsidium
3424 2015 3797 2069 monachorum

2228 2098 2507 2167 antiquius
2534 2100 2887 2169 pertinentes,
2921 2111 3047 2157 tunc
3071 2114 3248 2157 autem
3278 2104 3333 2158 in
3373 2105 3513 2159 alios
3534 2120 3668 2160 usus
3692 2108 3795 2161 dis-

2229 2198 2449 2255 tractas,
2484 2199 2540 2245 et
2574 2190 2735 2260 pallia
2757 2192 2911 2247 valde
2938 2194 3078 2247 bona
3125 2195 3549 2265 quamplurima,
3590 2213 3657 2251 ac
3680 2214 3799 2251 aon-

2227 2280 2370 2335 nulla
2414 2282 2520 2338 alia
2542 2283 2726 2338 decori
2748 2285 2938 2340 domus
2962 2286 3055 2341 Dei
3083 2289 3465 2356 competentia.
3486 2287 3597 2358 juri
3625 2290 3800 2344 Eccle-

2226 2373 2320 2427 sia:
2335 2382 2594 2444 perpetuo
2613 2375 2933 2445 possidenda
2958 2377 3245 2430 concessit.
3269 2377 3351 2430 Ad
3371 2378 3507 2440 haec,
3529 2388 3798 2448 postquam

2226 2463 2293 2517 de
2326 2463 2566 2518 secundo
2598 2464 2787 2519 exsilio
2836 2473 3117 2520 revocatus
3154 2476 3275 2529 est,
3317 2476 3375 2521 nt
3404 2470 3641 2537 quadam
3681 2484 3801 2539 pare

2228 2552 2455 2621 potitus,
2486 2552 2635 2608 dedit
2675 2554 2727 2608 in
2758 2568 2921 2624 opera
2965 2554 3221 2610 Ecclesiae
3252 2557 3535 2620 denarios.
3572 2560 3668 2627 qui
3700 2560 3801 2612 sis—

2229 2643 2367 2714 gulis
2394 2644 2552 2699 anuis
2572 2646 2640 2699 de
2662 2646 3008 2714 parochianis
3034 2646 3291 2702 Ecclesiis
3320 2647 3372 2701 in
3404 2645 3611 2703 Pascha
3650 2649 3799 2703 matri

2230 2733 2486 2789 Ecclesiae
2502 2735 2661 2801 pendi
2676 2734 2872 2791 solent.
2888 2734 3120 2805 Equins
3138 2735 3280 2793 enim
3302 2751 3424 2791 esse
3437 2736 3801 2804 judicaviteos

2229 2825 2298 2881 ab
2324 2826 2565 2882 Ecclesia
2592 2829 2675 2881 cui
2708 2843 2805 2898 pro
2829 2827 2983 2898 signo
3012 2827 3205 2884 debitas
3237 2828 3593 2897 subjectionis
3628 2830 3801 2884 confe-

2228 2926 2424 2972 runtur
2470 2917 2729 2987 possideri
2773 2932 2934 2989 quam
2978 2933 3007 2973 a
3054 2918 3296 2974 smculari
3333 2928 3627 2988 potestate,
3657 2920 3799 2988 quasi

2225 3022 2374 3072 suos,
2398 3006 2632 3062 obcunte
2652 3008 2924 3079 episcopo,
2952 3008 3177 3074 auferri,
3198 3023 3263 3064 co
3284 3010 3424 3079 quod
3448 3010 3565 3065 illos
3588 3024 3801 3080 quoqoe

538 3102 680 3156 unde
706 3117 763 3157 se
794 3118 1027 3173 suosque
1066 3115 1381 3174 procuraret
1408 3105 1473 3161 de
1510 3106 1622 3161 suis
1653 3106 1722 3161 ab
1757 3106 1948 3178 Anglia
1989 3107 2121 3162 nihil

2228 3096 2531 3167 pontifices,
2545 3112 2643 3167 pro
2659 3113 2757 3153 suo
2773 3096 2969 3162 ollieio,
2992 3098 3241 3164 antehae,
3262 3097 3370 3166 juri
3394 3098 3618 3168 proprio
3632 3098 3801 3153 vindi-

539 3192 741 3245 habere
777 3202 1105 3257 mereretur,
1134 3195 1202 3248 ab
1232 3196 1470 3250 externis
1508 3196 1812 3251 necessaria
1846 3207 2120 3253 mutuatus

539 3287 644 3343 est,
676 3280 863 3335 nolens
894 3282 1108 3349 quidem
1137 3285 1319 3353 gravis
1344 3300 1463 3341 esse
1487 3286 1572 3341 his
1597 3285 1741 3341 inter
1769 3302 1906 3357 quos
1938 3303 2118 3341 mora-

540 3368 719 3430 batur,
742 3384 840 3424 nec
859 3371 1027 3440 gratis
1049 3371 1294 3443 accipere
1317 3373 1500 3428 omnia
1529 3390 1651 3445 qua:
1686 3375 1789 3429 sibi
1819 3375 2121 3435 offereban-

543 3468 652 3513 tur.
684 3459 884 3516 Deinde
915 3471 1197 3520 revocatus
1224 3479 1253 3517 a
1284 3479 1409 3535 rege
1438 3463 1671 3520 lleurieo
1695 3465 1786 3535 qui
1810 3468 1862 3522 in
1892 3482 2118 3536 regnum

547 3549 707 3603 fratri
735 3561 1093 3618 successerat,
1129 3563 1183 3608 et
1213 3568 1300 3608 res
1320 3568 1449 3607 suas
1479 3553 1533 3608 in
1566 3568 1871 3625 supremam
1898 3571 2120 3626 pauper-

547 3648 713 3694 tatem
734 3642 981 3698 redactas
1004 3642 1226 3713 reperit,
1241 3650 1593 3697 etexactores
1611 3642 1962 3712 pecuniarum
1984 3659 2121 3712 quas

544 3740 734 3788 mutuo
776 3745 1088 3804 acceperat,
1121 3735 1189 3790 de
1228 3744 1532 3791 transtnare
1574 3735 1811 3803 quotidie
1843 3735 2122 3791 venientes

543 3839 744 3880 vacuos
795 3841 825 3879 a
864 3841 925 3880 se
968 3826 1266 3890 dimittere,
1305 3825 1644 3879 considerata
1692 3826 1976 3895 aequitate,
2019 3825 2119 3881 ho-

545 3923 756 3967 nestum
788 3929 907 3969 esse
930 3931 1034 3970 non
1054 3914 1353 3983 judicabat.
1382 3915 1437 3969 Si
1469 3914 1521 3969 in
1549 3914 1665 3970 istis
1693 3916 2118 3985 angustiabatur,

542 4004 670 4057 nulli
700 4006 1029 4061 mirandum.
1052 4006 1377 4077 Supcrhaec,
1403 4020 1505 4075 pax
1535 4006 1674 4061 inter
1697 4006 1842 4060 illum
1862 4016 1915 4061 et
1940 4022 2118 4076 regem

541 4080 747 4148 diutina
795 4095 1045 4151 ﬁrmitate
1091 4112 1194 4151 non
1225 4096 1456 4152 duravit.
1489 4096 1724 4151 Vexatns
1763 4098 1945 4166 itaque
1971 4098 2121 4168 gravi

543 4184 704 4237 modo
748 4200 844 4254 per
887 4186 1160 4241 biennium
1205 4197 1318 4252 est,
1363 4202 1427 4242 ac
1472 4189 1685 4242 demum
1724 4196 1878 4241 extra
1921 4198 2119 4243 terram

540 4273 695 4327 exire
725 4274 996 4329 seductus.
1035 4276 1247 4342 Exivit,
1285 4292 1413 4340 nec,
1446 4277 1544 4331 nisi
1591 4286 1783 4345 quarto
1825 4277 1907 4331 sui
1945 4277 2122 4334 exitus

544 4376 689 4416 anno
717 4377 852 4433 pene
878 4376 1117 4433 peracto,
1148 4367 1326 4421 redire
1358 4370 1522 4436 (sicut
1547 4369 1949 4439 descripsimus)
1981 4370 2121 4438 potis

2225 3189 2442 3242 cabant.
2476 3188 2584 3244 Nec
2598 3204 2662 3245 eo
2688 3189 2944 3245 defuncto
2963 3190 3126 3245 aliter
3151 3204 3215 3243 ac
3236 3190 3349 3258 ipse
3376 3189 3800 3259 disposuerant:

2222 3278 2308 3333 his
2343 3293 2373 3332 a
2398 3292 2525 3349 rege
2554 3289 2734 3334 actum
2760 3288 2865 3346 est,
2894 3280 2988 3334 sed
3020 3279 3073 3333 in
3099 3295 3163 3334 eo
3189 3288 3333 3334 statu
3357 3293 3466 3347 quo
3500 3278 3801 3334 Ecclesiae:

2220 3368 2387 3424 Pater
2413 3369 2526 3439 ipse
2554 3369 2795 3424 moriens
2827 3368 3064 3438 reliquit,
3090 3376 3203 3423 toto
3231 3368 3487 3436 temporis
3502 3367 3801 3437 spatioque

2222 3470 2437 3530 pastore
2449 3460 2690 3524 carebat,
2707 3458 2823 3527 ejus
2841 3459 3086 3515 instituta
3107 3467 3313 3514 mutare
3331 3457 3535 3513 consilii
3550 3472 3698 3514 esse
3709 3474 3799 3513 non

2221 3562 2533 3620 autumans,
2565 3568 2684 3607 eam
2721 3551 3099 3608 conservabat.
3135 3552 3242 3607 Pax
3287 3550 3449 3621 igitur
3483 3565 3595 3619 qua
3642 3553 3801 3621 potita

2220 3654 2329 3709 est,
2357 3645 2443 3699 cui
2479 3653 2600 3714 post
2635 3645 2803 3700 Deum
2836 3644 3154 3700 ascribenda
3184 3642 3258 3698 sit
3290 3642 3424 3698 satis
3450 3641 3669 3697 elucet.
3708 3641 3797 3698 De-

2223 3743 2488 3791 tractores
2536 3734 2718 3803 itaque
2761 3734 2899 3790 tanti
2942 3734 3046 3789 viri
3077 3743 3134 3788 et
3168 3744 3278 3789 tam
3319 3732 3595 3802 magniﬁci
3646 3732 3801 3789 bene-

2222 3823 2447 3882 factoris
2489 3825 2747 3882 Ecclesia:
2788 3825 2991 3881 Christi
3030 3832 3273 3894 parcant,
3315 3825 3565 3891 obsecro,
3613 3824 3800 3896 lii-gn:

2220 3931 2353 3980 suae,
2384 3923 2629 3987 parcant,
2659 3916 2907 3981 obsecro,
2932 3914 3134 3970 anima:
3170 3929 3303 3971 sua.
3334 3912 3467 3969 Nam
3490 3915 3533 3969 si
3582 3915 3695 3972 bos
3718 3916 3797 3986 qui

2221 4018 2428 4063 secrete
2463 4007 2754 4062 detrahunt
2796 4007 3044 4076 proximo
3085 4020 3181 4059 suo
3223 4006 3575 4075 persequitur
3632 4007 3794 4069 Dens,

2224 4095 2527 4149 timendum
2545 4094 2715 4149 fateor
2731 4109 2796 4149 ne
2818 4093 2934 4149 illos
2950 4093 3039 4163 qui
3057 4093 3269 4164 publice
3291 4102 3345 4148 et
3366 4104 3555 4148 contra
3589 4111 3794 4166 aruum

2220 4186 2403 4254 pravis
2424 4186 2606 4241 verbis
2630 4186 2922 4242 corrodunt
2948 4185 3166 4240 Patrem
3187 4200 3341 4239 suum
3367 4188 3621 4241 destruat
3646 4190 3791 4244 Deus.

2223 4272 2318 4328 llis
2346 4274 2447 4328 hoc
2481 4272 2641 4327 modo
2666 4289 2764 4343 pro
2790 4272 2988 4344 negotii
3020 4273 3344 4328 necessitate
3364 4274 3656 4331 succinCte
3682 4289 3791 4345 pro-

2223 4364 2433 4432 positis,
2460 4364 2784 4419 aceedamus
2810 4363 2874 4417 ad
2901 4378 2988 4418 res
3008 4372 3208 4433 gestas,
3235 4364 3303 4416 ab
3328 4363 3431 4419 illis
3453 4379 3579 4434 qua
3606 4366 3791 4420 descri-

543 4452 666 4507 fuit.
717 4454 959 4508 Tandem
1016 4471 1264 4513 reversus
1315 4459 1522 4513 duobus
1577 4460 1735 4513 annis
1789 4461 2113 4530 supervixit,
2146 4470 2195 4531 ι)
2224 4454 2429 4527 psimns
2450 4453 2708 4508 narrandi
2744 4454 3021 4508 exordium
3057 4462 3352 4508 sumentes.

545 4544 706 4598 tertio
736 4547 970 4611 transiit,
1001 4546 1199 4601 debitis
1227 4548 1422 4617 quibus
1456 4564 1513 4603 se
1546 4550 1597 4603 iu
1632 4554 1911 4621 peregrina
1947 4553 2120 4620 patria

542 4642 949 4690 sustentaverat
970 4636 1056 4690 vix
1080 4636 1292 4692 solutis.
1321 4638 1415 4693 llis
1442 4638 1512 4692 ita
1542 4655 1600 4694 se
1630 4641 1970 4708 habentibus,
1994 4658 2118 4712 qua,

540 4739 763 4793 quaeso,
815 4726 1024 4783 ratione
1067 4735 1279 4797 poterat
1325 4729 1556 4784 terrenis
1604 4730 1854 4799 operibus
1900 4748 2117 4802 operam

540 4814 694 4893 dare,
741 4833 901 4888 quem
956 4827 1063 4871 tam
1114 4818 1342 4873 assidua:
1385 4822 1761 4891 oppressiones
1801 4829 1857 4876 et
1902 4837 2117 4877 suarum

540 4924 723 4964 rerum
780 4909 1177 4965 destructioncs
1228 4925 1334 4965 non
1380 4911 1668 4966 cessabant
1723 4911 1992 4985 fatigare?
2042 4914 2116 4969 Ea

542 5010 722 5055 tamen
765 5017 885 5072 qua:
923 5018 1019 5072 per
1068 5018 1127 5058 se
1171 5003 1343 5073 ipsum
1392 5019 1497 5058 non
1540 5003 1769 5069 valebat,
1811 5021 1906 5075 per
1936 5005 2118 5062 lidelcs

541 5092 797 5167 Ecclesia:
842 5110 953 5150 sum
1001 5094 1159 5160 lilios,
1207 5096 1375 5151 livore
1425 5111 1637 5164 carens,
1688 5104 1743 5150 ct
1786 5096 1921 5151 nihil
1951 5112 2118 5165 usque.

541 5181 817 5236 szecularis
846 5182 1025 5251 gloria:
1065 5200 1313 5255 quaerens
1353 5186 1661 5240 exercebat.
1703 5184 1835 5239 Nam
1878 5201 1965 5242 res
2000 5201 2117 5241 mo-

542 5268 841 5322 nachorum
872 5274 1049 5340 posuit
1080 5274 1131 5326 in
1161 5274 1508 5344 dispositione
1537 5289 1755 5343 eorum,
1786 5276 2116 5330 constituens

540 5361 700 5415 eisin
741 5362 973 5430 priorem
1015 5374 1139 5435 post
1174 5365 1491 5433 Henricum,
1535 5366 1841 5431 Ernulfum,
1873 5376 1992 5437 post
2018 5367 2107 5420 Er-

541 5451 771 5521 nulfum,
792 5452 1097 5508 Conradum
1121 5457 1310 5526 (ipsius
1334 5459 1432 5513 loci
1458 5461 1770 5528 monachos)
1798 5461 1863 5515 ad
1887 5476 2113 5529 quorum

543 5556 731 5601 nutum
756 5552 965 5619 negotia
998 5547 1251 5604 Ecclesiae
1281 5562 1471 5607 cuncta
1507 5553 1860 5618 referrentur,
1888 5566 1941 5609 et
1970 5569 2106 5609 com-

542 5644 691 5698 muni
735 5645 963 5700 consilio
1003 5642 1232 5697 fratrum
1264 5652 1643 5712 tractarentur,
1680 5648 2112 5718 disponerentur,

542 5737 981 5801 tn'tuinarentur.
1016 5735 1091 5791 Ex
1132 5733 1378 5790 libertate
1410 5735 1591 5806 igitur,
1634 5753 1736 5807 qua
1773 5738 1825 5794 in
1872 5753 1958 5793 res
1989 5753 2112 5793 suas

2294 4547 2461 4619 Igitur
2473 4547 2558 4601 ubi
2579 4548 2768 4602 beatus
2783 4555 2836 4601 et
2851 4545 2973 4601 felix
2994 4544 3188 4615 praesul
3208 4545 3501 4602 Anselmus
3514 4549 3587 4604 ab
3604 4562 3787 4602 arum-

2223 4638 2307 4691 nis
2342 4638 2465 4691 vita:
2498 4636 2727 4690 labentis
2762 4635 2815 4689 in
2855 4634 3237 4688 beatitudinem
3272 4633 3397 4688 vita:
3434 4635 3788 4705 permanenti:

2223 4726 2516 4787 translatus
2544 4734 2625 4780 est
2647 4766 2661 4792 ,
2693 4724 2871 4780 omnia
2903 4722 2968 4777 ad
3008 4724 3374 4792 episcopatum
3405 4726 3628 4799 quidem
3663 4726 3787 4779 Can.

2222 4820 2547 4873 tuarieuscm
2574 4815 2917 4887 pertinentia,
2950 4828 3151 4868 morem
3179 4813 3367 4869 fratris
3393 4816 3478 4869 sui
3503 4814 3784 4870 Wilihclmi

2219 4910 2363 4981 regis
2391 4919 2630 4971 secutus,
2655 4906 2708 4960 in
2732 4920 2887 4959 suum
2913 4904 3206 4958 dominium
3228 4919 3322 4958 rex
3348 4903 3616 4960 Henricus
3632 4904 3783 4973 redigi

2218 4998 2481 5070 prmeipit,
2516 4995 2677 5051 rebus
2713 4994 3098 5050 monachorum
3137 4993 3190 5047 in
3227 5007 3290 5048 ea
3329 5008 3436 5063 qua
3487 4994 3604 5049 illas
3638 4994 3787 5049 Pater

2214 5092 2505 5148 Anselmus
2544 5097 2798 5159 posuerat
2848 5086 3099 5142 libertate
3145 5093 3200 5140 et
3242 5085 3579 5155 providentia
3628 5084 3785 5155 persi-

2216 5184 2507 5239 stentibus.
2559 5179 2713 5236 Unde
2751 5187 2806 5232 et
2847 5187 2973 5231 tunc
3017 5176 3181 5230 multa
3226 5176 3279 5229 in
3308 5175 3561 5231 decorem
3603 5178 3783 5229 deum

2221 5274 2431 5328 Domini
2464 5269 2663 5325 Christi
2698 5269 2838 5322 facta
2868 5276 3011 5321 sunt.
3046 5266 3386 5335 Quapropter
3416 5283 3542 5322 cum
3573 5266 3779 5336 maligni

2215 5362 2435 5435 quidam
2488 5359 2599 5430 regi
2651 5356 3043 5427 suggessissent
3090 5355 3385 5410 monachos
3428 5356 3685 5417 insanire.
3734 5366 3781 5407 et

2216 5471 2335 5525 quae
2374 5453 2647 5525 regalibus
2691 5447 2941 5519 expensis
2978 5444 3263 5513 magnifice
3300 5453 3519 5514 possent
3558 5444 3779 5498 admini-

2215 5548 2411 5615 culari,
2439 5549 2491 5602 iu
2516 5542 2810 5615 superﬂuos
2838 5554 2969 5594 usus
3007 5538 3075 5592 ab
3113 5538 3193 5593 eis
3225 5537 3466 5607 quotidie
3493 5536 3776 5607 proﬂigari,

2216 5644 2331 5719 ipse
2361 5640 2442 5711 (ut
2472 5637 2554 5693 vir
2580 5631 2828 5707 prudenti
2871 5631 3112 5686 bonitate
3148 5628 3513 5719 conSpicuus).
3556 5645 3579 5677 ‹

2218 5716 2421 5804 inquit,
2464 5731 2517 5784 in
2552 5737 2806 5793 externas
2846 5736 3145 5796 expensas,
3174 5720 3229 5775 in
3274 5718 3539 5776 saecularia
3580 5718 3774 5787 aliqua,
3872 5716 3873 5727 ‘
