3890 6306
130 438 230 493 £89

1230 420 1554 492 n‘tsroma
1587 431 1942 490 NOVORUM.
1970 464 2035 472 -
2072 433 2194 487 LIB.
2240 420 2335 490 v.‘

3292 438 3400 497 £9!)

124 552 179 605 in
214 566 352 604 vana
383 547 464 604 vel
500 544 676 604 ordini
706 562 806 605 sno
842 546 1119 601 contraria
1149 560 1310 615 Opera
1336 563 1423 602 res
1447 550 1573 602 suas
1603 546 1721 601 mo;
1746 548 1793 603 Α
1819 532 2248 616 snggerebantur
2300 546 2538 601 animum
2589 533 2880 615 transtulit,
2932 535 3121 604 vellent
3170 560 3402 609 tantum-

123 640 286 695 nachi
339 641 594 710 ponunt?
642 640 734 704 At,
783 638 827 693 si
882 638 933 692 in
988 650 1337 709 augmentum
1386 647 1443 693 et
1489 638 1716 709 gloriam

123 731 321 784 domus
348 729 443 784 Dei
470 745 563 784 eas
588 732 928 799 expendunt,
962 728 1315 782 benedicatur
1349 728 1511 793 Deus,
1541 728 1633 799 qui
1662 736 1719 783 et

104 821 227 876 illis
262 820 573 889 bujusmodi
604 822 845 877 animum
876 820 1181 889 inspiravit,
1210 828 1265 874 et
1295 821 1437 875 hanc
1464 821 1593 875 tnihi
1617 824 1716 875 suo

122 931 353 971 munere
388 917 619 986 gratiam
663 913 882 976 tribuit,
913 922 973 967 ut
1004 912 1141 967 meis
1174 912 1361 967 diebus
1396 928 1510 967 mea
1542 921 1716 967 mater

117 1005 367 1060 Ecclesia
405 1014 745 1060 crementum
776 1003 953 1073 potius
984 1003 1184 1072 capiat,
1225 1017 1384 1070 quam
1416 1002 1714 1057 detrimen-

116 1107 261 1153 tum.
303 1118 320 1151 ι
373 1100 464 1154 Sic
505 1098 688 1166 itaque
729 1104 784 1150 et
824 1094 1062 1150 Ecclesia
1105 1093 1442 1163 proﬁciebat,
1484 1103 1539 1149 et
1582 1110 1650 1149 ne
1681 1110 1711 1149 a

114 1190 318 1258 quovis
338 1189 711 1251 inl'estaretur,
740 1185 884 1257 regia
906 1200 1135 1240 censura
1166 1185 1549 1255 prospiciebat.
1573 1186 1712 1256 Age-

113 1281 207 1333 bat
228 1295 448 1350 quoque
475 1279 527 1334 in
555 1294 617 1333 ea
649 1294 835 1333 curam
857 1275 1182 1349 pontiﬁcalis
1207 1275 1364 1332 otlicii
1400 1276 1711 1345 Radulphus

115 1372 399 1428 lloﬂensis
426 1374 675 1437 antistes,
700 1380 757 1427 et
781 1372 831 1426 ei
867 1371 1012 1425 intus
1046 1378 1101 1424 et
1121 1379 1296 1434 extra,
1329 1356 1371 1423 si
1405 1384 1508 1438 qna
1535 1368 1714 1423 enter-

111 1465 353 1532 gebant,
406 1464 655 1519 assiduus
705 1468 1077 1533 propugnator
1124 1469 1243 1516 erat
1291 1469 1454 1530 atque
1512 1459 1702 1514 fidelis.

109 1552 236 1622 ipse
275 1553 535 1609 ecclesias
577 1554 630 1607 in
670 1552 922 1607 omnibus
962 1551 1125 1607 terris
1163 1550 1328 1605 totius
1363 1550 1708 1621 pontiﬁcatus

109 1644 537 1700 Cantuariensis
583 1634 731 1699 intus
780 1651 838 1699 et
881 1653 1039 1698 extra
1092 1640 1338 1697 Cantiam
1391 1641 1709 1697 inconsultis

108 1735 411 1805 episcopis,
460 1735 535 1789 uti
588 1734 910 1804 petebatur,
962 1732 1265 1788 dedicabat.
1315 1731 1435 1800 Ipse
1472 1747 1594 1802 qua:
1640 1731 1707 1786 ad

106 1826 586 1881 Cbristianitatem
630 1820 938 1897 pertinent,
976 1824 1033 1879 in
1074 1824 1278 1880 eisdem
1320 1824 1512 1887 terris,
1545 1833 1707 1892 prout

1819 639 1980 694 modo
2025 639 2311 706 monachi,
2363 650 2603 712 nataque
2650 641 2880 711 majores
2927 654 2978 700 et
3020 644 3199 714 populi
3254 644 3402 700 Caus

1821 730 2149 785 tuarienses.
2194 729 2304 785 Nec
2347 746 2532 813 mora;
2567 734 2863 803 requiritur
2891 735 3052 805 quale
3087 736 3160 791 sit
3201 736 3250 790 in
3280 738 3400 792 istis

1818 821 1954 877 velle
1977 837 2188 886 eorum,
2211 829 2265 877 et
2289 832 2412 877 vota
2435 825 2673 879 omnium
2698 825 3048 882 inveniuntur
3068 842 3189 883 esse
3210 845 3398 883 unmn.

1816 911 2069 967 Refertur
2106 913 2158 967 in
2201 912 2411 967 turbam
2461 915 2661 985 negotii
2701 931 2944 982 summa,
2985 926 3040 971 et
3086 917 3139 971 in
3188 917 3401 973 laudem

1818 1004 1914 1059 Dei
1948 1004 2202 1059 laxantur
2239 1020 2340 1075 pro
2384 1007 2488 1061 hoc
2533 1008 2774 1062 omnium
2820 1023 2939 1063 ora.
2981 1009 3073 1065 Sic
3103 1010 3306 1066 electus
3345 1012 3399 1066 in

1782 1096 2187 1167 pontiﬁcatum
2250 1084 2698 1154 Cantttariensem
2759 1100 3077 1171 Radulphus
3134 1102 3400 1158 Roﬁ'enSis

1812 1189 2099 1260 episwpus
2136 1197 2255 1255 est,
2291 1198 2347 1267 et
2389 1189 2781 1261 inexplicabilis
2812 1191 2993 1247 laetitia
3036 1193 3180 1248 omni
3220 1195 3402 1249 multi-

1814 1280 1986 1334 tudini
2023 1296 2143 1351 qna:
2163 1281 2500 1340 conﬂuxerat
2529 1284 2723 1340 exinde
2747 1296 3051 1353 procreata.
3081 1286 3212 1341 Mira
3244 1305 3397 1340 nan:-

1811 1387 1918 1442 que
1942 1362 2254 1436 aﬁ‘abilitas,
2280 1390 2400 1445 qua:
2421 1378 2487 1433 ad
2515 1387 2741 1433 cunctos
2768 1377 2820 1432 in
2844 1392 2909 1432 eo
2933 1378 3170 1446 vigebat,
3196 1388 3249 1435 et
3274 1393 3397 1433 eum

1813 1482 2141 1537 magnopere
2170 1468 2318 1539 diligi
2351 1479 2405 1525 et
2431 1470 2625 1525 honori
2656 1470 2772 1538 ejns
2797 1472 3101 1541 aggandere
3129 1486 3399 1540 quemque

1784 1557 2008 1612 "bonum
2041 1559 2297 1615 faciebat.
2326 1560 2556 1616 Audires
2585 1561 2793 1615 interea
2834 1562 2901 1631 (si
2932 1559 3172 1632 adesses)
3200 1561 3399 1616 multos

1810 1664 1917 1704 una
1964 1646 2357 1708 conclamare:
2414 1672 2431 1705 ι
2495 1652 2626 1708 Vere
2645 1669 2737 1707 cor
2782 1654 2916 1724 regis
2961 1655 3017 1709 in
3055 1670 3212 1708 manu
3260 1654 3397 1718 Dei;

1807 1758 2114 1813 quocunque
2140 1745 2246 1798 vult
2283 1744 2503 1798 inclinat
2536 1745 2670 1798 illud
2708 1744 2892 1815 (Prov.
2928 1761 3042 1811 xxi,
3078 1746 3155 1816 l).
3197 1766 3215 1797 ι
3259 1746 3395 1802 Acta

1809 1843 1935 1888 sunt
1977 1835 2090 1888 haec
2137 1849 2280 1888 anno
2323 1836 2715 1892 incarnationis
2757 1836 3051 1891 Dominicae
3108 1835 3397 1891 millesimo

110 1931 207 1970 res
247 1915 523 1986 exigebat,
554 1893 773 1971 sedulus
806 1914 1172 1970 ministrabat.
1210 1913 1277 1968 Et
1308 1914 1424 1969 haec
1453 1914 1527 1967 ita
1562 1913 1697 1968 inte-

1806 1927 2105 1981 centesimo
2150 1928 2591 1995 quartodecimo,
2634 1945 2685 1983 vt
2736 1928 2961 1983 Kalend.
3010 1926 3154 1993 Maii,
3207 1928 3395 1997 quinto

107 2024 212 2080 gro
244 2004 617 2078 quinquennio
649 2022 755 2077 quo
792 2023 822 2061 a
862 2003 1089 2061 transitu
1122 2004 1303 2060 Patris
1327 2006 1565 2060 Ansehni
1601 2007 1703 2061 Ec-

102 2101 279 2155 clesia
326 2100 439 2171 ipsa
477 2098 696 2153 viduata
729 2097 1045 2170 permansit,
1075 2098 1127 2151 in
1159 2097 1283 2152 ﬁliis
1309 2112 1373 2151 ac
1405 2098 1564 2152 rebus
1585 2096 1702 2165 ejus

105 2194 441 2261 agebantur.
470 2189 589 2256 Quo
612 2196 855 2261 tempore
878 2193 1015 2259 pene
1037 2196 1278 2258 peracto,
1309 2204 1402 2242 rex
1435 2186 1701 2245 llenricns

102 2293 163 2338 et
196 2284 422 2359 monitis
450 2283 653 2340 domini
699 2299 880 2354 papae,
910 2291 965 2337 et
996 2280 1248 2352 precibus
1288 2280 1517 2337 fratrum
1561 2283 1701 2338 Can-

106 2368 500 2439 tuariensium,
516 2375 860 2443 aliorumque
883 2372 1197 2435 multorum,
1218 2369 1345 2434 imo,
1368 2372 1510 2440 quod
1536 2374 1701 2429 maxi-

102 2483 258 2521 mum
288 2476 392 2532 est,
425 2467 682 2522 instinctu
715 2465 808 2535 Dei
837 2472 1135 2535 permotus,
1167 2466 1450 2536 episcopos
1470 2476 1521 2519 et
1550 2466 1700 2534 prin-

100 2558 260 2626 cipes
310 2558 518 2629 Anglia:
563 2557 616 2612 in
660 2572 827 2611 unum
879 2555 1023 2626 apud
1070 2553 1510 2611 Windleshoram
1570 2555 1700 2611 fecit

100 2648 301 2702 venire
323 2689 338 2712 ,
365 2662 556 2701 eorum
596 2646 881 2701 consilium
932 2644 985 2698 in
1033 2644 1413 2700 constituendo
1446 2646 1699 2714 pontiﬁce

96 2739 491 2795 Cantuariensi
548 2739 733 2792 volens
790 2736 1011 2791 habere.
1084 2736 1301 2791 Invitati
1352 2734 1518 2791 etiam
1571 2746 1699 2793 sunt

97 2830 367 2902 praefatus
415 2830 732 2900 Radulphus
774 2826 1042 2883 Roﬁ‘ensis
1097 2828 1406 2900 episcopus,
1451 2838 1508 2884 et
1550 2827 1700 2899 prior

96 2938 169 2979 ac
218 2923 465 2978 nonnulli
511 2922 710 2978 fratres
761 2921 1181 2977 Cantuaricnses
1226 2922 1435 2976 curiam
1477 2922 1692 2986 venire,

94 3014 833 3087 ignerautes‘certitbdincm
859 3029 1070 3080 causae,
1110 3004 1331 3084 propter
1359 3029 1520 3084 quam
1558 3013 1697 3069 invi-

98 3108 391 3171 tabantnr.
430 3107 629 3162 lvimus
657 3119 788 3176 ergo
820 3105 969 3171 illuc,
996 3104 1343 3175 quamplures
1376 3120 1506 3161 vero
1542 3104 1698 3161 nobis

92 3198 365 3255 euntibus
408 3195 706 3260 obviantes,
757 3204 815 3249 et
855 3209 914 3249 se
961 3209 993 3248 a
1042 3194 1194 3249 curia
1238 3194 1447 3258 venire,
1493 3202 1551 3250 et
1597 3207 1696 3249 nos

91 3294 311 3362 absque
356 3290 504 3345 omni
547 3288 979 3344 contradictione
1036 3287 1288 3342 abbatem
1332 3285 1691 3353 Abendonize,

92 3384 381 3439 Far-icium
425 3381 677 3448 nomine,
716 3379 1187 3451 archiepiscopum
1224 3378 1507 3435 habituros
1542 3394 1691 3435 asse-

94 3492 165 3529 ve
180 3476 397 3531 rabant.
432 3474 588 3541 Quod
629 3488 756 3538 nos.
793 3471 1111 3528 industriam
1147 3469 1382 3527 hominis
1411 3471 1692 3542 probatam

90 3571 390 3630 habentes,
424 3566 677 3639 gaudenti
708 3564 891 3619 animo
929 3562 1424 3634 amplectebatnur,
1452 3563 1695 3633 placeret

92 3661 447 3717 solummodo
466 3660 559 3715 Dei
583 3658 870 3726 voluntati,
890 3652 943 3712 in
960 3671 1069 3727 quo
1092 3665 1257 3712 totam
1278 3670 1428 3727 spem
1450 3665 1693 3710 nostram

90 3752 496 3809 locaveramus.
535 3751 674 3820 Quid
712 3750 927 3806 multa?
960 3749 1045 3805 Ad
1071 3749 1279 3804 curiam
1324 3742 1606 3813 venimus,
1638 3756 1694 3801 et

90 3856 230 3899 ecce
264 3842 446 3897 omnia
480 3841 634 3917 plena
666 3849 822 3895 erant
849 3839 915 3897 de
952 3839 1149 3917 abbate
1172 3853 1292 3909 quae
1325 3837 1690 3893 audieramus.

90 3936 166 3992 Et
193 3949 384 3990 revera
416 3916 563 4005 regia
580 3932 831 3987 voluntas
853 3931 956 3986 hoc
980 3916 1363 4000 proposuerat,
1388 3943 1453 3983 ac
1473 3938 1695 3999 propter

94 4010 336 4093 idipsum
363 4023 546 4093 jussus
573 4037 604 4076 a
635 4037 762 4093 rege
798 4022 941 4077 idem
970 4020 1140 4076 abbas
1169 4019 1333 4076 curiae
1363 4035 1423 4075 se
1450 4036 1692 4090 praesen-

98 4124 338 4172 laverat.
363 4116 595 4169 Animus
625 4120 803 4168 tamen
830 4111 1226 4182 episcoporum,
1253 4121 1307 4165 et
1332 4112 1691 4181 quorumdam

93 4215 478 4278 magnatorum
517 4203 571 4258 in
602 4201 748 4255 aliud
784 4200 1074 4271 vergebat,
1099 4198 1514 4269 prmoptantium
1546 4199 1695 4252 vide-

92 4297 223 4353 licet
257 4304 354 4350 aut
399 4293 697 4365 quemlibet
736 4291 1050 4363 episcopum
1096 4291 1163 4345 de
1202 4290 1393 4345 ordine
1430 4278 1688 4355 clericali,

92 4394 188 4441 aut
217 4384 479 4440 clericum
513 4382 749 4452 aliquem
787 4382 855 4436 de
882 4379 1087 4449 capella
1130 4380 1273 4451 regis
1304 4380 1357 4434 in
1391 4394 1527 4450 opus
1562 4379 1691 4434 illud

92 4474 317 4532 ascisci.
339 4473 540 4529 Verum
574 4472 666 4527 ubi
708 4472 790 4527 eis
813 4468 1084 4539 objectum
1119 4479 1203 4524 est
1232 4467 1435 4524 nullum
1466 4483 1499 4523 a
1533 4469 1692 4524 beato
1786 4490 1795 4496 ·

90 4565 400 4637 Augustino
436 4564 564 4636 (31)
600 4564 703 4619 nisi
747 4565 814 4619 de
852 4563 1175 4619 monachico
1213 4562 1404 4616 ordine
1454 4576 1689 4630 unquam
1723 4582 1768 4639 ι)

92 4662 436 4734 pontiﬁcatui
475 4659 854 4716 Cantuariensi
897 4658 1238 4727 praesedisse,
1277 4671 1386 4708 uno
1426 4656 1690 4709 duntaxat

90 4762 346 4822 excepto,
374 4751 465 4821 qui
492 4758 544 4805 et
570 4750 638 4805 ob
664 4751 802 4803 hanc
826 4749 1322 4818 praesumptionem,
1342 4755 1397 4797 et
1421 4744 1524 4797 alia
1549 4758 1690 4812 (μυε-

93 4846 216 4900 dam
254 4858 510 4913 perverse
539 4843 607 4896 ab
636 4858 701 4897 eo
726 4840 1015 4897 commissa
1056 4837 1332 4908 depositus
1361 4848 1456 4904 per
1488 4835 1688 4913 [lonia-

90 4954 223 4993 num
258 4928 569 5011 pontiﬁcem
612 4934 736 5001 fuit,
767 4943 820 4989 et
859 4948 920 4987 ea
951 4947 1009 4987 re
1050 4941 1158 4985 tam
1190 4930 1466 4998 antiquam
1502 4938 1556 4981 et
1593 4943 1692 4981 an-

92 5029 396 5086 thenticam
459 5027 949 5091 consuetudinem,
1009 5028 1131 5079 cum
1198 5021 1342 5076 nulla
1406 5022 1544 5075 ratio
1604 5020 1690 5074 vel

89 5121 397 5176 necessitas
419 5116 688 5188 exigeret,
720 5113 961 5171 subverti
994 5130 1098 5169 non
1125 5121 1397 5184 Oportere,
1429 5111 1689 5166 desistere

85 5202 478 5286 empto,'quod
518 5208 749 5282 plurimo
791 5217 994 5264 conatu
1038 5206 1301 5278 perﬁcere
1345 5204 1686 5270 laborabant,

84 5304 363 5374 compulsi
396 5312 542 5359 sunt.
574 5302 907 5371 Disponente
934 5298 1097 5370 igitur
1122 5295 1459 5366 providentia
1490 5294 1689 5359 summi

84 5396 183 5452 Dei
225 5373 282 5451 in
322 5394 771 5465 pneuominatum
805 5389 1111 5444 Roﬁ'ensem
1142 5388 1477 5458 episcopum,
1506 5373 1689 5441 subito

82 5502 252 5544 versa
295 5486 675 5557 episcoporum
724 5481 999 5537 sententia
1032 5489 1150 5546 est,
1182 5480 1331 5535 illum
1379 5478 1586 5534 scilicet
1633 5477 1687 5531 in

81 5556 383 5654 primatem
417 5578 584 5634 totius
619 5574 913 5630 Britanniae
956 5572 1213 5628 constitui
1251 5569 1602 5641 cupientium,
1632 5575 1690 5623 et

90 5688 382 5729 assensum
414 5668 557 5741 regis
588 5668 640 5723 in
682 5668 786 5722 hoc
819 5668 921 5724 sibi
951 5661 1236 5732 cooperari
1274 5659 1684 5730 postulantium.

90 5764 174 5817 Ad
202 5763 350 5834 quod
380 5777 496 5828 rex,
530 5761 712 5815 statim
743 5767 948 5813 mutata
986 5761 1168 5811 mente
1195 5766 1357 5820 quam
1382 5750 1435 5805 in
1468 5762 1686 5820 prorno-

96 5856 242 5911 tioue
272 5853 489 5911 abbatis
520 5852 775 5916 habebat,
809 5850 984 5905 libens
1008 5848 1060 5902 in
1096 5861 1156 5902 ea
1186 5859 1303 5917 quae
1341 5843 1405 5899 de
1433 5842 1687 5913 episcopo

420 5987 699 6047 Parnet.
739 5980 956 6047 CLIX.

1778 2018 1892 2072 ‘die
1948 2028 2168 2087 peracto
2220 2020 2594 2090 quinquennio
2650 2020 2963 2084 tt'lrnttsitu
3020 2019 3395 2089 gloriosissitni

1803 2105 1982 2164 Patris
2018 2110 2282 2165 Anselmi.
2330 2112 2490 2167 Venit
2527 2112 2724 2181 dehinc
2762 2112 3109 2167 Cantuariam
3151 2128 3235 2166 xvi
3272 2111 3391 2166 Kal.

1800 2198 1969 2266 Junii,
2010 2210 2064 2255 et
2096 2201 2331 2272 gloriose
2379 2216 2411 2255 a
2456 2201 2603 2257 clero
2642 2211 2697 2257 et
2729 2203 2926 2274 populo
2964 2216 3246 2275 susceptus
3286 2219 3390 2274 est,

1801 2299 1963 2361 atque
2011 2292 2080 2348 ab
2118 2293 2389 2363 episc0pis
2438 2294 2552 2366 (qui
2591 2296 2660 2351 ob
2704 2296 2808 2350 hec
2851 2300 3240 2367 convenerant)
3276 2300 3393 2355 loco

1801 2386 2074 2455 pontiﬁcis
2116 2380 2459 2442 sublimatus.
2499 2387 2622 2458 Egit
2665 2378 2845 2444 autem
2892 2389 3096 2458 primos
3140 2391 3394 2447 introitus

1800 2476 1917 2531 dies
1945 2477 2051 2543 sui,
2080 2483 2133 2531 in
2166 2492 2357 2546 magna
2402 2476 2575 2549 gloria
2607 2485 2661 2533 et.
2698 2479 2849 2533 diviti
2894 2495 3073 2535 rerum
3105 2492 3390 2553 apparatu,

1800 2567 2163 2634 gaudentibus
2197 2569 2434 2636 cunctis,
2475 2578 2530 2641 et
2576 2569 2743 2624 Deum
2779 2570 3212 2629 collaudantibus
3248 2579 3391 2644 quod

1795 2646 1907 2728 jam
1932 2659 2167 2724 tandem,
2195 2668 2319 2730 post
2342 2661 2607 2715 diutinam
2631 2664 3110 2731 exspectationem,
3135 2666 3392 2721 Ecclesia:

1800 2766 1913 2806 sua:
1943 2761 2218 2819 pastorem
2262 2767 2371 2807 non
2419 2752 2487 2807 de
2528 2753 2790 2820 externis,
2827 2755 2921 2809 sed
2967 2755 3033 2812 de
3077 2756 3391 2813 domesticis

1802 2851 2087 2907 instituere
2113 2852 2368 2925 dignatus
2397 2853 2489 2929 sit.

1871 2960 1999 3017 Post
2034 2962 2170 3033 haec,
2211 2965 2436 3021 semotis
2467 2980 2499 3019 a
2524 2964 2801 3022 dominatu
2840 2967 2905 3023 iis
2936 2970 3025 3038 qui
3047 2971 3389 3040 pontiﬁcatui

1800 3056 2068 3112 dominari
2104 3056 2370 3124 solebant,
2409 3057 2609 3117 locavit
2639 3075 2768 3114 suos
2795 3069 2851 3115 ut
2890 3060 2991 3117 sibi
3025 3063 3239 3132 quidem
3270 3079 3387 3119 me-

1799 3148 1904 3204 lius
1926 3149 2232 3217 videbatur,
2256 3160 2311 3206 et
2332 3166 2525 3208 sensus
2551 3151 2908 3222 plurimorum
2942 3168 3113 3209 necne
3140 3155 3389 3211 voluntas

1721 3233 1768 3299 C
1800 3240 1868 3295 ab
1898 3255 1965 3297 eo
1992 3256 2100 3312 quo
2138 3241 2354 3297 inerant
2390 3258 2556 3315 super
2598 3244 2775 3314 ipsum
2815 3244 3091 3301 demetata
3131 3258 3275 3315 sunt,
3323 3265 3388 3303 ac

1798 3328 1944 3385 fama
1972 3331 2116 3387 illius
2158 3346 2279 3402 qua:
2308 3335 2542 3390 antehae
2570 3332 2640 3389 ab
2670 3336 2924 3392 omnibus
2962 3337 3384 3407 prmdicabalur,

1797 3436 1828 3474 a
1875 3421 2093 3490 multis,
2138 3422 2282 3494 vulgi
2324 3440 2505 3492 more,
2554 3426 2930 3484 sinistrorsum
2976 3430 3385 3486 detrahebatur.

1797 3508 1943 3565 lnter
1971 3511 2085 3567 haec
2122 3525 2218 3582 rex
2247 3512 2513 3572 Henricus
2550 3514 3000 3577 Northmanniatn
3033 3520 3111 3575 ire
3138 3521 3384 3589 parabat,

1797 3600 2038 3658 Francos
2064 3618 2301 3674 suosque
2329 3606 2538 3663 vicinos
2568 3608 2672 3663 sibi
2698 3608 3015 3681 inimicitias
3039 3621 3386 3667 exstruentes

1796 3693 1916 3762 paci
1954 3693 2211 3765 subigere
2249 3710 2356 3765 qua
2401 3698 2659 3771 praeditus
2701 3708 2821 3753 erat
2864 3699 3131 3756 industria
3175 3702 3381 3757 volens.

1797 3786 1903 3842 Sed
1933 3802 2001 3841 ne
2039 3789 2168 3858 quid
2218 3790 2271 3843 in
2316 3789 2533 3862 Anglia,
2562 3804 2621 3846 se
2651 3791 2915 3860 abeunte,
2955 3802 3262 3848 remaneret
3300 3794 3384 3846 iu-

1796 3876 2142 3946 dispositum,
2191 3882 2527 3944 monasteria
2565 3891 2791 3947 cuncta,
2840 3898 2960 3951 quae
2994 3881 3200 3951 jamdiu
3251 3898 3383 3936 cum

1796 3968 2053 4039 pastorali
2089 3969 2305 4026 fuerant
2339 3971 2635 4043 destituta,
2667 3972 2896 4028 consilio
2929 3971 3302 4041 episcoporum
3327 3981 3385 4027 et

1785 4059 2096 4133 principum
2125 4077 2369 4128 suorum,
2399 4062 2590 4118 locatis
2619 4062 2889 4135 personis,
2924 4062 2975 4115 in
3016 4062 3121 4116 hoc
3147 4060 3382 4116 oﬂicium

1800 4149 2095 4205 ordinavit.
2129 4150 2280 4219 Quod
2322 4152 2367 4207 si
2410 4153 2572 4222 aliqui
2611 4158 2813 4208 eorum‘
2843 4151 2954 4223 lupi
3000 4152 3172 4223 magis
3218 4167 3379 4221 quam

1788 4250 2041 4311 pastores
2066 4238 2245 4321 eﬁ'ecti
2283 4250 2428 4309 sunt,
2469 4243 2571 4313 ipsi
2611 4242 2881 4308 viderint;
2917 4258 3009 4298 rex
3048 4259 3142 4298 eos
3182 4252 3241 4298 ut
3280 4260 3383 4314 pa-

1788 4342 1998 4407 _stores,
2022 4348 2129 4389 non
2154 4333 2259 4404 lupi
2283 4343 2465 4389 essent
2489 4335 2653 4405 (sicut
2671 4336 2820 4393 credi
2845 4336 2928 4392 fas
2949 4338 3051 4407 est)
3075 4336 3378 4391 collocavit.

1794 4423 1947 4493 Quod
1970 4434 2149 4480 tamen
2173 4423 2487 4481 credibilius
2509 4424 2649 4481 forte
2674 4427 2971 4493 videretur,
2996 4428 3040 4484 si
3062 4442 3172 4483 non
3193 4442 3382 4482 omnes

1793 4533 1860 4573 ex
1887 4516 2221 4588 alienigenis,
2246 4516 2338 4587 sed
2366 4517 2577 4587 aliquos
2598 4517 2788 4575 saltem
2812 4534 2879 4575 ex
2908 4520 3174 4591 indigenis
3198 4528 3377 4581 terrae,

1794 4624 1899 4666 non
1943 4625 2337 4681 usquequaque
2376 4610 2581 4681 Anglos
2629 4628 2872 4682 prorsus,
2936 4613 3026 4667 tali
3079 4612 3381 4666 ministerio

1790 4705 2187 4759 substituisset.
2252 4704 2387 4758 Vitae
2442 4705 2641 4759 etenim
2697 4705 2950 4760 meritum
3000 4721 3063 4759 ac
3117 4703 3379 4774 regularis

1790 4794 2096 4848 observatio
2150 4794 2485 4865 disciplinae,
2541 4810 2641 4849 nec
2694 4810 2799 4853 non
2854 4794 3135 4864 prudentia
3195 4807 3376 4846 rerum

1790 4885 2340 4939 atlntinistrandarum
2367 4901 2487 4953 qua:
2503 4886 2806 4954 oportebat,
2833 4885 2912 4938 eis
2927 4885 3015 4953 qui
3045 4883 3374 4952 respttt‘batt-

1793 4984 1914 5040 tur,
1950 4990 2054 5029 non
2085 4977 2265 5030 minus
2294 4991 2457 5046 quam
2498 4976 2567 5031 iis
2609 4975 2784 5028 inerat
2808 4974 2901 5043 qui
2939 4975 3373 5030 assumebantur.

1793 5066 1968 5122 Unum
1997 5082 2110 5130 eos,
2148 5068 2313 5145 natio
2335 5067 2545 5123 scilicet
2570 5064 2881 5121 dirimebat.
2920 5064 2978 5119 Si
3008 5064 3208 5135 Anglus
3234 5079 3371 5132 erat,

1789 5158 1934 5215 nulla
1974 5157 2178 5225 virtus,
2215 5168 2273 5213 ut
2319 5160 2526 5221 honore
2571 5157 2753 5225 aliquo
2791 5155 2982 5225 dignus
3015 5155 3371 5225 judicaretur,

1788 5277 1914 5318 eum
1964 5269 2179 5332 poterat
2225 5258 2513 5328 adjuvare;
2565 5257 2611 5311 si
2659 5255 2984 5328 alienigena,
3036 5254 3374 5312 solummodo

1788 5376 1912 5433 qua:
1963 5361 2193 5432 alicujus
2237 5360 2362 5416 boni
2414 5358 2653 5429 speciem
2709 5356 3009 5411 amicorum
3064 5355 3373 5409 testimonio

1789 5454 2206 5525 praetenderent,
2248 5453 2324 5509 illi
2366 5451 2802 5517 ascriberentur,
2846 5452 3056 5506 honore
3103 5448 3375 5519 praecipuo

1789 5546 1938 5602 illico
1964 5546 2156 5616 dignus
2186 5542 2550 5614 indicabatur.
2597 5540 2791 5596 Verum
2830 5539 2883 5594 in
2922 5540 3043 5594 istis
3082 5554 3240 5592 nemo
3274 5553 3372 5591 cu-

1784 5640 1960 5712 jusvis
1988 5628 2265 5707 injustitia:
2287 5637 2454 5692 Deum
2486 5642 2727 5701 accuset,
2750 5648 2872 5688 cum
2894 5630 3009 5701 ejus
3032 5628 3369 5700 dispositioni

1790 5741 1985 5786 cuncta
2018 5726 2351 5797 subjaceant,
2381 5742 2502 5782 cum
2538 5726 2670 5781 nihil
2699 5725 2896 5795 injuste
2923 5736 3153 5793 usquam
3188 5720 3371 5788 dispoo

1791 5842 1905 5901 nat,
1939 5848 2058 5886 eum
2093 5831 2299 5888 interea
2331 5831 2463 5887 nihil
2503 5831 2594 5887 ﬁat
2624 5832 2738 5886 sine
2774 5842 2955 5882 causa.
2986 5830 3115 5893 Quae
3140 5824 3266 5879 dum
3290 5821 3369 5874 ita

3075 5960 3151 6021 16
