3890 6306
517 393 620 456 49f

1533 392 1833 452 EADMERI
1858 394 2132 456 CANTUA
2143 393 2411 456 ﬂlENSlS
2438 399 2746 460 MONACIII

3681 404 3772 460 39-2

519 510 650 576 sint,
674 506 852 563 nullus
880 506 980 564 sibi
1011 505 1076 562 de
1102 505 1167 562 iis
1189 520 1308 578 quze
1329 505 1472 562 Deus
1503 522 1606 564 non
1642 509 1921 578 approbat,
1955 509 2106 580 plau-
2133 509 2179 566 A
2203 509 2304 566 bro
2332 511 2571 583 praefante
2597 513 2847 570 Historia:
2885 511 3254 581 meminimus,
3302 511 3372 569 ad
3412 511 3654 582 regimen
3690 517 3766 570 alr

519 599 632 663 dat,
653 597 908 668 quoniam
945 598 1086 652 unde
1111 597 1199 652 isti
1229 613 1508 666 coronam,
1533 598 1654 654 inde
1678 599 1752 653 illi
1778 600 1925 655 novit
1945 616 2098 670 tequo

513 689 717 760 judicio
741 703 955 760 ptenam
997 704 1327 760 praerogare.
1355 689 1460 744 Sed
1496 691 1562 744 de
1599 691 1707 752 his,
1748 691 1848 746 bac
1885 692 2100 746 interim
2167 755 2170 758 ,

517 781 636 836 vice
657 780 910 835 sufﬁciat.
941 781 1065 834 Dies
1086 781 1230 836 enim
1255 781 1380 856 mali
1409 789 1550 835 sunt.

585 874 722 928 Dum
750 873 931 942 itaque
959 887 1052 926 rex
1078 873 1446 928 Ecclesiarum
1469 872 1839 943 dispositioni,
1873 883 1929 927 ut
1956 873 2095 928 dixi-

514 982 656 1034 mus,
697 981 920 1038 Operam
951 969 1126 1030 daret,
1167 964 1471 1036 postulatus
1505 981 1534 1018 a
1565 966 1819 1035 pontifice
1854 965 2096 1019 Cantua-

515 1060 721 1114 riorum
753 1066 872 1124 est,
899 1065 1172 1128 quatenus
1212 1057 1314 1112 sibi
1341 1057 1664 1112 monachum
1696 1056 1943 1112 Ecclesia:
1965 1056 2098 1111 Can-

517 1147 836 1213 tuariensis,
866 1155 997 1201 tunc
1038 1145 1255 1216 quidem
1305 1145 1555 1201 abbatem
1598 1145 1957 1213 Burchornm,
1999 1145 2097 1199 Er-

515 1239 724 1293 nulfum
755 1237 990 1302 nomine,
1019 1237 1293 1303 redderet,
1318 1245 1378 1291 ut
1399 1253 1523 1291 eum
1565 1235 1801 1291 Roll‘ensi
1842 1236 2097 1291 Ecclesia:

515 1330 638 1386 loco
681 1329 957 1400 pontificis
1000 1329 1318 1400 sibimetipsi
1355 1329 1690 1398 subrogaret.
1730 1328 1799 1382 Et
1834 1328 1936 1382 hoc
1974 1329 2097 1398 qui-

481 1475 484 1477 Α
514 1425 639 1479 dem
671 1423 899 1478 faciebat
926 1463 942 1492 ,
1005 1432 1119 1477 tum
1149 1422 1276 1492 quia
1323 1421 1642 1492 sapientiam
1678 1436 1742 1474 ac
1773 1421 2092 1491 religionem

513 1514 752 1569 hominis
815 1522 1146 1582 compertam
1197 1511 1468 1572 habebat.
1523 1521 1630 1566 tum
1685 1511 1808 1581 quia
1858 1511 2092 1581 ignotam

511 1619 802 1675 personam
832 1613 996 1673 super
1047 1602 1218 1672 ipsam
1259 1601 1556 1658 Ecclesiam
1603 1601 1688 1656 vel
1727 1601 1868 1656 inter
1899 1600 2094 1655 fratres

512 1694 932 1751 Cantuarienses
967 1691 1264 1770 immittere
1311 1692 1525 1748 nolebat
1553 1733 1567 1758 ,
1617 1701 1729 1746 tum
1769 1693 1932 1747 etiam
1965 1691 2091 1761 quia

512 1800 572 1842 se
595 1800 660 1840 ex
682 1783 961 1839 vicinitate
992 1783 1159 1853 ipsius
1181 1782 1410 1838 multum
1439 1784 1690 1854 sperabat
1726 1784 2088 1855 adiuvandum

2200 599 2357 657 batite
2384 601 2568 658 Sancti
2595 603 2884 659 Edmundi.

2270 693 2365 748 His
2386 693 2577 751 diebus
2599 696 2749 752 missi
2775 704 2903 751 sunt
2937 695 3164 751 Romam
3194 697 3399 761 nuntii,
3420 696 3515 764 qui
3558 697 3761 764 pallium

2198 786 2606 858 archiepiscOpo
2639 788 3017 844 Cantuariensr
3067 787 3135 841 ab
3174 795 3476 860 apostolica
3519 789 3644 842 sede
3682 791 3759 840 dc-

2199 875 2423 931 ferrent.
2457 876 2701 932 Fuerunt
2722 888 2900 931 autem
2928 877 3002 942 bi,
3024 875 3260 932 Joannes
3284 875 3589 930 monachus
3612 877 3763 944 Sagii,

2197 968 2290 1037 qui
2323 967 2484 1038 paulo
2515 977 2642 1022 ante
2669 969 2768 1023 hos
2794 968 2910 1023 dies
2943 968 2996 1022 in
3022 968 3273 1022 abbatem
3302 966 3638 1021 Dnrcliorutn
3665 979 3767 1037 ροτι

2198 1060 2478 1130 praefatum
2510 1059 2844 1129 Ernulphum
2875 1067 3082 1116 electus
3111 1059 3289 1114 fuerat
3319 1068 3374 1114 et
3406 1076 3766 1122 consecratus,

2198 1149 2513 1205 Warnerius
2569 1150 2866 1206 monachus
2924 1150 3334 1206 Cantuariensis
3366 1190 3381 1216 ,
3442 1161 3499 1204 et
3551 1149 3769 1204 Joannes

2196 1241 2425 1296 clericus
2471 1241 2613 1297 filius
2673 1243 2877 1298 sororis
2929 1228 3374 1314 archiepiscopi,
3429 1243 3523 1312 qni
3563 1244 3769 1298 Romani

2197 1331 2476 1387 venientes
2504 1331 2715 1387 litteras
2761 1332 2904 1403 regis
2940 1321 3234 1402 Anglorum
3268 1342 3324 1388 et
3366 1333 3771 1402 archiepiscopi,

2196 1433 2494 1480 conventus
2535 1439 2750 1494 quoque
2787 1423 3014 1479 fratrum
3045 1424 3302 1480 Ecclesia:
3343 1425 3772 1488 Cantuatiensis,

2195 1524 2250 1568 et
2301 1515 2611 1584 singulatim
2663 1515 2904 1570 omnium
2958 1529 3094 1586 pene
3139 1515 3526 1586 episcoporum
3583 1515 3772 1586 Anglia:

2196 1600 2416 1656 domino
2461 1615 2612 1672 papae
2643 1599 2976 1656 detulerunt.
3017 1600 3259 1666 Quorum
3299 1600 3606 1654 litterarum
3651 1617 3773 1655 oms

2195 1693 2260 1749 de
2284 1691 2537 1748 omnibus
2581 1692 2671 1747 hic
2707 1706 2912 1763 ponere
2957 1708 3062 1749 non
3107 1694 3205 1747 abs
3256 1707 3316 1746 re
3361 1693 3770 1757 testimavimns,

2195 1784 2435 1840 volentes
2474 1792 2528 1840 et
2569 1785 2798 1839 aliarum
2829 1799 3024 1843 sensus
3061 1799 3157 1856 per
3186 1783 3308 1839 illas
3356 1786 3599 1856 agnosci.
3645 1784 3776 1840 Sunt

510 1876 569 1931 in
612 1875 967 1946 dispositione
1004 1891 1188 1930 rerum
1239 1853 1481 1931 suarum.
1514 1874 1666 1942 Quod
1717 1853 1809 1930 res
1855 1893 2089 1948 perpen-
2124 1853 2166 1909 Β
2194 1877 2356 1948 igitur
2383 1877 2501 1934 hac:

513 1970 668 2036 dens,
694 1969 929 2024 libenter
960 1968 1168 2024 annuit.
1199 1969 1479 2024 Abductus
1510 1969 1672 2038 igitttr
1705 1969 1872 2024 abbas
1899 1985 1928 2023 a
1959 1971 2095 2024 Bur-

483 2059 618 2137 _cbo
653 2067 758 2125 est,
787 2069 842 2114 et
866 2059 1173 2115 Cantuarite
1196 2060 1250 2114 in
1279 2059 1513 2129 capitulo
1540 2059 1769 2114 fratrum
1812 2060 1878 2114 ab
1908 2062 2089 2116 archi-

506 2153 764 2224 episcopo
815 2167 868 2206 tv
907 2151 1028 2206 Kal.
1064 2149 1316 2207 Octobris
1366 2151 1675 2220 episcopatu
1727 2150 1995 2216 Rolfensi,
2022 2166 2088 2205 ex

508 2244 732 2314 antiquo
783 2257 935 2298 more
991 2241 1305 2308 iuvestitus,
1361 2241 1816 2295 convenientibus
1872 2241 1938 2295 ad
1987 2240 2092 2296 hoc

507 2347 742 2404 eumque
771 2332 1092 2404 eligentibus
1135 2331 1436 2396 monachis,
1471 2330 1685 2386 clericis
1705 2372 1721 2396 ,
1747 2339 1802 2386 et
1844 2331 1995 2386 laicis
2021 2331 2088 2386 ad

509 2424 690 2496 ipsum
734 2423 1099 2494 episcopatum
1139 2423 1565 2494 pertinentibus,
1597 2432 1651 2476 et
1677 2423 1779 2478 alia
1810 2422 2086 2478 hominum

515 2514 862 2569 multitudine
894 2514 1132 2584 copiosa.
1162 2512 1260 2581 Qui
1288 2512 1512 2578 electus,
1544 2512 1669 2568 licet
1695 2512 1948 2570 Ecclesia:
1981 2513 2088 2570 Do-

507 2604 857 2660 robernensis
883 2603 1176 2659 monachus
1207 2611 1353 2658 esset
1381 2602 1682 2673 professus,
1713 2613 1889 2660 tamen
1929 2614 2082 2659 antc-

509 2713 671 2768 quam
694 2696 1005 2768 episcopatu
1026 2711 1122 2767 per
1138 2695 1343 2766 virgam
1369 2695 1692 2767 pastoralem
1717 2695 2085 2763 investiretnr,

506 2790 668 2846 tactis
697 2789 1022 2861 Evangeliis,
1052 2788 1300 2860 promisit
1323 2803 1381 2844 se
1403 2795 1456 2844 et
1485 2775 1802 2842 fidelitatem
1830 2788 2086 2844 Ecclesiae

507 2881 890 2937 Cantuariensi
915 2889 969 2935 et
994 2879 1223 2934 antistiti
1249 2878 1364 2949 ejus
1389 2894 1486 2949 per
1514 2879 1694 2934 omnia
1719 2888 2082 2945 servaturum,

505 2981 561 3028 et
599 2972 746 3028 nuilo
776 2985 1014 3042 unquam
1054 2969 1330 3024 molimine
1359 2976 1452 3023 aut
1489 2969 1774 3024 occasione
1804 2982 1863 3023 se
1912 2969 2086 3022 intro-

504 3062 818 3122 missurnm,
863 3060 948 3116 vel
987 3073 1267 3114 assensum
1312 3058 1682 3128 praebiturum,
1732 3065 1792 3112 ut
1840 3055 2082 3114 Ecclesia

479 3169 482 3176 '
505 3154 914 3212 Cantuariensis
935 3153 1252 3222 dignitatem
1271 3160 1359 3206 aut
1383 3160 1702 3222 potestatem
1726 3166 1888 3222 quam
1918 3166 2083 3223 super

480 3245 814 3302 ‘Roﬂ‘ensem
868 3243 1165 3300 Ecclesiam
1210 3253 1436 3298 eatenus
1491 3241 1714 3308 habuit,
1768 3241 1878 3297 ullo
1922 3244 2082 3297 modo

505 3338 778 3406 perderet.
804 3334 874 3390 Ut
902 3335 1046 3390 enim
1087 3334 1184 3388 ista
1215 3335 1432 3405 sponsio
1462 3333 1615 3388 fieret
1643 3333 2084 3404 archiepiscopus

484 3429 619 3500 '(qui
648 3427 920 3483 Rolfensis
943 3427 1233 3498 episcopus
1263 3424 1458 3496 fuerat)
1499 3425 1807 3480 omnimodo
1832 3426 2084 3496 expedire

508 3521 738 3578 sciebat.
780 3519 1020 3575 Moratus
1051 3528 1136 3574 est
1171 3528 1350 3573 autem
1394 3518 1506 3588 ipse
1547 3516 1750 3573 electus
1778 3517 2084 3574 Cantuaria:

481 3623 645 3683 'pcne
675 3611 983 3680 quindecim
1012 3611 1200 3666 diebus
1231 3617 1351 3681 post
1383 3611 1520 3675 hzec,
1563 3624 1628 3664 ac
1666 3609 1882 3665 demum
1912 3627 1966 3666 vt
2004 3611 2078 3666 ld.

505 3703 756 3759 Octobris
803 3701 871 3757 ab
913 3701 1317 3771 archiepiscopo
1351 3701 1633 3770 lthopbam
1669 3701 1963 3769 perductus
1992 3711 2081 3755 at-

479 3801 610 3865 ‘qne
638 3796 690 3849 in
720 3794 903 3850 sedem
930 3793 1292 3864 pontiﬁcalem
1323 3793 1484 3864 digno
1509 3807 1630 3846 cum
1659 3792 1863 3847 honore
1886 3808 1914 3846 a
1936 3792 2081 3848 clero

501 3895 556 3941 et
585 3884 781 3954 populo
823 3893 1127 3954 susceptus.
1159 3883 1359 3939 Eadem
1398 3883 1485 3937 die
1530 3881 1742 3945 ﬂuvius,
1775 3883 2081 3954 Medewege

497 3989 744 4041 vocatus,
773 3979 846 4032 ita
873 3979 940 4032 ab
964 3975 1186 4030 australi
1218 3975 1396 4046 pontis
1424 3984 1601 4046 parte,
1645 3989 1810 4044 prope
1839 3983 2079 4030 castrum

496 4071 758 4136 civitatis,
788 4085 886 4140 per
916 4068 1174 4146 nonnulla
1199 4067 1451 4122 milliaria
1483 4068 1533 4122 in
1567 4081 1626 4122 se
1660 4066 1878 4131 defecit,
1919 4076 1978 4120 ut
2023 4067 2077 4122 in

497 4161 678 4216 medio
708 4161 862 4216 alveo
893 4159 976 4215 sui
1014 4159 1177 4214 etiam
1215 4159 1549 4231 parvissimae
1579 4174 1760 4222 naves,
1790 4157 1861 4212 ob
1902 4173 2076 4228 penu-

498 4252 640 4305 riam
689 4266 842 4322 aqua:
867 4290 883 4315 ,
926 4250 1066 4306 elabi
1106 4251 1329 4308 minime
1377 4259 1628 4320 possent,
1665 4265 1766 4305 nec
1807 4251 1951 4305 hunc
1978 4249 2077 4304 de-

500 4339 702 4394 fectum
775 4337 922 4394 solus
985 4338 1076 4394 ille
1125 4338 1340 4405 ﬂuvius,
1392 4339 1506 4408 ipsa
1559 4339 1683 4404 die,
1733 4354 1930 4409 passus
1969 4347 2073 4396 est.

481 4427 739 4484 'Tamisia
780 4425 1130 4482 nihilominus
1161 4427 1334 4482 eidem
1363 4426 1450 4481 illa
1477 4428 1563 4482 die
1601 4427 1833 4483 defectui
1876 4429 2073 4499 patuit.

2269 1986 2287 2020 σ
2328 1967 2555 2024 Domino
2575 1979 2776 2024 sanctae
2800 1968 3118 2025 universalis
3145 1967 3401 2024 Ecclesiae
3425 1983 3640 2025 summo
3664 1983 3774 2038 pas.

2195 2059 2295 2114 tori
2321 2100 2336 2126 ,
2373 2059 2621 2115 Paschali
2649 2101 2664 2126 ,
2697 2069 2996 2115 conventus
3024 2060 3285 2116 Ecclesiae
3317 2061 3523 2116 Christi
3549 2060 3774 2115 Cantus-

2192 2149 2407 2215 riensis,
2440 2149 2625 2205 fideles
2652 2149 2930 2206 orationes
2973 2159 3027 2207 et
3054 2151 3220 2205 totius
3245 2161 3452 2206 sancttc
3483 2150 3776 2205 devOtion'ts

2189 2241 2532 2312 obsequium.

2266 2352 2285 2385 ι
2317 2332 2511 2388 Notum
2544 2347 2664 2389 esse
2694 2349 2800 2390 non
2832 2333 3164 2396 dubitamus.
3195 2352 3215 2387 ι
3251 2342 3361 2389 etc.
3401 2331 3532 2388 Vide
3565 2335 3617 2388 in
3647 2331 3780 2386 Pas-

2189 2423 2327 2477 chali
2369 2421 2456 2477 11.

2175 2556 2180 2562 .
2260 2514 2342 2570 Ad
2369 2516 2506 2580 haec,
2531 2514 2622 2584 qui
2645 2515 2795 2572 missi
2822 2514 3062 2580 fuerant,
3084 2513 3369 2586 legationis
3394 2530 3509 2570 sua:
3525 2512 3779 2577 officium,

2189 2622 2294 2679 qua
2343 2605 2553 2677 praediti
2613 2617 2769 2664 erant
2821 2607 3146 2677 prudentia,
3197 2604 3517 2676 apostolicis
3561 2605 3780 2659 auribus

2187 2705 2592 2769 suggesserunt,
2616 2699 2709 2754 sed
2735 2696 3227 2768 responsum,quod
3248 2697 3330 2752 eis
3349 2693 3584 2764 alicujus
3609 2710 3779 2750 cans:

2187 2804 2299 2846 sure
2329 2788 2552 2844 effectus
2583 2802 2734 2860 spem
2769 2789 3135 2859 promitteret,
3165 2787 3343 2858 primo
3393 2789 3648 2858 recipere
3676 2804 3773 2842 non

2187 2888 2523 2935 meruerunt.
2579 2879 2770 2934 Loculi
2814 2890 2940 2934 sunt
2983 2879 3071 2934 his
3100 2888 3155 2932 et
3189 2879 3296 2934 illis
3337 2867 3444 2934 sibi
3494 2895 3605 2934 non
3642 2883 3777 2934 notis

2171 2977 2241 3032 et
2269 2968 2698 3039 respondebatur
2723 2968 2803 3024 eis
2821 2969 2962 3026 sicut
2986 2967 3203 3039 ignotis.
3229 2967 3604 3024 Fluctuabant
3626 2985 3772 3041 ergo,

2185 3075 2283 3116 nec
2309 3075 2418 3130 quo
2449 3074 2508 3115 se
2547 3068 2660 3114 tuto
2695 3068 2974 3116 verterent
3001 3060 3378 3134 advertebant.

2257 3151 2390 3206 Erat
2418 3151 2520 3207 illis
2557 3151 2748 3208 diebus
2775 3153 2959 3208 Roma:
2988 3151 3279 3207 Anselmus
3321 3167 3495 3222 nepos
3540 3153 3774 3208 Anselmi

2187 3241 2388 3298 domini
2442 3242 2858 3314 archiepiscopi,
2909 3242 3129 3298 domino
3175 3257 3324 3312 papa:
3357 3241 3692 3308 familiaris,
3732 3253 3778 3298 ct

2187 3336 2255 3391 ab
2285 3350 2350 3390 eo
2385 3336 2556 3392 abbas
2587 3335 2774 3390 Sancti
2804 3333 2962 3388 Sabae
2993 3331 3326 3388 confessoris
3362 3332 3621 3389 eﬂ‘ectus.
3663 3337 3775 3403 Qui,

2185 3428 2239 3483 in
2284 3428 2475 3483 diebus
2516 3427 2660 3484 beati
2708 3425 2964 3482 avunculi
3015 3425 3095 3480 sui
3147 3424 3381 3495 plurimo
3421 3432 3682 3495 tempore
3728 3429 3774 3481 in

2181 3519 2374 3590 Anglia
2401 3520 2633 3590 degens,
2676 3533 2775 3588 pro
2813 3515 3226 3572 mansuetudine
3267 3531 3362 3569 sua
3401 3515 3475 3568 ab
3510 3514 3777 3588 indigenis

2185 3621 2343 3666 terrae
2392 3609 2546 3680 quasi
2594 3624 2734 3664 unus
2782 3623 2969 3663 eorum
3018 3606 3363 3676 diligebatur.
3414 3607 3557 3673 Hic,
3598 3610 3779 3664 audito

2182 3699 2436 3772 prtefalos
2466 3696 2688 3752 nuntios
2716 3696 3022 3758 advenisse,
3053 3694 3236 3749 alacer
3267 3696 3335 3750 ad
3364 3713 3463 3752 eos
3493 3695 3776 3753 Latet-anis

2181 3791 2351 3859 venit,
2382 3802 2438 3846 et
2471 3790 2526 3844 in
2559 3788 2769 3845 cunctis
2794 3803 2914 3858 qua:
2948 3787 3147 3858 negotii
3188 3788 3271 3842 sui
3304 3797 3464 3843 tenor
3497 3791 3769 3863 exigebat,

2182 3895 2307 3950 erga
2336 3893 2431 3934 eos
2474 3893 2678 3933 morem
2708 3876 2823 3931 veri
2858 3875 3017 3930 amici
3046 3891 3298 3946 sequens,
3330 3884 3615 3934 exercuft.
3647 3882 3774 3948 Quid

2181 3969 2376 4040 plura?
2432 3969 2736 4024 Romanum
2778 3966 3109 4038 pontificem,
3149 3978 3206 4022 et
3250 3984 3492 4038 quorum
3550 3974 3773 4027 consilio

2180 4061 2454 4116 nitebatur
2481 4059 2879 4117 communicata
2927 4058 3206 4128 instantia,
3242 4060 3311 4115 ita
3338 4077 3528 4118 causa:
3561 4064 3768 4119 illorum

2180 4153 2419 4208 fautores
2444 4151 2622 4207 effecit
2649 4161 2708 4206 ut
2740 4151 2909 4220 gratis
2945 4150 3168 4205 omnino
3219 4153 3328 4206 voti
3359 4154 3444 4207 sui
3493 4169 3770 4228 compotes

2179 4242 2390 4307 fierent,
2433 4251 2487 4297 et
2519 4242 2694 4312 ipsum
2733 4241 3048 4296 Ansclmum
3075 4241 3188 4311 (qui
3240 4241 3491 4312 pallium,
3525 4262 3632 4315 pro
3671 4263 3770 4318 quo

2177 4339 2410 4402 iverant,
2440 4351 2505 4392 ex
2533 4344 2687 4406 parte
2728 4333 2872 4390 beati
2925 4333 3074 4389 Petri
3109 4343 3165 4390 et
3203 4335 3408 4390 domini
3437 4351 3604 4409 papa:
3635 4340 3765 4396 Can-

2179 4429 2410 4484 tuariam
2435 4427 2697 4498 deferret)
2723 4426 2967 4482 tradente
2999 4425 3146 4481 illum
3171 4429 3362 4483 eodem
3395 4445 3624 4488 summo
3644 4449 3766 4502 pon-

496 4515 636 4572 Nam
689 4515 834 4572 inter
882 4525 1102 4586 pontem
1135 4522 1192 4570 et
1242 4517 1444 4587 regiam
1493 4517 1712 4582 turrim,
1762 4519 1862 4573 sub
1909 4529 2072 4588 ponte
2095 4524 2151 4587 Ῑ)
2179 4518 2340 4580 tilice,
2368 4532 2466 4588 per
2494 4532 2714 4572 manum
2743 4516 3073 4586 acciperent.
3099 4515 3303 4582 Quibus
3343 4522 3595 4587 peractis
3637 4539 3763 4576 nun-

497 4609 666 4665 etiam
705 4609 760 4663 in
797 4617 1008 4663 tantum
1052 4606 1294 4664 ﬂuminis
1329 4607 1499 4679 ipsius
1529 4622 1667 4677 aqua
1690 4609 1951 4664 diminuta
1982 4619 2067 4668 est

493 4709 557 4756 ut
590 4715 698 4756 non
746 4699 921 4755 solum
965 4699 1128 4768 equi,
1164 4698 1260 4752 sed
1294 4707 1348 4753 et
1389 4697 1668 4754 innumera
1705 4700 1980 4755 hominum
2010 4710 2066 4759 et

491 4807 787 4864 puerorum
826 4789 1115 4844 multitudo
1165 4788 1290 4843 illud
1337 4789 1563 4858 pedibus
1609 4792 2066 4861 transvadarent,

481 4891 633 4954 aqua
661 4884 750 4937 vix
779 4897 956 4953 genua
1005 4895 1194 4936 eorum
1245 4879 1565 4950 attingente.
1620 4881 1842 4935 Duravit
1884 4893 2064 4939 autem

491 4973 581 5027 hic
637 4987 790 5043 aquae
845 4970 1090 5026 defectus
1147 4984 1177 5022 a
1250 4971 1426 5025 medio
1479 4970 1655 5026 noetis
1714 4973 2067 5042 praecedentis

492 5077 664 5132 usque
716 5063 782 5117 ad
810 5062 1105 5133 profundas
1145 5061 1395 5115 tenebras
1439 5062 1612 5116 noctis
1661 5063 2062 5132 subsequentis,

492 5153 636 5208 sicut
676 5152 732 5206 hi
781 5152 962 5207 testati
1013 5160 1180 5217 sunt,
1226 5158 1282 5205 et
1331 5152 1612 5220 hucusque
1656 5160 1925 5207 testantur
1973 5154 2064 5223 qui

489 5249 787 5313 praesentes
815 5241 916 5297 ista
957 5242 1322 5307 viderunt,ret
1356 5241 1770 5297 transvadantes
1815 5251 2064 5298 transva-

489 5329 737 5387 dantium
767 5330 901 5384 socii
925 5331 1268 5386 exstiterunt.
1299 5332 1542 5388 Similem
1564 5347 1777 5404 quoque
1802 5349 2064 5404 aquarum

490 5418 763 5478 defectum
794 5419 910 5488 ipso
939 5421 1024 5476 die
1068 5423 1206 5490 apud
1241 5421 1662 5478 Gervemutham
1687 5463 1703 5490 ,
1759 5432 1813 5477 et
1857 5424 1910 5478 in
1943 5425 2066 5483 aliis

488 5510 625 5568 locis
654 5525 754 5580 per
775 5509 1024 5580 Angliam
1050 5520 1200 5567 certo
1234 5512 1404 5567 relatu
1436 5513 1724 5583 contigisse
1757 5513 2063 5572 didicimus.

556 5602 765 5659 Dehinc
795 5601 915 5656 Kal.
955 5600 1217 5658 Novemb.
1255 5602 1575 5674 Radulplius
1630 5605 2066 5675 archiepiscopus

485 5691 723 5750 sacravit
763 5690 1072 5748 Cantuariae
1133 5691 1187 5747 in
1245 5693 1528 5763 metropoli
1567 5696 1699 5749 sede
1749 5694 2060 5766 Alboldnm,

485 5784 770 5844 Beccensis
803 5783 1033 5841 ctrnobii
1062 5783 1426 5848 monachum',
1471 5784 1629 5854 cujus
1669 5788 1722 5841 in
1771 5796 1964 5858 quarto
1997 5787 2060 5843 li-

2177 4611 2235 4664 tii
2266 4609 2434 4663 Roma
2479 4606 2883 4672 regrediuntur,
2915 4606 3169 4661 Anselmo
3193 4624 3286 4677 pro
3311 4608 3380 4663 iis
3399 4626 3528 4679 quae
3558 4629 3656 4667 sua
3686 4614 3764 4667 in-

2172 4710 2411 4758 tererant
2431 4715 2554 4754 cum
2581 4713 2718 4769 papa
2745 4697 2954 4752 relicto.
2980 4697 3271 4753 Venientes
3293 4701 3464 4770 igitur
3491 4703 3547 4758 in
3572 4703 3763 4758 North-

2171 4791 2388 4844 mannia
2421 4788 2488 4843 ad
2528 4803 2739 4858 regem,
2770 4787 2897 4855 quid
2928 4787 3138 4856 egerint
3174 4787 3521 4857 edissernnt,
3567 4802 3622 4846 et
3652 4807 3756 4846 sua:

2171 4879 2450 4936 industria:
2493 4881 2714 4934 meritas
2759 4877 2944 4932 laudes
2999 4879 3294 4949 excipiunt.
3354 4879 3491 4936 Inde
3546 4885 3750 4938 directo

2169 4970 2359 5025 nuntio
2384 4969 2436 5022 in
2461 4967 2732 5036 Angliam,
2756 4967 2848 5036 qui
2872 4968 3282 5038 archiepiscopo
3305 4983 3459 5039 gesta
3498 4975 3748 5038 referret,

2170 5062 2270 5130 ipsi
2308 5061 2598 5115 adventum
2639 5059 2845 5129 praifati
2873 5059 3114 5114 Anselmi
3162 5072 3312 5116 trans
3351 5080 3511 5120 mare
3532 5078 3756 5136 prasto-

2167 5153 2368 5210 lantur.
2393 5152 2496 5220 Qui
2524 5151 2819 5206 adveniens
2843 5165 2872 5203 a
2906 5165 3032 5220 rege
3055 5166 3177 5205 cum
3203 5153 3412 5208 honore
3437 5159 3755 5228 suscipitur,

2169 5259 2233 5300 ac
2267 5259 2364 5314 pro
2418 5260 2513 5299 sua
2556 5242 2918 5300 sollicitudine
2952 5245 3200 5314 dignitati
3245 5249 3396 5318 regni
3453 5251 3754 5323 Anglorum

2168 5331 2408 5404 impensa
2445 5335 2616 5403 digna:
2644 5346 2823 5405 grates
2851 5336 3254 5405 persolvuntur.
3289 5339 3530 5397 Traditis
3561 5344 3756 5399 deinde

2165 5424 2362 5481 litteris
2403 5426 2501 5496 ipsi
2546 5441 2576 5480 a
2618 5441 2757 5496 papa
2788 5427 3024 5493 directis,
3065 5438 3187 5498 post
3215 5429 3425 5501 aliquot
3467 5433 3589 5488 dies
3631 5450 3753 5489 cum

2166 5534 2232 5575 eo
2276 5527 2500 5584 exacto,
2553 5517 2802 5586 Angliam
2859 5517 3032 5572 nuntii
3091 5519 3183 5589 qui
3231 5519 3404 5576 Roma
3462 5535 3750 5590 venerant,

2167 5611 2453 5667 comitatus
2502 5609 2730 5680 impiger
2782 5609 2970 5664 tendit.
3009 5609 3342 5668 Litterarum
3388 5621 3572 5670 textus
3617 5631 3754 5687 quas

2167 5703 2276 5772 regi
2310 5700 2594 5766 detulerat,
2623 5699 2709 5754 hic
2729 5710 2812 5754 est
2836 5717 2850 5754 :

2243 5811 2260 5845 ε
2295 5791 2572 5849 Paschalis
2623 5791 2910 5864 episeopns
2940 5832 2954 5857 ,
3024 5809 3213 5852 servus
3271 5809 3547 5852 servorum
3605 5794 3741 5862 Dei,
