3890 6306
54 422 192 481 493

1199 424 1520 484 HISTORIA
1555 424 1915 485 novorum.
1939 457 2008 470 η-
2046 428 2174 487 Lm.
2208 429 2308 504 v.1

3256 440 3361 497 ιθι

69 542 300 598 dilecto
322 540 435 598 tilio
464 539 700 599 Henrico
728 538 927 598 illustri
964 539 1263 614 Anglorum
1293 542 1427 613 regi,
1457 540 1683 597 salutem
1714 543 1760 599 A
1785 541 1966 597 omnia
2022 552 2079 597 et
2128 543 2181 599 in
2226 544 2475 601 omnibus
2502 545 2898 617 exbiblturum,
2958 549 3084 607 dum
3132 554 3361 624 viveret,

66 644 137 691 et
174 636 536 708 apostolicam
564 636 1020 693 benedictionem.

163 746 189 778 ι
223 728 361 782 Cum
405 728 472 781 tle
505 743 668 782 manu
714 726 950 794 Domini,
982 746 1000 778 ι
1038 727 1291 783 elc.Vide
1321 727 1375 781 in
1412 724 1676 780 Pam/tali.

157 816 341 887 Igitur
370 816 664 872 Anselmus
707 818 954 887 Angliam
989 818 1285 887 ingressus,
1318 817 1680 886 archiepisco-

68 923 219 979 pum
272 909 429 973 adiit,
469 924 497 962 a
526 924 635 977 quo
663 908 918 965 decenter
961 919 1263 980 susceptus,
1309 910 1560 965 decenter
1598 920 1678 964 est

69 1016 186 1069 per
219 1000 513 1069 plurimum
542 1012 749 1071 tempus
782 1002 849 1057 ab
881 1016 945 1056 eo
969 1001 1243 1057 detentus.
1276 1001 1369 1055 Dic
1407 1018 1535 1072 ergo
1576 1003 1677 1058 Do-

71 1092 325 1158 minica,
352 1108 472 1162 qua:
518 1092 616 1147 fuit
653 1108 685 1146 ν
726 1092 844 1147 Kal.
889 1092 1037 1158 Julii,
1070 1103 1440 1149 convenerunt
1474 1096 1525 1149 in
1555 1109 1675 1149 me-

66 1182 289 1249 tropoli
318 1183 445 1237 sede
465 1184 668 1239 Cantiae
691 1184 950 1254 episcopi,
976 1184 1219 1251 abbates,
1245 1187 1443 1255 quique
1468 1186 1675 1241 nobiles

63 1281 130 1325 et
191 1273 613 1329 innumerabilis
664 1288 1096 1344 quaqneversum
1148 1288 1335 1332 coacta
1391 1278 1671 1332 hominum

65 1363 397 1420 multitudo.
431 1365 612 1435 itaque
642 1365 797 1434 juxta
829 1366 972 1435 quod
1005 1366 1185 1422 fuerat
1224 1369 1668 1438 pmordinatum,

61 1455 346 1522 praefatus
370 1455 656 1512 Anselmus
678 1456 896 1527 pallium
923 1458 975 1512 in
1001 1473 1130 1513 vase
1157 1469 1413 1531 argenteo
1448 1461 1671 1517 honori-

65 1547 176 1601 fice
222 1546 432 1616 ferens,
479 1548 830 1605 Cantuariam
861 1550 1041 1616 venit,
1084 1552 1325 1622 itumque
1361 1560 1448 1608 est
1475 1550 1547 1607 illi
1572 1553 1670 1609 ob-

60 1639 222 1693 viam
256 1655 429 1712 usque
479 1641 547 1697 ad
596 1652 810 1711 portam
843 1644 1097 1708 civitatis,
1156 1641 1225 1698 ab
1270 1652 1501 1714 utroque
1542 1660 1670 1700 con-

61 1737 243 1783 ventu
265 1730 498 1786 duarum
522 1731 913 1801 Ecclesiarnm,
939 1735 1435 1805 archiepiscopatus
1458 1735 1668 1791 scilicet

60 1827 120 1872 et
167 1819 372 1874 vicina:
416 1820 647 1876 abbatia:
682 1820 868 1878 Sancti
909 1825 1226 1896 Augustini,
1260 1841 1383 1881 cum
1414 1826 1663 1882 omnibus

54 1910 160 1978 qui
215 1926 321 1979 pro
358 1912 461 1968 hoc
504 1913 619 1983 ipso
666 1914 760 1969 illo
802 1915 1193 1971 confluxerant.
1226 1917 1389 1973 Pater
1430 1919 1663 1990 stipatus

60 2002 371 2072 episcopis,
403 2013 459 2059 et
510 2006 749 2073 indutus,
774 2018 835 2063 ut
855 2006 965 2072 alii,
995 2010 1238 2065 vestibus
1268 2011 1462 2077 sacris,
1502 2012 1661 2066 nudis

63 2094 307 2162 pedibus
360 2095 587 2152 devotus
639 2101 896 2155 occurrit.
957 2099 1158 2167 Sicque
1204 2102 1442 2158 delatum
1498 2119 1661 2174 super

61 2186 251 2241 altare
284 2186 585 2244 Salvatoris
620 2191 841 2261 pallium
886 2202 987 2258 est,
1044 2203 1102 2248 et
1150 2212 1180 2249 a
1234 2195 1487 2265 pontiﬁce
1534 2196 1661 2252 inde

61 2288 410 2349 susceptum,
438 2280 578 2338 facta
607 2283 757 2352 prius
784 2282 1029 2340 Romano
1051 2285 1291 2355 pontifici
1314 2286 1383 2341 de
1405 2285 1661 2342 fidelitate

61 2380 118 2424 et
156 2373 433 2429 canonica
461 2375 771 2431 obedientia
807 2377 1164 2447 professione.
1199 2379 1403 2435 Deinde
1446 2395 1545 2450 pro
1575 2394 1661 2434 re-

63 2465 322 2518 verentia
350 2465 495 2520 beati
528 2466 671 2522 Petri
704 2468 772 2523 ab
794 2469 1044 2525 omnibus
1078 2469 1444 2537 deosculatur,
1485 2478 1539 2525 et
1580 2470 1660 2523 in.

62 2554 238 2609 dutus
284 2556 622 2627 eo‘pontifex
667 2574 911 2614 summus
956 2559 1023 2613 ad
1071 2560 1389 2615 cathedram
1429 2560 1659 2629 patriar-

63 2647 275 2703 cbatus
304 2648 601 2720 Anglorum
644 2651 875 2722 gloriose
916 2652 1252 2723 perducitur,
1281 2662 1339 2708 et
1386 2652 1656 2707 intbroni-

60 2747 244 2791 zatur.
274 2739 417 2794 Ante
444 2755 608 2809 quam
634 2742 988 2808 cathedram,
1023 2741 1188 2799 dictis
1206 2742 1541 2798 orationibus
1564 2782 1580 2807 ,
1603 2749 1658 2797 et

60 2829 190 2885 aliis
220 2845 346 2899 qua:
392 2831 560 2901 ipsius
599 2832 855 2889 Ecclesiae
892 2849 1047 2890 sacer
1076 2849 1207 2890 usus
1252 2833 1359 2890 dici
1404 2833 1654 2899 instituit,

61 2935 198 2975 mox
248 2921 508 2977 Ecclesiae
537 2920 887 2994 Vigornensis
932 2925 1163 2983 antistes
1204 2926 1432 2992 electus,
1482 2924 1657 2980 Theo-

62 3010 263 3066 baldus
304 3011 544 3078 nomine,
583 3013 632 3068 ei
676 3017 1078 3072 consecrandus
1121 3016 1500 3087 praesentatur.
1550 3015 1654 3084 Qui

64 3100 132 3155 ab
170 3116 243 3156 eo
286 3104 635 3159 examinatus
683 3114 739 3161 et
787 3122 937 3163 more
981 3108 1140 3164 solito
1167 3111 1490 3168 canonicam
1519 3115 1568 3169 ei
1597 3122 1654 3169 et

60 3193 480 3249 successoribus
512 3195 626 3250 suis
669 3194 1031 3254 obedientiam
1063 3199 1362 3271 professus,
1405 3215 1649 3261 sacratus

1756 696 1757 699 η
1786 633 2113 701 repromisit.
2146 634 2347 691 Eodem
2375 652 2517 691 anno
2552 636 2814 697 Henricus
2844 656 2938 697 rex
2973 642 3139 713 jussit
3173 660 3362 703 omnes

1782 723 2063 795 episcopos
2090 735 2145 782 et
2167 727 2440 799 principes
2468 729 2630 786 totius
2673 732 2826 803 regni
2861 735 2928 789 ad
2958 736 3164 792 curiam
3201 754 3361 794 suam

1782 816 1881 872 sub
1911 832 2019 874 uno
2050 820 2257 875 venire.
2297 820 2451 877 Unde
2470 837 2655 878 rumor
2681 838 2778 894 per
2806 834 2971 881 totam
3004 836 3204 884 terram
3236 831 3359 887 dis-

1778 920 1968 975 persus
2010 916 2095 963 est
2134 909 2442 977 pontificem
2471 910 2881 969 Cantuariorum
2932 918 3182 987 generale
3225 936 3359 975 eou-

1778 996 1960 1051 cilium
2009 997 2297 1067 (prasente
2327 998 2504 1070 legato
2547 1002 2748 1057 domini
2794 1019 2963 1075 papa},
2995 1005 3149 1075 cujus
3188 1023 3355 1079 supra

1778 1089 2156 1162 meminimus)
2216 1091 2632 1161 celebraturum,
2673 1102 2728 1150 et
2767 1112 2900 1151 nova
2948 1100 3192 1167 quaedam
3246 1111 3355 1157 tan-

1777 1189 1938 1250 toque
1982 1184 2271 1237 conventui
2307 1184 2465 1254 digna
2515 1201 2613 1255 pro
2652 1188 2993 1243 correctione
3031 1190 3355 1248 Christiana:

1776 1271 2051 1340 religionis
2083 1274 2135 1327 in
2159 1275 2307 1330 omni
2339 1275 2530 1331 ordine
2553 1278 3037 1350 promulgaturum.
3081 1281 3266 1352 itaque
3293 1293 3355 1339 ut

1773 1382 1871 1422 rex
1916 1366 2157 1436 jusserat
2208 1385 2297 1423 xvt
2352 1369 2470 1424 Kal.
2524 1370 2743 1438 Octob.,
2779 1380 3077 1429 conventus
3106 1376 3351 1432 omnium

1770 1460 1913 1529 apud
1951 1460 2498 1523 Westmonasterium
2548 1464 2600 1518 in
2632 1465 2834 1534 palatio
2864 1466 3004 1537 regis
3036 1467 3215 1525 factus
3245 1478 3348 1537 est,

1771 1562 1828 1606 et
1872 1554 2018 1622 quod
2052 1554 2118 1609 de
2170 1555 2385 1610 concilii
2432 1555 2797 1613 celebratione
2842 1567 2895 1612 et
2922 1559 3352 1617 Christianitatis

1768 1641 2151 1700 emendatione
2200 1650 2390 1699 rumor
2428 1645 2758 1714 disperserat
2812 1646 2947 1701 nihil
3003 1647 3171 1705 fuisse
3228 1666 3352 1719 qua:

1770 1728 2101 1787 confluxerat
2124 1732 2410 1788 multitudo
2443 1735 2657 1789 tandem
2691 1735 2945 1791 advertit.
2981 1736 3137 1793 Venit
3168 1749 3349 1796 tamen

1770 1820 1895 1877 illuc
1938 1837 2080 1892 saepe
2126 1825 2436 1881 nominatus
2464 1826 2773 1892 Ansehnus,
2814 1828 2907 1897 qui
2942 1829 3165 1900 pallium
3199 1830 3347 1903 Can-

1766 1914 2001 1968 tuariam
2035 1915 2324 1984 detulerat,
2354 1917 2603 1973 deferens
2632 1918 2913 1989 epistolam
2941 1934 3008 1975 ex
3037 1930 3189 1991 parte
3218 1937 3349 1993 apo-

1763 2003 1940 2059 stolici
1986 2005 2097 2077 regi
2146 2016 2201 2062 et
2242 2009 2512 2079 episcopis
2546 2009 2790 2081 Anglice,
2828 2011 2974 2068 hunc
3013 2019 3220 2068 textum
3251 2013 3350 2069 ha-

1763 2096 2004 2152 bentem.

1837 2207 1855 2241 ι
1886 2187 2163 2243 Paschalis
2191 2190 2495 2259 episcopus,
2550 2207 2738 2248 servus
2786 2207 3065 2248 servorum
3100 2192 3218 2262 Det,
3250 2196 3345 2249 di-

1761 2279 1902 2336 lecto
1929 2279 2039 2337 filio
2069 2280 2301 2338 llenrico
2330 2283 2528 2341 illustri
2582 2286 2720 2354 regi,
2749 2294 2803 2340 et
2825 2286 3092 2355 episcopis
3134 2287 3347 2359 Anglici

1742 2371 1941 2442 regni,
1973 2373 2201 2428 salutem
2234 2382 2286 2428 et
2316 2373 2663 2443 apostolicam
2701 2375 3151 2431 benedictionem.

1836 2483 1855 2514 ι
1902 2463 2149 2529 Qualiter
2199 2462 2439 2520 Ecclesia
2471 2464 2566 2521 Dei
2615 2465 2837 2521 fundata
2878 2466 2970 2534 sit,
3006 2486 3025 2520 ι
3071 2475 3180 2524 etc.
3218 2466 3349 2523 Vide

1757 2555 1811 2607 in
1842 2554 2092 2608 PaertaJi
2122 2552 2209 2609 Il.

1831 2641 1947 2696 Rex
1982 2643 2049 2696 ad
2085 2642 2221 2709 haec,
2266 2644 2499 2699 consilio
2528 2660 2650 2701 cum
2687 2645 2953 2716 episcopis
3003 2647 3189 2703 habito
3215 2648 3347 2721 quid

1758 2746 1923 2800 super
1959 2731 2042 2786 his
2090 2740 2146 2786 et
2197 2732 2519 2803 quibusdam
2570 2735 2691 2789 aliis
2735 2750 2855 2806 qua;
2900 2737 3137 2793 animum
3187 2754 3350 2797 suum

1756 2821 2045 2895 plurimum
2075 2823 2417 2880 ofl'endebant
2450 2841 2601 2897 papa:
2647 2828 3018 2898 responderet,
3046 2829 3251 2898 placuit
3290 2831 3346 2884 in

1756 2928 2048 2969 commune
2090 2922 2151 2968 ut
2196 2930 2322 2970 suos
2360 2917 2580 2972 nuntios
2610 2916 2873 2986 mitteret,
2907 2933 3004 2988 per
3049 2935 3184 2989 quos
3223 2936 3345 2992 qua:

1740 3002 1917 3058 vellet
1945 3005 2191 3059 securius
2227 3019 2380 3075 papre
2409 3007 2715 3062 mandaret.
2750 3007 2883 3063 Nam
2932 3019 3060 3065 ante
3092 3011 3191 3065 hos
3226 3012 3345 3077 dies

1755 3092 1975 3164 quidam
2000 3093 2257 3150 Romanae
2287 3096 2544 3153 Ecclesiae
2571 3100 2886 3167 cardinalis,
2921 3100 3141 3158 functus
3194 3104 3345 3174 lcga-

1755 3186 1900 3242 tione
1928 3189 2237 3258 apostolieie
2263 3191 2429 3257 sedis,
2469 3190 2618 3248 Cono
2647 3194 2885 3259 nomine,
2920 3196 3207 3253 Franciam
3247 3214 3343 3253 ve-

61 3292 143 3337 εει
179 3282 485 3339 honoriﬁce
521 3284 574 3338 in
602 3285 977 3355 pontiﬁcatum
1010 3256 1081 3343 εδ
1104 3304 1267 3358 quem
1308 3256 1487 3348 fdera;
1514 3308 1649 3363 pm-
1674 3256 1722 3320 ο
1752 3285 1931 3343 uerat,
1964 3287 2020 3333 et
2052 3278 2147 3344 ibi,
2181 3279 2339 3349 juxta
2364 3297 2476 3337 sua:
2500 3282 2788 3354 legationis
2821 3285 3079 3353 officium,
3113 3304 3345 3357 genera-

63 3374 336 3429 titulatus.
370 3374 507 3430 Huic
554 3378 953 3433 consecrationl
1001 3378 1363 3436 interfuerunt
1395 3392 1451 3439 et
1492 3384 1647 3455 adja-

67 3474 220 3521 tores
242 3467 576 3522 exstiterunt
597 3468 836 3539 episcopi
870 3468 962 3540 qui
984 3482 1367 3539 convenerant,
1397 3476 1649 3534 videlicet

63 3555 377 3614 Richardus
432 3558 874 3624 Lundoniensis.
927 3558 1191 3631 Rogerius
1251 3562 1645 3635 Serberiensis,

65 3648 367 3705 Herbertus
417 3650 819 3717 Norwicensis,
873 3651 1190 3724 Radulphus
1247 3654 1599 3712 Cicestreusis
1630 3698 1646 3723 ,

64 3740 303 3796 Joannes
368 3743 790 3810 Bathoniensis,
856 3743 1099 3800 llerveus
1179 3745 1429 3802 Eliensis.
1494 3746 1647 3814 Quod

65 3836 353 3904 episcopus
392 3833 659 3890 Rofl'eusis
701 3849 764 3889 ea
804 3836 913 3899 die,
946 3835 1071 3891 licet
1111 3836 1368 3906 adfuerit,
1400 3849 1649 3896 sacratus

66 3940 173 3979 non
217 3925 347 3987 fuit,
378 3916 448 3978 Ain
480 3940 545 3980 eo
580 3925 862 3990 remansit,
909 3925 1117 3980 ratione
1147 3926 1395 3992 detento,
1440 3941 1560 3997 qua:
1592 3928 1647 3984 in

70 4015 208 4069 aliud
258 4023 471 4084 tempus
514 4016 565 4070 id
607 4014 961 4072 differendum
1003 4015 1176 4087 magis
1206 4015 1473 4087 expedire
1522 4035 1648 4090 per-

68 4108 239 4163 suasit
266 4108 451 4161 animo
478 4106 616 4178 ejus.

64 4214 69 4219 ·
130 4197 374 4252 Litteras
403 4212 616 4267 quoque
653 4211 752 4265 per
794 4195 847 4251 id
900 4197 1159 4267 temporis
1206 4196 1459 4254 dominus
1507 4214 1645 4269 papa

65 4284 351 4344 Fratribus
374 4288 633 4344 Ecclesia:
654 4288 856 4343 Christi
896 4287 1307 4344 Cantuariensis
1332 4289 1642 4355 destinavit,

66 4393 195 4446 quas
242 4381 331 4434 hic
358 4392 562 4449 ponere
587 4394 693 4434 non
720 4379 955 4435 alienum
981 4379 1166 4450 putavi
1194 4394 1226 4436 a
1260 4381 1491 4448 ratione;
1518 4392 1645 4437 sunt

69 4483 240 4526 autem
266 4472 380 4527 hae:

1750 3364 1821 3420 lia
1851 3367 2078 3423 concilia
2129 3370 2434 3437 celebrans,
2465 3374 2751 3446 episcopos
2806 3376 3216 3436 Northmanniae
3271 3384 3342 3439 ab

1750 3458 2038 3528 episcopali
2060 3459 2236 3516 ofﬁcio
2259 3478 2553 3533 suspensos
2573 3471 3085 3539 excommunieavit,
3109 3490 3174 3530 eo
3196 3477 3339 3545 quod

1747 3549 1995 3605 conciliis
2016 3552 2180 3608 tertio
2214 3556 2389 3610 vocati
2422 3555 2687 3615 interesse
2714 3560 3022 3617 noluerant.
3052 3564 3182 3631 Quae
3220 3569 3339 3636 epi-

1751 3654 2044 3710 scoporum
2114 3647 2644 3715 excommunicatio,
2700 3652 2940 3707 animum
3002 3657 3143 3727 regis
3188 3655 3341 3714 valde

1750 3732 2003 3801 reddidit,
2030 3736 2444 3803 conturbatum,
2476 3747 2530 3793 et
2565 3740 2796 3797 rationis
2824 3758 2946 3800 esse
2978 3746 3132 3800 duxit
3176 3763 3340 3817 super

1748 3821 1834 3877 his
1867 3839 2060 3893 papam
2102 3829 2410 3894 convenire,
2457 3832 2691 3887 maxime
2733 3834 2875 3902 quod
2931 3836 2983 3890 in
3030 3828 3337 3905 hujusm'odi

1746 3912 1897 3969 visus
1946 3914 2017 3969 sit
2063 3917 2340 3988 privilegia
2390 3921 2531 3990 patri
2562 3928 2617 3975 et
2658 3921 2815 3977 fratri
2868 3938 2990 3988 suo,
3041 3928 3253 3996 sibique
3303 3943 3336 3982 a

1748 4003 1991 4063 Romana
2024 4006 2261 4064 Ecclesia
2305 4009 2417 4078 jam
2440 4012 2568 4066 olim
2617 4012 2833 4079 collata,
2875 4030 2934 4071 se
2982 4031 3088 4071 non
3122 4032 3337 4086 promc-

1748 4108 1901 4154 rente
1928 4098 2172 4153 scidisse.
2223 4100 2305 4153 Ad
2354 4100 2468 4155 haec
2500 4102 2684 4172 itaque
2719 4104 2928 4173 agenda
2976 4106 3215 4162 directus
3250 4117 3337 4162 est

1749 4187 2087 4244 Willbelmus
2125 4190 2353 4245 antistes
2402 4190 2744 4258 Exoniensis,
2790 4208 2941 4265 papa:
2992 4197 3329 4265 notissimus,

1749 4289 1934 4350 utpote
1983 4279 2075 4350 qui
2110 4294 2251 4350 saepe
2303 4279 2371 4335 ad
2422 4296 2545 4336 eum
2596 4291 2838 4354 tempore
2887 4287 3106 4358 gloriosi
3154 4288 3335 4347 Patris

1745 4371 2008 4439 Aoselmi,
2040 4364 2147 4441 pro
2172 4372 2406 4442 negotiis
2448 4387 2568 4443 qua:
2598 4384 2724 4429 tunc
2750 4377 2893 4429 inter
2943 4391 3099 4447 reges
3127 4378 3334 4449 Anglia)

1745 4468 1803 4517 et
1824 4462 2072 4519 eumdem
2106 4461 2325 4517 Patrem
2356 4462 2734 4530 versabantur,
2766 4463 2837 4518 ab
2880 4465 3011 4535 ipsis
3035 4467 3215 4522 fuerat
3240 4484 3333 4523 re-

138 4583 155 4615 i
184 4564 467 4618 Paschalis
488 4564 793 4634 episcopus,
823 4576 1012 4617 servus
1038 4576 1316 4617 servorum
1347 4561 1477 4628 Dei,
1504 4562 1644 4618 Can-
1675 4592 1721 4649 ι)
1747 4551 1903 4649 είξιυε
1931 4552 2260 4608 ἀθειίηθίυε-
2296 4551 2407 4608 Nec
2451 4553 2597 4649 fmim
2627 4554 2847 4611 οποίῑδε
2898 4570 3017 4625 (ιυεε
3071 4556 3242 4611 νίευιη
3278 4559 3333 4614 ei

72 4658 361 4712 tuariensis
409 4656 666 4711 Ecclesiae
715 4655 871 4721 filiis,
915 4654 1143 4710 salutem
1188 4663 1242 4710 et
1290 4654 1641 4724 apostolicam

72 4745 512 4803 benedictionem.

138 4860 156 4891 ‹
187 4840 445 4895 Ecclesia:
489 4848 683 4895 vestrae
714 4838 936 4909 legatos,
977 4856 995 4890 ι
1028 4848 1133 4892 etc.
1170 4835 1302 4891 Vide
1337 4836 1463 4892 ibid.

133 4929 261 4983 Post
291 4928 391 4983 hos
423 4928 539 4983 dies
572 4927 890 4997 Radulphus
919 4925 1388 4994 archiepiscopus,
1420 4925 1645 4980 consilio

72 5028 118 5071 et
157 5018 414 5086 petitione
458 5016 840 5086 episcoporum
873 5016 1116 5085 proxime
1143 5028 1305 5082 supra
1344 5015 1645 5068 nominato-

74 5122 219 5170 rum,
261 5107 429 5173 dedit,
472 5106 904 5160 concedentibus
970 5113 1025 5158 et
1059 5103 1483 5174 approbantibus
1531 5120 1646 5159 mo-

75 5198 253 5251 nachis
274 5196 777 5262 Cantuariensibus,
807 5193 1308 5249 archidiaconatum
1353 5192 1520 5262 ipsius
1547 5194 1647 5247 Ec-

76 5286 260 5349 clesia}.
291 5286 484 5341 Joanni
511 5284 698 5355 nepoti
732 5297 852 5349 suo,
882 5282 1082 5338 clerico
1113 5281 1366 5336 videlicet
1397 5282 1647 5336 honesto-

78 5392 183 5432 rum
234 5394 442 5433 morum
474 5387 527 5433 et
567 5384 861 5431 mansueta:
888 5373 1319 5431 conversationis
1343 5373 1409 5429 ad
1437 5387 1643 5429 omnes.

78 5467 193 5537 Quae
217 5472 431 5527 donatio
466 5469 607 5523 facta
638 5477 723 5524 est
752 5468 804 5522 in
835 5465 1094 5538 capitulo,
1122 5475 1387 5537 prasente
1417 5464 1644 5519 fratrum

78 5571 349 5627 conventu,
379 5561 597 5630 copiosa
637 5558 959 5614 clericorum
989 5571 1056 5612 ac
1085 5557 1349 5612 laicorum
1397 5555 1645 5610 multitu-

82 5652 191 5709 dine
216 5669 312 5724 pro
353 5656 458 5708 hoc
480 5653 598 5722 ipso
646 5651 700 5705 in
748 5650 985 5705 medium
1018 5650 1282 5713 adducta,
1328 5647 1472 5703 facto
1498 5647 1647 5718 prius

82 5756 243 5798 coram
273 5743 525 5799 omnibus
548 5743 617 5796 ab
646 5740 837 5795 eodem
868 5738 1102 5805 Joanne,
1134 5738 1291 5794 tactis
1320 5738 1646 5808 Evangeliis,

84 5848 403 5893 sacramento
446 5851 563 5907 .quo
614 5850 673 5891 se
722 5833 1035 5889 fidelitatem
1089 5830 1340 5889 Ecclesia:
1392 5831 1492 5903 ipsi
1550 5847 1647 5902 per

1748 4642 1943 4699 tulerat
1972 4646 2040 4700 ab
2066 4644 2182 4715 ipso
2222 4645 2419 4701 itinere
2459 4645 2609 4700 illum
2647 4654 2859 4716 poterat
2889 4662 3171 4717 excusare,
3202 4649 3332 4718 quia

1746 4736 2020 4806 pratterita
2048 4746 2201 4806 gesta
2247 4735 2365 4805 ejus
2410 4734 2664 4790 fiduciam
2695 4734 2808 4805 regi
2834 4737 3150 4805 praebebant
3178 4736 3329 4789 illum

1744 4841 1843 4896 pro
1874 4841 2052 4898 posse,
2077 4824 2234 4894 juxta
2281 4840 2489 4882 morem
2529 4840 2709 4894 suum,
2739 4838 2850 4881 suae
2877 4839 3055 4880 causae
3100 4825 3332 4881 fidelier

1746 4918 1886 4973 velle
1915 4918 2183 4973 insistere.

1817 5008 2027 5063 interea
2056 5007 2240 5063 clerici
2291 5007 2689 5063 Menenwensis
2735 5006 3019 5073 Ecclesiae,
3075 5023 3198 5077 quae
3227 5008 3328 5064 sub

1746 5096 2049 5169 patrocinio
2105 5096 2248 5149 beati
2299 5096 2534 5150 Andreze
2564 5105 2618 5151 et
2646 5097 2815 5151 sancti
2872 5096 3039 5151 David
3067 5097 3121 5152 in
3157 5096 3329 5153 Walis

1747 5190 1970 5246 fundata
2012 5189 2285 5255 consistit,
2317 5191 2628 5260 episcopum
2665 5191 2769 5245 sibi
2793 5192 3046 5249 defuncto
3070 5192 3327 5264 episcopo

1745 5298 1844 5338 suo
1867 5281 2151 5349 Waifrido,
2177 5297 2209 5336 a
2245 5298 2374 5353 rege
2400 5282 2633 5338 Henrico
2655 5283 3019 5354 postulavere,
3047 5296 3102 5342 et
3121 5288 3331 5344 electus

1746 5384 1829 5427 est
1855 5372 1909 5426 in
1957 5372 2060 5426 hoc
2090 5387 2226 5441 opus
2272 5372 2579 5428 Bernardus
2609 5375 2860 5444 quidam,
2907 5378 3216 5447 capellanus
3244 5395 3330 5435 re-

1747 5464 1908 5533 gium,
1938 5462 2027 5517 vir
2070 5463 2269 5533 probus
2309 5472 2365 5520 ct
2402 5462 2694 5519 multorum
2740 5466 2965 5536 judicio,
3025 5470 3329 5528 sacerdotio

1748 5554 1963 5624 dignus.
2000 5554 2215 5608 Electus
2256 5563 2341 5609 est
2389 5562 2569 5610 autem
2623 5555 2862 5611 Sabbato
2886 5556 3074 5626 jejunii
3110 5558 3329 5627 septimi

1748 5643 1970 5709 mensis,
2001 5653 2056 5698 et
2092 5644 2284 5700 eodem
2332 5645 2420 5699 die
2451 5645 2518 5699 ad
2545 5646 2975 5717 presbyteratum
3003 5663 3032 5701 a
3056 5646 3328 5703 Wentano

1747 5736 2002 5806 episcOpo
2026 5733 2335 5793 Wililtelmo
2358 5736 2497 5805 apud
2521 5729 2934 5792 Suthwereham
2956 5744 3323 5791 consecratus.

1750 5825 1824 5881 De
1843 5825 2184 5896 promotione
2210 5840 2339 5885 vero
2366 5827 2735 5897 pontificatus,
2763 5839 2926 5895 quam
2959 5839 3084 5882 mox
3112 5824 3166 5881 in
3198 5838 3324 5881 cra-
