3890 6306
99 314 200 373 897

1145 308 1929 379 υιιιδτοιιιιιοκθινοιιυιι.
1971 336 2041 347 -
2070 301 2307 363 suum
2351 328 2366 357 .

3248 304 3355 361 498

96 428 318 502 gnitatis
349 442 459 483 suae
495 424 731 489 libertati
759 424 881 493 ficta
906 425 1207 507 reverentia
1241 425 1672 495 acclamantinm,
1708 437 1751 488 Α
1781 430 1837 477 ct
1862 419 2099 492 inclytus
2126 418 2287 473 Pater
2310 413 2609 471 Anselmus.
2628 411 2756 489 olim
2787 411 3089 489 abvsknglia
3108 441 3114 447 ι
3133 428 3231 483 pro
3264 416 3356 486 ju-

97 523 291 593 saique
324 519 522 587 cordis
584 517 817 583 consilio
868 518 1379 589 impnemeditatius;
1421 518 1669 584 credens,

100 611 427 668 renuntiavit
456 609 819 681 pontificatui,
866 608 1142 679 spondens
1168 607 1277 678 regi
1305 615 1361 662 et
1411 605 1676 675 archiepio

98 718 260 773 scopo
286 719 365 771 se,
386 702 512 757 dum
527 702 764 767 viveret,
792 700 941 770 illum
968 716 1075 755 non
1104 698 1542 767 reclamaturum,
1575 711 1676 753 nec

95 794 331 867 aliquam
358 792 685 867 calumniam
717 791 844 864 inde
884 797 1179 863 moturum,
1217 789 1525 862 quicunque
1549 787 1677 843 sub-

94 884 318 939 stitutus
372 882 579 958 fuisset.
635 882 742 937 Sed
794 895 920 938 cum
956 889 1081 951 post
1124 880 1262 953 dies,
1306 887 1364 935 et
1415 886 1674 959 consueta

94 977 354 1046 obsequia
381 984 432 1030 et
462 974 676 1046 pristini
705 974 940 1030 honores
962 973 1106 1029 circa
1134 988 1193 1029 se
1218 971 1449 1033 defectui
1480 984 1675 1040 magno

93 1074 362 1136 paterent.
394 1064 703 1119 tabescebat
742 1064 946 1132 animo,
970 1071 1053 1131 et,
1077 1077 1135 1117 se
1162 1060 1356 1117 fecisse
1377 1061 1520 1130 quod
1548 1059 1677 1116 fecit

96 1157 451 1212 vehementer
480 1154 729 1213 indoluit.
773 1154 1118 1227 Quapropter
1167 1162 1379 1227 mutato
1422 1151 1674 1229 consilio,

94 1265 276 1320 regem
302 1258 455 1303 trans
499 1261 653 1325 mare
704 1258 922 1319 euntem
959 1255 1193 1315 secutus.
1224 1255 1331 1311 est,
1360 1259 1588 1316 sperans
1614 1258 1677 1300 se

92 1340 473 1401 revestituram
504 1340 587 1396 sui
624 1339 981 1411 pontiﬁcatus.
998 1346 1464 1409 recuperaturum,
1497 1347 1552 1393 et
1582 1337 1675 1394 tali

91 1433 253 1487 modo
282 1447 411 1503 erga
437 1448 561 1487 eum
592 1431 861 1488 facturum
902 1440 981 1495 ut,
1028 1446 1093 1486 eo
1121 1430 1491 1500 pnecipiente,
1516 1429 1676 1486 bene.

92 1512 386 1591 dictionem
415 1521 483 1576 ab
514 1520 931 1593 archiepiscopo
970 1521 1089 1587 sine
1131 1519 1483 1589 professionis
1515 1534 1678 1575 exac—

91 1612 240 1667 tione
268 1611 683 1681 adipisceretur.
713 1610 1053 1682 Cui‘negotio
1078 1626 1198 1677 cum
1225 1625 1284 1666 se
1307 1611 1541 1666 medium
1570 1610 1673 1669 nisi

88 1718 206 1759 rem
256 1702 577 1771 protelando
608 1718 701 1759 rex
736 1703 919 1758 lacere
970 1702 1157 1768 nollet,
1186 1703 1364 1783 sciens
1402 1702 1674 1773 archiepi—

86 1811 329 1866 scopum
364 1795 731 1852 abominabile
797 1797 1000 1853 habere
1053 1799 1559 1869 tanto-praecipitio
1613 1815 1673 1856 se

85 1890 402 1956 perenniter
430 1888 546 1945 fieri
583 1888 902 1954 obnoxium,
933 1904 1195 1959 suspensa
1246 1904 1334 1945 res
1358 1899 1466 1956 est,
1490 1898 1545 1946 et
1571 1906 1673 1947 nec

86 1984 223 2051 ipse,
256 1995 359 2037 nec
391 1981 530 2037 alius
580 1982 702 2053 quis
752 1982 803 2037 in
846 1981 1221 2054 episcopatum
1270 1983 1671 2039 Eboracensem

81 2072 430 2131 substitutus.
1040 2095 1044 2105 ι
1267 2100 1274 2111 -
1378 2097 1385 2103 υ

152 2192 275 2261 ipso
336 2206 481 2247 anno
510 2191 677 2247 circa
708 2204 948 2247 mensem
977 2191 1299 2262 Augustum,
1337 2204 1588 2246 reversus
1638 2191 1670 2244 τι

80 2285 257 2338 Roma
319 2274 484 2353 supra
546 2286 882 2338 memoratus
926 2281 1223 2338 Anselmus
1270 2283 1421 2339 venit
1466 2280 1671 2338 North-

79 2378 363 2432 manniam
416 2378 481 2432 ad
533 2391 713 2444 regem
766 2373 1061 2430 Henricum
1113 2374 1323 2430 litteras
1386 2373 1671 2444 apostolici

77 2467 363 2529 deferens,
394 2482 514 2536 qua:
538 2466 639 2522 sibi
665 2464 815 2521 vices
838 2465 1161 2535 apostolicas
1190 2465 1241 2519 in
1278 2464 1465 2535 Anglia
1498 2455 1672 2519 admi-

78 2561 327 2614 nistrarc
354 2554 763 2612 concedebant.
792 2555 989 2623 "Quod-
1033 2571 1200 2626 regno
1263 2556 1470 2627 Anglice
1517 2556 1669 2611 brevi

75 2647 347 2703 innotuit.
374 2646 637 2701 Admirati
682 2661 812 2716 ergo
828 2640 1071 2715 episcopi
1092 2644 1353 2701 'abbates.
1377 2653 1433 2700 et
1463 2645 1671 2701 nobiles

72 2742 285 2811 quique
313 2737 608 2793 Lundonia:
636 2737 859 2791 adunati
887 2746 1013 2793 sunt
1032 2751 1195 2807 super
1218 2736 1326 2802 his,
1369 2745 1426 2791 et
1449 2726 1671 2805 quibuv

74 2810 210 2884 dum
294 2828 439 2895 aliis,
494 2835 763 2897 prtesente
812 2828 1020 2897 regina,
1093 2810 1368 2881 communi
1442 2825 1671 2882 consilio

74 2921 397 2976 tractaturi.
445 2917 829 2987 Quid-multa“!
852 2918 1063 2974 Placuit
1104 2918 1359 2973 omnibus
1403 2917 1671 2989 archiepi-

75 3028 310 3083 scopum
360 3005 841 3077 Cantuariensem,
898 3026 1058 3081 quem
1127 3010 1363 3065 maxime
1403 3020 1506 3066 ‘res
1555 3010 1673 3066 hmo"

78 3107 433 3176 respiciebat,
494 3119 673 3176 regem
725 3104 899 3170 adire,
950 3113 1007 3159 et
1050 3103 1292 3175 exposita
1342 3104 1391 3159 ei
1446 3090 1667 3175 antiqua
1697 3133 1742 3196 Ο

80 3197 235 3267 regni
262 3195 655 3252 consuetudine
688 3195 850 3251 simul
879 3210 943 3251 ac
974 3195 1245 3261 libertate,
1270 3195 1313 3251 si
1342 3194 1668 3261 consuleret,

78 3290 316 3343 Romam
347 3290 451 3342 iret
474 3295 531 3340 et
564 3287 879 3341 haec-nova-
910 3285 1255 3341 annihilaret.
1313 3285 1674 3356 Amplectitur

81 3382 174 3436 ille
213 3376 532 3441 consilium,
566 3368 622 3431 et
650 3370 861 3431 arnore
903 3391 1065 3446 quam
1124 3376 1364 3431 maximo
1404 3368 1680 3431 'visitandi'

80 3467 454 3539 apostolorum
486 3465 676 3520 limina
706 3466 909 3520 ardens
941 3480 1096 3520 mare
1129 3466 1369 3532 transiit,
1396 3475 1453 3521 et
1478 3460 1671 3537 regem

80 3558 411 3629 Rothomagi
455 3558 675 3628 reperit.
725 3557 769 3611 A
806 3572 912 3626 quo
961 3566 1019 3612 et
1051 3552 1672 3628 Ecclesia‘poutificatus

76 3656 256 3728 ipsius
296 3651 537 3709 civitatis
566 3642 1010 3721 summo‘gaudio
1054 3659 1109 3704 et
1138 3651 1343 3706 honore
1366 3650 1677 3722 susceptus;

70 3763 181 3819 per
230 3745 421 3816 plures
475 3743 593 3798 dies
639 3743 693 3797 in
748 3742 935 3796 eadem
983 3741 1206 3795 civitate
1251 3740 1323 3795 ab
1372 3741 1488 3812 ipso
1543 3750 1675 3812 rege

70 3840 336 3891 detentus
358 3842 460 3889 est.
484 3831 660 3901 Supra
686 3838 1049 3886 memoratum
1093 3842 1312 3899 quoque
1353 3828 1677 3884 Anselmum‘

71 3930 151 3983 ibi
179 3926 488 3995 reperimus
507 3922 794 3977 transitum
819 3920 870 3974 in
894 3914 1168 3989 Angliam;
1191 3918 1674 3990 gratiaflegationis

71 4032 192 4073 sua:
218 4012 571 4078 exercendae,
631 4010 1055 4083 praestolantem.
1102 4003 1218 4064 'Sed
1256 4024 1351 4064 rex
1411 4008 1675 4064 Henricus

71 4108 324 4178 antiquis
346 4105 564 4175 Anglice
585 4102 1068 4159 consuetudinibus
1090 4098 1464 4172 prtejudiciu‘m
1485 4099 1677 4156 inferri

70 4214 191 4257 non
210 4199 527 4267 "sustinens,
557 4196 704 4251 illum
724 4194 1099 4265 .ab-ingressu-
1124 4194 1334 4266 Anglia:
1376 4194 1672 4259 detinebat,

67 4301 130 4346 et
163 4292 241 4353 ci,
276 4298 463 4359 utpote
495 4288 685 4343 nuntio
712 4286 859 4342 beati
885 4285 1057 4350 Petri,
1089 4276 1394 4357 largiter‘et
1432 4275 1675 4342 olliciose

71 4379 385 4437 ministrari
409 4378 666 4433 faciebat.

1775 512 1923 577 stiria
1952 509 2309 588 pulsus-,non
2358 506 2504 561 sicut
2541 504 2694 561 exsul
2731 514 2824 563 aut
2858 500 3174 585 peregrinps
3196 546 3225 581 ρ»
3262 509 3355 562 sed

1776 600 1953 659 incola
1986 608 2043 655 et
2069 614 2199 671 vere
2226 597 2396 673 ipsius
2424 595 2528 669 loci
2560 596 2755 669 praesul
2781 603 2836 651 et
2870 597 3121 652 dominus
3143 597 3211 651 ab
3236 613 3355 657 om?

1775 694 1937 749 nibus
1985 691 2203 747 habitus
2252 689 2465 763 fuerat,
2526 687 2886 767 ,Lugdppum,
2936 689 3180 759 inquam,
3234 706 3357 753 cum

1775 785 2114 855 venissemus
2157 770 2226 838 et
2289 796 2410 847 cum
2475 780 2796 834 honore.et
2840 793 3027 834 amere
3080 781 3357 851 praecipuo

1776 874 2017 947 suscepti
2053 872 2366 941 fuissemus,
2409 868 2709 943 mansimus
2757 868 2827 921 ibi
2864 868 3193 936 aliquandiu,
3243 878 3354 925 tum

1776 952 1989 1029 sincera
2029 962 2271 1035 omnium
2301 959 2433 1015 mihi
2458 956 2902 1031 conversantium
2932 957 3216 1027 dilectione
3246 959 3357 1014 ille-

1776 1055 1870 1124 cti,
1903 1064 2013 1110 tum
2044 1052 2211 1125 nimia
2237 1049 2435 1129 hiemis
2456 1047 2750 1129 asperitate
2785 1047 3103 1125 constricti,.
3128 1057 3239 1121 tum
3269 1049 3357 1104 iu-

1776 1146 1942 1203 stanti
1963 1142 2275 1199 Nativitatis
2303 1140 2507 1197 Christi
2535 1138 2909 1219 solemnitate,
2948 1138 3207 1212 devincti.
3238 1140 3358 1204 liis

1776 1239 1966 1311 diebus
1991 1245 2250 1311 prognota
2279 1234 2410 1305 mihi
2437 1232 2681 1288 locorum
2712 1239 2768 1287 et
2807 1229 3089 1291 hominum
3120 1230 3356 1286 familia-

1777 1311 1957 1394 ritate,
1978 1330 2043 1384 ad
2066 1335 2310 1401 sanctum
2338 1325 2625 1399 llireneum
2649 1322 2878 1397 quadam
2901 1321 3019 1376 vice
3038 1323 3358 1397 ascendens,

1777 1420 1972 1478 diverti
2004 1418 2071 1474 ad
2101 1417 2399 1473 oratorium
2431 1404 2599 1491 beatae
2631 1413 2811 1469 Mariae
2851 1412 3200 1483 Magdalcnte,
3230 1413 3362 1467 dua.

1776 1510 1877 1566 bus
1908 1509 2122 1564 ancillis
2150 1506 2244 1561 Dei
2267 1506 2418 1578 juxta
2448 1504 2588 1559 idem
2646 1503 2946 1558 oratorium
3000 1517 3098 1572 pro
3131 1503 3358 1578 Deo‘re—

1775 1600 1962 1668 clusis,
1998 1576 2295 1667 locuturus.
2327 1594 2430 1671 liae
2482 1592 2917 1675 l‘atri-Ansehno
2942 1608 3083 1669 pro
3106 1607 3200 1668 sua
3229 1576 3360 1647 reli-

1776 1691 1936 1759 gione
1990 1668 2493 1761 quondam.notae,
2525 1668 2671 1752 ejus
2722 1668 2937 1737 fuerant
2992 1683 3356 1739 sacratissima

1705 1780 1747 1834 Β
1775 1783 2113 1839 institutione
2160 1781 2214 1835 in
2257 1779 2444 1835 multis
2498 1778 2727 1837 edoctae.
2768 1775 2915 1855 Inter
2949 1776 3047 1855 has
3100 1777 3360 1855 instinctu

1779 1875 2020 1947 maligni,
2053 1873 2369 1950 gravissima
2394 1870 2641 1947 quaedam
2688 1854 2956 1935 discordia
2978 1854 3122 1943 post
3152 1854 3359 1947 disces:

1776 1983 1895 2023 sum
1922 1946 2152 2025 domini
2196 1946 2437 2019 Anselmi
2476 1970 2607 2016 orta
2662 1969 2772 2024 est,
2816 1977 2882 2014 ex
2927 1960 3161 2023 invidiae,
3194 1946 3251 2014 ut
3276 1960 3357 2028 lit,

1775 2057 1918 2134 male
1946 2055 2378 2127 producta.Dum
2407 2052 2570 2124 igitur
2599 2052 2827 2127 interlse
2858 2051 2998 2134 lites,
3033 2052 3357 2121 improperia

1773 2126 1831 2205 et
1866 2126 2097 2220 plurima
2139 2162 2258 2223 qua:
2285 2159 2472 2225 earum
2513 2126 2792 2214 preposito
2844 2126 3175 2205 indecentia”
3200 2149 3359 2211 erant

1774 2241 2001 2312 singulis
2028 2254 2183 2309 pene
2224 2237 2835 2315 diebus..versarentur,
2875 2232 3169 2289 secundum
3215 2236 3359 2305 quod

1774 2332 1843 2395 ab
1865 2308 1951 2388 eis
1979 2330 2109 2401 ipsis
2138 2328 2347 2398 accepi,
2372 2341 2477 2381 una
2504 2308 2776 2380 noctium.
2796 2325 2967 2387 astitit
2994 2325 3083 2405 uni
3116 2325 3357 2405 illarum,

1773 2438 1936 2496 quam
1977 2420 2150 2495 major
2192 2421 2361 2493 ipsius
2410 2418 2622 2498 discidii
2681 2417 2836 2488 culpa
2890 2402 3149 2483 notabat,
3196 2418 3359 2473 Pater

1772 2507 2243 2579 Anselmus,.dura
2280 2509 2757 2582 illaminvectione
2779 2509 3102 2585 corripiens,
3130 2517 3186 2565 et
3215 2510 3357 2578 quod

1771 2608 1841 2663 ab
1891 2607 1972 2663 eis
2025 2606 2167 2660 male
2210 2604 2497 2660 observata
2555 2603 2799 2658 doctrina
2842 2615 2962 2665 sua,
3021 2603 3095 2677 de
3132 2602 3358 2657 remotis

1773 2698 1956 2754 mundi
1983 2698 2230 2769 partibus
2267 2711 2327 2753 se
2354 2696 2421 2751 ad
2452 2710 2547 2750 eas
2568 2710 2739 2764 usque
2769 2693 3094 2763 fatigaverit,
3121 2708 3357 2762 conquee

1772 2804 1918 2845 rens.
1945 2788 2114 2845 Jussit
2140 2796 2326 2842 tamen
2352 2772 2631 2854 utcaeptis
2673 2783 3017 2847 desisterent,
3048 2789 3103 2836 et
3131 2782 3173 2836 si
3201 2797 3355 2836 suam

1774 2881 1915 2953 (quae
1940 2879 2034 2936 Dei
2082 2878 2220 2949 erat)
2273 2892 2461 2947 pacem
2518 2874 2744 2946 perdere
2797 2873 3019 2943 nollent,
3064 2872 3162 2927 sub
3210 2872 3357 2931 omni

1773 2972 2070 3040 celeritate,
2101 2969 2317 3039 omissis
2343 2966 2662 3041 ambagibus
2691 2964 2920 3032 cunctis,
2955 2964 3004 3017 in
3027 2976 3214 3033 pacem
3267 2977 3357 3034 re:

1774 3063 1971 3120 dirent.
2009 3046 2235 3117 Factum
2268 3069 2353 3117 est
2382 3060 2527 3129 quod
2567 3061 2738 3113 suasit
2787 3056 3119 3133 admirabilis
3140 3053 3353 3126 praesul,

1773 3163 1827 3207 et
1853 3167 1981 3224 ecce
2011 3151 2257 3226 habitant
2280 3151 2333 3223 in
2365 3150 2536 3215 Domo
2567 3146 3008 3215 Dei,unanimes,
3063 3159 3161 3201 nec
3205 3145 3358 3212 dubi-

1775 3255 1889 3313 tant
1931 3261 2055 3301 eum
2104 3244 2205 3299 sibi
2257 3257 2376 3299 esse
2429 3250 2751 3312 prtesentem
2783 3255 2943 3311 quem
2971 3247 3097 3293 sunt
3123 3248 3359 3308 experta:

1772 3336 2061 3393 salubriter
2085 3334 2489 3404 corripientem.
2512 3332 2780 3409 Praeterea
2804 3345 2907 3384 una
2932 3328 2999 3409 de
3021 3329 3160 3395 istis,
3183 3327 3361 3382 Acha:

1772 3428 1928 3489 leidis
1955 3426 2196 3499 nomine,
2238 3425 2506 3500 familiari-
2527 3424 2688 3479 all'atu
2719 3423 3005 3498 mihig‘sub
3031 3421 3357 3500 testimonio

1770 3516 2018 3594 veritatis
2061 3498 2314 3583 innotuit,
2345 3531 2403 3571 se
2433 3524 2554 3586 post
2580 3516 2787 3572 obitum
2835 3498 3171 3569 memorandi
3210 3511 3360 3567 Patri

1771 3605 2009 3683 Anselmi
2056 3606 2289 3675 quadam
2349 3606 2467 3685 vice
2514 3604 2632 3674 plus
2676 3604 2951 3685 solitoex
3000 3605 3139 3659 dono
3170 3602 3359 3677 gratia;

1772 3677 1868 3773 Dei
1905 3679 2245 3773 orationibus
2293 3712 2357 3759 ac
2402 3678 2665 3767 lacrymis
2698 3677 2941 3773 deditam
2968 3693 3162 3773 'suhito
3212 3692 3359 3748 velut

1773 3768 1829 3854 in
1882 3788 2079 3843 mentis
2131 3770 2413 3842 excessum
2450 3800 2613 3856 super
2639 3801 2697 3841 se
2744 3768 2977 3855 raptam,
3009 3768 3063 3839 et
3104 3781 3358 3838 tribunali

1774 3879 2176 3958 gloriosissima:
2208 3880 2405 3951 regina:
2431 3880 2691 3934 caelorum
2722 3877 3358 3957 aquibusdamreverem

1774 3951 1859 4029 dis
1887 3953 2471 4047 personisadducta‘m.’
2505 3969 2678 4037 Quam
2724 3984 2859 4046 cum
2906 3951 3100 4042 debita
3131 3951 3359 4020 venera-

1776 4066 1919 4125 tione
1950 4064 2328 4139 salutasset,et
2346 4061 2651 4136 jussarante
2680 4061 2842 4131 pedes
2868 4058 2985 4128 ejus
3006 4056 3355 4125 concidisset,

1773 4162 1900 4223 post
1930 4153 2168 4222 plurima
2198 4167 2318 4221 qua:
2347 4151 2478 4204 vidit
2510 4158 2566 4205 et
2595 4149 2799 4204 audivit
2824 4140 3359 4223 admirandapatria:

1773 4220 2013 4298 caelestis
2044 4220 2335 4311 pratconia,
2374 4239 2525 4310 quasi
2550 4236 2998 4319 quadamliduc‘ia
3022 4220 3361 4291 constantior

1775 4335 1965 4409 eEecta
1994 4343 2097 4409 est.
2148 4332 2293 4388 Inter
2321 4332 2427 4409 alia
2465 4347 2640 4403 quam
2671 4315 2886 4391 domina
2918 4315 3359 4409 rerumﬁinquisi-

1778 4426 1874 4501 vit,
1896 4404 2010 4479 'nec
2031 4404 2171 4501 qua;
2186 4408 2386 4484 fuerint
2423 4405 2553 4475 mihi
2594 4420 2775 4476 dicere
2800 4418 2987 4473 voluit.
3020 4416 3094 4471 De
3116 4404 3352 4469 venera-

98 4494 101 4495 ⁷
148 4491 419 4547 Radulfus
442 4490 610 4560 igitur
638 4488 1073 4560 archiepiscopus
1097 4505 1219 4545 cum
1275 4504 1401 4561 rege
1444 4491 1508 4546 de
1562 4506 1672 4567 ne-I

1775 4488 1870 4571 bili
1902 4488 2125 4584 Hugone
2150 4497 2491 4583 Lugdunensi
2521 4509 2773 4581 pontifice
2797 4508 3071 4587 sciscitata
3100 4514 3199 4567 est,
3227 4502 3363 4585 quo-5

70 4584 269 4655 gotiis,
320 4597 421 4652 pro
448 4581 667 4646 quibus
700 4588 957 4649 venerat,
1003 4579 1156 4648 juxta
1202 4595 1381 4634 rerum
1421 4582 1668 4635 ordinem

70 4675 399 4747 diligentius
445 4688 631 4742 agens,
685 4672 970 4727 consilium
1008 4672 1125 4740 ejus
1182 4672 1421 4726 Romani
1463 4674 1675 4731 itineris

69 4772 279 4826 callem
312 4771 633 4841 ingreditur.
689 4767 788 4825 Ubi
834 4776 1012 4821 autem
1063 4768 1117 4845 in
1166 4767 1451 4823 Franciam
1493 4768 1670 4837 venit,

70 4864 238 4937 gravi
266 4862 449 4917 ulcere
479 4860 533 4914 in
567 4858 705 4914 facie
728 4868 1017 4928 percussus
1045 4865 1150 4922 est,
1173 4865 1248 4923 et,
1284 4858 1675 4913 intumescente

71 4965 197 5009 toto
256 4952 462 5022 capite,
516 4964 685 5019 usque
736 4951 802 5002 ad
858 4957 1101 5003 extrema
1154 4962 1291 5017 pene
1338 4948 1673 5016 perducitur.

69 5046 193 5116 Qua
233 5044 303 5100 de
327 5058 492 5098 causa
524 5045 575 5095 in
604 5050 784 5097 castro
817 5040 984 5110 (quod
1014 5039 1223 5094 Feritas
1251 5030 1293 5094 av
1315 5038 1470 5095 freno
1509 5026 1676 5095 voca-4

73 5142 191 5208 tur)
237 5153 340 5208 per
372 5137 643 5207 integrum
676 5150 915 5190 mensem
945 5134 1082 5188 lecto
1108 5133 1386 5201 decubuit,
1412 5135 1565 5190 nobis
1584 5132 1677 5205 qui

68 5247 207 5285 cum
241 5244 307 5283 eo
338 5243 557 5283 eramus
602 5227 689 5280 vix
724 5226 889 5281 vitam
944 5224 1015 5279 illi
1055 5225 1452 5294 pollicentibus.
1500 5227 1680 5282 Melio-

70 5332 240 5374 ratus
294 5318 517 5372 tandem
577 5316 646 5371 ab
702 5314 1049 5380 infirmitate,
1101 5325 1261 5385 prout
1312 5318 1423 5386 pati
1473 5318 1675 5387 potuit,

69 5407 351 5477 paulatim
379 5406 603 5459 Romam
639 5403 800 5459 eundi
825 5404 927 5459 iter
955 5406 1190 5474 repetiit.
1208 5405 1319 5459 lbat
1346 5415 1523 5460 autem
1554 5422 1677 5460 cum

70 5515 289 5571 magno
316 5506 375 5552 et
421 5496 573 5552 diviti
633 5494 939 5560 comitatu,
987 5504 1043 5551 et
1089 5497 1422 5551 admirabilis
1466 5499 1680 5554 cunctis

70 5589 313 5643 habitus
347 5586 634 5658 magniﬁce
663 5586 1059 5656 suscipiebatur
1086 5588 1155 5640 ab
1176 5587 1430 5643 omnibus
1456 5589 1521 5644 ad
1543 5604 1681 5660 quos

70 5678 365 5731 veniebat.

154 5789 489 5863 Lugdunum
533 5795 665 5844 'vero
713 5802 837 5845 cum
877 5785 1241 5859 venissemus,
1284 5786 1374 5849 ubi
1428 5787 1680 5846 dominus

1776 4605 1956 4676 modo,
1991 4603 2219 4681 scilicet,
2272 4610 2366 4657 aut
2413 4602 2605 4670 inqua
2646 4607 2793 4655 sorte
2839 4584 3045 4665 judicii
3081 4594 3199 4660 Dei,
3244 4584 3359 4662 jam

1776 4697 2065 4753 defunctus
2095 4693 2311 4757 sacculo,
2340 4702 2485 4748 esset
2532 4691 2879 4747 constitutus.
2932 4689 3003 4742 At
3048 4685 3156 4750 illa,
3200 4684 3358 4761 bene,

1778 4774 1976 4860 inquit,
2008 4787 2140 4853 mia,
2175 4787 2314 4842 bene
2345 4785 2433 4839 ille
2478 4784 2580 4839 erit
2611 4798 2709 4854 per
2769 4777 3199 4859 misericordiam
3239 4774 3359 4830 Dei.

1779 4879 1845 4934 Et
1876 4881 1943 4934 de
1971 4877 2191 4932 domino
2240 4890 2380 4939 meo,
2427 4874 2522 4939 ait,
2570 4871 2827 4927 Anselmo
2856 4867 3236 4926 Cantuariensi
3267 4881 3361 4935 are

1779 4968 2145 5038 cltiepiscopo,
2173 4966 2259 5037 pia
2283 4964 2521 5033 domina,
2554 4963 2599 5018 si
2642 4963 2735 5017 tibi
2762 4961 2959 5032 placet,
2986 4972 3184 5028 precor
3231 4957 3363 5031 insi-_

1779 5076 1888 5116 nua
1912 5059 2043 5130 quid
2066 5058 2381 5119 sentiemus.
2417 5053 2735 5130 ‘Rcspondit
2768 5069 2782 5106 :
2832 5052 2907 5105 De
2938 5049 3028 5103 illo
3054 5046 3360 5102 certissima

1781 5160 1898 5208 esto
1922 5126 2065 5218 quod
2093 5132 2380 5216 inmagna
2411 5126 2581 5215 gloria
2613 5141 2705 5197 Dei
2734 5148 2834 5195 est.
2870 5138 2951 5193 Ad
2998 5139 3113 5191 haec
3158 5137 3246 5191 illa
3293 5136 3361 5211 ad

1780 5226 1840 5309 se
1867 5257 2112 5297 reversa:
2144 5238 2275 5309 quid
2313 5236 2521 5299 fecerit,
2552 5235 2605 5289 in
2642 5248 2748 5304 quo
2777 5230 3028 5287 videlicet
3084 5228 3358 5282 residuum

1782 5332 1959 5387 noctis
1988 5327 2307 5399 expenderit
2329 5326 2555 5382 dulcedo
2587 5332 2643 5378 et
2696 5322 2929 5394 dignitas
2955 5318 3200 5384 ,visionis
3226 5334 3360 5373 con-

1782 5425 2082 5480 sidcrantes
2103 5432 2348 5490 quosque
2375 5414 2749 5473 docebitJltee
2772 5414 2923 5484 quasi
2954 5428 3052 5483 per
3080 5426 3363 5466 excessum

1781 5516 2035 5593 diximus,
2063 5514 2209 5569 ducti
2238 5526 2422 5567 amore
2451 5509 2753 5588 dignissimi
2776 5508 2952 5564 Patris
2975 5504 3236 5571 Anselmi,
3255 5518 3361 5572 quo

1780 5607 2152 5669 vehementer,
2192 5603 2420 5657 Domino
2444 5602 2759 5669 miserante,
2786 5598 3001 5661 imbuti,
3031 5597 3096 5652 de
3120 5610 3185 5650 eo
3213 5609 3359 5669 semg

1782 5684 1878 5768 per
1904 5696 2145 5762 scribere
2177 5702 2269 5747 aut
2288 5693 2433 5763 loqui
2460 5691 2612 5751 dulce
2633 5692 2914 5749 habemus.
2946 5688 3083 5745 Hinc
3104 5680 3364 5741 narrandi

1783 5788 1972 5845 ordine
2000 5782 2390 5859 progredimur.
