  <div class='ocr_page' id='page_1' title='image "/cluster/home/n/w/nwhite01/storage/ocr_20150623/159/hvd.32044024236648/258.png"; bbox 0 0 3890 6306; ppageno 0'>
   <div class='ocr_carea' id='block_1_1' title="bbox 93 298 205 355">
    <p class='ocr_par' dir='ltr' id='par_1_1' title="bbox 93 298 205 355">
     <span class='ocr_line' id='line_1_1' title="bbox 93 298 205 355; baseline 0 0"><span class='ocrx_word' id='word_1_1' title='bbox 93 298 205 355; x_wconf 74' lang='grc'><strong>501</strong></span> 
     </span>
    </p>
   </div>
   <div class='ocr_carea' id='block_1_2' title="bbox 1211 302 2313 366">
    <p class='ocr_par' dir='ltr' id='par_1_2' title="bbox 1211 302 2313 366">
     <span class='ocr_line' id='line_1_2' title="bbox 1211 302 2313 366; baseline 0.005 -5"><span class='ocrx_word' id='word_1_2' title='bbox 1211 302 1534 366; x_wconf 73' lang='lat' dir='ltr'><strong>HISTORIA</strong></span> <span class='ocrx_word' id='word_1_3' title='bbox 1572 306 1939 365; x_wconf 73' lang='lat' dir='ltr'><strong>NOVORUM.</strong></span> <span class='ocrx_word' id='word_1_4' title='bbox 1978 338 2050 350; x_wconf 92' lang='lat'><strong>-—</strong></span> <span class='ocrx_word' id='word_1_5' title='bbox 2086 308 2213 366; x_wconf 77' lang='lat' dir='ltr'><strong>LIB.</strong></span> <span class='ocrx_word' id='word_1_6' title='bbox 2248 308 2313 365; x_wconf 84' lang='lat' dir='ltr'><strong>V.</strong></span> 
     </span>
    </p>
   </div>
   <div class='ocr_carea' id='block_1_3' title="bbox 3267 321 3373 377">
    <p class='ocr_par' dir='ltr' id='par_1_3' title="bbox 3267 321 3373 377">
     <span class='ocr_line' id='line_1_3' title="bbox 3267 321 3373 377; baseline 0 -2"><span class='ocrx_word' id='word_1_7' title='bbox 3267 321 3373 377; x_wconf 72' lang='lat'><strong>50?.</strong></span> 
     </span>
    </p>
   </div>
   <div class='ocr_carea' id='block_1_4' title="bbox 96 408 3375 494">
    <p class='ocr_par' dir='ltr' id='par_1_4' title="bbox 96 408 3375 494">
     <span class='ocr_line' id='line_1_4' title="bbox 96 408 3375 494; baseline 0.005 -29"><span class='ocrx_word' id='word_1_8' title='bbox 96 408 373 481; x_wconf 80' lang='lat' dir='ltr'><strong>praefatus</strong></span> <span class='ocrx_word' id='word_1_9' title='bbox 393 425 530 482; x_wconf 89' lang='lat' dir='ltr'><strong>papa</strong></span> <span class='ocrx_word' id='word_1_10' title='bbox 579 409 829 469; x_wconf 84' lang='lat' dir='ltr'><strong>Celasius</strong></span> <span class='ocrx_word' id='word_1_11' title='bbox 855 428 952 485; x_wconf 90' lang='lat' dir='ltr'><strong>per</strong></span> <span class='ocrx_word' id='word_1_12' title='bbox 975 428 1125 473; x_wconf 87' lang='lat' dir='ltr'><strong>mare</strong></span> <span class='ocrx_word' id='word_1_13' title='bbox 1145 414 1509 487; x_wconf 86' lang='lat' dir='ltr'><strong>Burgundiam</strong></span> <span class='ocrx_word' id='word_1_14' title='bbox 1533 417 1701 483; x_wconf 99' lang='lat' dir='ltr'><strong>venit,</strong></span> <span class='ocrx_word' id='word_1_15' title='bbox 1730 422 1776 478; x_wconf 84' lang='lat' dir='ltr'><strong>A</strong></span> <span class='ocrx_word' id='word_1_16' title='bbox 1813 420 2045 485; x_wconf 87' lang='lat' dir='ltr'><strong>fueram,</strong></span> <span class='ocrx_word' id='word_1_17' title='bbox 2082 420 2265 490; x_wconf 83' lang='lat' dir='ltr'><strong>aliquo</strong></span> <span class='ocrx_word' id='word_1_18' title='bbox 2296 435 2382 476; x_wconf 85' lang='lat' dir='ltr'><strong>me</strong></span> <span class='ocrx_word' id='word_1_19' title='bbox 2411 422 2605 478; x_wconf 91' lang='lat' dir='ltr'><strong>mortis</strong></span> <span class='ocrx_word' id='word_1_20' title='bbox 2632 422 2872 494; x_wconf 76' lang='lat' dir='ltr'><strong>perit-nlo</strong></span> <span class='ocrx_word' id='word_1_21' title='bbox 2898 426 3071 494; x_wconf 82' lang='lat' dir='ltr'><strong>premi</strong></span> <span class='ocrx_word' id='word_1_22' title='bbox 3108 427 3375 482; x_wconf 78' lang='lat' dir='ltr'><strong>ullatenus</strong></span> 
     </span>
    </p>
   </div>
   <div class='ocr_carea' id='block_1_5' title="bbox 96 502 1696 573">
    <p class='ocr_par' dir='ltr' id='par_1_5' title="bbox 96 502 1696 573">
     <span class='ocr_line' id='line_1_5' title="bbox 96 502 1696 573; baseline 0.004 -16"><span class='ocrx_word' id='word_1_23' title='bbox 96 514 164 557; x_wconf 88' lang='lat' dir='ltr'><strong>et</strong></span> <span class='ocrx_word' id='word_1_24' title='bbox 192 504 464 559; x_wconf 80' lang='lat' dir='ltr'><strong>adventus</strong></span> <span class='ocrx_word' id='word_1_25' title='bbox 515 502 635 573; x_wconf 86' lang='lat' dir='ltr'><strong>ejus</strong></span> <span class='ocrx_word' id='word_1_26' title='bbox 680 520 808 561; x_wconf 87' lang='lat' dir='ltr'><strong>mox</strong></span> <span class='ocrx_word' id='word_1_27' title='bbox 840 504 1026 562; x_wconf 76' lang='lat' dir='ltr'><strong>Gallia:</strong></span> <span class='ocrx_word' id='word_1_28' title='bbox 1057 507 1153 563; x_wconf 91' lang='lat' dir='ltr'><strong>toti</strong></span> <span class='ocrx_word' id='word_1_29' title='bbox 1180 508 1435 564; x_wconf 82' lang='lat' dir='ltr'><strong>innotuit.</strong></span> <span class='ocrx_word' id='word_1_30' title='bbox 1466 508 1696 564; x_wconf 77' lang='lat' dir='ltr'><strong>Excitati</strong></span> 
     </span>
    </p>
   </div>
   <div class='ocr_carea' id='block_1_6' title="bbox 96 594 1699 665">
    <p class='ocr_par' dir='ltr' id='par_1_6' title="bbox 96 594 1699 665">
     <span class='ocr_line' id='line_1_6' title="bbox 96 594 1699 665; baseline 0.002 -15"><span class='ocrx_word' id='word_1_31' title='bbox 96 603 239 650; x_wconf 86' lang='lat' dir='ltr'><strong>sunt</strong></span> <span class='ocrx_word' id='word_1_32' title='bbox 296 594 498 665; x_wconf 86' lang='lat' dir='ltr'><strong>quique</strong></span> <span class='ocrx_word' id='word_1_33' title='bbox 553 603 799 664; x_wconf 88' lang='lat' dir='ltr'><strong>potentes</strong></span> <span class='ocrx_word' id='word_1_34' title='bbox 855 613 977 652; x_wconf 89' lang='lat' dir='ltr'><strong>cum</strong></span> <span class='ocrx_word' id='word_1_35' title='bbox 1009 598 1370 655; x_wconf 86' lang='lat' dir='ltr'><strong>mediocribus</strong></span> <span class='ocrx_word' id='word_1_36' title='bbox 1430 599 1478 656; x_wconf 91' lang='lat' dir='ltr'><strong>ei</strong></span> <span class='ocrx_word' id='word_1_37' title='bbox 1508 614 1699 655; x_wconf 81' lang='lat' dir='ltr'><strong>occur-</strong></span> 
     </span>
    </p>
   </div>
   <div class='ocr_carea' id='block_1_7' title="bbox 100 688 1700 758">
    <p class='ocr_par' dir='ltr' id='par_1_7' title="bbox 100 688 1700 758">
     <span class='ocr_line' id='line_1_7' title="bbox 100 688 1700 758; baseline 0.002 -18"><span class='ocrx_word' id='word_1_38' title='bbox 100 700 238 742; x_wconf 90' lang='lat' dir='ltr'><strong>rere</strong></span> <span class='ocrx_word' id='word_1_39' title='bbox 268 724 285 751; x_wconf 92' lang='lat'><strong>,</strong></span> <span class='ocrx_word' id='word_1_40' title='bbox 340 693 396 740; x_wconf 89' lang='lat' dir='ltr'><strong>et</strong></span> <span class='ocrx_word' id='word_1_41' title='bbox 448 688 705 742; x_wconf 83' lang='lat' dir='ltr'><strong>certatim</strong></span> <span class='ocrx_word' id='word_1_42' title='bbox 758 688 1093 758; x_wconf 81' lang='lat' dir='ltr'><strong>parabantur</strong></span> <span class='ocrx_word' id='word_1_43' title='bbox 1147 688 1416 744; x_wconf 83' lang='lat' dir='ltr'><strong>interesse</strong></span> <span class='ocrx_word' id='word_1_44' title='bbox 1450 688 1700 757; x_wconf 86' lang='lat' dir='ltr'><strong>_concilio</strong></span> 
     </span>
    </p>
   </div>
   <div class='ocr_carea' id='block_1_8' title="bbox 97 777 1699 851">
    <p class='ocr_par' dir='ltr' id='par_1_8' title="bbox 97 777 1699 851">
     <span class='ocr_line' id='line_1_8' title="bbox 97 777 1699 851; baseline 0.003 -20"><span class='ocrx_word' id='word_1_45' title='bbox 97 779 258 849; x_wconf 90' lang='lat' dir='ltr'><strong>quod</strong></span> <span class='ocrx_word' id='word_1_46' title='bbox 282 777 401 847; x_wconf 88' lang='lat' dir='ltr'><strong>ipse</strong></span> <span class='ocrx_word' id='word_1_47' title='bbox 426 777 749 848; x_wconf 87' lang='lat' dir='ltr'><strong>disponebat</strong></span> <span class='ocrx_word' id='word_1_48' title='bbox 773 794 832 835; x_wconf 92' lang='lat' dir='ltr'><strong>se</strong></span> <span class='ocrx_word' id='word_1_49' title='bbox 858 781 1034 835; x_wconf 89' lang='lat' dir='ltr'><strong>media</strong></span> <span class='ocrx_word' id='word_1_50' title='bbox 1064 780 1486 851; x_wconf 83' lang='lat' dir='ltr'><strong>Quadragesima</strong></span> <span class='ocrx_word' id='word_1_51' title='bbox 1514 781 1699 836; x_wconf 83' lang='lat' dir='ltr'><strong>Remis</strong></span> 
     </span>
    </p>
   </div>
   <div class='ocr_carea' id='block_1_9' title="bbox 98 870 1701 943">
    <p class='ocr_par' dir='ltr' id='par_1_9' title="bbox 98 870 1701 943">
     <span class='ocr_line' id='line_1_9' title="bbox 98 870 1701 943; baseline -0.001 -16"><span class='ocrx_word' id='word_1_52' title='bbox 98 872 539 927; x_wconf 85' lang='lat' dir='ltr'><strong>celebraturum.</strong></span> <span class='ocrx_word' id='word_1_53' title='bbox 577 870 841 926; x_wconf 82' lang='lat' dir='ltr'><strong>Radulfus</strong></span> <span class='ocrx_word' id='word_1_54' title='bbox 863 886 1080 942; x_wconf 91' lang='lat' dir='ltr'><strong>quoque</strong></span> <span class='ocrx_word' id='word_1_55' title='bbox 1110 873 1577 943; x_wconf 87' lang='lat' dir='ltr'><strong>archiepisc0pus,</strong></span> <span class='ocrx_word' id='word_1_56' title='bbox 1603 888 1701 926; x_wconf 89' lang='lat' dir='ltr'><strong>au-</strong></span> 
     </span>
    </p>
   </div>
   <div class='ocr_carea' id='block_1_10' title="bbox 102 966 1701 1042">
    <p class='ocr_par' dir='ltr' id='par_1_10' title="bbox 102 966 1701 1042">
     <span class='ocr_line' id='line_1_10' title="bbox 102 966 1701 1042; baseline 0.004 -21"><span class='ocrx_word' id='word_1_57' title='bbox 102 966 233 1023; x_wconf 88' lang='lat' dir='ltr'><strong>dito</strong></span> <span class='ocrx_word' id='word_1_58' title='bbox 283 982 439 1038; x_wconf 75' lang='lat' dir='ltr'><strong>papa:</strong></span> <span class='ocrx_word' id='word_1_59' title='bbox 486 970 745 1038; x_wconf 88' lang='lat' dir='ltr'><strong>adventu,</strong></span> <span class='ocrx_word' id='word_1_60' title='bbox 795 972 864 1027; x_wconf 91' lang='lat' dir='ltr'><strong>de</strong></span> <span class='ocrx_word' id='word_1_61' title='bbox 912 971 1275 1042; x_wconf 81' lang='lat' dir='ltr'><strong>Bothomago,</strong></span> <span class='ocrx_word' id='word_1_62' title='bbox 1323 971 1415 1027; x_wconf 93' lang='lat' dir='ltr'><strong>ubi</strong></span> <span class='ocrx_word' id='word_1_63' title='bbox 1460 984 1701 1041; x_wconf 84' lang='lat' dir='ltr'><strong>eousque</strong></span> 
     </span>
    </p>
   </div>
   <div class='ocr_carea' id='block_1_11' title="bbox 100 1057 1697 1133">
    <p class='ocr_par' dir='ltr' id='par_1_11' title="bbox 100 1057 1697 1133">
     <span class='ocr_line' id='line_1_11' title="bbox 100 1057 1697 1133; baseline 0.004 -22"><span class='ocrx_word' id='word_1_64' title='bbox 100 1057 437 1115; x_wconf 85' lang='lat' dir='ltr'><strong>morabatur</strong></span> <span class='ocrx_word' id='word_1_65' title='bbox 484 1075 759 1130; x_wconf 85' lang='lat' dir='ltr'><strong>egressus,</strong></span> <span class='ocrx_word' id='word_1_66' title='bbox 812 1063 1041 1133; x_wconf 77' lang='lat' dir='ltr'><strong>impiger</strong></span> <span class='ocrx_word' id='word_1_67' title='bbox 1078 1064 1127 1118; x_wconf 92' lang='lat' dir='ltr'><strong>ei</strong></span> <span class='ocrx_word' id='word_1_68' title='bbox 1170 1078 1459 1119; x_wconf 90' lang='lat' dir='ltr'><strong>occurrere</strong></span> <span class='ocrx_word' id='word_1_69' title='bbox 1486 1063 1697 1118; x_wconf 84' lang='lat' dir='ltr'><strong>statuit.</strong></span> 
     </span>
    </p>
   </div>
   <div class='ocr_carea' id='block_1_12' title="bbox 99 1152 1700 1229">
    <p class='ocr_par' dir='ltr' id='par_1_12' title="bbox 99 1152 1700 1229">
     <span class='ocr_line' id='line_1_12' title="bbox 99 1152 1700 1229; baseline 0.006 -23"><span class='ocrx_word' id='word_1_70' title='bbox 99 1152 217 1207; x_wconf 85' lang='lat' dir='ltr'><strong>Sed</strong></span> <span class='ocrx_word' id='word_1_71' title='bbox 275 1154 370 1208; x_wconf 89' lang='lat' dir='ltr'><strong>ubi</strong></span> <span class='ocrx_word' id='word_1_72' title='bbox 414 1154 752 1224; x_wconf 79' lang='lat' dir='ltr'><strong>aliquantum</strong></span> <span class='ocrx_word' id='word_1_73' title='bbox 810 1158 1022 1214; x_wconf 88' lang='lat' dir='ltr'><strong>itineris</strong></span> <span class='ocrx_word' id='word_1_74' title='bbox 1083 1159 1363 1226; x_wconf 84' lang='lat' dir='ltr'><strong>confecit,</strong></span> <span class='ocrx_word' id='word_1_75' title='bbox 1414 1161 1626 1229; x_wconf 86' lang='lat' dir='ltr'><strong>accepit</strong></span> <span class='ocrx_word' id='word_1_76' title='bbox 1666 1175 1700 1215; x_wconf 90' lang='lat' dir='ltr'><strong>a</strong></span> 
     </span>
    </p>
   </div>
   <div class='ocr_carea' id='block_1_13' title="bbox 99 1244 1701 1325">
    <p class='ocr_par' dir='ltr' id='par_1_13' title="bbox 99 1244 1701 1325">
     <span class='ocr_line' id='line_1_13' title="bbox 99 1244 1701 1325; baseline 0.006 -30"><span class='ocrx_word' id='word_1_77' title='bbox 99 1244 444 1311; x_wconf 85' lang='lat' dir='ltr'><strong>quibusdam</strong></span> <span class='ocrx_word' id='word_1_78' title='bbox 502 1246 679 1314; x_wconf 89' lang='lat' dir='ltr'><strong>ipsum</strong></span> <span class='ocrx_word' id='word_1_79' title='bbox 727 1263 925 1318; x_wconf 82' lang='lat' dir='ltr'><strong>papam</strong></span> <span class='ocrx_word' id='word_1_80' title='bbox 980 1248 1193 1319; x_wconf 80' lang='lat' dir='ltr'><strong>longius</strong></span> <span class='ocrx_word' id='word_1_81' title='bbox 1246 1250 1585 1316; x_wconf 85' lang='lat' dir='ltr'><strong>discessisse,</strong></span> <span class='ocrx_word' id='word_1_82' title='bbox 1644 1261 1701 1325; x_wconf 78' lang='lat' dir='ltr'><strong>et</strong></span> 
     </span>
    </p>
   </div>
   <div class='ocr_carea' id='block_1_14' title="bbox 101 1336 1697 1411">
    <p class='ocr_par' dir='ltr' id='par_1_14' title="bbox 101 1336 1697 1411">
     <span class='ocr_line' id='line_1_14' title="bbox 101 1336 1697 1411; baseline 0.008 -24"><span class='ocrx_word' id='word_1_83' title='bbox 101 1350 304 1392; x_wconf 82' lang='lat' dir='ltr'><strong>versus</strong></span> <span class='ocrx_word' id='word_1_84' title='bbox 338 1336 625 1408; x_wconf 81' lang='lat' dir='ltr'><strong>Hispanias</strong></span> <span class='ocrx_word' id='word_1_85' title='bbox 666 1340 746 1394; x_wconf 91' lang='lat' dir='ltr'><strong>ire</strong></span> <span class='ocrx_word' id='word_1_86' title='bbox 779 1341 1148 1411; x_wconf 86' lang='lat' dir='ltr'><strong>proposuisse.</strong></span> <span class='ocrx_word' id='word_1_87' title='bbox 1179 1342 1334 1399; x_wconf 87' lang='lat' dir='ltr'><strong>Unde</strong></span> <span class='ocrx_word' id='word_1_88' title='bbox 1356 1343 1428 1398; x_wconf 89' lang='lat' dir='ltr'><strong>ob</strong></span> <span class='ocrx_word' id='word_1_89' title='bbox 1457 1342 1697 1399; x_wconf 87' lang='lat' dir='ltr'><strong>laborem</strong></span> 
     </span>
    </p>
   </div>
   <div class='ocr_carea' id='block_1_15' title="bbox 101 1427 1699 1502">
    <p class='ocr_par' dir='ltr' id='par_1_15' title="bbox 101 1427 1699 1502">
     <span class='ocr_line' id='line_1_15' title="bbox 101 1427 1699 1502; baseline 0.005 -21"><span class='ocrx_word' id='word_1_90' title='bbox 101 1435 163 1481; x_wconf 87' lang='lat' dir='ltr'><strong>et</strong></span> <span class='ocrx_word' id='word_1_91' title='bbox 210 1427 582 1498; x_wconf 78' lang='lat' dir='ltr'><strong>prolixitatem</strong></span> <span class='ocrx_word' id='word_1_92' title='bbox 640 1429 875 1487; x_wconf 76' lang='lat' dir='ltr'><strong>difficilis</strong></span> <span class='ocrx_word' id='word_1_93' title='bbox 924 1432 1055 1502; x_wconf 69' lang='lat' dir='ltr'><strong>viae,</strong></span> <span class='ocrx_word' id='word_1_94' title='bbox 1114 1433 1346 1488; x_wconf 88' lang='lat' dir='ltr'><strong>consilio</strong></span> <span class='ocrx_word' id='word_1_95' title='bbox 1394 1433 1699 1489; x_wconf 90' lang='lat' dir='ltr'><strong>amicorum</strong></span> 
     </span>
    </p>
   </div>
   <div class='ocr_carea' id='block_1_16' title="bbox 98 1512 1700 1592">
    <p class='ocr_par' dir='ltr' id='par_1_16' title="bbox 98 1512 1700 1592">
     <span class='ocr_line' id='line_1_16' title="bbox 98 1512 1700 1592; baseline 0.004 -21"><span class='ocrx_word' id='word_1_96' title='bbox 98 1532 335 1573; x_wconf 85' lang='lat' dir='ltr'><strong>suorum</strong></span> <span class='ocrx_word' id='word_1_97' title='bbox 360 1517 754 1588; x_wconf 65' lang='lat' dir='ltr'><strong>profectionem</strong></span> <span class='ocrx_word' id='word_1_98' title='bbox 777 1534 931 1575; x_wconf 88' lang='lat' dir='ltr'><strong>suam</strong></span> <span class='ocrx_word' id='word_1_99' title='bbox 959 1522 1028 1575; x_wconf 91' lang='lat' dir='ltr'><strong>ab</strong></span> <span class='ocrx_word' id='word_1_100' title='bbox 1046 1512 1264 1592; x_wconf 88' lang='lat' dir='ltr'><strong>incepto</strong></span> <span class='ocrx_word' id='word_1_101' title='bbox 1286 1521 1504 1577; x_wconf 88' lang='lat' dir='ltr'><strong>rediens</strong></span> <span class='ocrx_word' id='word_1_102' title='bbox 1527 1523 1700 1578; x_wconf 80' lang='lat' dir='ltr'><strong>distu-</strong></span> 
     </span>
    </p>
   </div>
   <div class='ocr_carea' id='block_1_17' title="bbox 99 1608 1699 1681">
    <p class='ocr_par' dir='ltr' id='par_1_17' title="bbox 99 1608 1699 1681">
     <span class='ocr_line' id='line_1_17' title="bbox 99 1608 1699 1681; baseline 0.005 -20"><span class='ocrx_word' id='word_1_103' title='bbox 99 1608 193 1673; x_wconf 85' lang='lat' dir='ltr'><strong>lit,</strong></span> <span class='ocrx_word' id='word_1_104' title='bbox 224 1611 499 1674; x_wconf 84' lang='lat' dir='ltr'><strong>eamdem,</strong></span> <span class='ocrx_word' id='word_1_105' title='bbox 538 1618 599 1665; x_wconf 84' lang='lat' dir='ltr'><strong>ut</strong></span> <span class='ocrx_word' id='word_1_106' title='bbox 628 1613 878 1681; x_wconf 83' lang='lat' dir='ltr'><strong>putabat,</strong></span> <span class='ocrx_word' id='word_1_107' title='bbox 931 1612 1328 1681; x_wconf 75' lang='lat' dir='ltr'><strong>profectionem</strong></span> <span class='ocrx_word' id='word_1_108' title='bbox 1372 1630 1479 1669; x_wconf 91' lang='lat' dir='ltr'><strong>non</strong></span> <span class='ocrx_word' id='word_1_109' title='bbox 1528 1612 1699 1669; x_wconf 90' lang='lat' dir='ltr'><strong>multo</strong></span> 
     </span>
    </p>
   </div>
   <div class='ocr_carea' id='block_1_18' title="bbox 101 1702 1698 1773">
    <p class='ocr_par' dir='ltr' id='par_1_18' title="bbox 101 1702 1698 1773">
     <span class='ocr_line' id='line_1_18' title="bbox 101 1702 1698 1773; baseline 0.004 -18"><span class='ocrx_word' id='word_1_110' title='bbox 101 1710 233 1769; x_wconf 89' lang='lat' dir='ltr'><strong>post</strong></span> <span class='ocrx_word' id='word_1_111' title='bbox 256 1711 655 1773; x_wconf 86' lang='lat' dir='ltr'><strong>resumpturus,</strong></span> <span class='ocrx_word' id='word_1_112' title='bbox 679 1712 737 1758; x_wconf 89' lang='lat' dir='ltr'><strong>et</strong></span> <span class='ocrx_word' id='word_1_113' title='bbox 760 1704 809 1759; x_wconf 90' lang='lat' dir='ltr'><strong>ei</strong></span> <span class='ocrx_word' id='word_1_114' title='bbox 833 1702 1156 1760; x_wconf 88' lang='lat' dir='ltr'><strong>Cluuiacum</strong></span> <span class='ocrx_word' id='word_1_115' title='bbox 1185 1706 1451 1772; x_wconf 90' lang='lat' dir='ltr'><strong>venienti,</strong></span> <span class='ocrx_word' id='word_1_116' title='bbox 1476 1716 1698 1762; x_wconf 89' lang='lat' dir='ltr'><strong>auctore</strong></span> 
     </span>
    </p>
   </div>
   <div class='ocr_carea' id='block_1_19' title="bbox 1798 514 3374 589">
    <p class='ocr_par' dir='ltr' id='par_1_19' title="bbox 1798 514 3374 589">
     <span class='ocr_line' id='line_1_19' title="bbox 1798 514 3374 589; baseline 0 -20"><span class='ocrx_word' id='word_1_117' title='bbox 1798 514 2099 578; x_wconf 81' lang='lat' dir='ltr'><strong>sustinens,</strong></span> <span class='ocrx_word' id='word_1_118' title='bbox 2148 514 2495 569; x_wconf 88' lang='lat' dir='ltr'><strong>Cautuariam</strong></span> <span class='ocrx_word' id='word_1_119' title='bbox 2534 516 2664 571; x_wconf 92' lang='lat' dir='ltr'><strong>mihi</strong></span> <span class='ocrx_word' id='word_1_120' title='bbox 2694 516 2779 572; x_wconf 92' lang='lat' dir='ltr'><strong>ire</strong></span> <span class='ocrx_word' id='word_1_121' title='bbox 2802 519 2973 573; x_wconf 79' lang='lat' dir='ltr'><strong>suasit</strong></span> <span class='ocrx_word' id='word_1_122' title='bbox 2993 534 3058 572; x_wconf 81' lang='lat' dir='ltr'><strong>ac</strong></span> <span class='ocrx_word' id='word_1_123' title='bbox 3083 525 3374 589; x_wconf 80' lang='lat' dir='ltr'><strong>persuasit,</strong></span> 
     </span>
    </p>
   </div>
   <div class='ocr_carea' id='block_1_20' title="bbox 1799 605 3377 673">
    <p class='ocr_par' dir='ltr' id='par_1_20' title="bbox 1799 605 3377 673">
     <span class='ocr_line' id='line_1_20' title="bbox 1799 605 3377 673; baseline 0.003 -12"><span class='ocrx_word' id='word_1_124' title='bbox 1799 605 2048 661; x_wconf 88' lang='lat' dir='ltr'><strong>scribens</strong></span> <span class='ocrx_word' id='word_1_125' title='bbox 2073 620 2170 673; x_wconf 90' lang='lat' dir='ltr'><strong>pro</strong></span> <span class='ocrx_word' id='word_1_126' title='bbox 2201 605 2447 661; x_wconf 88' lang='lat' dir='ltr'><strong>bonitate</strong></span> <span class='ocrx_word' id='word_1_127' title='bbox 2471 622 2568 661; x_wconf 90' lang='lat' dir='ltr'><strong>sua</strong></span> <span class='ocrx_word' id='word_1_128' title='bbox 2600 609 2887 663; x_wconf 90' lang='lat' dir='ltr'><strong>conventui</strong></span> <span class='ocrx_word' id='word_1_129' title='bbox 2928 609 3152 663; x_wconf 81' lang='lat' dir='ltr'><strong>fratrum</strong></span> <span class='ocrx_word' id='word_1_130' title='bbox 3190 610 3377 665; x_wconf 82' lang='lat' dir='ltr'><strong>Eccle-</strong></span> 
     </span>
    </p>
   </div>
   <div class='ocr_carea' id='block_1_21' title="bbox 1800 695 3377 768">
    <p class='ocr_par' dir='ltr' id='par_1_21' title="bbox 1800 695 3377 768">
     <span class='ocr_line' id='line_1_21' title="bbox 1800 695 3377 768; baseline 0.002 -17"><span class='ocrx_word' id='word_1_131' title='bbox 1800 696 1894 751; x_wconf 67' lang='lat' dir='ltr'><strong>sia:</strong></span> <span class='ocrx_word' id='word_1_132' title='bbox 1939 704 2140 751; x_wconf 67' lang='lat' dir='ltr'><strong>nostra:</strong></span> <span class='ocrx_word' id='word_1_133' title='bbox 2187 695 2475 767; x_wconf 84' lang='lat' dir='ltr'><strong>epistolam</strong></span> <span class='ocrx_word' id='word_1_134' title='bbox 2524 698 2687 763; x_wconf 81' lang='lat' dir='ltr'><strong>hanc,</strong></span> <span class='ocrx_word' id='word_1_135' title='bbox 2729 708 2785 753; x_wconf 90' lang='lat' dir='ltr'><strong>et</strong></span> <span class='ocrx_word' id='word_1_136' title='bbox 2818 714 2915 768; x_wconf 85' lang='lat' dir='ltr'><strong>per</strong></span> <span class='ocrx_word' id='word_1_137' title='bbox 2945 704 3099 754; x_wconf 82' lang='lat' dir='ltr'><strong>Suum</strong></span> <span class='ocrx_word' id='word_1_138' title='bbox 3127 701 3377 754; x_wconf 85' lang='lat' dir='ltr'><strong>nuntium</strong></span> 
     </span>
    </p>
   </div>
   <div class='ocr_carea' id='block_1_22' title="bbox 1800 787 2651 858">
    <p class='ocr_par' dir='ltr' id='par_1_22' title="bbox 1800 787 2651 858">
     <span class='ocr_line' id='line_1_22' title="bbox 1800 787 2651 858; baseline -0.001 -16"><span class='ocrx_word' id='word_1_139' title='bbox 1800 787 2061 858; x_wconf 82' lang='lat' dir='ltr'><strong>dirigens.</strong></span> <span class='ocrx_word' id='word_1_140' title='bbox 2650 838 2651 841; x_wconf 45' lang='grc' dir='ltr'><strong>η</strong></span> 
     </span>
    </p>
   </div>
   <div class='ocr_carea' id='block_1_23' title="bbox 1877 880 3377 952">
    <p class='ocr_par' dir='ltr' id='par_1_23' title="bbox 1877 880 3377 952">
     <span class='ocr_line' id='line_1_23' title="bbox 1877 880 3377 952; baseline 0.003 -19"><span class='ocrx_word' id='word_1_141' title='bbox 1877 899 1896 933; x_wconf 74' lang='grc' dir='ltr'>ι</span> <span class='ocrx_word' id='word_1_142' title='bbox 1926 880 2306 937; x_wconf 86' lang='lat' dir='ltr'><strong>Dilectissimis</strong></span> <span class='ocrx_word' id='word_1_143' title='bbox 2324 880 2586 937; x_wconf 77' lang='lat' dir='ltr'><strong>fratribus</strong></span> <span class='ocrx_word' id='word_1_144' title='bbox 2609 896 2674 937; x_wconf 85' lang='lat' dir='ltr'><strong>ac</strong></span> <span class='ocrx_word' id='word_1_145' title='bbox 2697 881 2820 938; x_wconf 82' lang='lat' dir='ltr'><strong>filiis</strong></span> <span class='ocrx_word' id='word_1_146' title='bbox 2841 882 3167 941; x_wconf 84' lang='lat' dir='ltr'><strong>Chuonrado</strong></span> <span class='ocrx_word' id='word_1_147' title='bbox 3190 883 3377 952; x_wconf 72' lang='lat' dir='ltr'><strong>priori,</strong></span> 
     </span>
    </p>
   </div>
   <div class='ocr_carea' id='block_1_24' title="bbox 1799 972 3381 1043">
    <p class='ocr_par' dir='ltr' id='par_1_24' title="bbox 1799 972 3381 1043">
     <span class='ocr_line' id='line_1_24' title="bbox 1799 972 3381 1043; baseline -0.001 -15"><span class='ocrx_word' id='word_1_148' title='bbox 1799 972 2123 1043; x_wconf 75' lang='lat' dir='ltr'><strong>czeterisque</strong></span> <span class='ocrx_word' id='word_1_149' title='bbox 2150 973 2326 1028; x_wconf 85' lang='lat' dir='ltr'><strong>servis</strong></span> <span class='ocrx_word' id='word_1_150' title='bbox 2355 973 2471 1037; x_wconf 86' lang='lat' dir='ltr'><strong>Dei,</strong></span> <span class='ocrx_word' id='word_1_151' title='bbox 2496 973 2587 1041; x_wconf 90' lang='lat' dir='ltr'><strong>qui</strong></span> <span class='ocrx_word' id='word_1_152' title='bbox 2617 984 2743 1029; x_wconf 91' lang='lat' dir='ltr'><strong>sunt</strong></span> <span class='ocrx_word' id='word_1_153' title='bbox 2769 973 3076 1029; x_wconf 72' lang='lat' dir='ltr'><strong>Cantuaria:</strong></span> <span class='ocrx_word' id='word_1_154' title='bbox 3105 976 3159 1029; x_wconf 92' lang='lat' dir='ltr'><strong>in</strong></span> <span class='ocrx_word' id='word_1_155' title='bbox 3191 975 3381 1029; x_wconf 81' lang='lat' dir='ltr'><strong>Eccle-</strong></span> 
     </span>
    </p>
   </div>
   <div class='ocr_carea' id='block_1_25' title="bbox 1800 1062 3379 1129">
    <p class='ocr_par' dir='ltr' id='par_1_25' title="bbox 1800 1062 3379 1129">
     <span class='ocr_line' id='line_1_25' title="bbox 1800 1062 3379 1129; baseline 0.001 -14"><span class='ocrx_word' id='word_1_156' title='bbox 1800 1063 1882 1115; x_wconf 87' lang='lat' dir='ltr'><strong>sia</strong></span> <span class='ocrx_word' id='word_1_157' title='bbox 1927 1062 2174 1129; x_wconf 85' lang='lat' dir='ltr'><strong>Christi,</strong></span> <span class='ocrx_word' id='word_1_158' title='bbox 2224 1062 2572 1118; x_wconf 75' lang='lat' dir='ltr'><strong>fidelissimus</strong></span> <span class='ocrx_word' id='word_1_159' title='bbox 2625 1078 2813 1117; x_wconf 89' lang='lat' dir='ltr'><strong>eorum</strong></span> <span class='ocrx_word' id='word_1_160' title='bbox 2872 1062 3042 1119; x_wconf 83' lang='lat' dir='ltr'><strong>frater</strong></span> <span class='ocrx_word' id='word_1_161' title='bbox 3093 1063 3379 1127; x_wconf 84' lang='lat' dir='ltr'><strong>Radulfus,</strong></span> 
     </span>
    </p>
   </div>
   <div class='ocr_carea' id='block_1_26' title="bbox 1799 1153 3379 1225">
    <p class='ocr_par' dir='ltr' id='par_1_26' title="bbox 1799 1153 3379 1225">
     <span class='ocr_line' id='line_1_26' title="bbox 1799 1153 3379 1225; baseline 0 -18"><span class='ocrx_word' id='word_1_162' title='bbox 1799 1153 2042 1222; x_wconf 84' lang='lat' dir='ltr'><strong>ejusdem</strong></span> <span class='ocrx_word' id='word_1_163' title='bbox 2086 1153 2343 1210; x_wconf 67' lang='lat' dir='ltr'><strong>Ecclesia:</strong></span> <span class='ocrx_word' id='word_1_164' title='bbox 2396 1154 2677 1225; x_wconf 86' lang='lat' dir='ltr'><strong>presbyter</strong></span> <span class='ocrx_word' id='word_1_165' title='bbox 2724 1162 2783 1208; x_wconf 89' lang='lat' dir='ltr'><strong>et</strong></span> <span class='ocrx_word' id='word_1_166' title='bbox 2832 1154 3083 1208; x_wconf 82' lang='lat' dir='ltr'><strong>minister</strong></span> <span class='ocrx_word' id='word_1_167' title='bbox 3129 1154 3379 1218; x_wconf 84' lang='lat' dir='ltr'><strong>devotus,</strong></span> 
     </span>
    </p>
   </div>
   <div class='ocr_carea' id='block_1_27' title="bbox 1780 1242 3308 1301">
    <p class='ocr_par' dir='ltr' id='par_1_27' title="bbox 1780 1242 3308 1301">
     <span class='ocr_line' id='line_1_27' title="bbox 1780 1242 3308 1301; baseline -0.003 0"><span class='ocrx_word' id='word_1_168' title='bbox 1780 1242 2035 1301; x_wconf 77' lang='lat' dir='ltr'><strong>salutem</strong></span> <span class='ocrx_word' id='word_1_169' title='bbox 2062 1255 2118 1299; x_wconf 88' lang='lat' dir='ltr'><strong>et</strong></span> <span class='ocrx_word' id='word_1_170' title='bbox 2145 1259 2386 1300; x_wconf 84' lang='lat' dir='ltr'><strong>amorem</strong></span> <span class='ocrx_word' id='word_1_171' title='bbox 2424 1262 2548 1301; x_wconf 89' lang='lat' dir='ltr'><strong>cum</strong></span> <span class='ocrx_word' id='word_1_172' title='bbox 2582 1245 2960 1301; x_wconf 88' lang='lat' dir='ltr'><strong>benedictione</strong></span> <span class='ocrx_word' id='word_1_173' title='bbox 2988 1244 3081 1300; x_wconf 87' lang='lat' dir='ltr'><strong>Dei</strong></span> <span class='ocrx_word' id='word_1_174' title='bbox 3109 1253 3166 1300; x_wconf 89' lang='lat' dir='ltr'><strong>et</strong></span> <span class='ocrx_word' id='word_1_175' title='bbox 3193 1260 3308 1300; x_wconf 87' lang='lat' dir='ltr'><strong>sua.</strong></span> 
     </span>
    </p>
   </div>
   <div class='ocr_carea' id='block_1_28' title="bbox 1878 1334 3384 1401">
    <p class='ocr_par' dir='ltr' id='par_1_28' title="bbox 1878 1334 3384 1401">
     <span class='ocr_line' id='line_1_28' title="bbox 1878 1334 3384 1401; baseline 0.001 -14"><span class='ocrx_word' id='word_1_176' title='bbox 1878 1352 1901 1386; x_wconf 76' lang='grc' dir='ltr'><strong><em>ι</em></strong></span> <span class='ocrx_word' id='word_1_177' title='bbox 1925 1334 2202 1390; x_wconf 83' lang='lat' dir='ltr'><strong>Desiderio</strong></span> <span class='ocrx_word' id='word_1_178' title='bbox 2222 1336 2530 1392; x_wconf 87' lang='lat' dir='ltr'><strong>desideravi</strong></span> <span class='ocrx_word' id='word_1_179' title='bbox 2576 1337 2760 1393; x_wconf 80' lang='lat' dir='ltr'><strong>videre</strong></span> <span class='ocrx_word' id='word_1_180' title='bbox 2788 1336 2953 1391; x_wconf 81' lang='lat' dir='ltr'><strong>facies</strong></span> <span class='ocrx_word' id='word_1_181' title='bbox 2980 1345 3212 1401; x_wconf 87' lang='lat' dir='ltr'><strong>vestras,</strong></span> <span class='ocrx_word' id='word_1_182' title='bbox 3240 1345 3295 1390; x_wconf 91' lang='lat' dir='ltr'><strong>et</strong></span> <span class='ocrx_word' id='word_1_183' title='bbox 3315 1349 3384 1389; x_wconf 90' lang='lat' dir='ltr'><strong>eo</strong></span> 
     </span>
    </p>
   </div>
   <div class='ocr_carea' id='block_1_29' title="bbox 1800 1424 3385 1498">
    <p class='ocr_par' dir='ltr' id='par_1_29' title="bbox 1800 1424 3385 1498">
     <span class='ocr_line' id='line_1_29' title="bbox 1800 1424 3385 1498; baseline 0.003 -21"><span class='ocrx_word' id='word_1_184' title='bbox 1800 1424 2033 1494; x_wconf 79' lang='lat' dir='ltr'><strong>amplius</strong></span> <span class='ocrx_word' id='word_1_185' title='bbox 2069 1428 2213 1496; x_wconf 88' lang='lat' dir='ltr'><strong>quod</strong></span> <span class='ocrx_word' id='word_1_186' title='bbox 2242 1427 2621 1483; x_wconf 80' lang='lat' dir='ltr'><strong>existimabam</strong></span> <span class='ocrx_word' id='word_1_187' title='bbox 2653 1443 2752 1483; x_wconf 92' lang='lat' dir='ltr'><strong>vos</strong></span> <span class='ocrx_word' id='word_1_188' title='bbox 2781 1428 3124 1498; x_wconf 87' lang='lat' dir='ltr'><strong>aliquatenus</strong></span> <span class='ocrx_word' id='word_1_189' title='bbox 3151 1427 3385 1484; x_wconf 81' lang='lat' dir='ltr'><strong>desolari</strong></span> 
     </span>
    </p>
   </div>
   <div class='ocr_carea' id='block_1_30' title="bbox 1800 1517 3386 1590">
    <p class='ocr_par' dir='ltr' id='par_1_30' title="bbox 1800 1517 3386 1590">
     <span class='ocr_line' id='line_1_30' title="bbox 1800 1517 3386 1590; baseline 0.003 -21"><span class='ocrx_word' id='word_1_190' title='bbox 1800 1529 1964 1584; x_wconf 86' lang='lat' dir='ltr'><strong>super</strong></span> <span class='ocrx_word' id='word_1_191' title='bbox 2013 1517 2327 1587; x_wconf 83' lang='lat' dir='ltr'><strong>prolixitate</strong></span> <span class='ocrx_word' id='word_1_192' title='bbox 2376 1535 2591 1575; x_wconf 85' lang='lat' dir='ltr'><strong>morosa</strong></span> <span class='ocrx_word' id='word_1_193' title='bbox 2621 1520 3075 1590; x_wconf 79' lang='lat' dir='ltr'><strong>peregrinationis</strong></span> <span class='ocrx_word' id='word_1_194' title='bbox 3113 1535 3269 1575; x_wconf 85' lang='lat' dir='ltr'><strong>meae.</strong></span> <span class='ocrx_word' id='word_1_195' title='bbox 3301 1519 3386 1574; x_wconf 88' lang='lat' dir='ltr'><strong>Ad</strong></span> 
     </span>
    </p>
   </div>
   <div class='ocr_carea' id='block_1_31' title="bbox 1786 1605 3387 1679">
    <p class='ocr_par' dir='ltr' id='par_1_31' title="bbox 1786 1605 3387 1679">
     <span class='ocr_line' id='line_1_31' title="bbox 1786 1605 3387 1679; baseline 0.003 -20"><span class='ocrx_word' id='word_1_196' title='bbox 1786 1616 1899 1665; x_wconf 83' lang='lat' dir='ltr'><strong>vos</strong></span> <span class='ocrx_word' id='word_1_197' title='bbox 1924 1605 2089 1677; x_wconf 91' lang='lat' dir='ltr'><strong>igitur</strong></span> <span class='ocrx_word' id='word_1_198' title='bbox 2114 1616 2374 1663; x_wconf 89' lang='lat' dir='ltr'><strong>venturus</strong></span> <span class='ocrx_word' id='word_1_199' title='bbox 2403 1608 2456 1663; x_wconf 93' lang='lat' dir='ltr'><strong>in</strong></span> <span class='ocrx_word' id='word_1_200' title='bbox 2482 1609 2656 1673; x_wconf 88' lang='lat' dir='ltr'><strong>brevi,</strong></span> <span class='ocrx_word' id='word_1_201' title='bbox 2682 1611 2953 1679; x_wconf 68' lang='lat' dir='ltr'><strong>praemitto</strong></span> <span class='ocrx_word' id='word_1_202' title='bbox 2984 1610 3134 1666; x_wconf 91' lang='lat' dir='ltr'><strong>vobis</strong></span> <span class='ocrx_word' id='word_1_203' title='bbox 3158 1610 3387 1664; x_wconf 79' lang='lat' dir='ltr'><strong>fratrem</strong></span> 
     </span>
    </p>
   </div>
   <div class='ocr_carea' id='block_1_32' title="bbox 1798 1698 3385 1768">
    <p class='ocr_par' dir='ltr' id='par_1_32' title="bbox 1798 1698 3385 1768">
     <span class='ocr_line' id='line_1_32' title="bbox 1798 1698 3385 1768; baseline 0.004 -18"><span class='ocrx_word' id='word_1_204' title='bbox 1798 1703 1857 1750; x_wconf 88' lang='lat' dir='ltr'><strong>et</strong></span> <span class='ocrx_word' id='word_1_205' title='bbox 1881 1698 2114 1753; x_wconf 89' lang='lat' dir='ltr'><strong>amicum</strong></span> <span class='ocrx_word' id='word_1_206' title='bbox 2163 1708 2410 1754; x_wconf 84' lang='lat' dir='ltr'><strong>nostrum</strong></span> <span class='ocrx_word' id='word_1_207' title='bbox 2448 1700 2726 1756; x_wconf 90' lang='lat' dir='ltr'><strong>dominum</strong></span> <span class='ocrx_word' id='word_1_208' title='bbox 2764 1700 3111 1768; x_wconf 86' lang='lat' dir='ltr'><strong>Eadmerum,</strong></span> <span class='ocrx_word' id='word_1_209' title='bbox 3144 1700 3385 1756; x_wconf 88' lang='lat' dir='ltr'><strong>omnium</strong></span> 
     </span>
    </p>
   </div>
   <div class='ocr_carea' id='block_1_33' title="bbox 98 1763 3386 1863">
    <p class='ocr_par' dir='ltr' id='par_1_33' title="bbox 98 1763 3386 1863">
     <span class='ocr_line' id='line_1_33' title="bbox 98 1763 3386 1863; baseline 0.004 -17"><span class='ocrx_word' id='word_1_210' title='bbox 98 1793 239 1858; x_wconf 85' lang='lat' dir='ltr'><strong>Deo,</strong></span> <span class='ocrx_word' id='word_1_211' title='bbox 288 1808 620 1850; x_wconf 88' lang='lat' dir='ltr'><strong>occursurus</strong></span> <span class='ocrx_word' id='word_1_212' title='bbox 650 1811 666 1860; x_wconf 89' lang='lat'><strong>;</strong></span> <span class='ocrx_word' id='word_1_213' title='bbox 720 1803 872 1851; x_wconf 88' lang='lat' dir='ltr'><strong>ratus</strong></span> <span class='ocrx_word' id='word_1_214' title='bbox 905 1803 1083 1852; x_wconf 89' lang='lat' dir='ltr'><strong>tamen</strong></span> <span class='ocrx_word' id='word_1_215' title='bbox 1120 1797 1331 1853; x_wconf 85' lang='lat' dir='ltr'><strong>consilii</strong></span> <span class='ocrx_word' id='word_1_216' title='bbox 1362 1798 1504 1863; x_wconf 88' lang='lat' dir='ltr'><strong>fore,</strong></span> <span class='ocrx_word' id='word_1_217' title='bbox 1533 1798 1699 1854; x_wconf 83' lang='lat' dir='ltr'><strong>desti-</strong></span> <span class='ocrx_word' id='word_1_218' title='bbox 1726 1763 1774 1827; x_wconf 71' lang='grc' dir='ltr'><strong>Β</strong></span> <span class='ocrx_word' id='word_1_219' title='bbox 1802 1788 2051 1847; x_wconf 76' lang='lat' dir='ltr'><strong>laborum</strong></span> <span class='ocrx_word' id='word_1_220' title='bbox 2077 1803 2137 1849; x_wconf 86' lang='lat' dir='ltr'><strong>el</strong></span> <span class='ocrx_word' id='word_1_221' title='bbox 2159 1803 2377 1849; x_wconf 80' lang='lat' dir='ltr'><strong>actuum</strong></span> <span class='ocrx_word' id='word_1_222' title='bbox 2410 1804 2723 1851; x_wconf 77' lang='lat' dir='ltr'><strong>nostrorum</strong></span> <span class='ocrx_word' id='word_1_223' title='bbox 2761 1795 3042 1852; x_wconf 72' lang='lat' dir='ltr'><strong>conseium</strong></span> <span class='ocrx_word' id='word_1_224' title='bbox 3071 1803 3129 1850; x_wconf 77' lang='grc' dir='ltr'><strong>εῑ</strong></span> <span class='ocrx_word' id='word_1_225' title='bbox 3156 1794 3386 1859; x_wconf 71' lang='grc' dir='ltr'><strong>εοοῖιηηο</strong></span> 
     </span>
    </p>
   </div>
   <div class='ocr_carea' id='block_1_34' title="bbox 100 1885 1701 1958">
    <p class='ocr_par' dir='ltr' id='par_1_34' title="bbox 100 1885 1701 1958">
     <span class='ocr_line' id='line_1_34' title="bbox 100 1885 1701 1958; baseline 0.001 -17"><span class='ocrx_word' id='word_1_226' title='bbox 100 1885 355 1941; x_wconf 82' lang='lat' dir='ltr'><strong>navitad</strong></span> <span class='ocrx_word' id='word_1_227' title='bbox 412 1901 535 1940; x_wconf 88' lang='lat' dir='ltr'><strong>eum</strong></span> <span class='ocrx_word' id='word_1_228' title='bbox 595 1886 801 1957; x_wconf 89' lang='lat' dir='ltr'><strong>legatos</strong></span> <span class='ocrx_word' id='word_1_229' title='bbox 849 1903 999 1954; x_wconf 83' lang='lat' dir='ltr'><strong>suos,</strong></span> <span class='ocrx_word' id='word_1_230' title='bbox 1048 1890 1139 1958; x_wconf 89' lang='lat' dir='ltr'><strong>qui</strong></span> <span class='ocrx_word' id='word_1_231' title='bbox 1190 1898 1245 1944; x_wconf 86' lang='lat' dir='ltr'><strong>et</strong></span> <span class='ocrx_word' id='word_1_232' title='bbox 1295 1890 1505 1946; x_wconf 88' lang='lat' dir='ltr'><strong>itineris</strong></span> <span class='ocrx_word' id='word_1_233' title='bbox 1552 1889 1701 1945; x_wconf 82' lang='lat' dir='ltr'><strong>illius</strong></span> 
     </span>
    </p>
   </div>
   <div class='ocr_carea' id='block_1_35' title="bbox 99 1979 1703 2053">
    <p class='ocr_par' dir='ltr' id='par_1_35' title="bbox 99 1979 1703 2053">
     <span class='ocr_line' id='line_1_35' title="bbox 99 1979 1703 2053; baseline 0.004 -19"><span class='ocrx_word' id='word_1_234' title='bbox 99 1979 539 2046; x_wconf 84' lang='lat' dir='ltr'><strong>certitudinetn,</strong></span> <span class='ocrx_word' id='word_1_235' title='bbox 593 1987 649 2034; x_wconf 90' lang='lat' dir='ltr'><strong>et</strong></span> <span class='ocrx_word' id='word_1_236' title='bbox 692 1980 860 2035; x_wconf 88' lang='lat' dir='ltr'><strong>animi</strong></span> <span class='ocrx_word' id='word_1_237' title='bbox 894 1979 1042 2050; x_wconf 49' lang='lat' dir='ltr'><strong>&#39;ejus</strong></span> <span class='ocrx_word' id='word_1_238' title='bbox 1089 1981 1406 2051; x_wconf 83' lang='lat' dir='ltr'><strong>qualitatem</strong></span> <span class='ocrx_word' id='word_1_239' title='bbox 1460 1998 1591 2053; x_wconf 86' lang='lat' dir='ltr'><strong>erga</strong></span> <span class='ocrx_word' id='word_1_240' title='bbox 1643 1998 1703 2040; x_wconf 84' lang='lat' dir='ltr'><strong>se</strong></span> 
     </span>
    </p>
   </div>
   <div class='ocr_carea' id='block_1_36' title="bbox 104 2072 1747 2145">
    <p class='ocr_par' dir='ltr' id='par_1_36' title="bbox 104 2072 1747 2145">
     <span class='ocr_line' id='line_1_36' title="bbox 104 2072 1747 2145; baseline 0.005 -21"><span class='ocrx_word' id='word_1_241' title='bbox 104 2072 358 2141; x_wconf 88' lang='lat' dir='ltr'><strong>quidque</strong></span> <span class='ocrx_word' id='word_1_242' title='bbox 384 2072 452 2127; x_wconf 91' lang='lat' dir='ltr'><strong>de</strong></span> <span class='ocrx_word' id='word_1_243' title='bbox 482 2072 715 2142; x_wconf 83' lang='lat' dir='ltr'><strong>negotiis</strong></span> <span class='ocrx_word' id='word_1_244' title='bbox 755 2073 868 2128; x_wconf 90' lang='lat' dir='ltr'><strong>suis</strong></span> <span class='ocrx_word' id='word_1_245' title='bbox 904 2074 1048 2143; x_wconf 91' lang='lat' dir='ltr'><strong>apud</strong></span> <span class='ocrx_word' id='word_1_246' title='bbox 1074 2089 1197 2129; x_wconf 89' lang='lat' dir='ltr'><strong>cunt</strong></span> <span class='ocrx_word' id='word_1_247' title='bbox 1223 2074 1498 2131; x_wconf 85' lang='lat' dir='ltr'><strong>conlidere</strong></span> <span class='ocrx_word' id='word_1_248' title='bbox 1520 2084 1704 2145; x_wconf 86' lang='lat' dir='ltr'><strong>posset</strong></span> <span class='ocrx_word' id='word_1_249' title='bbox 1742 2092 1747 2097; x_wconf 79' lang='lat'><em>&#39;</em></span> 
     </span>
    </p>
   </div>
   <div class='ocr_carea' id='block_1_37' title="bbox 98 2162 1703 2233">
    <p class='ocr_par' dir='ltr' id='par_1_37' title="bbox 98 2162 1703 2233">
     <span class='ocr_line' id='line_1_37' title="bbox 98 2162 1703 2233; baseline 0.004 -18"><span class='ocrx_word' id='word_1_250' title='bbox 98 2162 427 2233; x_wconf 84' lang='lat' dir='ltr'><strong>diligentius</strong></span> <span class='ocrx_word' id='word_1_251' title='bbox 466 2162 876 2233; x_wconf 88' lang='lat' dir='ltr'><strong>investigarent.</strong></span> <span class='ocrx_word' id='word_1_252' title='bbox 931 2162 1061 2230; x_wconf 69' lang='lat' dir='ltr'><strong>Quae</strong></span> <span class='ocrx_word' id='word_1_253' title='bbox 1101 2166 1189 2220; x_wconf 92' lang='lat' dir='ltr'><strong>ubi</strong></span> <span class='ocrx_word' id='word_1_254' title='bbox 1228 2166 1538 2222; x_wconf 88' lang='lat' dir='ltr'><strong>Thurstano</strong></span> <span class='ocrx_word' id='word_1_255' title='bbox 1564 2167 1703 2223; x_wconf 80' lang='lat' dir='ltr'><strong>Ebo-</strong></span> 
     </span>
    </p>
   </div>
   <div class='ocr_carea' id='block_1_38' title="bbox 104 2253 1700 2329">
    <p class='ocr_par' dir='ltr' id='par_1_38' title="bbox 104 2253 1700 2329">
     <span class='ocr_line' id='line_1_38' title="bbox 104 2253 1700 2329; baseline 0.004 -22"><span class='ocrx_word' id='word_1_256' title='bbox 104 2253 329 2309; x_wconf 82' lang='lat' dir='ltr'><strong>racensi</strong></span> <span class='ocrx_word' id='word_1_257' title='bbox 373 2254 748 2321; x_wconf 84' lang='lat' dir='ltr'><strong>innottterunt,</strong></span> <span class='ocrx_word' id='word_1_258' title='bbox 792 2255 981 2311; x_wconf 86' lang='lat' dir='ltr'><strong>relicta</strong></span> <span class='ocrx_word' id='word_1_259' title='bbox 1019 2256 1212 2327; x_wconf 84' lang='lat' dir='ltr'><strong>Anglia</strong></span> <span class='ocrx_word' id='word_1_260' title='bbox 1241 2274 1466 2328; x_wconf 87' lang='lat' dir='ltr'><strong>papam,</strong></span> <span class='ocrx_word' id='word_1_261' title='bbox 1493 2268 1700 2329; x_wconf 81' lang='lat' dir='ltr'><strong>utspe-</strong></span> 
     </span>
    </p>
   </div>
   <div class='ocr_carea' id='block_1_39' title="bbox 108 2344 1704 2419">
    <p class='ocr_par' dir='ltr' id='par_1_39' title="bbox 108 2344 1704 2419">
     <span class='ocr_line' id='line_1_39' title="bbox 108 2344 1704 2419; baseline 0.005 -22"><span class='ocrx_word' id='word_1_262' title='bbox 108 2344 296 2411; x_wconf 89' lang='lat' dir='ltr'><strong>rabat,</strong></span> <span class='ocrx_word' id='word_1_263' title='bbox 336 2360 450 2401; x_wconf 66' lang='lat' dir='ltr'><strong>suae</strong></span> <span class='ocrx_word' id='word_1_264' title='bbox 475 2361 657 2401; x_wconf 76' lang='lat' dir='ltr'><strong>causa:</strong></span> <span class='ocrx_word' id='word_1_265' title='bbox 687 2348 866 2417; x_wconf 84' lang='lat' dir='ltr'><strong>gratia</strong></span> <span class='ocrx_word' id='word_1_266' title='bbox 911 2348 1180 2419; x_wconf 80' lang='lat' dir='ltr'><strong>petiturus</strong></span> <span class='ocrx_word' id='word_1_267' title='bbox 1213 2365 1367 2405; x_wconf 87' lang='lat' dir='ltr'><strong>mare</strong></span> <span class='ocrx_word' id='word_1_268' title='bbox 1404 2351 1624 2405; x_wconf 85' lang='lat' dir='ltr'><strong>transiit</strong></span> <span class='ocrx_word' id='word_1_269' title='bbox 1644 2359 1704 2407; x_wconf 91' lang='lat' dir='ltr'><strong>et</strong></span> 
     </span>
    </p>
   </div>
   <div class='ocr_carea' id='block_1_40' title="bbox 106 2435 1703 2509">
    <p class='ocr_par' dir='ltr' id='par_1_40' title="bbox 106 2435 1703 2509">
     <span class='ocr_line' id='line_1_40' title="bbox 106 2435 1703 2509; baseline 0.005 -21"><span class='ocrx_word' id='word_1_270' title='bbox 106 2435 518 2506; x_wconf 82' lang='lat' dir='ltr'><strong>Rothomagum</strong></span> <span class='ocrx_word' id='word_1_271' title='bbox 549 2438 717 2503; x_wconf 82' lang='lat' dir='ltr'><strong>venit.</strong></span> <span class='ocrx_word' id='word_1_272' title='bbox 745 2435 848 2492; x_wconf 84' lang='lat' dir='ltr'><strong>Ubi</strong></span> <span class='ocrx_word' id='word_1_273' title='bbox 879 2452 909 2492; x_wconf 93' lang='lat' dir='ltr'><strong>a</strong></span> <span class='ocrx_word' id='word_1_274' title='bbox 936 2453 1082 2509; x_wconf 88' lang='lat' dir='ltr'><strong>rege,</strong></span> <span class='ocrx_word' id='word_1_275' title='bbox 1120 2439 1263 2509; x_wconf 84' lang='lat' dir='ltr'><strong>quod</strong></span> <span class='ocrx_word' id='word_1_276' title='bbox 1292 2456 1352 2496; x_wconf 89' lang='lat' dir='ltr'><strong>se</strong></span> <span class='ocrx_word' id='word_1_277' title='bbox 1392 2441 1703 2497; x_wconf 83' lang='lat' dir='ltr'><strong>inconsulto</strong></span> 
     </span>
    </p>
   </div>
   <div class='ocr_carea' id='block_1_41' title="bbox 100 2526 1703 2600">
    <p class='ocr_par' dir='ltr' id='par_1_41' title="bbox 100 2526 1703 2600">
     <span class='ocr_line' id='line_1_41' title="bbox 100 2526 1703 2600; baseline 0.005 -21"><span class='ocrx_word' id='word_1_278' title='bbox 100 2526 556 2582; x_wconf 84' lang='lat' dir='ltr'><strong>transfretaverit</strong></span> <span class='ocrx_word' id='word_1_279' title='bbox 584 2528 930 2599; x_wconf 86' lang='lat' dir='ltr'><strong>redargutns,</strong></span> <span class='ocrx_word' id='word_1_280' title='bbox 954 2529 1095 2585; x_wconf 88' lang='lat' dir='ltr'><strong>ultra</strong></span> <span class='ocrx_word' id='word_1_281' title='bbox 1119 2532 1416 2600; x_wconf 87' lang='lat' dir='ltr'><strong>procedere</strong></span> <span class='ocrx_word' id='word_1_282' title='bbox 1441 2531 1703 2587; x_wconf 85' lang='lat' dir='ltr'><strong>inhibitus</strong></span> 
     </span>
    </p>
   </div>
   <div class='ocr_carea' id='block_1_42' title="bbox 98 2616 1702 2691">
    <p class='ocr_par' dir='ltr' id='par_1_42' title="bbox 98 2616 1702 2691">
     <span class='ocr_line' id='line_1_42' title="bbox 98 2616 1702 2691; baseline 0.004 -21"><span class='ocrx_word' id='word_1_283' title='bbox 98 2624 218 2680; x_wconf 87' lang='lat' dir='ltr'><strong>est,</strong></span> <span class='ocrx_word' id='word_1_284' title='bbox 248 2616 422 2671; x_wconf 87' lang='lat' dir='ltr'><strong>donec</strong></span> <span class='ocrx_word' id='word_1_285' title='bbox 444 2617 735 2673; x_wconf 87' lang='lat' dir='ltr'><strong>certiorem</strong></span> <span class='ocrx_word' id='word_1_286' title='bbox 773 2617 841 2674; x_wconf 82' lang='lat' dir='ltr'><strong>tle</strong></span> <span class='ocrx_word' id='word_1_287' title='bbox 885 2633 1145 2688; x_wconf 88' lang='lat' dir='ltr'><strong>processu</strong></span> <span class='ocrx_word' id='word_1_288' title='bbox 1184 2635 1335 2691; x_wconf 88' lang='lat' dir='ltr'><strong>papae</strong></span> <span class='ocrx_word' id='word_1_289' title='bbox 1372 2622 1702 2677; x_wconf 88' lang='lat' dir='ltr'><strong>sententiam</strong></span> 
     </span>
    </p>
   </div>
   <div class='ocr_carea' id='block_1_43' title="bbox 99 2705 1695 2784">
    <p class='ocr_par' dir='ltr' id='par_1_43' title="bbox 99 2705 1695 2784">
     <span class='ocr_line' id='line_1_43' title="bbox 99 2705 1695 2784; baseline 0.006 -23"><span class='ocrx_word' id='word_1_290' title='bbox 99 2705 400 2763; x_wconf 79' lang='lat' dir='ltr'><strong>edisceret.</strong></span> <span class='ocrx_word' id='word_1_291' title='bbox 432 2707 540 2765; x_wconf 89' lang='lat' dir='ltr'><strong>Sed</strong></span> <span class='ocrx_word' id='word_1_292' title='bbox 569 2710 785 2766; x_wconf 86' lang='lat' dir='ltr'><strong>evoluto</strong></span> <span class='ocrx_word' id='word_1_293' title='bbox 839 2727 947 2767; x_wconf 91' lang='lat' dir='ltr'><strong>non</strong></span> <span class='ocrx_word' id='word_1_294' title='bbox 995 2712 1168 2767; x_wconf 92' lang='lat' dir='ltr'><strong>multo</strong></span> <span class='ocrx_word' id='word_1_295' title='bbox 1202 2716 1466 2784; x_wconf 87' lang='lat' dir='ltr'><strong>temporis</strong></span> <span class='ocrx_word' id='word_1_296' title='bbox 1495 2715 1695 2783; x_wconf 91' lang='lat' dir='ltr'><strong>spatio,</strong></span> 
     </span>
    </p>
   </div>
   <div class='ocr_carea' id='block_1_44' title="bbox 104 2798 1695 2874">
    <p class='ocr_par' dir='ltr' id='par_1_44' title="bbox 104 2798 1695 2874">
     <span class='ocr_line' id='line_1_44' title="bbox 104 2798 1695 2874; baseline 0.004 -22"><span class='ocrx_word' id='word_1_297' title='bbox 104 2798 279 2870; x_wconf 85' lang='lat' dir='ltr'><strong>legati</strong></span> <span class='ocrx_word' id='word_1_298' title='bbox 317 2816 455 2870; x_wconf 92' lang='lat' dir='ltr'><strong>quos</strong></span> <span class='ocrx_word' id='word_1_299' title='bbox 499 2802 947 2874; x_wconf 89' lang='lat' dir='ltr'><strong>archiepiscopus</strong></span> <span class='ocrx_word' id='word_1_300' title='bbox 986 2804 1284 2870; x_wconf 83' lang='lat' dir='ltr'><strong>direxerat,</strong></span> <span class='ocrx_word' id='word_1_301' title='bbox 1324 2805 1529 2860; x_wconf 88' lang='lat' dir='ltr'><strong>reversi</strong></span> <span class='ocrx_word' id='word_1_302' title='bbox 1557 2820 1695 2859; x_wconf 87' lang='lat' dir='ltr'><strong>nun-</strong></span> 
     </span>
    </p>
   </div>
   <div class='ocr_carea' id='block_1_45' title="bbox 106 2890 1705 2964">
    <p class='ocr_par' dir='ltr' id='par_1_45' title="bbox 106 2890 1705 2964">
     <span class='ocr_line' id='line_1_45' title="bbox 106 2890 1705 2964; baseline 0.006 -24"><span class='ocrx_word' id='word_1_303' title='bbox 106 2890 248 2943; x_wconf 84' lang='lat' dir='ltr'><strong>tiant</strong></span> <span class='ocrx_word' id='word_1_304' title='bbox 296 2905 355 2945; x_wconf 88' lang='lat' dir='ltr'><strong>se</strong></span> <span class='ocrx_word' id='word_1_305' title='bbox 400 2890 467 2943; x_wconf 91' lang='lat' dir='ltr'><strong>ad</strong></span> <span class='ocrx_word' id='word_1_306' title='bbox 546 2906 743 2961; x_wconf 84' lang='lat' dir='ltr'><strong>papam</strong></span> <span class='ocrx_word' id='word_1_307' title='bbox 793 2893 1029 2958; x_wconf 85' lang='lat' dir='ltr'><strong>venisse,</strong></span> <span class='ocrx_word' id='word_1_308' title='bbox 1079 2908 1336 2964; x_wconf 89' lang='lat' dir='ltr'><strong>cumque,</strong></span> <span class='ocrx_word' id='word_1_309' title='bbox 1390 2894 1560 2949; x_wconf 89' lang='lat' dir='ltr'><strong>multa</strong></span> <span class='ocrx_word' id='word_1_310' title='bbox 1608 2909 1705 2950; x_wconf 92' lang='lat' dir='ltr'><strong>no-</strong></span> 
     </span>
    </p>
   </div>
   <div class='ocr_carea' id='block_1_46' title="bbox 106 2979 1703 3053">
    <p class='ocr_par' dir='ltr' id='par_1_46' title="bbox 106 2979 1703 3053">
     <span class='ocr_line' id='line_1_46' title="bbox 106 2979 1703 3053; baseline 0.005 -21"><span class='ocrx_word' id='word_1_311' title='bbox 106 2979 247 3033; x_wconf 81' lang='lat' dir='ltr'><strong>stris</strong></span> <span class='ocrx_word' id='word_1_312' title='bbox 298 2979 509 3034; x_wconf 66' lang='lat' dir='ltr'><strong>SiliCllllS</strong></span> <span class='ocrx_word' id='word_1_313' title='bbox 552 2995 690 3035; x_wconf 81' lang='lat' dir='ltr'><strong>nova</strong></span> <span class='ocrx_word' id='word_1_314' title='bbox 722 2992 778 3035; x_wconf 90' lang='lat' dir='ltr'><strong>et</strong></span> <span class='ocrx_word' id='word_1_315' title='bbox 804 2982 1042 3037; x_wconf 86' lang='lat' dir='ltr'><strong>inaudita</strong></span> <span class='ocrx_word' id='word_1_316' title='bbox 1083 2991 1472 3053; x_wconf 76' lang='lat' dir='ltr'><strong>proponenlem</strong></span> <span class='ocrx_word' id='word_1_317' title='bbox 1526 2984 1703 3039; x_wconf 82' lang='lat' dir='ltr'><strong>factu-</strong></span> 
     </span>
    </p>
   </div>
   <div class='ocr_carea' id='block_1_47' title="bbox 1780 1882 3390 1956">
    <p class='ocr_par' dir='ltr' id='par_1_47' title="bbox 1780 1882 3390 1956">
     <span class='ocr_line' id='line_1_47' title="bbox 1780 1882 3390 1956; baseline 0.004 -24"><span class='ocrx_word' id='word_1_318' title='bbox 1780 1882 1895 1950; x_wconf 88' lang='lat' dir='ltr'><strong>.qui</strong></span> <span class='ocrx_word' id='word_1_319' title='bbox 1926 1897 2024 1938; x_wconf 93' lang='lat' dir='ltr'><strong>cor</strong></span> <span class='ocrx_word' id='word_1_320' title='bbox 2053 1892 2295 1940; x_wconf 91' lang='lat' dir='ltr'><strong>nostrum</strong></span> <span class='ocrx_word' id='word_1_321' title='bbox 2330 1885 2569 1941; x_wconf 88' lang='lat' dir='ltr'><strong>funditus</strong></span> <span class='ocrx_word' id='word_1_322' title='bbox 2597 1887 2750 1943; x_wconf 86' lang='lat' dir='ltr'><strong>vobis</strong></span> <span class='ocrx_word' id='word_1_323' title='bbox 2776 1887 3054 1943; x_wconf 88' lang='lat' dir='ltr'><strong>denudare</strong></span> <span class='ocrx_word' id='word_1_324' title='bbox 3092 1894 3292 1956; x_wconf 89' lang='lat' dir='ltr'><strong>potest,</strong></span> <span class='ocrx_word' id='word_1_325' title='bbox 3332 1893 3390 1939; x_wconf 82' lang='lat' dir='ltr'><strong>et</strong></span> 
     </span>
    </p>
   </div>
   <div class='ocr_carea' id='block_1_48' title="bbox 1790 1977 3389 2051">
    <p class='ocr_par' dir='ltr' id='par_1_48' title="bbox 1790 1977 3389 2051">
     <span class='ocr_line' id='line_1_48' title="bbox 1790 1977 3389 2051; baseline 0.001 -21"><span class='ocrx_word' id='word_1_326' title='bbox 1790 1977 2135 2033; x_wconf 84' lang='lat' dir='ltr'><strong>enucleatius</strong></span> <span class='ocrx_word' id='word_1_327' title='bbox 2154 1979 2332 2034; x_wconf 90' lang='lat' dir='ltr'><strong>omnia</strong></span> <span class='ocrx_word' id='word_1_328' title='bbox 2355 1994 2475 2048; x_wconf 85' lang='lat' dir='ltr'><strong>quae</strong></span> <span class='ocrx_word' id='word_1_329' title='bbox 2497 1979 2643 2035; x_wconf 91' lang='lat' dir='ltr'><strong>circa</strong></span> <span class='ocrx_word' id='word_1_330' title='bbox 2665 1995 2750 2035; x_wconf 93' lang='lat' dir='ltr'><strong>me</strong></span> <span class='ocrx_word' id='word_1_331' title='bbox 2770 1989 3021 2051; x_wconf 87' lang='lat' dir='ltr'><strong>aguntur,</strong></span> <span class='ocrx_word' id='word_1_332' title='bbox 3043 1992 3270 2049; x_wconf 71' lang='lat' dir='ltr'><strong>quaeque</strong></span> <span class='ocrx_word' id='word_1_333' title='bbox 3291 1980 3389 2032; x_wconf 85' lang='lat' dir='ltr'><strong>de-</strong></span> 
     </span>
    </p>
   </div>
   <div class='ocr_carea' id='block_1_49' title="bbox 1803 2069 3387 2144">
    <p class='ocr_par' dir='ltr' id='par_1_49' title="bbox 1803 2069 3387 2144">
     <span class='ocr_line' id='line_1_49' title="bbox 1803 2069 3387 2144; baseline 0.001 -21"><span class='ocrx_word' id='word_1_334' title='bbox 1803 2069 1993 2124; x_wconf 86' lang='lat' dir='ltr'><strong>siderii</strong></span> <span class='ocrx_word' id='word_1_335' title='bbox 2020 2072 2123 2127; x_wconf 90' lang='lat' dir='ltr'><strong>mei</strong></span> <span class='ocrx_word' id='word_1_336' title='bbox 2162 2072 2290 2137; x_wconf 89' lang='lat' dir='ltr'><strong>sint,</strong></span> <span class='ocrx_word' id='word_1_337' title='bbox 2319 2073 2580 2140; x_wconf 82' lang='lat' dir='ltr'><strong>revelare,</strong></span> <span class='ocrx_word' id='word_1_338' title='bbox 2612 2090 2777 2144; x_wconf 89' lang='lat' dir='ltr'><strong>quam</strong></span> <span class='ocrx_word' id='word_1_339' title='bbox 2817 2073 2979 2128; x_wconf 90' lang='lat' dir='ltr'><strong>alicui</strong></span> <span class='ocrx_word' id='word_1_340' title='bbox 3027 2071 3233 2140; x_wconf 91' lang='lat' dir='ltr'><strong>scripto</strong></span> <span class='ocrx_word' id='word_1_341' title='bbox 3262 2084 3387 2125; x_wconf 79' lang='lat' dir='ltr'><strong>cre-</strong></span> 
     </span>
    </p>
   </div>
   <div class='ocr_carea' id='block_1_50' title="bbox 1804 2161 3390 2233">
    <p class='ocr_par' dir='ltr' id='par_1_50' title="bbox 1804 2161 3390 2233">
     <span class='ocr_line' id='line_1_50' title="bbox 1804 2161 3390 2233; baseline 0.001 -17"><span class='ocrx_word' id='word_1_342' title='bbox 1804 2161 1933 2219; x_wconf 86' lang='lat' dir='ltr'><strong>dere</strong></span> <span class='ocrx_word' id='word_1_343' title='bbox 1963 2161 2348 2230; x_wconf 89' lang='lat' dir='ltr'><strong>jndicaverim.</strong></span> <span class='ocrx_word' id='word_1_344' title='bbox 2379 2165 2580 2221; x_wconf 88' lang='lat' dir='ltr'><strong>Precor</strong></span> <span class='ocrx_word' id='word_1_345' title='bbox 2604 2174 2784 2220; x_wconf 90' lang='lat' dir='ltr'><strong>autem</strong></span> <span class='ocrx_word' id='word_1_346' title='bbox 2818 2163 3069 2220; x_wconf 79' lang='lat' dir='ltr'><strong>obnixius</strong></span> <span class='ocrx_word' id='word_1_347' title='bbox 3096 2171 3154 2217; x_wconf 92' lang='lat' dir='ltr'><strong>ut</strong></span> <span class='ocrx_word' id='word_1_348' title='bbox 3180 2162 3390 2233; x_wconf 81' lang='lat' dir='ltr'><strong>gratias</strong></span> 
     </span>
    </p>
   </div>
   <div class='ocr_carea' id='block_1_51' title="bbox 1802 2251 3388 2326">
    <p class='ocr_par' dir='ltr' id='par_1_51' title="bbox 1802 2251 3388 2326">
     <span class='ocr_line' id='line_1_51' title="bbox 1802 2251 3388 2326; baseline -0.001 -19"><span class='ocrx_word' id='word_1_349' title='bbox 1802 2252 1851 2307; x_wconf 91' lang='lat' dir='ltr'><strong>ei</strong></span> <span class='ocrx_word' id='word_1_350' title='bbox 1886 2251 2090 2307; x_wconf 88' lang='lat' dir='ltr'><strong>referre</strong></span> <span class='ocrx_word' id='word_1_351' title='bbox 2114 2254 2284 2309; x_wconf 91' lang='lat' dir='ltr'><strong>semel</strong></span> <span class='ocrx_word' id='word_1_352' title='bbox 2303 2265 2359 2310; x_wconf 93' lang='lat' dir='ltr'><strong>et</strong></span> <span class='ocrx_word' id='word_1_353' title='bbox 2384 2271 2525 2326; x_wconf 80' lang='lat' dir='ltr'><strong>saepe</strong></span> <span class='ocrx_word' id='word_1_354' title='bbox 2552 2255 3001 2319; x_wconf 88' lang='lat' dir='ltr'><strong>reminiscamini,</strong></span> <span class='ocrx_word' id='word_1_355' title='bbox 3030 2269 3127 2324; x_wconf 92' lang='lat' dir='ltr'><strong>pro</strong></span> <span class='ocrx_word' id='word_1_356' title='bbox 3160 2253 3388 2307; x_wconf 88' lang='lat' dir='ltr'><strong>servitio</strong></span> 
     </span>
    </p>
   </div>
   <div class='ocr_carea' id='block_1_52' title="bbox 1788 2344 3391 2415">
    <p class='ocr_par' dir='ltr' id='par_1_52' title="bbox 1788 2344 3391 2415">
     <span class='ocr_line' id='line_1_52' title="bbox 1788 2344 3391 2415; baseline 0.002 -20"><span class='ocrx_word' id='word_1_357' title='bbox 1788 2353 1860 2398; x_wconf 90' lang='lat' dir='ltr'><strong>.et</strong></span> <span class='ocrx_word' id='word_1_358' title='bbox 1886 2344 2095 2400; x_wconf 81' lang='lat' dir='ltr'><strong>honore</strong></span> <span class='ocrx_word' id='word_1_359' title='bbox 2127 2346 2273 2415; x_wconf 86' lang='lat' dir='ltr'><strong>quod</strong></span> <span class='ocrx_word' id='word_1_360' title='bbox 2314 2347 2445 2402; x_wconf 88' lang='lat' dir='ltr'><strong>mihi</strong></span> <span class='ocrx_word' id='word_1_361' title='bbox 2473 2363 2540 2403; x_wconf 88' lang='lat' dir='ltr'><strong>ex</strong></span> <span class='ocrx_word' id='word_1_362' title='bbox 2571 2362 2758 2403; x_wconf 87' lang='lat' dir='ltr'><strong>amore</strong></span> <span class='ocrx_word' id='word_1_363' title='bbox 2785 2362 2936 2411; x_wconf 85' lang='lat' dir='ltr'><strong>vero,</strong></span> <span class='ocrx_word' id='word_1_364' title='bbox 2965 2356 3025 2401; x_wconf 92' lang='lat' dir='ltr'><strong>nt</strong></span> <span class='ocrx_word' id='word_1_365' title='bbox 3046 2346 3130 2399; x_wconf 86' lang='lat' dir='ltr'><strong>vir</strong></span> <span class='ocrx_word' id='word_1_366' title='bbox 3153 2345 3391 2414; x_wconf 85' lang='lat' dir='ltr'><strong>prudens</strong></span> 
     </span>
    </p>
   </div>
   <div class='ocr_carea' id='block_1_53' title="bbox 1801 2435 3383 2508">
    <p class='ocr_par' dir='ltr' id='par_1_53' title="bbox 1801 2435 3383 2508">
     <span class='ocr_line' id='line_1_53' title="bbox 1801 2435 3383 2508; baseline 0.001 -19"><span class='ocrx_word' id='word_1_367' title='bbox 1801 2445 1856 2490; x_wconf 88' lang='lat' dir='ltr'><strong>et</strong></span> <span class='ocrx_word' id='word_1_368' title='bbox 1898 2435 2202 2505; x_wconf 77' lang='lat' dir='ltr'><strong>perfectus,</strong></span> <span class='ocrx_word' id='word_1_369' title='bbox 2244 2438 2508 2501; x_wconf 86' lang='lat' dir='ltr'><strong>exhibuit,</strong></span> <span class='ocrx_word' id='word_1_370' title='bbox 2564 2455 2661 2508; x_wconf 92' lang='lat' dir='ltr'><strong>pro</strong></span> <span class='ocrx_word' id='word_1_371' title='bbox 2706 2439 2892 2494; x_wconf 84' lang='lat' dir='ltr'><strong>labore</strong></span> <span class='ocrx_word' id='word_1_372' title='bbox 2936 2447 2992 2493; x_wconf 91' lang='lat' dir='ltr'><strong>et</strong></span> <span class='ocrx_word' id='word_1_373' title='bbox 3033 2450 3202 2493; x_wconf 79' lang='lat' dir='ltr'><strong>onere</strong></span> <span class='ocrx_word' id='word_1_374' title='bbox 3232 2437 3383 2505; x_wconf 83' lang='lat' dir='ltr'><strong>quod</strong></span> 
     </span>
    </p>
   </div>
   <div class='ocr_carea' id='block_1_54' title="bbox 1803 2524 3384 2598">
    <p class='ocr_par' dir='ltr' id='par_1_54' title="bbox 1803 2524 3384 2598">
     <span class='ocr_line' id='line_1_54' title="bbox 1803 2524 3384 2598; baseline -0.001 -19"><span class='ocrx_word' id='word_1_375' title='bbox 1803 2524 1923 2580; x_wconf 90' lang='lat' dir='ltr'><strong>sine</strong></span> <span class='ocrx_word' id='word_1_376' title='bbox 1953 2540 2233 2580; x_wconf 91' lang='lat' dir='ltr'><strong>murmure</strong></span> <span class='ocrx_word' id='word_1_377' title='bbox 2261 2543 2361 2597; x_wconf 90' lang='lat' dir='ltr'><strong>pro</strong></span> <span class='ocrx_word' id='word_1_378' title='bbox 2392 2542 2478 2581; x_wconf 90' lang='lat' dir='ltr'><strong>me</strong></span> <span class='ocrx_word' id='word_1_379' title='bbox 2507 2538 2759 2593; x_wconf 64' lang='lat' dir='ltr'><strong>moestus,</strong></span> <span class='ocrx_word' id='word_1_380' title='bbox 2812 2544 2911 2598; x_wconf 87' lang='lat' dir='ltr'><strong>pro</strong></span> <span class='ocrx_word' id='word_1_381' title='bbox 2960 2543 3019 2583; x_wconf 89' lang='lat' dir='ltr'><strong>se</strong></span> <span class='ocrx_word' id='word_1_382' title='bbox 3064 2542 3195 2582; x_wconf 85' lang='lat' dir='ltr'><strong>vero</strong></span> <span class='ocrx_word' id='word_1_383' title='bbox 3244 2525 3384 2581; x_wconf 76' lang='lat' dir='ltr'><strong>nihil</strong></span> 
     </span>
    </p>
   </div>
   <div class='ocr_carea' id='block_1_55' title="bbox 1800 2618 3391 2688">
    <p class='ocr_par' dir='ltr' id='par_1_55' title="bbox 1800 2618 3391 2688">
     <span class='ocr_line' id='line_1_55' title="bbox 1800 2618 3391 2688; baseline 0.001 -18"><span class='ocrx_word' id='word_1_384' title='bbox 1800 2626 2028 2687; x_wconf 86' lang='lat' dir='ltr'><strong>questus</strong></span> <span class='ocrx_word' id='word_1_385' title='bbox 2078 2620 2359 2673; x_wconf 83' lang='lat' dir='ltr'><strong>sustinuit.</strong></span> <span class='ocrx_word' id='word_1_386' title='bbox 2420 2619 2747 2674; x_wconf 82' lang='lat' dir='ltr'><strong>Mementote</strong></span> <span class='ocrx_word' id='word_1_387' title='bbox 2801 2634 2930 2688; x_wconf 87' lang='lat' dir='ltr'><strong>ergo</strong></span> <span class='ocrx_word' id='word_1_388' title='bbox 2982 2628 3043 2673; x_wconf 83' lang='lat' dir='ltr'><strong>ut</strong></span> <span class='ocrx_word' id='word_1_389' title='bbox 3082 2618 3155 2672; x_wconf 91' lang='lat' dir='ltr'><strong>illi</strong></span> <span class='ocrx_word' id='word_1_390' title='bbox 3199 2632 3391 2687; x_wconf 88' lang='lat' dir='ltr'><strong>parem</strong></span> 
     </span>
    </p>
   </div>
   <div class='ocr_carea' id='block_1_56' title="bbox 1800 2710 3389 2779">
    <p class='ocr_par' dir='ltr' id='par_1_56' title="bbox 1800 2710 3389 2779">
     <span class='ocr_line' id='line_1_56' title="bbox 1800 2710 3389 2779; baseline 0.002 -17"><span class='ocrx_word' id='word_1_391' title='bbox 1800 2710 2032 2778; x_wconf 80' lang='lat' dir='ltr'><strong>gratiam</strong></span> <span class='ocrx_word' id='word_1_392' title='bbox 2075 2710 2744 2777; x_wconf 37' lang='lat' dir='ltr'><strong>referatis,.ostendentes</strong></span> <span class='ocrx_word' id='word_1_393' title='bbox 2787 2711 2917 2765; x_wconf 84' lang='lat' dir='ltr'><strong>mihi</strong></span> <span class='ocrx_word' id='word_1_394' title='bbox 2956 2725 3196 2767; x_wconf 86' lang='lat' dir='ltr'><strong>amorem</strong></span> <span class='ocrx_word' id='word_1_395' title='bbox 3223 2724 3389 2779; x_wconf 91' lang='lat' dir='ltr'><strong>quem</strong></span> 
     </span>
    </p>
   </div>
   <div class='ocr_carea' id='block_1_57' title="bbox 1798 2804 3389 2873">
    <p class='ocr_par' dir='ltr' id='par_1_57' title="bbox 1798 2804 3389 2873">
     <span class='ocr_line' id='line_1_57' title="bbox 1798 2804 3389 2873; baseline 0.001 -15"><span class='ocrx_word' id='word_1_396' title='bbox 1798 2817 1931 2873; x_wconf 89' lang='lat' dir='ltr'><strong>erga</strong></span> <span class='ocrx_word' id='word_1_397' title='bbox 1972 2819 2059 2858; x_wconf 89' lang='lat' dir='ltr'><strong>me</strong></span> <span class='ocrx_word' id='word_1_398' title='bbox 2095 2804 2332 2869; x_wconf 81' lang='lat' dir='ltr'><strong>habetis,</strong></span> <span class='ocrx_word' id='word_1_399' title='bbox 2373 2805 2674 2861; x_wconf 85' lang='lat' dir='ltr'><strong>servientes</strong></span> <span class='ocrx_word' id='word_1_400' title='bbox 2702 2806 2775 2869; x_wconf 93' lang='lat' dir='ltr'><strong>ei,</strong></span> <span class='ocrx_word' id='word_1_401' title='bbox 2809 2814 2863 2859; x_wconf 90' lang='lat' dir='ltr'><strong>et</strong></span> <span class='ocrx_word' id='word_1_402' title='bbox 2888 2820 3012 2861; x_wconf 90' lang='lat' dir='ltr'><strong>eum</strong></span> <span class='ocrx_word' id='word_1_403' title='bbox 3041 2806 3304 2860; x_wconf 86' lang='lat' dir='ltr'><strong>honorem</strong></span> <span class='ocrx_word' id='word_1_404' title='bbox 3333 2814 3389 2859; x_wconf 87' lang='lat' dir='ltr'><strong>et</strong></span> 
     </span>
    </p>
   </div>
   <div class='ocr_carea' id='block_1_58' title="bbox 1803 2896 3392 2967">
    <p class='ocr_par' dir='ltr' id='par_1_58' title="bbox 1803 2896 3392 2967">
     <span class='ocr_line' id='line_1_58' title="bbox 1803 2896 3392 2967; baseline 0.001 -17"><span class='ocrx_word' id='word_1_405' title='bbox 1803 2910 2048 2951; x_wconf 89' lang='lat' dir='ltr'><strong>amorem</strong></span> <span class='ocrx_word' id='word_1_406' title='bbox 2091 2896 2466 2965; x_wconf 84' lang='lat' dir='ltr'><strong>impendentes</strong></span> <span class='ocrx_word' id='word_1_407' title='bbox 2504 2911 2665 2967; x_wconf 86' lang='lat' dir='ltr'><strong>quem</strong></span> <span class='ocrx_word' id='word_1_408' title='bbox 2713 2898 2844 2952; x_wconf 89' lang='lat' dir='ltr'><strong>mihi</strong></span> <span class='ocrx_word' id='word_1_409' title='bbox 2882 2897 3197 2965; x_wconf 90' lang='lat' dir='ltr'><strong>impendere</strong></span> <span class='ocrx_word' id='word_1_410' title='bbox 3222 2911 3392 2967; x_wconf 84' lang='lat' dir='ltr'><strong>cupe-</strong></span> 
     </span>
    </p>
   </div>
   <div class='ocr_carea' id='block_1_59' title="bbox 1806 2986 3388 3057">
    <p class='ocr_par' dir='ltr' id='par_1_59' title="bbox 1806 2986 3388 3057">
     <span class='ocr_line' id='line_1_59' title="bbox 1806 2986 3388 3057; baseline -0.001 -16"><span class='ocrx_word' id='word_1_411' title='bbox 1806 2987 1961 3054; x_wconf 86' lang='lat' dir='ltr'><strong>retis,</strong></span> <span class='ocrx_word' id='word_1_412' title='bbox 2013 2987 2245 3042; x_wconf 79' lang='lat' dir='ltr'><strong>scientes</strong></span> <span class='ocrx_word' id='word_1_413' title='bbox 2281 2987 2537 3057; x_wconf 89' lang='lat' dir='ltr'><strong>quoniam</strong></span> <span class='ocrx_word' id='word_1_414' title='bbox 2565 2986 2681 3056; x_wconf 84' lang='lat' dir='ltr'><strong>ejus</strong></span> <span class='ocrx_word' id='word_1_415' title='bbox 2719 2987 3020 3042; x_wconf 89' lang='lat' dir='ltr'><strong>absentiam</strong></span> <span class='ocrx_word' id='word_1_416' title='bbox 3053 3001 3195 3056; x_wconf 64' lang='lat' dir='ltr'><strong>aegre</strong></span> <span class='ocrx_word' id='word_1_417' title='bbox 3221 2986 3388 3041; x_wconf 88' lang='lat' dir='ltr'><strong>susti-</strong></span> 
     </span>
    </p>
   </div>
   <div class='ocr_carea' id='block_1_60' title="bbox 108 3073 3390 3170">
    <p class='ocr_par' dir='ltr' id='par_1_60' title="bbox 108 3073 3390 3170">
     <span class='ocr_line' id='line_1_60' title="bbox 108 3073 3390 3170; baseline 0.004 -50"><span class='ocrx_word' id='word_1_418' title='bbox 108 3084 257 3134; x_wconf 92' lang='lat' dir='ltr'><strong>rum,</strong></span> <span class='ocrx_word' id='word_1_419' title='bbox 313 3082 492 3125; x_wconf 89' lang='lat' dir='ltr'><strong>morte</strong></span> <span class='ocrx_word' id='word_1_420' title='bbox 540 3082 871 3141; x_wconf 67' lang='lat' dir='ltr'><strong>praeventum</strong></span> <span class='ocrx_word' id='word_1_421' title='bbox 904 3082 956 3127; x_wconf 90' lang='lat' dir='ltr'><strong>et</strong></span> <span class='ocrx_word' id='word_1_422' title='bbox 983 3073 1231 3130; x_wconf 86' lang='lat' dir='ltr'><strong>Cluniaci</strong></span> <span class='ocrx_word' id='word_1_423' title='bbox 1258 3090 1377 3131; x_wconf 88' lang='lat' dir='ltr'><strong>esse</strong></span> <span class='ocrx_word' id='word_1_424' title='bbox 1409 3075 1696 3146; x_wconf 89' lang='lat' dir='ltr'><strong>sepultum.</strong></span> <span class='ocrx_word' id='word_1_425' title='bbox 1726 3106 1773 3170; x_wconf 70' lang='lat' dir='ltr'><strong>c</strong></span> <span class='ocrx_word' id='word_1_426' title='bbox 1805 3093 1927 3133; x_wconf 86' lang='lat' dir='ltr'><strong>nco.</strong></span> <span class='ocrx_word' id='word_1_427' title='bbox 1963 3078 2068 3133; x_wconf 91' lang='lat' dir='ltr'><strong>Sed</strong></span> <span class='ocrx_word' id='word_1_428' title='bbox 2093 3079 2289 3133; x_wconf 89' lang='lat' dir='ltr'><strong>terruit</strong></span> <span class='ocrx_word' id='word_1_429' title='bbox 2318 3094 2405 3133; x_wconf 92' lang='lat' dir='ltr'><strong>me</strong></span> <span class='ocrx_word' id='word_1_430' title='bbox 2432 3079 2653 3148; x_wconf 87' lang='lat' dir='ltr'><strong>quidam</strong></span> <span class='ocrx_word' id='word_1_431' title='bbox 2686 3080 2841 3149; x_wconf 89' lang='lat' dir='ltr'><strong>quasi</strong></span> <span class='ocrx_word' id='word_1_432' title='bbox 2878 3079 3217 3135; x_wconf 89' lang='lat' dir='ltr'><strong>ramusculus</strong></span> <span class='ocrx_word' id='word_1_433' title='bbox 3247 3079 3390 3134; x_wconf 88' lang='lat' dir='ltr'><strong>illius</strong></span> 
     </span>
    </p>
   </div>
   <div class='ocr_carea' id='block_1_61' title="bbox 179 3158 1696 3237">
    <p class='ocr_par' dir='ltr' id='par_1_61' title="bbox 179 3158 1696 3237">
     <span class='ocr_line' id='line_1_61' title="bbox 179 3158 1696 3237; baseline 0.007 -23"><span class='ocrx_word' id='word_1_434' title='bbox 179 3158 372 3230; x_wconf 90' lang='lat' dir='ltr'><strong>Itaque</strong></span> <span class='ocrx_word' id='word_1_435' title='bbox 423 3171 547 3231; x_wconf 79' lang='lat' dir='ltr'><strong>past</strong></span> <span class='ocrx_word' id='word_1_436' title='bbox 595 3162 711 3217; x_wconf 79' lang='lat' dir='ltr'><strong>haec</strong></span> <span class='ocrx_word' id='word_1_437' title='bbox 752 3164 1058 3222; x_wconf 86' lang='lat' dir='ltr'><strong>cardinales</strong></span> <span class='ocrx_word' id='word_1_438' title='bbox 1106 3175 1162 3222; x_wconf 85' lang='lat' dir='ltr'><strong>et</strong></span> <span class='ocrx_word' id='word_1_439' title='bbox 1212 3166 1302 3221; x_wconf 90' lang='lat' dir='ltr'><strong>alii</strong></span> <span class='ocrx_word' id='word_1_440' title='bbox 1348 3168 1575 3222; x_wconf 84' lang='lat' dir='ltr'><strong>Romani</strong></span> <span class='ocrx_word' id='word_1_441' title='bbox 1606 3170 1696 3237; x_wconf 90' lang='lat' dir='ltr'><strong>qui</strong></span> 
     </span>
    </p>
   </div>
   <div class='ocr_carea' id='block_1_62' title="bbox 104 3251 1701 3323">
    <p class='ocr_par' dir='ltr' id='par_1_62' title="bbox 104 3251 1701 3323">
     <span class='ocr_line' id='line_1_62' title="bbox 104 3251 1701 3323; baseline 0.006 -20"><span class='ocrx_word' id='word_1_442' title='bbox 104 3265 309 3321; x_wconf 85' lang='lat' dir='ltr'><strong>papam</strong></span> <span class='ocrx_word' id='word_1_443' title='bbox 353 3251 528 3306; x_wconf 89' lang='lat' dir='ltr'><strong>secuti</strong></span> <span class='ocrx_word' id='word_1_444' title='bbox 571 3251 803 3311; x_wconf 86' lang='lat' dir='ltr'><strong>Galliam</strong></span> <span class='ocrx_word' id='word_1_445' title='bbox 848 3265 1133 3323; x_wconf 89' lang='lat' dir='ltr'><strong>venerant,</strong></span> <span class='ocrx_word' id='word_1_446' title='bbox 1165 3258 1291 3323; x_wconf 89' lang='lat' dir='ltr'><strong>sibi,</strong></span> <span class='ocrx_word' id='word_1_447' title='bbox 1327 3257 1493 3313; x_wconf 90' lang='lat' dir='ltr'><strong>veluti</strong></span> <span class='ocrx_word' id='word_1_448' title='bbox 1524 3273 1555 3315; x_wconf 85' lang='lat' dir='ltr'><strong>a</strong></span> <span class='ocrx_word' id='word_1_449' title='bbox 1585 3260 1701 3314; x_wconf 91' lang='lat' dir='ltr'><strong>suis</strong></span> 
     </span>
    </p>
   </div>
   <div class='ocr_carea' id='block_1_63' title="bbox 108 3346 1699 3415">
    <p class='ocr_par' dir='ltr' id='par_1_63' title="bbox 108 3346 1699 3415">
     <span class='ocr_line' id='line_1_63' title="bbox 108 3346 1699 3415; baseline 0.006 -16"><span class='ocrx_word' id='word_1_450' title='bbox 108 3346 272 3415; x_wconf 86' lang='lat' dir='ltr'><strong>longe</strong></span> <span class='ocrx_word' id='word_1_451' title='bbox 304 3346 522 3415; x_wconf 91' lang='lat' dir='ltr'><strong>remoti,</strong></span> <span class='ocrx_word' id='word_1_452' title='bbox 566 3349 935 3415; x_wconf 87' lang='lat' dir='ltr'><strong>consulentes,</strong></span> <span class='ocrx_word' id='word_1_453' title='bbox 984 3349 1287 3408; x_wconf 90' lang='lat' dir='ltr'><strong>Guidonem</strong></span> <span class='ocrx_word' id='word_1_454' title='bbox 1334 3351 1699 3408; x_wconf 81' lang='lat' dir='ltr'><strong>Viennensem</strong></span> 
     </span>
    </p>
   </div>
   <div class='ocr_carea' id='block_1_64' title="bbox 107 3437 1699 3514">
    <p class='ocr_par' dir='ltr' id='par_1_64' title="bbox 107 3437 1699 3514">
     <span class='ocr_line' id='line_1_64' title="bbox 107 3437 1699 3514; baseline 0.004 -23"><span class='ocrx_word' id='word_1_455' title='bbox 107 3437 580 3506; x_wconf 84' lang='lat' dir='ltr'><strong>archiepiscopum</strong></span> <span class='ocrx_word' id='word_1_456' title='bbox 632 3438 735 3495; x_wconf 91' lang='lat' dir='ltr'><strong>loci</strong></span> <span class='ocrx_word' id='word_1_457' title='bbox 790 3442 1125 3498; x_wconf 86' lang='lat' dir='ltr'><strong>auctoritate</strong></span> <span class='ocrx_word' id='word_1_458' title='bbox 1154 3452 1210 3499; x_wconf 91' lang='lat' dir='ltr'><strong>et</strong></span> <span class='ocrx_word' id='word_1_459' title='bbox 1245 3444 1438 3514; x_wconf 90' lang='lat' dir='ltr'><strong>opibus</strong></span> <span class='ocrx_word' id='word_1_460' title='bbox 1479 3442 1699 3511; x_wconf 88' lang='lat' dir='ltr'><strong>fultum,</strong></span> 
     </span>
    </p>
   </div>
   <div class='ocr_carea' id='block_1_65' title="bbox 106 3529 1697 3603">
    <p class='ocr_par' dir='ltr' id='par_1_65' title="bbox 106 3529 1697 3603">
     <span class='ocr_line' id='line_1_65' title="bbox 106 3529 1697 3603; baseline 0.009 -23"><span class='ocrx_word' id='word_1_461' title='bbox 106 3542 218 3595; x_wconf 88' lang='lat' dir='ltr'><strong>quo</strong></span> <span class='ocrx_word' id='word_1_462' title='bbox 262 3529 489 3586; x_wconf 88' lang='lat' dir='ltr'><strong>tutiores</strong></span> <span class='ocrx_word' id='word_1_463' title='bbox 528 3531 583 3585; x_wconf 93' lang='lat' dir='ltr'><strong>in</strong></span> <span class='ocrx_word' id='word_1_464' title='bbox 626 3531 804 3586; x_wconf 91' lang='lat' dir='ltr'><strong>aliena</strong></span> <span class='ocrx_word' id='word_1_465' title='bbox 849 3534 1130 3603; x_wconf 87' lang='lat' dir='ltr'><strong>provincia</strong></span> <span class='ocrx_word' id='word_1_466' title='bbox 1172 3546 1376 3601; x_wconf 89' lang='lat' dir='ltr'><strong>essent,</strong></span> <span class='ocrx_word' id='word_1_467' title='bbox 1435 3536 1556 3594; x_wconf 91' lang='lat' dir='ltr'><strong>loco</strong></span> <span class='ocrx_word' id='word_1_468' title='bbox 1604 3539 1697 3594; x_wconf 85' lang='lat' dir='ltr'><strong>de-</strong></span> 
     </span>
    </p>
   </div>
   <div class='ocr_carea' id='block_1_66' title="bbox 112 3612 1698 3689">
    <p class='ocr_par' dir='ltr' id='par_1_66' title="bbox 112 3612 1698 3689">
     <span class='ocr_line' id='line_1_66' title="bbox 112 3612 1698 3689; baseline 0.009 -20"><span class='ocrx_word' id='word_1_469' title='bbox 112 3618 281 3674; x_wconf 84' lang='lat' dir='ltr'><strong>functi</strong></span> <span class='ocrx_word' id='word_1_470' title='bbox 308 3634 459 3689; x_wconf 70' lang='lat' dir='ltr'><strong>papte</strong></span> <span class='ocrx_word' id='word_1_471' title='bbox 480 3622 832 3689; x_wconf 87' lang='lat' dir='ltr'><strong>substituunt,</strong></span> <span class='ocrx_word' id='word_1_472' title='bbox 858 3633 913 3679; x_wconf 92' lang='lat' dir='ltr'><strong>et</strong></span> <span class='ocrx_word' id='word_1_473' title='bbox 935 3612 1151 3681; x_wconf 65' lang='lat' dir='ltr'><strong>mutato</strong></span> <span class='ocrx_word' id='word_1_474' title='bbox 1171 3628 1392 3685; x_wconf 89' lang='lat' dir='ltr'><strong>nomine</strong></span> <span class='ocrx_word' id='word_1_475' title='bbox 1422 3628 1698 3685; x_wconf 79' lang='lat' dir='ltr'><strong>Calixtntn</strong></span> 
     </span>
    </p>
   </div>
   <div class='ocr_carea' id='block_1_67' title="bbox 111 3714 1699 3792">
    <p class='ocr_par' dir='ltr' id='par_1_67' title="bbox 111 3714 1699 3792">
     <span class='ocr_line' id='line_1_67' title="bbox 111 3714 1699 3792; baseline 0.008 -27"><span class='ocrx_word' id='word_1_476' title='bbox 111 3723 448 3783; x_wconf 91' lang='lat' dir='ltr'><strong>nuncupant.</strong></span> <span class='ocrx_word' id='word_1_477' title='bbox 494 3714 631 3768; x_wconf 91' lang='lat' dir='ltr'><strong>Dum</strong></span> <span class='ocrx_word' id='word_1_478' title='bbox 660 3716 775 3771; x_wconf 71' lang='lat' dir='ltr'><strong>haec</strong></span> <span class='ocrx_word' id='word_1_479' title='bbox 802 3716 1171 3775; x_wconf 86' lang='lat' dir='ltr'><strong>ecclesiastica</strong></span> <span class='ocrx_word' id='word_1_480' title='bbox 1202 3721 1273 3774; x_wconf 92' lang='lat' dir='ltr'><strong>ita</strong></span> <span class='ocrx_word' id='word_1_481' title='bbox 1304 3722 1355 3775; x_wconf 93' lang='lat' dir='ltr'><strong>in</strong></span> <span class='ocrx_word' id='word_1_482' title='bbox 1386 3722 1699 3792; x_wconf 82' lang='lat' dir='ltr'><strong>Burgundia</strong></span> 
     </span>
    </p>
   </div>
   <div class='ocr_carea' id='block_1_68' title="bbox 110 3801 1699 3880">
    <p class='ocr_par' dir='ltr' id='par_1_68' title="bbox 110 3801 1699 3880">
     <span class='ocr_line' id='line_1_68' title="bbox 110 3801 1699 3880; baseline 0.009 -28"><span class='ocrx_word' id='word_1_483' title='bbox 110 3801 491 3871; x_wconf 86' lang='lat' dir='ltr'><strong>disponuntur,</strong></span> <span class='ocrx_word' id='word_1_484' title='bbox 514 3804 850 3873; x_wconf 78' lang='lat' dir='ltr'><strong>apostolatus</strong></span> <span class='ocrx_word' id='word_1_485' title='bbox 876 3805 1135 3863; x_wconf 66' lang='lat' dir='ltr'><strong>Romanae</strong></span> <span class='ocrx_word' id='word_1_486' title='bbox 1156 3808 1433 3875; x_wconf 70' lang='lat' dir='ltr'><strong>Ecclesiae,</strong></span> <span class='ocrx_word' id='word_1_487' title='bbox 1464 3810 1699 3880; x_wconf 61' lang='lat' dir='ltr'><strong>praefato</strong></span> 
     </span>
    </p>
   </div>
   <div class='ocr_carea' id='block_1_69' title="bbox 112 3890 1695 3967">
    <p class='ocr_par' dir='ltr' id='par_1_69' title="bbox 112 3890 1695 3967">
     <span class='ocr_line' id='line_1_69' title="bbox 112 3890 1695 3967; baseline 0.009 -23"><span class='ocrx_word' id='word_1_488' title='bbox 112 3890 375 3963; x_wconf 79' lang='lat' dir='ltr'><strong>Gregorio</strong></span> <span class='ocrx_word' id='word_1_489' title='bbox 399 3894 513 3950; x_wconf 90' lang='lat' dir='ltr'><strong>sedi</strong></span> <span class='ocrx_word' id='word_1_490' title='bbox 540 3895 690 3951; x_wconf 87' lang='lat' dir='ltr'><strong>beati</strong></span> <span class='ocrx_word' id='word_1_491' title='bbox 716 3895 863 3951; x_wconf 81' lang='lat' dir='ltr'><strong>Petri</strong></span> <span class='ocrx_word' id='word_1_492' title='bbox 896 3899 1241 3967; x_wconf 66' lang='lat' dir='ltr'><strong>praesidente,</strong></span> <span class='ocrx_word' id='word_1_493' title='bbox 1265 3902 1695 3958; x_wconf 84' lang='lat' dir='ltr'><strong>administratur.</strong></span> 
     </span>
    </p>
   </div>
   <div class='ocr_carea' id='block_1_70' title="bbox 113 3984 1696 4065">
    <p class='ocr_par' dir='ltr' id='par_1_70' title="bbox 113 3984 1696 4065">
     <span class='ocr_line' id='line_1_70' title="bbox 113 3984 1696 4065; baseline 0.01 -28"><span class='ocrx_word' id='word_1_494' title='bbox 113 3984 288 4054; x_wconf 82' lang='lat' dir='ltr'><strong>Super</strong></span> <span class='ocrx_word' id='word_1_495' title='bbox 338 3986 425 4041; x_wconf 90' lang='lat' dir='ltr'><strong>his</strong></span> <span class='ocrx_word' id='word_1_496' title='bbox 471 4002 601 4058; x_wconf 79' lang='lat' dir='ltr'><strong>ergo</strong></span> <span class='ocrx_word' id='word_1_497' title='bbox 636 3989 823 4044; x_wconf 87' lang='lat' dir='ltr'><strong>multis</strong></span> <span class='ocrx_word' id='word_1_498' title='bbox 858 3992 1175 4048; x_wconf 87' lang='lat' dir='ltr'><strong>rumoribus</strong></span> <span class='ocrx_word' id='word_1_499' title='bbox 1202 3994 1398 4065; x_wconf 78' lang='lat' dir='ltr'><strong>Anglia</strong></span> <span class='ocrx_word' id='word_1_500' title='bbox 1429 4011 1696 4053; x_wconf 88' lang='lat' dir='ltr'><strong>concussa</strong></span> 
     </span>
    </p>
   </div>
   <div class='ocr_carea' id='block_1_71' title="bbox 112 4077 1698 4147">
    <p class='ocr_par' dir='ltr' id='par_1_71' title="bbox 112 4077 1698 4147">
     <span class='ocr_line' id='line_1_71' title="bbox 112 4077 1698 4147; baseline 0.01 -18"><span class='ocrx_word' id='word_1_501' title='bbox 112 4085 212 4142; x_wconf 83' lang='lat' dir='ltr'><strong>est,</strong></span> <span class='ocrx_word' id='word_1_502' title='bbox 249 4077 373 4133; x_wconf 82' lang='lat' dir='ltr'><strong>aliis</strong></span> <span class='ocrx_word' id='word_1_503' title='bbox 401 4078 568 4143; x_wconf 85' lang='lat' dir='ltr'><strong>hunc,</strong></span> <span class='ocrx_word' id='word_1_504' title='bbox 600 4080 723 4135; x_wconf 89' lang='lat' dir='ltr'><strong>aliis</strong></span> <span class='ocrx_word' id='word_1_505' title='bbox 753 4081 902 4136; x_wconf 85' lang='lat' dir='ltr'><strong>illum</strong></span> <span class='ocrx_word' id='word_1_506' title='bbox 931 4122 946 4147; x_wconf 96' lang='lat'><strong>,</strong></span> <span class='ocrx_word' id='word_1_507' title='bbox 988 4084 1111 4139; x_wconf 88' lang='lat' dir='ltr'><strong>aliis</strong></span> <span class='ocrx_word' id='word_1_508' title='bbox 1143 4095 1399 4140; x_wconf 88' lang='lat' dir='ltr'><strong>neutrum</strong></span> <span class='ocrx_word' id='word_1_509' title='bbox 1432 4088 1698 4145; x_wconf 63' lang='lat' dir='ltr'><strong>Ecclesiae</strong></span> 
     </span>
    </p>
   </div>
   <div class='ocr_carea' id='block_1_72' title="bbox 112 4164 1700 4239">
    <p class='ocr_par' dir='ltr' id='par_1_72' title="bbox 112 4164 1700 4239">
     <span class='ocr_line' id='line_1_72' title="bbox 112 4164 1700 4239; baseline 0.011 -20"><span class='ocrx_word' id='word_1_510' title='bbox 112 4164 205 4222; x_wconf 84' lang='lat' dir='ltr'><strong>Dei</strong></span> <span class='ocrx_word' id='word_1_511' title='bbox 254 4168 379 4238; x_wconf 86' lang='lat' dir='ltr'><strong>jure</strong></span> <span class='ocrx_word' id='word_1_512' title='bbox 433 4170 714 4239; x_wconf 82' lang='lat' dir='ltr'><strong>praelatum</strong></span> <span class='ocrx_word' id='word_1_513' title='bbox 764 4176 1159 4231; x_wconf 86' lang='lat' dir='ltr'><strong>asserentibus.</strong></span> <span class='ocrx_word' id='word_1_514' title='bbox 1218 4176 1355 4232; x_wconf 82' lang='lat' dir='ltr'><strong>Galli</strong></span> <span class='ocrx_word' id='word_1_515' title='bbox 1412 4189 1592 4234; x_wconf 88' lang='lat' dir='ltr'><strong>tamen</strong></span> <span class='ocrx_word' id='word_1_516' title='bbox 1639 4190 1700 4236; x_wconf 90' lang='lat' dir='ltr'><strong>et</strong></span> 
     </span>
    </p>
   </div>
   <div class='ocr_carea' id='block_1_73' title="bbox 114 4259 1698 4334">
    <p class='ocr_par' dir='ltr' id='par_1_73' title="bbox 114 4259 1698 4334">
     <span class='ocr_line' id='line_1_73' title="bbox 114 4259 1698 4334; baseline 0.012 -25"><span class='ocrx_word' id='word_1_517' title='bbox 114 4272 206 4311; x_wconf 86' lang='lat' dir='ltr'><strong>rex</strong></span> <span class='ocrx_word' id='word_1_518' title='bbox 233 4259 533 4330; x_wconf 84' lang='lat' dir='ltr'><strong>Anglorum</strong></span> <span class='ocrx_word' id='word_1_519' title='bbox 578 4278 707 4316; x_wconf 83' lang='lat' dir='ltr'><strong>cum</strong></span> <span class='ocrx_word' id='word_1_520' title='bbox 755 4265 1010 4334; x_wconf 83' lang='lat' dir='ltr'><strong>pontifice</strong></span> <span class='ocrx_word' id='word_1_521' title='bbox 1047 4268 1467 4324; x_wconf 85' lang='lat' dir='ltr'><strong>Cantuariorum</strong></span> <span class='ocrx_word' id='word_1_522' title='bbox 1503 4272 1555 4326; x_wconf 90' lang='lat' dir='ltr'><strong>in</strong></span> <span class='ocrx_word' id='word_1_523' title='bbox 1596 4272 1698 4327; x_wconf 84' lang='lat' dir='ltr'><strong>Ca-</strong></span> 
     </span>
    </p>
   </div>
   <div class='ocr_carea' id='block_1_74' title="bbox 114 4347 1695 4433">
    <p class='ocr_par' dir='ltr' id='par_1_74' title="bbox 114 4347 1695 4433">
     <span class='ocr_line' id='line_1_74' title="bbox 114 4347 1695 4433; baseline 0.01 -32"><span class='ocrx_word' id='word_1_524' title='bbox 114 4347 301 4404; x_wconf 85' lang='lat' dir='ltr'><strong>lixtum</strong></span> <span class='ocrx_word' id='word_1_525' title='bbox 349 4367 410 4407; x_wconf 89' lang='lat' dir='ltr'><strong>se</strong></span> <span class='ocrx_word' id='word_1_526' title='bbox 448 4355 871 4421; x_wconf 82' lang='lat' dir='ltr'><strong>transtulerunt,</strong></span> <span class='ocrx_word' id='word_1_527' title='bbox 920 4367 976 4413; x_wconf 89' lang='lat' dir='ltr'><strong>ct</strong></span> <span class='ocrx_word' id='word_1_528' title='bbox 1012 4374 1133 4414; x_wconf 89' lang='lat' dir='ltr'><strong>eum</strong></span> <span class='ocrx_word' id='word_1_529' title='bbox 1171 4360 1377 4431; x_wconf 87' lang='lat' dir='ltr'><strong>(spreto</strong></span> <span class='ocrx_word' id='word_1_530' title='bbox 1410 4362 1695 4433; x_wconf 77' lang='lat' dir='ltr'><strong>Gregorio)</strong></span> 
     </span>
    </p>
   </div>
   <div class='ocr_carea' id='block_1_75' title="bbox 1802 3168 3389 3238">
    <p class='ocr_par' dir='ltr' id='par_1_75' title="bbox 1802 3168 3389 3238">
     <span class='ocr_line' id='line_1_75' title="bbox 1802 3168 3389 3238; baseline 0.002 -15"><span class='ocrx_word' id='word_1_531' title='bbox 1802 3168 2137 3223; x_wconf 88' lang='lat' dir='ltr'><strong>infirmitatis</strong></span> <span class='ocrx_word' id='word_1_532' title='bbox 2186 3184 2293 3238; x_wconf 90' lang='lat' dir='ltr'><strong>quo</strong></span> <span class='ocrx_word' id='word_1_533' title='bbox 2337 3172 2615 3238; x_wconf 71' lang='lat' dir='ltr'><strong>praeterito</strong></span> <span class='ocrx_word' id='word_1_534' title='bbox 2662 3185 2805 3225; x_wconf 88' lang='lat' dir='ltr'><strong>anno</strong></span> <span class='ocrx_word' id='word_1_535' title='bbox 2843 3180 3068 3225; x_wconf 83' lang='lat' dir='ltr'><strong>vexatus</strong></span> <span class='ocrx_word' id='word_1_536' title='bbox 3097 3178 3199 3236; x_wconf 89' lang='lat' dir='ltr'><strong>est,</strong></span> <span class='ocrx_word' id='word_1_537' title='bbox 3232 3169 3389 3238; x_wconf 84' lang='lat' dir='ltr'><strong>cujus</strong></span> 
     </span>
    </p>
   </div>
   <div class='ocr_carea' id='block_1_76' title="bbox 1800 3259 3391 3332">
    <p class='ocr_par' dir='ltr' id='par_1_76' title="bbox 1800 3259 3391 3332">
     <span class='ocr_line' id='line_1_76' title="bbox 1800 3259 3391 3332; baseline -0.002 -15"><span class='ocrx_word' id='word_1_538' title='bbox 1800 3263 1881 3317; x_wconf 83' lang='lat' dir='ltr'><strong>rei</strong></span> <span class='ocrx_word' id='word_1_539' title='bbox 1911 3262 2086 3332; x_wconf 90' lang='lat' dir='ltr'><strong>gratia</strong></span> <span class='ocrx_word' id='word_1_540' title='bbox 2125 3276 2251 3315; x_wconf 90' lang='lat' dir='ltr'><strong>eum</strong></span> <span class='ocrx_word' id='word_1_541' title='bbox 2292 3262 2625 3331; x_wconf 72' lang='lat' dir='ltr'><strong>prazmittere</strong></span> <span class='ocrx_word' id='word_1_542' title='bbox 2658 3272 2880 3317; x_wconf 90' lang='lat' dir='ltr'><strong>coactus</strong></span> <span class='ocrx_word' id='word_1_543' title='bbox 2906 3276 3048 3316; x_wconf 90' lang='lat' dir='ltr'><strong>sum.</strong></span> <span class='ocrx_word' id='word_1_544' title='bbox 3082 3259 3194 3316; x_wconf 83' lang='lat' dir='ltr'><strong>Vos</strong></span> <span class='ocrx_word' id='word_1_545' title='bbox 3223 3262 3391 3331; x_wconf 87' lang='lat' dir='ltr'><strong>igitur</strong></span> 
     </span>
    </p>
   </div>
   <div class='ocr_carea' id='block_1_77' title="bbox 1806 3353 3388 3423">
    <p class='ocr_par' dir='ltr' id='par_1_77' title="bbox 1806 3353 3388 3423">
     <span class='ocr_line' id='line_1_77' title="bbox 1806 3353 3388 3423; baseline -0.002 -13"><span class='ocrx_word' id='word_1_546' title='bbox 1806 3364 1997 3410; x_wconf 89' lang='lat' dir='ltr'><strong>curate</strong></span> <span class='ocrx_word' id='word_1_547' title='bbox 2048 3361 2109 3407; x_wconf 93' lang='lat' dir='ltr'><strong>ut</strong></span> <span class='ocrx_word' id='word_1_548' title='bbox 2157 3353 2279 3409; x_wconf 90' lang='lat' dir='ltr'><strong>sitis</strong></span> <span class='ocrx_word' id='word_1_549' title='bbox 2316 3354 2366 3408; x_wconf 89' lang='lat' dir='ltr'><strong>ei</strong></span> <span class='ocrx_word' id='word_1_550' title='bbox 2417 3354 2645 3423; x_wconf 86' lang='lat' dir='ltr'><strong>piissimi</strong></span> <span class='ocrx_word' id='word_1_551' title='bbox 2692 3354 2913 3418; x_wconf 87' lang='lat' dir='ltr'><strong>fratres,</strong></span> <span class='ocrx_word' id='word_1_552' title='bbox 2943 3363 3000 3408; x_wconf 89' lang='lat' dir='ltr'><strong>et</strong></span> <span class='ocrx_word' id='word_1_553' title='bbox 3029 3353 3388 3423; x_wconf 85' lang='lat' dir='ltr'><strong>impigerritni</strong></span> 
     </span>
    </p>
   </div>
   <div class='ocr_carea' id='block_1_78' title="bbox 1801 3444 3383 3515">
    <p class='ocr_par' dir='ltr' id='par_1_78' title="bbox 1801 3444 3383 3515">
     <span class='ocr_line' id='line_1_78' title="bbox 1801 3444 3383 3515; baseline -0.001 -14"><span class='ocrx_word' id='word_1_554' title='bbox 1801 3447 2275 3502; x_wconf 89' lang='lat' dir='ltr'><strong>administratores</strong></span> <span class='ocrx_word' id='word_1_555' title='bbox 2322 3446 2564 3501; x_wconf 89' lang='lat' dir='ltr'><strong>omnium</strong></span> <span class='ocrx_word' id='word_1_556' title='bbox 2608 3460 2795 3501; x_wconf 91' lang='lat' dir='ltr'><strong>earnm</strong></span> <span class='ocrx_word' id='word_1_557' title='bbox 2838 3462 3022 3501; x_wconf 88' lang='lat' dir='ltr'><strong>rerum</strong></span> <span class='ocrx_word' id='word_1_558' title='bbox 3070 3460 3190 3515; x_wconf 48' lang='lat' dir='ltr'><strong>quae.</strong></span> <span class='ocrx_word' id='word_1_559' title='bbox 3220 3444 3383 3501; x_wconf 89' lang='lat' dir='ltr'><strong>saluti</strong></span> 
     </span>
    </p>
   </div>
   <div class='ocr_carea' id='block_1_79' title="bbox 1800 3532 3388 3607">
    <p class='ocr_par' dir='ltr' id='par_1_79' title="bbox 1800 3532 3388 3607">
     <span class='ocr_line' id='line_1_79' title="bbox 1800 3532 3388 3607; baseline -0.001 -17"><span class='ocrx_word' id='word_1_560' title='bbox 1800 3550 1911 3591; x_wconf 67' lang='lat' dir='ltr'><strong>suae</strong></span> <span class='ocrx_word' id='word_1_561' title='bbox 1936 3550 2172 3607; x_wconf 80' lang='lat' dir='ltr'><strong>congrua</strong></span> <span class='ocrx_word' id='word_1_562' title='bbox 2194 3542 2248 3591; x_wconf 94' lang='lat' dir='ltr'><strong>et</strong></span> <span class='ocrx_word' id='word_1_563' title='bbox 2274 3535 2662 3607; x_wconf 90' lang='lat' dir='ltr'><strong>consequentia</strong></span> <span class='ocrx_word' id='word_1_564' title='bbox 2696 3536 2962 3591; x_wconf 88' lang='lat' dir='ltr'><strong>videritis.</strong></span> <span class='ocrx_word' id='word_1_565' title='bbox 2990 3534 3179 3590; x_wconf 85' lang='lat' dir='ltr'><strong>Valete</strong></span> <span class='ocrx_word' id='word_1_566' title='bbox 3206 3532 3388 3590; x_wconf 89' lang='lat' dir='ltr'><strong>nostri</strong></span> 
     </span>
    </p>
   </div>
   <div class='ocr_carea' id='block_1_80' title="bbox 1800 3643 2131 3684">
    <p class='ocr_par' dir='ltr' id='par_1_80' title="bbox 1800 3643 2131 3684">
     <span class='ocr_line' id='line_1_80' title="bbox 1800 3643 2131 3684; baseline -0.003 -2"><span class='ocrx_word' id='word_1_567' title='bbox 1800 3643 2086 3684; x_wconf 87' lang='lat' dir='ltr'><strong>memores.</strong></span> <span class='ocrx_word' id='word_1_568' title='bbox 2112 3648 2131 3681; x_wconf 72' lang='grc' dir='ltr'>ι</span> 
     </span>
    </p>
   </div>
   <div class='ocr_carea' id='block_1_81' title="bbox 1808 3720 3385 3793">
    <p class='ocr_par' dir='ltr' id='par_1_81' title="bbox 1808 3720 3385 3793">
     <span class='ocr_line' id='line_1_81' title="bbox 1808 3720 3385 3793; baseline -0.001 -16"><span class='ocrx_word' id='word_1_569' title='bbox 1808 3756 1813 3759; x_wconf 70' lang='grc' dir='ltr'><em>ι</em></span> <span class='ocrx_word' id='word_1_570' title='bbox 1872 3720 2023 3777; x_wconf 77' lang='lat' dir='ltr'><strong>lianc</strong></span> <span class='ocrx_word' id='word_1_571' title='bbox 2066 3721 2373 3793; x_wconf 85' lang='lat' dir='ltr'><strong>epistolam,</strong></span> <span class='ocrx_word' id='word_1_572' title='bbox 2423 3737 2530 3777; x_wconf 86' lang='lat' dir='ltr'><strong>non</strong></span> <span class='ocrx_word' id='word_1_573' title='bbox 2582 3736 2680 3791; x_wconf 89' lang='lat' dir='ltr'><strong>pro</strong></span> <span class='ocrx_word' id='word_1_574' title='bbox 2728 3721 3203 3777; x_wconf 86' lang='lat' dir='ltr'><strong>commendatione</strong></span> <span class='ocrx_word' id='word_1_575' title='bbox 3255 3728 3385 3791; x_wconf 61' lang='lat' dir='ltr'><strong>per-4</strong></span> 
     </span>
    </p>
   </div>
   <div class='ocr_carea' id='block_1_82' title="bbox 1799 3814 3386 3884">
    <p class='ocr_par' dir='ltr' id='par_1_82' title="bbox 1799 3814 3386 3884">
     <span class='ocr_line' id='line_1_82' title="bbox 1799 3814 3386 3884; baseline 0.001 -17"><span class='ocrx_word' id='word_1_576' title='bbox 1799 3826 1946 3867; x_wconf 72' lang='lat' dir='ltr'><strong>sonte</strong></span> <span class='ocrx_word' id='word_1_577' title='bbox 1991 3828 2145 3880; x_wconf 69' lang='lat' dir='ltr'><strong>meae,</strong></span> <span class='ocrx_word' id='word_1_578' title='bbox 2191 3830 2353 3883; x_wconf 84' lang='lat' dir='ltr'><strong>quam</strong></span> <span class='ocrx_word' id='word_1_579' title='bbox 2402 3815 2605 3869; x_wconf 92' lang='lat' dir='ltr'><strong>nullius</strong></span> <span class='ocrx_word' id='word_1_580' title='bbox 2641 3814 2796 3869; x_wconf 89' lang='lat' dir='ltr'><strong>laude</strong></span> <span class='ocrx_word' id='word_1_581' title='bbox 2828 3814 3051 3884; x_wconf 83' lang='lat' dir='ltr'><strong>dignam</strong></span> <span class='ocrx_word' id='word_1_582' title='bbox 3080 3814 3386 3869; x_wconf 86' lang='lat' dir='ltr'><strong>certissime</strong></span> 
     </span>
    </p>
   </div>
   <div class='ocr_carea' id='block_1_83' title="bbox 1797 3904 3388 3975">
    <p class='ocr_par' dir='ltr' id='par_1_83' title="bbox 1797 3904 3388 3975">
     <span class='ocr_line' id='line_1_83' title="bbox 1797 3904 3388 3975; baseline 0 -16"><span class='ocrx_word' id='word_1_583' title='bbox 1797 3904 1934 3968; x_wconf 89' lang='lat' dir='ltr'><strong>scio,</strong></span> <span class='ocrx_word' id='word_1_584' title='bbox 1983 3904 2073 3959; x_wconf 91' lang='lat' dir='ltr'><strong>hic</strong></span> <span class='ocrx_word' id='word_1_585' title='bbox 2112 3906 2318 3967; x_wconf 85' lang='lat' dir='ltr'><strong>notavi.</strong></span> <span class='ocrx_word' id='word_1_586' title='bbox 2362 3907 2455 3959; x_wconf 87' lang='lat' dir='ltr'><strong>sed</strong></span> <span class='ocrx_word' id='word_1_587' title='bbox 2499 3915 2558 3960; x_wconf 93' lang='lat' dir='ltr'><strong>ut</strong></span> <span class='ocrx_word' id='word_1_588' title='bbox 2602 3907 2685 3959; x_wconf 88' lang='lat' dir='ltr'><strong>his</strong></span> <span class='ocrx_word' id='word_1_589' title='bbox 2706 3906 2801 3975; x_wconf 90' lang='lat' dir='ltr'><strong>qui</strong></span> <span class='ocrx_word' id='word_1_590' title='bbox 2835 3906 3128 3975; x_wconf 89' lang='lat' dir='ltr'><strong>opinantur</strong></span> <span class='ocrx_word' id='word_1_591' title='bbox 3155 3904 3388 3959; x_wconf 85' lang='lat' dir='ltr'><strong>etoblo-</strong></span> 
     </span>
    </p>
   </div>
   <div class='ocr_carea' id='block_1_84' title="bbox 1799 3995 3384 4067">
    <p class='ocr_par' dir='ltr' id='par_1_84' title="bbox 1799 3995 3384 4067">
     <span class='ocr_line' id='line_1_84' title="bbox 1799 3995 3384 4067; baseline 0 -17"><span class='ocrx_word' id='word_1_592' title='bbox 1799 4006 2059 4067; x_wconf 88' lang='lat' dir='ltr'><strong>quuntur,</strong></span> <span class='ocrx_word' id='word_1_593' title='bbox 2088 3996 2331 4052; x_wconf 91' lang='lat' dir='ltr'><strong>dicentes</strong></span> <span class='ocrx_word' id='word_1_594' title='bbox 2362 4011 2446 4051; x_wconf 92' lang='lat' dir='ltr'><strong>me</strong></span> <span class='ocrx_word' id='word_1_595' title='bbox 2479 4006 2686 4065; x_wconf 87' lang='lat' dir='ltr'><strong>patrem</strong></span> <span class='ocrx_word' id='word_1_596' title='bbox 2726 4011 2905 4050; x_wconf 88' lang='lat' dir='ltr'><strong>meum</strong></span> <span class='ocrx_word' id='word_1_597' title='bbox 2936 3995 3089 4064; x_wconf 89' lang='lat' dir='ltr'><strong>quasi</strong></span> <span class='ocrx_word' id='word_1_598' title='bbox 3121 3997 3174 4049; x_wconf 95' lang='lat' dir='ltr'><strong>in</strong></span> <span class='ocrx_word' id='word_1_599' title='bbox 3205 3995 3384 4050; x_wconf 91' lang='lat' dir='ltr'><strong>alieno</strong></span> 
     </span>
    </p>
   </div>
   <div class='ocr_carea' id='block_1_85' title="bbox 1798 4083 3383 4154">
    <p class='ocr_par' dir='ltr' id='par_1_85' title="bbox 1798 4083 3383 4154">
     <span class='ocr_line' id='line_1_85' title="bbox 1798 4083 3383 4154; baseline -0.001 -15"><span class='ocrx_word' id='word_1_600' title='bbox 1798 4085 2034 4154; x_wconf 88' lang='lat' dir='ltr'><strong>positum</strong></span> <span class='ocrx_word' id='word_1_601' title='bbox 2081 4085 2418 4149; x_wconf 90' lang='lat' dir='ltr'><strong>deseruisse,</strong></span> <span class='ocrx_word' id='word_1_602' title='bbox 2471 4092 2525 4139; x_wconf 91' lang='lat' dir='ltr'><strong>et</strong></span> <span class='ocrx_word' id='word_1_603' title='bbox 2568 4084 2618 4138; x_wconf 92' lang='lat' dir='ltr'><strong>ei</strong></span> <span class='ocrx_word' id='word_1_604' title='bbox 2674 4084 2930 4138; x_wconf 86' lang='lat' dir='ltr'><strong>solatium</strong></span> <span class='ocrx_word' id='word_1_605' title='bbox 2975 4083 3222 4153; x_wconf 87' lang='lat' dir='ltr'><strong>obsequii</strong></span> <span class='ocrx_word' id='word_1_606' title='bbox 3270 4083 3383 4138; x_wconf 85' lang='lat' dir='ltr'><strong>mei</strong></span> 
     </span>
    </p>
   </div>
   <div class='ocr_carea' id='block_1_86' title="bbox 1800 4172 3383 4244">
    <p class='ocr_par' dir='ltr' id='par_1_86' title="bbox 1800 4172 3383 4244">
     <span class='ocr_line' id='line_1_86' title="bbox 1800 4172 3383 4244; baseline 0 -17"><span class='ocrx_word' id='word_1_607' title='bbox 1800 4189 1953 4229; x_wconf 85' lang='lat' dir='ltr'><strong>more</strong></span> <span class='ocrx_word' id='word_1_608' title='bbox 2000 4174 2168 4243; x_wconf 89' lang='lat' dir='ltr'><strong>prolis</strong></span> <span class='ocrx_word' id='word_1_609' title='bbox 2216 4174 2533 4229; x_wconf 68' lang='lat' dir='ltr'><strong>adulterina:</strong></span> <span class='ocrx_word' id='word_1_610' title='bbox 2581 4172 2958 4239; x_wconf 83' lang='lat' dir='ltr'><strong>subtraxisse,</strong></span> <span class='ocrx_word' id='word_1_611' title='bbox 3010 4188 3123 4227; x_wconf 87' lang='lat' dir='ltr'><strong>rem</strong></span> <span class='ocrx_word' id='word_1_612' title='bbox 3171 4180 3383 4244; x_wconf 86' lang='lat' dir='ltr'><strong>gestam</strong></span> 
     </span>
    </p>
   </div>
   <div class='ocr_carea' id='block_1_87' title="bbox 1802 4264 3378 4335">
    <p class='ocr_par' dir='ltr' id='par_1_87' title="bbox 1802 4264 3378 4335">
     <span class='ocr_line' id='line_1_87' title="bbox 1802 4264 3378 4335; baseline -0.002 -15"><span class='ocrx_word' id='word_1_613' title='bbox 1802 4265 2035 4335; x_wconf 88' lang='lat' dir='ltr'><strong>simplici</strong></span> <span class='ocrx_word' id='word_1_614' title='bbox 2084 4266 2212 4321; x_wconf 88' lang='lat' dir='ltr'><strong>stilo</strong></span> <span class='ocrx_word' id='word_1_615' title='bbox 2269 4264 2628 4320; x_wconf 87' lang='lat' dir='ltr'><strong>describendo</strong></span> <span class='ocrx_word' id='word_1_616' title='bbox 2662 4279 2981 4334; x_wconf 88' lang='lat' dir='ltr'><strong>proponam.</strong></span> <span class='ocrx_word' id='word_1_617' title='bbox 3033 4264 3099 4319; x_wconf 87' lang='lat' dir='ltr'><strong>Et</strong></span> <span class='ocrx_word' id='word_1_618' title='bbox 3139 4264 3378 4334; x_wconf 81' lang='lat' dir='ltr'><strong>quidem,</strong></span> 
     </span>
    </p>
   </div>
   <div class='ocr_carea' id='block_1_88' title="bbox 1798 4355 3380 4411">
    <p class='ocr_par' dir='ltr' id='par_1_88' title="bbox 1798 4355 3380 4411">
     <span class='ocr_line' id='line_1_88' title="bbox 1798 4355 3380 4411; baseline -0.001 0"><span class='ocrx_word' id='word_1_619' title='bbox 1798 4371 1921 4411; x_wconf 91' lang='lat' dir='ltr'><strong>cum</strong></span> <span class='ocrx_word' id='word_1_620' title='bbox 1974 4356 2124 4411; x_wconf 91' lang='lat' dir='ltr'><strong>illum</strong></span> <span class='ocrx_word' id='word_1_621' title='bbox 2180 4371 2388 4411; x_wconf 91' lang='lat' dir='ltr'><strong>moram</strong></span> <span class='ocrx_word' id='word_1_622' title='bbox 2443 4356 2582 4410; x_wconf 92' lang='lat' dir='ltr'><strong>ultra</strong></span> <span class='ocrx_word' id='word_1_623' title='bbox 2633 4355 2941 4410; x_wconf 88' lang='lat' dir='ltr'><strong>condictum</strong></span> <span class='ocrx_word' id='word_1_624' title='bbox 2975 4356 3047 4409; x_wconf 93' lang='lat' dir='ltr'><strong>.in</strong></span> <span class='ocrx_word' id='word_1_625' title='bbox 3106 4355 3380 4410; x_wconf 87' lang='lat' dir='ltr'><strong>redeundo</strong></span> 
     </span>
    </p>
   </div>
   <div class='ocr_carea' id='block_1_89' title="bbox 112 4444 3379 4525">
    <p class='ocr_par' dir='ltr' id='par_1_89' title="bbox 112 4444 3379 4525">
     <span class='ocr_line' id='line_1_89' title="bbox 112 4444 3379 4525; baseline 0.004 -26"><span class='ocrx_word' id='word_1_626' title='bbox 112 4458 206 4511; x_wconf 82' lang='lat' dir='ltr'><strong>pro</strong></span> <span class='ocrx_word' id='word_1_627' title='bbox 256 4445 553 4514; x_wconf 87' lang='lat' dir='ltr'><strong>apostolico</strong></span> <span class='ocrx_word' id='word_1_628' title='bbox 602 4459 977 4519; x_wconf 85' lang='lat' dir='ltr'><strong>susceperunt.</strong></span> <span class='ocrx_word' id='word_1_629' title='bbox 1034 4449 1226 4506; x_wconf 84' lang='lat' dir='ltr'><strong>Utrum</strong></span> <span class='ocrx_word' id='word_1_630' title='bbox 1280 4462 1460 4509; x_wconf 89' lang='lat' dir='ltr'><strong>autem</strong></span> <span class='ocrx_word' id='word_1_631' title='bbox 1510 4454 1691 4525; x_wconf 85' lang='lat' dir='ltr'><strong>aliqua</strong></span> <span class='ocrx_word' id='word_1_632' title='bbox 1722 4444 1984 4517; x_wconf 82' lang='lat' dir='ltr'><strong>Dfacere</strong></span> <span class='ocrx_word' id='word_1_633' title='bbox 2023 4447 2288 4510; x_wconf 76' lang='lat' dir='ltr'><strong>viderem.</strong></span> <span class='ocrx_word' id='word_1_634' title='bbox 2335 4446 2576 4517; x_wconf 75' lang='lat' dir='ltr'><strong>profecto</strong></span> <span class='ocrx_word' id='word_1_635' title='bbox 2613 4446 2679 4500; x_wconf 79' lang='lat' dir='ltr'><strong>ad</strong></span> <span class='ocrx_word' id='word_1_636' title='bbox 2718 4459 2839 4499; x_wconf 84' lang='lat' dir='ltr'><strong>eum</strong></span> <span class='ocrx_word' id='word_1_637' title='bbox 2892 4446 3190 4511; x_wconf 78' lang='lat' dir='ltr'><strong>rediissem.</strong></span> <span class='ocrx_word' id='word_1_638' title='bbox 3228 4446 3273 4501; x_wconf 90' lang='lat' dir='ltr'><strong>si</strong></span> <span class='ocrx_word' id='word_1_639' title='bbox 3309 4462 3379 4500; x_wconf 77' lang='lat' dir='ltr'><strong>ex</strong></span> 
     </span>
    </p>
   </div>
   <div class='ocr_carea' id='block_1_90' title="bbox 111 4534 1691 4614">
    <p class='ocr_par' dir='ltr' id='par_1_90' title="bbox 111 4534 1691 4614">
     <span class='ocr_line' id='line_1_90' title="bbox 111 4534 1691 4614; baseline 0.011 -27"><span class='ocrx_word' id='word_1_640' title='bbox 111 4534 193 4589; x_wconf 86' lang='lat' dir='ltr'><strong>vel</strong></span> <span class='ocrx_word' id='word_1_641' title='bbox 219 4551 252 4590; x_wconf 88' lang='lat' dir='ltr'><strong>a</strong></span> <span class='ocrx_word' id='word_1_642' title='bbox 282 4536 495 4594; x_wconf 90' lang='lat' dir='ltr'><strong>Calixto</strong></span> <span class='ocrx_word' id='word_1_643' title='bbox 532 4541 643 4610; x_wconf 88' lang='lat' dir='ltr'><strong>regi</strong></span> <span class='ocrx_word' id='word_1_644' title='bbox 674 4549 729 4595; x_wconf 92' lang='lat' dir='ltr'><strong>et</strong></span> <span class='ocrx_word' id='word_1_645' title='bbox 766 4542 987 4611; x_wconf 90' lang='lat' dir='ltr'><strong>primati</strong></span> <span class='ocrx_word' id='word_1_646' title='bbox 1017 4543 1335 4614; x_wconf 83' lang='lat' dir='ltr'><strong>Anglorum,</strong></span> <span class='ocrx_word' id='word_1_647' title='bbox 1364 4546 1449 4600; x_wconf 87' lang='lat' dir='ltr'><strong>vel</strong></span> <span class='ocrx_word' id='word_1_648' title='bbox 1476 4548 1544 4601; x_wconf 88' lang='lat' dir='ltr'><strong>ab</strong></span> <span class='ocrx_word' id='word_1_649' title='bbox 1572 4547 1691 4604; x_wconf 87' lang='lat' dir='ltr'><strong>istis</strong></span> 
     </span>
    </p>
   </div>
   <div class='ocr_carea' id='block_1_91' title="bbox 114 4624 1691 4703">
    <p class='ocr_par' dir='ltr' id='par_1_91' title="bbox 114 4624 1691 4703">
     <span class='ocr_line' id='line_1_91' title="bbox 114 4624 1691 4703; baseline 0.01 -26"><span class='ocrx_word' id='word_1_650' title='bbox 114 4624 186 4680; x_wconf 88' lang='lat' dir='ltr'><strong>illi</strong></span> <span class='ocrx_word' id='word_1_651' title='bbox 229 4630 490 4684; x_wconf 88' lang='lat' dir='ltr'><strong>mandata</strong></span> <span class='ocrx_word' id='word_1_652' title='bbox 513 4629 645 4695; x_wconf 90' lang='lat' dir='ltr'><strong>sint,</strong></span> <span class='ocrx_word' id='word_1_653' title='bbox 703 4631 809 4685; x_wconf 87' lang='lat' dir='ltr'><strong>illis</strong></span> <span class='ocrx_word' id='word_1_654' title='bbox 855 4632 1046 4689; x_wconf 90' lang='lat' dir='ltr'><strong>diebus</strong></span> <span class='ocrx_word' id='word_1_655' title='bbox 1098 4649 1221 4703; x_wconf 70' lang='lat' dir='ltr'><strong>quae</strong></span> <span class='ocrx_word' id='word_1_656' title='bbox 1274 4637 1588 4691; x_wconf 92' lang='lat' dir='ltr'><strong>authentica</strong></span> <span class='ocrx_word' id='word_1_657' title='bbox 1635 4650 1691 4692; x_wconf 87' lang='lat' dir='ltr'><strong>et</strong></span> 
     </span>
    </p>
   </div>
   <div class='ocr_carea' id='block_1_92' title="bbox 115 4721 1687 4792">
    <p class='ocr_par' dir='ltr' id='par_1_92' title="bbox 115 4721 1687 4792">
     <span class='ocr_line' id='line_1_92' title="bbox 115 4721 1687 4792; baseline 0.007 -19"><span class='ocrx_word' id='word_1_658' title='bbox 115 4721 380 4775; x_wconf 71' lang='lat' dir='ltr'><strong>memoria:</strong></span> <span class='ocrx_word' id='word_1_659' title='bbox 437 4722 598 4792; x_wconf 88' lang='lat' dir='ltr'><strong>digna</strong></span> <span class='ocrx_word' id='word_1_660' title='bbox 654 4723 1004 4790; x_wconf 82' lang='lat' dir='ltr'><strong>exstiterint,</strong></span> <span class='ocrx_word' id='word_1_661' title='bbox 1063 4740 1275 4792; x_wconf 87' lang='lat' dir='ltr'><strong>necne,</strong></span> <span class='ocrx_word' id='word_1_662' title='bbox 1328 4726 1473 4781; x_wconf 89' lang='lat' dir='ltr'><strong>nulla</strong></span> <span class='ocrx_word' id='word_1_663' title='bbox 1530 4729 1687 4784; x_wconf 87' lang='lat' dir='ltr'><strong>nobis</strong></span> 
     </span>
    </p>
   </div>
   <div class='ocr_carea' id='block_1_93' title="bbox 115 4814 1687 4890">
    <p class='ocr_par' dir='ltr' id='par_1_93' title="bbox 115 4814 1687 4890">
     <span class='ocr_line' id='line_1_93' title="bbox 115 4814 1687 4890; baseline 0.006 -23"><span class='ocrx_word' id='word_1_664' title='bbox 115 4814 386 4886; x_wconf 81' lang='lat' dir='ltr'><strong>hucusque</strong></span> <span class='ocrx_word' id='word_1_665' title='bbox 428 4818 700 4873; x_wconf 85' lang='lat' dir='ltr'><strong>eertitudo</strong></span> <span class='ocrx_word' id='word_1_666' title='bbox 760 4818 955 4873; x_wconf 91' lang='lat' dir='ltr'><strong>illuxit.</strong></span> <span class='ocrx_word' id='word_1_667' title='bbox 980 4819 1089 4874; x_wconf 81' lang='lat' dir='ltr'><strong>Nos</strong></span> <span class='ocrx_word' id='word_1_668' title='bbox 1116 4821 1289 4885; x_wconf 90' lang='lat' dir='ltr'><strong>enim,</strong></span> <span class='ocrx_word' id='word_1_669' title='bbox 1318 4821 1407 4890; x_wconf 91' lang='lat' dir='ltr'><strong>qui</strong></span> <span class='ocrx_word' id='word_1_670' title='bbox 1437 4821 1519 4875; x_wconf 89' lang='lat' dir='ltr'><strong>bis</strong></span> <span class='ocrx_word' id='word_1_671' title='bbox 1547 4822 1687 4877; x_wconf 90' lang='lat' dir='ltr'><strong>scri-</strong></span> 
     </span>
    </p>
   </div>
   <div class='ocr_carea' id='block_1_94' title="bbox 115 4905 1681 4983">
    <p class='ocr_par' dir='ltr' id='par_1_94' title="bbox 115 4905 1681 4983">
     <span class='ocr_line' id='line_1_94' title="bbox 115 4905 1681 4983; baseline 0.004 -21"><span class='ocrx_word' id='word_1_672' title='bbox 115 4905 303 4963; x_wconf 87' lang='lat' dir='ltr'><strong>bendis</strong></span> <span class='ocrx_word' id='word_1_673' title='bbox 346 4924 563 4978; x_wconf 88' lang='lat' dir='ltr'><strong>operam</strong></span> <span class='ocrx_word' id='word_1_674' title='bbox 611 4910 878 4975; x_wconf 88' lang='lat' dir='ltr'><strong>dedimus,</strong></span> <span class='ocrx_word' id='word_1_675' title='bbox 927 4912 981 4966; x_wconf 91' lang='lat' dir='ltr'><strong>in</strong></span> <span class='ocrx_word' id='word_1_676' title='bbox 1022 4912 1255 4983; x_wconf 83' lang='lat' dir='ltr'><strong>Anglia;</strong></span> <span class='ocrx_word' id='word_1_677' title='bbox 1309 4912 1382 4966; x_wconf 92' lang='lat' dir='ltr'><strong>illi</strong></span> <span class='ocrx_word' id='word_1_678' title='bbox 1432 4928 1562 4967; x_wconf 85' lang='lat' dir='ltr'><strong>vero</strong></span> <span class='ocrx_word' id='word_1_679' title='bbox 1611 4915 1681 4969; x_wconf 92' lang='lat' dir='ltr'><strong>de</strong></span> 
     </span>
    </p>
   </div>
   <div class='ocr_carea' id='block_1_95' title="bbox 114 5000 1685 5073">
    <p class='ocr_par' dir='ltr' id='par_1_95' title="bbox 114 5000 1685 5073">
     <span class='ocr_line' id='line_1_95' title="bbox 114 5000 1685 5073; baseline 0.003 -20"><span class='ocrx_word' id='word_1_680' title='bbox 114 5000 301 5067; x_wconf 83' lang='lat' dir='ltr'><strong>quibus</strong></span> <span class='ocrx_word' id='word_1_681' title='bbox 338 5002 538 5071; x_wconf 87' lang='lat' dir='ltr'><strong>agitur,</strong></span> <span class='ocrx_word' id='word_1_682' title='bbox 579 5011 737 5057; x_wconf 85' lang='lat' dir='ltr'><strong>extra</strong></span> <span class='ocrx_word' id='word_1_683' title='bbox 782 5003 1028 5073; x_wconf 81' lang='lat' dir='ltr'><strong>Angliam</strong></span> <span class='ocrx_word' id='word_1_684' title='bbox 1058 5019 1120 5058; x_wconf 88' lang='lat' dir='ltr'><strong>ea</strong></span> <span class='ocrx_word' id='word_1_685' title='bbox 1154 5012 1473 5073; x_wconf 88' lang='lat' dir='ltr'><strong>tempestate</strong></span> <span class='ocrx_word' id='word_1_686' title='bbox 1503 5018 1685 5059; x_wconf 85' lang='lat' dir='ltr'><strong>mora-</strong></span> 
     </span>
    </p>
   </div>
   <div class='ocr_carea' id='block_1_96' title="bbox 115 5085 1685 5164">
    <p class='ocr_par' dir='ltr' id='par_1_96' title="bbox 115 5085 1685 5164">
     <span class='ocr_line' id='line_1_96' title="bbox 115 5085 1685 5164; baseline 0.004 -20"><span class='ocrx_word' id='word_1_687' title='bbox 115 5092 325 5145; x_wconf 87' lang='lat' dir='ltr'><strong>bantur.</strong></span> <span class='ocrx_word' id='word_1_688' title='bbox 363 5085 499 5148; x_wconf 83' lang='lat' dir='ltr'><strong>Cum</strong></span> <span class='ocrx_word' id='word_1_689' title='bbox 541 5096 685 5148; x_wconf 90' lang='lat' dir='ltr'><strong>enim</strong></span> <span class='ocrx_word' id='word_1_690' title='bbox 721 5095 885 5150; x_wconf 83' lang='lat' dir='ltr'><strong>Pater</strong></span> <span class='ocrx_word' id='word_1_691' title='bbox 912 5096 1176 5151; x_wconf 76' lang='lat' dir='ltr'><strong>Radulfus</strong></span> <span class='ocrx_word' id='word_1_692' title='bbox 1207 5095 1378 5152; x_wconf 83' lang='lat' dir='ltr'><strong>Roma</strong></span> <span class='ocrx_word' id='word_1_693' title='bbox 1413 5110 1685 5164; x_wconf 87' lang='lat' dir='ltr'><strong>reversus,</strong></span> 
     </span>
    </p>
   </div>
   <div class='ocr_carea' id='block_1_97' title="bbox 116 5186 1683 5256">
    <p class='ocr_par' dir='ltr' id='par_1_97' title="bbox 116 5186 1683 5256">
     <span class='ocr_line' id='line_1_97' title="bbox 116 5186 1683 5256; baseline 0.003 -20"><span class='ocrx_word' id='word_1_694' title='bbox 116 5198 238 5237; x_wconf 87' lang='lat' dir='ltr'><strong>eum</strong></span> <span class='ocrx_word' id='word_1_695' title='bbox 262 5201 381 5256; x_wconf 84' lang='lat' dir='ltr'><strong>rege</strong></span> <span class='ocrx_word' id='word_1_696' title='bbox 403 5186 638 5242; x_wconf 86' lang='lat' dir='ltr'><strong>Henrico</strong></span> <span class='ocrx_word' id='word_1_697' title='bbox 677 5189 730 5242; x_wconf 92' lang='lat' dir='ltr'><strong>in</strong></span> <span class='ocrx_word' id='word_1_698' title='bbox 762 5188 1215 5243; x_wconf 82' lang='lat' dir='ltr'><strong>Northmanniam</strong></span> <span class='ocrx_word' id='word_1_699' title='bbox 1245 5197 1683 5254; x_wconf 87' lang='lat' dir='ltr'><strong>conversaretur,</strong></span> 
     </span>
    </p>
   </div>
   <div class='ocr_carea' id='block_1_98' title="bbox 115 5280 1684 5349">
    <p class='ocr_par' dir='ltr' id='par_1_98' title="bbox 115 5280 1684 5349">
     <span class='ocr_line' id='line_1_98' title="bbox 115 5280 1684 5349; baseline 0.003 -21"><span class='ocrx_word' id='word_1_700' title='bbox 115 5286 168 5328; x_wconf 87' lang='lat' dir='ltr'><strong>et</strong></span> <span class='ocrx_word' id='word_1_701' title='bbox 216 5292 317 5347; x_wconf 84' lang='lat' dir='ltr'><strong>me,</strong></span> <span class='ocrx_word' id='word_1_702' title='bbox 344 5282 436 5349; x_wconf 93' lang='lat' dir='ltr'><strong>qui</strong></span> <span class='ocrx_word' id='word_1_703' title='bbox 500 5281 795 5335; x_wconf 88' lang='lat' dir='ltr'><strong>continuus</strong></span> <span class='ocrx_word' id='word_1_704' title='bbox 845 5295 1028 5335; x_wconf 90' lang='lat' dir='ltr'><strong>comes</strong></span> <span class='ocrx_word' id='word_1_705' title='bbox 1072 5281 1213 5334; x_wconf 87' lang='lat' dir='ltr'><strong>beati</strong></span> <span class='ocrx_word' id='word_1_706' title='bbox 1249 5280 1511 5347; x_wconf 83' lang='lat' dir='ltr'><strong>Anseltni,</strong></span> <span class='ocrx_word' id='word_1_707' title='bbox 1556 5281 1684 5335; x_wconf 87' lang='lat' dir='ltr'><strong>dum</strong></span> 
     </span>
    </p>
   </div>
   <div class='ocr_carea' id='block_1_99' title="bbox 118 5367 1682 5442">
    <p class='ocr_par' dir='ltr' id='par_1_99' title="bbox 118 5367 1682 5442">
     <span class='ocr_line' id='line_1_99' title="bbox 118 5367 1682 5442; baseline 0.004 -21"><span class='ocrx_word' id='word_1_708' title='bbox 118 5367 332 5436; x_wconf 81' lang='lat' dir='ltr'><strong>viveret,</strong></span> <span class='ocrx_word' id='word_1_709' title='bbox 362 5387 482 5427; x_wconf 86' lang='lat' dir='ltr'><strong>esse</strong></span> <span class='ocrx_word' id='word_1_710' title='bbox 505 5372 775 5439; x_wconf 78' lang='lat' dir='ltr'><strong>solebant,</strong></span> <span class='ocrx_word' id='word_1_711' title='bbox 800 5373 1002 5441; x_wconf 86' lang='lat' dir='ltr'><strong>quique</strong></span> <span class='ocrx_word' id='word_1_712' title='bbox 1029 5373 1083 5427; x_wconf 91' lang='lat' dir='ltr'><strong>in</strong></span> <span class='ocrx_word' id='word_1_713' title='bbox 1110 5373 1369 5442; x_wconf 88' lang='lat' dir='ltr'><strong>obsequio</strong></span> <span class='ocrx_word' id='word_1_714' title='bbox 1399 5374 1482 5427; x_wconf 88' lang='lat' dir='ltr'><strong>sui</strong></span> <span class='ocrx_word' id='word_1_715' title='bbox 1512 5372 1682 5442; x_wconf 89' lang='lat' dir='ltr'><strong>ipsius</strong></span> 
     </span>
    </p>
   </div>
   <div class='ocr_carea' id='block_1_100' title="bbox 119 5464 1683 5533">
    <p class='ocr_par' dir='ltr' id='par_1_100' title="bbox 119 5464 1683 5533">
     <span class='ocr_line' id='line_1_100' title="bbox 119 5464 1683 5533; baseline 0.004 -21"><span class='ocrx_word' id='word_1_716' title='bbox 119 5474 181 5512; x_wconf 83' lang='lat' dir='ltr'><strong>ex</strong></span> <span class='ocrx_word' id='word_1_717' title='bbox 208 5466 406 5528; x_wconf 78' lang='lat' dir='ltr'><strong>quoin</strong></span> <span class='ocrx_word' id='word_1_718' title='bbox 461 5464 837 5533; x_wconf 79' lang='lat' dir='ltr'><strong>pontificatum</strong></span> <span class='ocrx_word' id='word_1_719' title='bbox 887 5464 1330 5520; x_wconf 90' lang='lat' dir='ltr'><strong>Cantuariensem</strong></span> <span class='ocrx_word' id='word_1_720' title='bbox 1374 5472 1683 5532; x_wconf 90' lang='lat' dir='ltr'><strong>assumptus</strong></span> 
     </span>
    </p>
   </div>
   <div class='ocr_carea' id='block_1_101' title="bbox 123 5547 1681 5624">
    <p class='ocr_par' dir='ltr' id='par_1_101' title="bbox 123 5547 1681 5624">
     <span class='ocr_line' id='line_1_101' title="bbox 123 5547 1681 5624; baseline 0.004 -23"><span class='ocrx_word' id='word_1_721' title='bbox 123 5547 303 5617; x_wconf 86' lang='lat' dir='ltr'><strong>fuerat,</strong></span> <span class='ocrx_word' id='word_1_722' title='bbox 318 5569 556 5624; x_wconf 88' lang='lat' dir='ltr'><strong>eousque</strong></span> <span class='ocrx_word' id='word_1_723' title='bbox 578 5554 825 5608; x_wconf 91' lang='lat' dir='ltr'><strong>assiduus</strong></span> <span class='ocrx_word' id='word_1_724' title='bbox 851 5568 1026 5619; x_wconf 85' lang='lat' dir='ltr'><strong>eram,</strong></span> <span class='ocrx_word' id='word_1_725' title='bbox 1056 5553 1394 5622; x_wconf 86' lang='lat' dir='ltr'><strong>aliquantum</strong></span> <span class='ocrx_word' id='word_1_726' title='bbox 1419 5552 1681 5607; x_wconf 84' lang='lat' dir='ltr'><strong>infirmari</strong></span> 
     </span>
    </p>
   </div>
   <div class='ocr_carea' id='block_1_102' title="bbox 123 5641 1680 5715">
    <p class='ocr_par' dir='ltr' id='par_1_102' title="bbox 123 5641 1680 5715">
     <span class='ocr_line' id='line_1_102' title="bbox 123 5641 1680 5715; baseline 0.003 -22"><span class='ocrx_word' id='word_1_727' title='bbox 123 5641 432 5711; x_wconf 85' lang='lat' dir='ltr'><strong>adverteret,</strong></span> <span class='ocrx_word' id='word_1_728' title='bbox 493 5654 723 5715; x_wconf 89' lang='lat' dir='ltr'><strong>paterno</strong></span> <span class='ocrx_word' id='word_1_729' title='bbox 774 5643 968 5699; x_wconf 79' lang='lat' dir='ltr'><strong>affectu</strong></span> <span class='ocrx_word' id='word_1_730' title='bbox 1018 5644 1150 5699; x_wconf 87' lang='lat' dir='ltr'><strong>mihi</strong></span> <span class='ocrx_word' id='word_1_731' title='bbox 1205 5643 1501 5699; x_wconf 91' lang='lat' dir='ltr'><strong>condoluit.</strong></span> <span class='ocrx_word' id='word_1_732' title='bbox 1564 5642 1680 5698; x_wconf 84' lang='lat' dir='ltr'><strong>Non</strong></span> 
     </span>
    </p>
   </div>
   <div class='ocr_carea' id='block_1_103' title="bbox 128 5729 1679 5808">
    <p class='ocr_par' dir='ltr' id='par_1_103' title="bbox 128 5729 1679 5808">
     <span class='ocr_line' id='line_1_103' title="bbox 128 5729 1679 5808; baseline 0.003 -19"><span class='ocrx_word' id='word_1_733' title='bbox 128 5729 274 5801; x_wconf 67' lang='lat' dir='ltr'><strong>igitur</strong></span> <span class='ocrx_word' id='word_1_734' title='bbox 314 5747 466 5795; x_wconf 85' lang='lat' dir='ltr'><strong>extra</strong></span> <span class='ocrx_word' id='word_1_735' title='bbox 515 5737 833 5805; x_wconf 86' lang='lat' dir='ltr'><strong>Ecclesiam,</strong></span> <span class='ocrx_word' id='word_1_736' title='bbox 883 5737 932 5792; x_wconf 92' lang='lat' dir='ltr'><strong>in</strong></span> <span class='ocrx_word' id='word_1_737' title='bbox 970 5752 1078 5808; x_wconf 87' lang='lat' dir='ltr'><strong>qua</strong></span> <span class='ocrx_word' id='word_1_738' title='bbox 1101 5737 1169 5794; x_wconf 89' lang='lat' dir='ltr'><strong>ab</strong></span> <span class='ocrx_word' id='word_1_739' title='bbox 1196 5735 1421 5794; x_wconf 86' lang='lat' dir='ltr'><strong>infantia</strong></span> <span class='ocrx_word' id='word_1_740' title='bbox 1445 5736 1679 5794; x_wconf 83' lang='lat' dir='ltr'><strong>nutritus</strong></span> 
     </span>
    </p>
   </div>
   <div class='ocr_carea' id='block_1_104' title="bbox 1796 4537 3376 4610">
    <p class='ocr_par' dir='ltr' id='par_1_104' title="bbox 1796 4537 3376 4610">
     <span class='ocr_line' id='line_1_104' title="bbox 1796 4537 3376 4610; baseline -0.001 -17"><span class='ocrx_word' id='word_1_741' title='bbox 1796 4553 1895 4594; x_wconf 88' lang='lat' dir='ltr'><strong>sua</strong></span> <span class='ocrx_word' id='word_1_742' title='bbox 1955 4549 2111 4610; x_wconf 90' lang='lat' dir='ltr'><strong>parte</strong></span> <span class='ocrx_word' id='word_1_743' title='bbox 2168 4538 2298 4594; x_wconf 90' lang='lat' dir='ltr'><strong>mihi</strong></span> <span class='ocrx_word' id='word_1_744' title='bbox 2372 4538 2719 4593; x_wconf 89' lang='lat' dir='ltr'><strong>interdictum</strong></span> <span class='ocrx_word' id='word_1_745' title='bbox 2774 4552 2881 4591; x_wconf 89' lang='lat' dir='ltr'><strong>non</strong></span> <span class='ocrx_word' id='word_1_746' title='bbox 2954 4537 3165 4593; x_wconf 89' lang='lat' dir='ltr'><strong>fuisset.</strong></span> <span class='ocrx_word' id='word_1_747' title='bbox 3239 4537 3376 4592; x_wconf 79' lang='lat' dir='ltr'><strong>Nam</strong></span> 
     </span>
    </p>
   </div>
   <div class='ocr_carea' id='block_1_105' title="bbox 1801 4630 3377 4701">
    <p class='ocr_par' dir='ltr' id='par_1_105' title="bbox 1801 4630 3377 4701">
     <span class='ocr_line' id='line_1_105' title="bbox 1801 4630 3377 4701; baseline -0.002 -15"><span class='ocrx_word' id='word_1_748' title='bbox 1801 4632 2097 4688; x_wconf 86' lang='lat' dir='ltr'><strong>adventum</strong></span> <span class='ocrx_word' id='word_1_749' title='bbox 2156 4647 2313 4687; x_wconf 90' lang='lat' dir='ltr'><strong>suum</strong></span> <span class='ocrx_word' id='word_1_750' title='bbox 2369 4631 2592 4701; x_wconf 89' lang='lat' dir='ltr'><strong>jamjam</strong></span> <span class='ocrx_word' id='word_1_751' title='bbox 2648 4634 2851 4687; x_wconf 82' lang='lat' dir='ltr'><strong>instare</strong></span> <span class='ocrx_word' id='word_1_752' title='bbox 2904 4631 3016 4685; x_wconf 88' lang='lat' dir='ltr'><strong>suis</strong></span> <span class='ocrx_word' id='word_1_753' title='bbox 3072 4632 3123 4684; x_wconf 89' lang='lat' dir='ltr'><strong>in</strong></span> <span class='ocrx_word' id='word_1_754' title='bbox 3182 4630 3377 4697; x_wconf 80' lang='lat' dir='ltr'><strong>Anglia</strong></span> 
     </span>
    </p>
   </div>
   <div class='ocr_carea' id='block_1_106' title="bbox 1792 4719 3374 4791">
    <p class='ocr_par' dir='ltr' id='par_1_106' title="bbox 1792 4719 3374 4791">
     <span class='ocr_line' id='line_1_106' title="bbox 1792 4719 3374 4791; baseline -0.004 -13"><span class='ocrx_word' id='word_1_755' title='bbox 1792 4724 2092 4791; x_wconf 67' lang='lat' dir='ltr'><strong>saepissime</strong></span> <span class='ocrx_word' id='word_1_756' title='bbox 2144 4724 2429 4783; x_wconf 88' lang='lat' dir='ltr'><strong>mandans,</strong></span> <span class='ocrx_word' id='word_1_757' title='bbox 2481 4723 2700 4777; x_wconf 87' lang='lat' dir='ltr'><strong>nolebat</strong></span> <span class='ocrx_word' id='word_1_758' title='bbox 2752 4738 2866 4777; x_wconf 84' lang='lat' dir='ltr'><strong>suae</strong></span> <span class='ocrx_word' id='word_1_759' title='bbox 2908 4722 3122 4791; x_wconf 88' lang='lat' dir='ltr'><strong>pietatis</strong></span> <span class='ocrx_word' id='word_1_760' title='bbox 3176 4719 3374 4772; x_wconf 84' lang='lat' dir='ltr'><strong>intuitu</strong></span> 
     </span>
    </p>
   </div>
   <div class='ocr_carea' id='block_1_107' title="bbox 1792 4809 3369 4883">
    <p class='ocr_par' dir='ltr' id='par_1_107' title="bbox 1792 4809 3369 4883">
     <span class='ocr_line' id='line_1_107' title="bbox 1792 4809 3369 4883; baseline -0.003 -19"><span class='ocrx_word' id='word_1_761' title='bbox 1792 4810 2027 4883; x_wconf 84' lang='lat' dir='ltr'><strong>fatigari,</strong></span> <span class='ocrx_word' id='word_1_762' title='bbox 2054 4814 2149 4868; x_wconf 89' lang='lat' dir='ltr'><strong>sed</strong></span> <span class='ocrx_word' id='word_1_763' title='bbox 2176 4828 2235 4867; x_wconf 89' lang='lat' dir='ltr'><strong>se</strong></span> <span class='ocrx_word' id='word_1_764' title='bbox 2266 4814 2610 4881; x_wconf 85' lang='lat' dir='ltr'><strong>quantocius,</strong></span> <span class='ocrx_word' id='word_1_765' title='bbox 2643 4821 2699 4863; x_wconf 92' lang='lat' dir='ltr'><strong>ut</strong></span> <span class='ocrx_word' id='word_1_766' title='bbox 2724 4811 2964 4880; x_wconf 85' lang='lat' dir='ltr'><strong>putabat,</strong></span> <span class='ocrx_word' id='word_1_767' title='bbox 2992 4809 3369 4875; x_wconf 81' lang='lat' dir='ltr'><strong>adventurum,</strong></span> 
     </span>
    </p>
   </div>
   <div class='ocr_carea' id='block_1_108' title="bbox 1790 4901 3362 4973">
    <p class='ocr_par' dir='ltr' id='par_1_108' title="bbox 1790 4901 3362 4973">
     <span class='ocr_line' id='line_1_108' title="bbox 1790 4901 3362 4973; baseline -0.004 -12"><span class='ocrx_word' id='word_1_768' title='bbox 1790 4906 1881 4961; x_wconf 90' lang='lat' dir='ltr'><strong>ubi</strong></span> <span class='ocrx_word' id='word_1_769' title='bbox 1939 4921 2110 4969; x_wconf 89' lang='lat' dir='ltr'><strong>eram,</strong></span> <span class='ocrx_word' id='word_1_770' title='bbox 2151 4904 2312 4971; x_wconf 88' lang='lat' dir='ltr'><strong>jussit</strong></span> <span class='ocrx_word' id='word_1_771' title='bbox 2361 4904 2681 4973; x_wconf 68' lang='lat' dir='ltr'><strong>praestolari.</strong></span> <span class='ocrx_word' id='word_1_772' title='bbox 2722 4902 2846 4956; x_wconf 76' lang='lat' dir='ltr'><strong>llzec</strong></span> <span class='ocrx_word' id='word_1_773' title='bbox 2883 4903 2954 4956; x_wconf 84' lang='lat' dir='ltr'><strong>ita</strong></span> <span class='ocrx_word' id='word_1_774' title='bbox 2987 4918 3045 4956; x_wconf 88' lang='lat' dir='ltr'><strong>se</strong></span> <span class='ocrx_word' id='word_1_775' title='bbox 3078 4901 3362 4966; x_wconf 88' lang='lat' dir='ltr'><strong>habuisse,</strong></span> 
     </span>
    </p>
   </div>
   <div class='ocr_carea' id='block_1_109' title="bbox 1789 4994 3368 5067">
    <p class='ocr_par' dir='ltr' id='par_1_109' title="bbox 1789 4994 3368 5067">
     <span class='ocr_line' id='line_1_109' title="bbox 1789 4994 3368 5067; baseline -0.001 -16"><span class='ocrx_word' id='word_1_776' title='bbox 1789 4998 1992 5053; x_wconf 87' lang='lat' dir='ltr'><strong>veritas</strong></span> <span class='ocrx_word' id='word_1_777' title='bbox 2023 4998 2137 5067; x_wconf 87' lang='lat' dir='ltr'><strong>ipsa</strong></span> <span class='ocrx_word' id='word_1_778' title='bbox 2164 4997 2331 5053; x_wconf 72' lang='lat' dir='ltr'><strong>novit.</strong></span> <span class='ocrx_word' id='word_1_779' title='bbox 2366 4996 2500 5063; x_wconf 85' lang='lat' dir='ltr'><strong>Quia</strong></span> <span class='ocrx_word' id='word_1_780' title='bbox 2529 5012 2659 5067; x_wconf 58' lang='lat' dir='ltr'><strong>ergo</strong></span> <span class='ocrx_word' id='word_1_781' title='bbox 2688 4997 2755 5049; x_wconf 92' lang='lat' dir='ltr'><strong>ab</strong></span> <span class='ocrx_word' id='word_1_782' title='bbox 2787 4996 2900 5063; x_wconf 91' lang='lat' dir='ltr'><strong>ipso</strong></span> <span class='ocrx_word' id='word_1_783' title='bbox 2927 5004 3081 5064; x_wconf 87' lang='lat' dir='ltr'><strong>patre</strong></span> <span class='ocrx_word' id='word_1_784' title='bbox 3110 5010 3213 5050; x_wconf 93' lang='lat' dir='ltr'><strong>non</strong></span> <span class='ocrx_word' id='word_1_785' title='bbox 3240 4994 3368 5063; x_wconf 90' lang='lat' dir='ltr'><strong>alio,</strong></span> 
     </span>
    </p>
   </div>
   <div class='ocr_carea' id='block_1_110' title="bbox 1790 5087 3373 5159">
    <p class='ocr_par' dir='ltr' id='par_1_110' title="bbox 1790 5087 3373 5159">
     <span class='ocr_line' id='line_1_110' title="bbox 1790 5087 3373 5159; baseline -0.003 -14"><span class='ocrx_word' id='word_1_786' title='bbox 1790 5088 1883 5145; x_wconf 89' lang='lat' dir='ltr'><strong>sed</strong></span> <span class='ocrx_word' id='word_1_787' title='bbox 1918 5090 2020 5143; x_wconf 92' lang='lat' dir='ltr'><strong>hoc</strong></span> <span class='ocrx_word' id='word_1_788' title='bbox 2048 5088 2208 5144; x_wconf 88' lang='lat' dir='ltr'><strong>modo</strong></span> <span class='ocrx_word' id='word_1_789' title='bbox 2247 5090 2313 5142; x_wconf 87' lang='lat' dir='ltr'><strong>ad</strong></span> <span class='ocrx_word' id='word_1_790' title='bbox 2345 5104 2583 5159; x_wconf 63' lang='lat' dir='ltr'><strong>praesens</strong></span> <span class='ocrx_word' id='word_1_791' title='bbox 2613 5097 2893 5158; x_wconf 89' lang='lat' dir='ltr'><strong>separatus</strong></span> <span class='ocrx_word' id='word_1_792' title='bbox 2922 5103 3059 5151; x_wconf 90' lang='lat' dir='ltr'><strong>sum,</strong></span> <span class='ocrx_word' id='word_1_793' title='bbox 3091 5087 3136 5139; x_wconf 91' lang='lat' dir='ltr'><strong>si</strong></span> <span class='ocrx_word' id='word_1_794' title='bbox 3159 5101 3221 5139; x_wconf 89' lang='lat' dir='ltr'><strong>ea</strong></span> <span class='ocrx_word' id='word_1_795' title='bbox 3250 5101 3373 5156; x_wconf 73' lang='lat' dir='ltr'><strong>qua:</strong></span> 
     </span>
    </p>
   </div>
   <div class='ocr_carea' id='block_1_111' title="bbox 1788 5177 3373 5250">
    <p class='ocr_par' dir='ltr' id='par_1_111' title="bbox 1788 5177 3373 5250">
     <span class='ocr_line' id='line_1_111' title="bbox 1788 5177 3373 5250; baseline -0.001 -16"><span class='ocrx_word' id='word_1_796' title='bbox 1788 5179 2006 5234; x_wconf 89' lang='lat' dir='ltr'><strong>interim</strong></span> <span class='ocrx_word' id='word_1_797' title='bbox 2053 5190 2336 5249; x_wconf 87' lang='lat' dir='ltr'><strong>geruntur,</strong></span> <span class='ocrx_word' id='word_1_798' title='bbox 2384 5188 2478 5233; x_wconf 89' lang='lat' dir='ltr'><strong>aut</strong></span> <span class='ocrx_word' id='word_1_799' title='bbox 2515 5190 2663 5250; x_wconf 86' lang='lat' dir='ltr'><strong>gesta</strong></span> <span class='ocrx_word' id='word_1_800' title='bbox 2702 5188 2828 5233; x_wconf 90' lang='lat' dir='ltr'><strong>sunt</strong></span> <span class='ocrx_word' id='word_1_801' title='bbox 2870 5177 3217 5233; x_wconf 89' lang='lat' dir='ltr'><strong>memoranda</strong></span> <span class='ocrx_word' id='word_1_802' title='bbox 3262 5192 3373 5233; x_wconf 90' lang='lat' dir='ltr'><strong>non</strong></span> 
     </span>
    </p>
   </div>
   <div class='ocr_carea' id='block_1_112' title="bbox 1788 5266 3371 5337">
    <p class='ocr_par' dir='ltr' id='par_1_112' title="bbox 1788 5266 3371 5337">
     <span class='ocr_line' id='line_1_112' title="bbox 1788 5266 3371 5337; baseline -0.003 -12"><span class='ocrx_word' id='word_1_803' title='bbox 1788 5270 1998 5337; x_wconf 91' lang='lat' dir='ltr'><strong>scribo,</strong></span> <span class='ocrx_word' id='word_1_804' title='bbox 2042 5269 2174 5325; x_wconf 93' lang='lat' dir='ltr'><strong>nulli</strong></span> <span class='ocrx_word' id='word_1_805' title='bbox 2222 5270 2650 5324; x_wconf 90' lang='lat' dir='ltr'><strong>succensendum</strong></span> <span class='ocrx_word' id='word_1_806' title='bbox 2699 5269 2972 5325; x_wconf 86' lang='lat' dir='ltr'><strong>existimo.</strong></span> <span class='ocrx_word' id='word_1_807' title='bbox 3024 5266 3170 5321; x_wconf 89' lang='lat' dir='ltr'><strong>Nihil</strong></span> <span class='ocrx_word' id='word_1_808' title='bbox 3224 5268 3371 5322; x_wconf 89' lang='lat' dir='ltr'><strong>enim</strong></span> 
     </span>
    </p>
   </div>
   <div class='ocr_carea' id='block_1_113' title="bbox 1789 5359 3372 5433">
    <p class='ocr_par' dir='ltr' id='par_1_113' title="bbox 1789 5359 3372 5433">
     <span class='ocr_line' id='line_1_113' title="bbox 1789 5359 3372 5433; baseline -0.006 -14"><span class='ocrx_word' id='word_1_809' title='bbox 1789 5363 1934 5419; x_wconf 92' lang='lat' dir='ltr'><strong>dubii</strong></span> <span class='ocrx_word' id='word_1_810' title='bbox 1968 5378 2066 5433; x_wconf 90' lang='lat' dir='ltr'><strong>pro</strong></span> <span class='ocrx_word' id='word_1_811' title='bbox 2092 5372 2242 5418; x_wconf 88' lang='lat' dir='ltr'><strong>certo</strong></span> <span class='ocrx_word' id='word_1_812' title='bbox 2265 5363 2527 5417; x_wconf 90' lang='lat' dir='ltr'><strong>hactenus</strong></span> <span class='ocrx_word' id='word_1_813' title='bbox 2554 5362 2718 5427; x_wconf 90' lang='lat' dir='ltr'><strong>volui,</strong></span> <span class='ocrx_word' id='word_1_814' title='bbox 2745 5363 2837 5416; x_wconf 87' lang='lat' dir='ltr'><strong>sed</strong></span> <span class='ocrx_word' id='word_1_815' title='bbox 2861 5377 2958 5416; x_wconf 93' lang='lat' dir='ltr'><strong>nec</strong></span> <span class='ocrx_word' id='word_1_816' title='bbox 2981 5375 3123 5415; x_wconf 90' lang='lat' dir='ltr'><strong>nunc</strong></span> <span class='ocrx_word' id='word_1_817' title='bbox 3152 5359 3372 5428; x_wconf 90' lang='lat' dir='ltr'><strong>quidem</strong></span> 
     </span>
    </p>
   </div>
   <div class='ocr_carea' id='block_1_114' title="bbox 1787 5454 3370 5524">
    <p class='ocr_par' dir='ltr' id='par_1_114' title="bbox 1787 5454 3370 5524">
     <span class='ocr_line' id='line_1_114' title="bbox 1787 5454 3370 5524; baseline -0.006 -14"><span class='ocrx_word' id='word_1_818' title='bbox 1787 5456 2028 5511; x_wconf 87' lang='lat' dir='ltr'><strong>scribere</strong></span> <span class='ocrx_word' id='word_1_819' title='bbox 2072 5455 2214 5509; x_wconf 89' lang='lat' dir='ltr'><strong>volo.</strong></span> <span class='ocrx_word' id='word_1_820' title='bbox 2262 5455 2397 5509; x_wconf 84' lang='lat' dir='ltr'><strong>Eum</strong></span> <span class='ocrx_word' id='word_1_821' title='bbox 2438 5462 2615 5510; x_wconf 89' lang='lat' dir='ltr'><strong>tamen</strong></span> <span class='ocrx_word' id='word_1_822' title='bbox 2658 5454 2859 5524; x_wconf 85' lang='lat' dir='ltr'><strong>aliquid</strong></span> <span class='ocrx_word' id='word_1_823' title='bbox 2890 5454 3064 5523; x_wconf 89' lang='lat' dir='ltr'><strong>egisse</strong></span> <span class='ocrx_word' id='word_1_824' title='bbox 3088 5458 3181 5505; x_wconf 87' lang='lat' dir='ltr'><strong>aut</strong></span> <span class='ocrx_word' id='word_1_825' title='bbox 3208 5463 3370 5519; x_wconf 89' lang='lat' dir='ltr'><strong>agere</strong></span> 
     </span>
    </p>
   </div>
   <div class='ocr_carea' id='block_1_115' title="bbox 1725 5542 3383 5617">
    <p class='ocr_par' dir='ltr' id='par_1_115' title="bbox 1725 5542 3383 5617">
     <span class='ocr_line' id='line_1_115' title="bbox 1725 5542 3383 5617; baseline -0.007 -15"><span class='ocrx_word' id='word_1_826' title='bbox 1725 5564 1729 5569; x_wconf 51' lang='grc' dir='ltr'><strong>λ</strong></span> <span class='ocrx_word' id='word_1_827' title='bbox 1787 5548 2117 5617; x_wconf 86' lang='lat' dir='ltr'><strong>disposuisse</strong></span> <span class='ocrx_word' id='word_1_828' title='bbox 2164 5546 2231 5601; x_wconf 89' lang='lat' dir='ltr'><strong>de</strong></span> <span class='ocrx_word' id='word_1_829' title='bbox 2275 5546 2510 5617; x_wconf 90' lang='lat' dir='ltr'><strong>negotio,</strong></span> <span class='ocrx_word' id='word_1_830' title='bbox 2570 5546 2711 5616; x_wconf 91' lang='lat' dir='ltr'><strong>quod</strong></span> <span class='ocrx_word' id='word_1_831' title='bbox 2760 5559 2998 5615; x_wconf 88' lang='lat' dir='ltr'><strong>cousque</strong></span> <span class='ocrx_word' id='word_1_832' title='bbox 3047 5542 3383 5597; x_wconf 85' lang='lat' dir='ltr'><strong>versabatur-</strong></span> 
     </span>
    </p>
   </div>
   <div class='ocr_carea' id='block_1_116' title="bbox 1788 5634 3369 5710">
    <p class='ocr_par' dir='ltr' id='par_1_116' title="bbox 1788 5634 3369 5710">
     <span class='ocr_line' id='line_1_116' title="bbox 1788 5634 3369 5710; baseline -0.008 -15"><span class='ocrx_word' id='word_1_833' title='bbox 1788 5640 1930 5696; x_wconf 90' lang='lat' dir='ltr'><strong>inter</strong></span> <span class='ocrx_word' id='word_1_834' title='bbox 1965 5641 2140 5710; x_wconf 91' lang='lat' dir='ltr'><strong>ipsum</strong></span> <span class='ocrx_word' id='word_1_835' title='bbox 2186 5646 2242 5694; x_wconf 92' lang='lat' dir='ltr'><strong>et</strong></span> <span class='ocrx_word' id='word_1_836' title='bbox 2270 5653 2414 5710; x_wconf 68' lang='lat' dir='ltr'><strong>saepe</strong></span> <span class='ocrx_word' id='word_1_837' title='bbox 2443 5640 2689 5709; x_wconf 90' lang='lat' dir='ltr'><strong>superius</strong></span> <span class='ocrx_word' id='word_1_838' title='bbox 2714 5646 3073 5693; x_wconf 88' lang='lat' dir='ltr'><strong>memoratum</strong></span> <span class='ocrx_word' id='word_1_839' title='bbox 3103 5634 3369 5689; x_wconf 47' lang='lat' dir='ltr'><strong>Thursta»</strong></span> 
     </span>
    </p>
   </div>
   <div class='ocr_carea' id='block_1_117' title="bbox 1787 5724 3370 5803">
    <p class='ocr_par' dir='ltr' id='par_1_117' title="bbox 1787 5724 3370 5803">
     <span class='ocr_line' id='line_1_117' title="bbox 1787 5724 3370 5803; baseline -0.009 -11"><span class='ocrx_word' id='word_1_840' title='bbox 1787 5749 1913 5793; x_wconf 91' lang='lat' dir='ltr'><strong>num</strong></span> <span class='ocrx_word' id='word_1_841' title='bbox 1963 5734 2389 5801; x_wconf 86' lang='lat' dir='ltr'><strong>Eboracensem,</strong></span> <span class='ocrx_word' id='word_1_842' title='bbox 2439 5730 2684 5789; x_wconf 88' lang='lat' dir='ltr'><strong>dubitare</strong></span> <span class='ocrx_word' id='word_1_843' title='bbox 2730 5745 2835 5788; x_wconf 90' lang='lat' dir='ltr'><strong>non</strong></span> <span class='ocrx_word' id='word_1_844' title='bbox 2871 5743 3112 5803; x_wconf 88' lang='lat' dir='ltr'><strong>possum.</strong></span> <span class='ocrx_word' id='word_1_845' title='bbox 3170 5724 3370 5797; x_wconf 73' lang='lat' dir='ltr'><strong>Magna,</strong></span> 
     </span>
    </p>
   </div>
  </div>
