3904 6306
576 304 579 309 ·
594 275 700 335 503

570 440 573 441 ν
598 392 864 463 siquidem
894 389 1151 455 instantia
1174 388 1535 461 privilegium,
1564 391 1707 460 quod
1739 400 1982 461 tempore
2009 407 2168 448 vene-

574 485 784 539 randa:
816 481 1401 537 rneuiorireLanfranci
1431 482 1823 555 archiepiscopi
1853 486 1954 540 sub
1978 500 2174 555 magno

596 590 723 644 rege
768 571 1077 628 Willhelmo
1103 573 1167 628 de
1192 572 1309 643 ipsa
1348 588 1407 629 re
1433 574 1864 645 promulgatum,
1910 578 2174 648 etvsigillo

572 664 762 732 ipsius
788 662 934 730 regis
960 662 1232 729 firmatum
1258 664 1322 719 in
1353 664 1595 721 Ecclesia
1631 664 1833 725 Christi
1870 664 2175 724 Cantuariaa

591 754 834 823 diligenti
864 768 994 808 cura
1026 761 1298 822 servatur,
1330 754 1439 810 illis
1468 754 1661 810 diebus
1704 754 1808 811 sibi
1852 755 1993 809 mitti
2036 771 2172 825 pra:-

564 845 755 914 .cepit.
789 844 943 911 Quod
970 860 999 898 a
1032 852 1183 900 tanto
1216 845 1334 901 viro
1371 846 1469 902 abs
1514 862 1572 903 re
1607 846 1815 902 factum
1859 863 1967 902 non
2015 849 2172 907 facile

589 933 937 989 crediderim.
984 933 1119 990 Hoc,
1146 936 1329 1006 itaque
1371 936 1721 1009 privilegium
1769 938 1837 993 ad
1881 939 2169 1009 imperium

589 1040 746 1079 suum
787 1025 892 1081 sibi
940 1025 1161 1082 allatum
1191 1026 1355 1083 Pater
1381 1027 1641 1085 Radulfus
1674 1044 1797 1084 cum
1820 1032 2165 1101 suscepisset,

566 1130 757 1184 papae,
784 1123 845 1171 ut
872 1117 1027 1172 nobis
1056 1118 1109 1172 in
1147 1117 1342 1189 Anglia
1392 1120 1691 1186 dicebatur,
1726 1122 1793 1176 de
1825 1122 1938 1177 suis
1962 1132 2017 1178 et
2046 1122 2167 1179 alis

583 1203 909 1273 quibusdam
951 1206 1338 1264 ecclesiasticis
1383 1210 1615 1281 negotiis
1660 1227 1784 1266 cum
1819 1228 1887 1267 eo
1922 1224 2165 1283 acturus,

584 1314 644 1352 sc
674 1308 1080 1369 prmsentassct,
1124 1301 1233 1357 nisi
1270 1301 1413 1358 forte
1451 1304 1743 1374 sponsione
1773 1306 2164 1377 regisjlenrici

586 1404 718 1456 qua,
748 1406 807 1444 se
838 1390 893 1445 in
938 1406 1162 1463 regnum
1213 1408 1369 1447 suum
1409 1409 1626 1451 reverso
1656 1412 1872 1452 omnem
1894 1396 2164 1467 justitiam

582 1479 631 1532 ei
674 1479 940 1536 facturum
966 1524 985 1549 ,
1017 1492 1071 1538 et
1112 1498 1253 1555 saepe
1282 1486 1619 1542 nominatum
1677 1488 2043 1545 Tlturstanum
2088 1492 2161 1547 ad

583 1571 918 1627 voluntatem
959 1582 1015 1630 et
1060 1576 1453 1646 subjectionem
1496 1594 1651 1634 suam
1692 1595 1751 1636 se
1791 1583 2161 1639 cxhibiturum

561 1659 962 1731 .pollicehatur,
1009 1664 1102 1719 illo
1159 1667 1455 1736 procedere
1504 1671 1859 1727 detineretur.
1916 1674 1983 1728 Et
2044 1676 2162 1731 haec

580 1752 799 1819 quidem
844 1757 1066 1825 sponsio
1102 1759 1352 1838 nopnihil
1382 1774 1505 1817 eum
1537 1762 1592 1817 in
1631 1768 2011 1824 transmarinis
2039 1785 2163 1839 par-

560 1844 725 1901 .tibus
751 1846 1053 1914 detinebat,
1080 1860 1135 1905 et
1160 1862 1413 1908 eventum
1441 1853 1519 1909 rei
1549 1856 1819 1924 patienter
1843 1858 2162 1930 exspectare

560 1936 956 2002 persuadebat.
991 1938 1109 1995 Rex
1140 1956 1358 2012 quoque
1399 1944 1609 2003 bellicis
1651 1949 1971 2007 tumultibus
2001 1954 2159 2009 undi-

574 2038 680 2092 que
702 2036 1022 2097 occupatus,
1058 2043 1158 2086 nec
1193 2046 1274 2099 se,
1298 2043 1375 2107 ,ιιι
1406 2034 1644 2103 volebat,
1680 2038 1999 2105 deliberare,
2058 2058 2157 2098 nec

574 2116 657 2172 eis
686 2119 906 2175 omissis
938 2120 990 2175 in
1021 2121 1273 2193 Angliam
1302 2127 1451 2182 salva
1483 2130 1771 2187 honestate
1806 2134 1904 2188 sua
1948 2144 2159 2205 poterat

572 2221 841 2265 remeare.

646 2299 790 2355 inter
810 2302 953 2366 haec,
972 2303 1093 2374 ipso
1120 2307 1373 2365 videlicet
1400 2310 1686 2371 electionis
1707 2331 1820 2372 sum
1850 2333 2019 2386 anno,
2056 2319 2156 2376 Ca-

573 2389 744 2445 lixtus
773 2407 909 2462 papa
941 2394 1178 2452 instituit
1211 2397 1397 2457 Remis
1428 2404 1683 2474 generale
1716 2408 2027 2477 concilium,
2058 2426 2151 2464 xm

570 2480 691 2534 Kal.
744 2482 1101 2554 Novembris,
1151 2490 1243 2559 qui
1275 2491 1377 2546 fuit
1425 2508 1601 2551 annus
1652 2497 1719 2557 ab
1770 2498 2152 2558 lucarnatione

568 2573 784 2629 Domini
815 2576 1137 2636 millesimus
1168 2585 1498 2643 centesimus
1524 2604 1697 2645 nonus
1716 2590 1979 2659 decimus,
2008 2602 2062 2648 et
2084 2611 2151 2650 ex

560 2679 674 2757 quo
700 2665 963 2725 Radulfus
988 2673 1425 2749 archiepiscopus
1448 2679 1676 2736 Romam
1702 2682 1877 2738 iturus
1900 2684 2149 2757 Angliam

462 2812 465 2815 _
564 2756 797 2823 exierat,
856 2774 1031 2818 annus
1079 2776 1330 2836 quartus.
1380 2770 1467 2825 Ad
1506 2771 1610 2826 hoc
1643 2773 1934 2829 concilium
1976 2776 2150 2833 factus

554 2855 644 2902 cst
667 2848 945 2919 multiplex
967 2855 1499 2930 archiepiscoporum
1529 2901 1546 2928 ,
1590 2863 2002 2935 episcoporum,
2050 2868 2149 2923 ab-

567 2938 754 2993 batum
779 2949 833 2996 et
853 2943 1160 3015 principum
1190 2949 1539 3006 diversarum
1566 2954 1973 3022 provinciarum
2015 2974 2147 3015 con-

552 3044 772 3097 rursus,
799 3048 922 3089 cum
947 3051 1238 3095 numerosa
1267 3041 1593 3098 clericorum
1635 3061 1700 3100 ac
1729 3047 1969 3117 plebium
1999 3051 2142 3105 mul-

552 3118 807 3185 fitudine.
862 3121 1011 3190 Quos
1057 3126 1199 3184 inter
1245 3131 1359 3201 (52)
1408 3133 1601 3195 directi
1654 3151 1869 3208 quoque
1909 3148 2033 3194 sunt
2076 3142 2144 3196 ab

553 3210 801 3270 Henrico
826 3230 955 3287 rege
974 3217 1277 3291 Anglorum
1298 3225 1366 3279 ad
1392 3225 1569 3296 ipsum
1592 3230 1881 3286 concilium
1905 3233 2143 3304 episcopi

559 3312 616 3359 et
641 3306 867 3367 abbates
892 3308 1304 3370 Northmanniar
1330 3325 1386 3371 et
1421 3317 1644 3389 insuper
1672 3320 1913 3393 episcopi
1937 3324 2143 3394 Anglia:

559 3395 653 3465 qui
702 3405 829 3455 tunc
869 3404 1127 3472 temporis
1171 3405 1226 3461 in
1276 3405 1675 3466 Northmannia
1705 3427 1827 3468 cum
1859 3413 1954 3469 ilio
1979 3415 2143 3486 dege-

556 3487 710 3554 bant,
765 3492 1108 3552 Willhelmus
1158 3498 1412 3555 videlicet
1464 3500 1813 3570 Exoniensis,
1872 3505 2141 3564 Ranulfus

557 3578 959 3652 Dunehnensis,
1008 3585 1317 3647 Bernardus
1363 3591 1761 3662 Meneuvensis,
1797 3604 1853 3652 et
1887 3596 2142 3655 Urbanus

554 3667 1055 3743 Glamorganensis.
1101 3676 1366 3736 Ranulfus
1402 3690 1581 3737 autem
1620 3685 1864 3754 pomifer
1905 3686 2141 3741 Cantua-

552 3757 784 3825 riorum,
834 3763 1029 3831 partim
1067 3768 1309 3836 corporis
1355 3769 1744 3837 imbecillitate,
1793 3774 1988 3841 partim
2018 3775 2140 3832 aliis

550 3850 856 3908 rationibus
893 3856 1239 3931 praepeditus,
1269 3861 1337 3918 ab
1367 3876 1588 3919 accessu
1626 3865 1805 3935 ipsius
1838 3876 2140 3924 conventus

550 3944 857 4009 prohibitus
883 3956 985 4025 est.
1021 3948 1195 4020 Supra
1225 3953 1537 4010 nominatus
1560 3966 1740 4011 autem
1772 3958 2134 4027 Thurstanus,

547 4050 577 4099 a
610 4049 741 4103 rege
765 4036 1037 4094 licentiam
1073 4051 1267 4111 petens
1310 4044 1439 4101 illuc
1490 4047 1677 4114 eundi,
1714 4063 1835 4105 eam
1886 4052 2135 4109 obtinere

548 4124 857 4185 nullatenus
906 4131 1103 4200 potuit,
1151 4132 1347 4202 donec,
1378 4136 1700 4209 interposita
1734 4141 1839 4197 fide
1870 4157 1991 4208 sua,
2026 4159 2133 4214 qua

546 4216 596 4268 ei
626 4216 768 4272 sicut
809 4218 1031 4275 domino
1074 4237 1175 4278 suo
1216 4226 1477 4283 astrictus
1499 4239 1643 4296 erat,
1676 4231 1752 4286 illi
1781 4234 2133 4301 promitteret

547 4323 607 4362 se
631 4309 771 4377 apud
801 4326 998 4381 papam
1043 4313 1181 4368 nihil
1228 4325 1503 4387 acturum,
1541 4323 1685 4376 unde
1718 4323 1961 4380 Ecclesia
1990 4324 2134 4381 Can-

1586 275 1892 333 EADMERI
1927 274 2487 333 CANTUARlE-NSIS
2522 273 2830 334 MONACUI

3686 283 3769 345 309

2198 399 2244 455 Α
2285 392 2473 447 habitu
2505 389 2829 460 monachus,
2873 387 3089 461 ingenio
3112 385 3332 463 gnarus,
3357 395 3613 465 prudentia
3640 408 3763 473 prori.

2279 485 2380 539 dus
2456 483 2568 556 regi
2621 500 2686 540 ac
2730 498 2884 556 papa:
2932 484 3316 542 familiaritatis
3364 504 3497 544 nexu
3537 494 3760 563 copulatus.

2275 575 2445 646 Igitur
2468 577 2615 632 inter
2641 576 2749 630 alia
2772 576 3048 647 qurerhuic
3078 592 3174 633 rex
3204 592 3355 647 papae
3385 578 3591 635 dicenda
3613 585 3759 654 indixit,

2248 669 2545 740 praecipue
2576 670 2747 738 jussit
2778 670 2826 723 ei
2859 667 2969 723 dici
3009 677 3278 737 quatenus
3323 670 3373 725 id
3423 672 3688 731 observaret
3709 688 3759 745 ιιι,

2248 762 2474 817 nullius
2527 763 2701 832 gratia
2755 762 2833 818 rei
2874 762 3308 828 interveniente,
3351 761 3669 821 Thurstanum
3700 784 3762 827 aut

2246 852 2386 924 ipse
2425 861 2687 916 sacraret,
2729 859 2823 906 aut
2856 852 2938 908 ab
2983 852 3163 922 aliquo
3195 851 3296 906 nisi
3328 868 3368 905 ia
3420 853 3640 921 pontiﬁce
3667 856 3761 913 Car.

2260 945 2595 1008 .tuariorum,
2624 944 2701 999 uti
2728 944 2899 999 moris
2926 958 3047 1000 esse
3073 942 3233 1006 solet,
3264 945 3464 998 sacrari
3487 945 3681 1015 juberet,
3700 962 3759 1005 aut

2248 1037 2630 1108 permitteret,
2683 1035 2929 1107 alioquin
2975 1051 3037 1093 se
3059 1035 3211 1091 illum
3256 1035 3312 1090 in
3365 1035 3556 1090 nullum
3596 1042 3762 1096 sudo-

2250 1130 2582 1185 aniuationis
2611 1129 2790 1185 locum
2814 1128 3059 1199 amplius
3091 1136 3455 1197 recepturum.
3486 1128 3605 1185 Etsi
3630 1143 3760 1188 contra

2250 1220 2406 1275 .hanc
2455 1221 2785 1276 sententiam
2817 1220 2949 1291 ipse,
2996 1219 3151 1290 quasi
3189 1219 3518 1289 apostolatus
3540 1221 3610 1274 sui
3632 1233 3754 1278 aucto-

2266 1314 2450 1381 ritate,
2492 1314 2635 1369 forte
2687 1313 2782 1367 niti
2830 1312 3011 1379 vellet,
3036 1312 3238 1375 {certus
3283 1312 3759 1381 existeretqrmdnec

2246 1420 2365 1477 .pro
2412 1404 2708 1460 amissione
2749 1419 2967 1459 coronae
3016 1419 3149 1471 sua),
3203 1408 3394 1475 utpote
3421 1404 3592 1473 'spatio
3616 1414 3757 1475 septem

2252 1511 2541 1551 annorum
2596 1496 3137 1560 excommunicatus,
3192 1493 3522 1564 propositum
3565 1508 3689 1548 suum
3724 1497 3757 1548 in

2244 1591 2368 1648 'bac
2394 1605 2555 1646 causa
2584 1597 2947 1661 permutaret.
2993 1586 3297 1656 Respondit
3325 1603 3359 1639 εΔ
3378 1604 3397 1637 ι
3426 1583 3500 1639 Ne
3544 1594 3667 1654 putet
3697 1600 3755 1639 rer

2264 1698 2353 1738 me
2393 1684 2460 1737 de
2496 1682 2718 1752 negotio
2767 1680 2835 1734 de
2889 1694 2997 1749 quo
3052 1674 3165 1749 agit
3213 1677 3431 1748 quavis
3460 1678 3759 1732 rationesecns

2178 1748 2238 1804 ’Β
2265 1785 2509 1829 acturum
2568 1748 2731 1842 quam
2768 1770 2885 1840 ipse
2910 1748 3240 1825 ivelitaNee
3286 1769 3429 1822 enim
3478 1782 3556 1822 me
3591 1784 3756 1836 iniquam

2264 1866 2332 1920 ad
2358 1866 2463 1919 hoc
2490 1879 2608 1919 mea
2638 1863 2761 1917 tulit
2787 1862 3041 1916 voluntas
3068 1871 3125 1914 ιιι
3151 1860 3551 1915 Cantuariensis
3579 1858 3757 1915 Ecclesia

2243 1957 2606 2029 dignitatem,
2656 1955 2744 2010 cui
2794 1962 2872 2011 tot
2921 1951 3166 2024 prmclari
3212 1950 3430 2016 Patres,
3474 1960 3526 2005 ut
3565 1951 3756 2013 penctoti

2245 2050 2464 2105 mundo
2494 2048 2839 2103 notissimum
2865 2054 2972 2111 est,
3005 2045 3401 2116 praesederunt,
3435 2057 3624 2111 quoquo
3644 2044 3755 2097 modo

2261 2141 2563 2198 humiliem.
2601 2159 2621 2193 ι
2681 2138 2775 2194 llis
2809 2137 3088 2209 apostolici
3142 2136 3328 2203 verbis
3389 2135 3557 2205 regius
3599 2135 3755 2189 nuntius

2261 2232 2520 2289 credulus
2553 2231 2797 2295 effectus,
2829 2230 2897 2285 de
2931 2243 3043 2285 suae
3082 2225 3376 2296 legationis
3402 2223 3580 2279 ell'ectu
3601 2237 3755 2279 secum:

2257 2326 2439 2381 factus
2460 2335 2563 2380 est.
2590 2325 2933 2395 Quapropter
2952 2336 3078 2383 cum
3106 2319 3295 2379 Remis
3321 2318 3571 2381 venisset,
3589 2326 3632 2370 et
3651 2331 3758 2369 mane

2260 2416 2529 2473 Dominici
2577 2410 2683 2469 dici
2726 2410 3083 2484 prmcedentis
3126 2409 3269 2465 diem
3302 2407 3579 2479 prmstituti
3605 2405 3755 2462 concilii

2242 2521 2381 2562 cum
2426 2503 2762 2560 Cantuaritis
2801 2503 2917 2563 suis
2955 2500 3121 2557 sociis
3162 2498 3381 2555 audiret
3409 2498 3542 2569 apud
3569 2496 3753 2550 Sanctum

2253 2596 2558 2668 Remigium
2621 2595 2887 2666 quosdam
2942 2598 3313 2661 protestantes
3375 2590 3425 2646 ei
3472 2588 3754 2643 Thurstanus

2250 2699 2308 2745 et
2356 2704 2486 2744 suos
2538 2686 2749 2743 alacres
2799 2684 2870 2740 ad
2918 2681 3363 2739 benedictionem
3409 2679 3700 2751 pontificatus
3720 2677 3752 2729 in

2249 2779 2380 2835 sede
2405 2776 2697 2850 episcopali
2727 2775 3040 2847 praeparari,
3063 2773 3295 2829 miratus
3321 2782 3405 2827 est
3433 2771 3561 2826 ultra
3584 2769 3753 2827 modum.

2249 2886 2352 2926 nec
2391 2870 2460 2925 iis
2494 2884 2616 2940 quae
2645 2868 2969 2923 dicebantur
3011 2865 3367 2935 aliquatenus
3417 2870 3609 2931 poterat
3646 2859 3752 2912 ﬁdem

2242 2963 2508 3033 praebere.
2521 2962 2602 3017 Ac
2629 2961 2721 3016 ubi
2749 2960 2825 3017 rei
2855 2959 3061 3015 veritas
3085 2950 3264 3027 palam
3296 2956 3560 3016 innotuit.
3584 2952 3753 3008 Joanms

2249 3055 2670 3111 archidiaconus
2715 3051 3131 3107 Cantuariensis
3180 3050 3374 3121 (quem
3426 3046 3607 3117 negotii
3648 3042 3753 3096 istius

2249 3091 2670 3111 α.ιι..ι....υυ....σ
2718 3091 3131 3107 ν-.........ν...,..,
3181 3091 3374 3121 ww...
3426 3091 3606 3117 ...νη

2172 3091 2217 3155 C
2250 3155 2407 3203 tenor
2436 3144 2565 3200 illuc
2590 3143 2917 3213 adduxerat)
2948 3154 3101 3213 papae
3131 3142 3335 3207 astitit,
3372 3150 3424 3195 et
3464 3141 3512 3195 in
3542 3133 3751 3208 pmsentia

2244 3239 2603 3309 plurimorum
2642 3236 3020 3307 episcOporum
3062 3249 3239 3291 necne
3283 3234 3514 3288 aliarum
3556 3228 3753 3285 ert-clien-

2245 3330 2379 3385 tium
2420 3342 2800 3399 personarum,
2846 3326 3020 3395 ipsam
3064 3324 3501 3380 benedictionem
3542 3322 3639 3374 viva
3667 3327 3752 3369 rect

2243 3438 2275 3477 ιι
2306 3421 2561 3493 pontifice
2594 3420 3013 3476 Cantuariorum
3062 3418 3178 3473 fieri
3226 3418 3434 3474 debere
3473 3413 3752 3473 calumniatus

2241 3524 2359 3580 est;
2392 3528 2493 3569 net:
2525 3513 2722 3583 ipsum,
2768 3511 2897 3566 licet
2942 3508 3125 3566 ofﬁcio
3165 3524 3322 3580 papae
3355 3509 3653 3580 fungeretur,
3670 3503 3751 3571 jure

2241 3618 2402 3674 posse
2437 3601 2695 3657 Ecclesiae
2740 3599 3124 3656 Cantuariensi
3172 3600 3263 3669 jus
3302 3615 3464 3654 suum
3511 3597 3751 3668 praeripere.

2241 3708 2363 3748 cum
2386 3700 2663 3749 constaret
2684 3706 2807 3746 eam
2836 3690 2966 3745 nulli
2994 3690 3136 3760 quod
3157 3688 3309 3758 juste
3336 3689 3557 3746 debebat
3574 3696 3749 3752 eoaque

2240 3787 2558 3857 denegasse.
2606 3784 2689 3838 Ad
2728 3798 2851 3853 quae
2890 3782 2981 3837 ille
3019 3782 3397 3851 respondens:
3437 3800 3456 3835 ι
3484 3776 3749 3841 Nullaui,in-

2238 3876 2376 3946 quit,
2404 3873 2727 3943 iniustitiam
2766 3871 3022 3927 Ecclesiae
3048 3871 3439 3927 Cantuariensi
3470 3871 3625 3924 facere
3646 3866 3748 3919 volu‘

2237 3981 2379 4030 mus,
2430 3964 2547 4030 sed,
2585 3963 2736 4020 salva
2776 3962 2992 4032 jnstitia
3034 3970 3092 4018 et
3147 3961 3420 4032 dignitate
3468 3963 3613 4025 illius,
3649 3955 3748 4027 quod

2235 4058 2617 4129 proposuimus
2652 4058 3035 4126 exsequemur.
3068 4074 3093 4109 ι
3138 4052 3645 4122 Quodaudientimn
3666 4047 3748 4118 qui-

2235 4165 2341 4220 que
2362 4150 2556 4205 mirum
2584 4148 2729 4204 dictu
2749 4148 3154 4219 judicavcrunt,
3180 4146 3431 4202 videntes
3451 4160 3563 4201 eum
3584 4142 3747 4198 adversa

2234 4240 2432 4309 fronte,
2459 4256 2578 4312 quae
2613 4240 2831 4297 dicebat
2880 4239 3046 4296 nimis
3095 4238 3298 4307 injuste
3356 4238 3498 4294 facto
3542 4234 3743 4291 refellere.

2233 4329 2599 4388 Consecratus
2632 4346 2870 4402 namque
2909 4332 2961 4386 in
3000 4332 3381 4402 pontificatum
3426 4331 3745 4386 Eboracensem

547 4401 840 4457 tuariensis
874 4403 1043 4458 ullum
1072 4406 1310 4477 antiquae
1339 4409 1619 4482 dignitatis
1645 4430 1760 4469 suae
1786 4416 2127 4488 dispendium
2160 4430 2205 4486 Β
2232 4423 2576 4479 Thurstanus
2619 4431 2728 4488 est,
2781 4401 2884 4477 fide
2932 4401 3092 4494 quam
3151 4425 3385 4481 Domino
3430 4428 3533 4480 suo
3568 4416 3746 4477 such'o

545 4490 877 4562 incurreret,
924 4508 1023 4551 nec
1070 4498 1433 4569 episcopalem
1479 4504 1913 4563 benedictionem
1941 4509 2010 4565 ab
2036 4524 2127 4578 eo,

541 4582 653 4638 ulla
687 4586 895 4669 ratione
935 4589 1222 4658 suadente,
1258 4595 1581 4665 susciperet.
1622 4598 1813 4671 Itaque
1844 4600 1938 4656 tali
1964 4616 2128 4672 spon-

541 4675 695 4731 sione
724 4666 920 4750 ligatus
941 4680 1047 4736 iter
1073 4684 1328 4753 arripuit,
1356 4697 1411 4742 et
1445 4688 1513 4743 ad
1540 4666 1739 4760 papam
1766 4666 2125 4763 quemadmo-

539 4768 669 4831 dum
695 4784 794 4824 suo
836 4773 1055 4842 negotio
1090 4777 1350 4845 expedire
1394 4779 1625 4846 sciebat,
1671 4782 1903 4856 impiger
1952 4787 2120 4844 venit.

538 4858 677 4926 Quid
704 4860 891 4930 plura?
924 4864 1239 4922 Posthabita
1258 4914 1259 4917 η
1277 4870 1401 4935 fidei
1431 4872 1724 4940 sponsione
1753 4874 2031 4933 Romanos
2060 4878 2116 4933 in

535 4965 759 5015 causam
805 4968 997 5022 suam,
1046 4971 1156 5026 quo
1210 4958 1263 5013 in
1324 4976 1553 5035 qumque
1602 4965 1817 5034 negotia
1866 4969 2121 5038 pertrahi

535 5041 735 5110 solent,
784 5044 1056 5117 largitatis
1095 5049 1274 5105 oﬂicio
1321 5053 1618 5121 transtulit,
1656 5064 1712 5111 et
1737 5070 1836 5126 per
1858 5073 1974 5124 eos,
2003 5068 2120 5116 uta

533 5147 673 5203 papa
721 5135 1008 5208 episcopus
1054 5152 1394 5208 sacraretur,
1444 5160 1544 5200 sua
1585 5161 1749 5203 manu
1793 5161 2122 5220 cooperante

534 5224 871 5294 impetravit.
918 5230 1080 5298 Sane,
1128 5242 1256 5290 ante
1296 5235 1413 5291 haec
1447 5238 1693 5294 nuntium
1729 5256 1885 5298 suum
1918 5259 2013 5298 rex
2050 5243 2118 5299 ad

533 5330 730 5386 papam
757 5318 1051 5389 direxerat,
1082 5334 1303 5380 cautum
1336 5324 1485 5381 illum
1534 5328 1740 5385 faciens
1782 5332 1848 5387 de
1895 5332 2116 5402 querela

534 5423 655 5476 qum
685 5422 857 5479 usque
883 5411 937 5466 id
970 5418 1227 5485 temporis
1271 5422 1592 5477 versabatur
1629 5421 1775 5478 inter
1822 5424 2113 5481 Radulfum

533 5497 1006 5571 archiepiscupum
1052 5502 1473 5565 Cantuariorum
1522 5522 1578 5567 et
1624 5513 1801 5583 ipsum
1847 5514 2113 5570 Thursta-

531 5605 681 5644 num.
712 5590 941 5651 Nuntius
987 5604 1169 5653 autem
1204 5599 1399 5657 borum
1429 5612 1485 5658 et
1508 5614 1800 5661 exsecutor
1830 5606 1932 5663 fuit
1963 5606 2105 5663 Sicf-

531 5680 733 5755 ft'edus,
768 5687 1086 5763 cognomine
1116 5690 1457 5761 Pelochinus,
1494 5695 1658 5752 frater
1685 5699 2108 5771 archiepiscopi,

2232 4513 2506 4585 pollicitus
2529 4513 2727 4578 fuerat,
2760 4512 2865 4567 hoc
2895 4512 3055 4568 modo
3086 4514 3390 4572 fraudatus.
3429 4515 3499 4570 Ex
3531 4527 3623 4582 quo
3648 4508 3745 4562 facta

2234 4602 2289 4658 in
2336 4602 2747 4657 admirationem
2796 4618 3063 4657 concussa
3107 4612 3234 4659 sunt
3280 4605 3451 4661 corda
3498 4602 3742 4659 multorum.

2230 4692 2353 4748 Rati
2423 4692 2567 4749 enim
2659 4701 2787 4747 sunt
2860 4702 3065 4748 tantam
3126 4710 3242 4750 rem
3313 4711 3439 4751 eum
3511 4691 3746 4750 nullatenus

2229 4796 2559 4855 praesumere
2620 4782 2901 4852 potuisse,
2950 4783 2995 4838 si
3053 4784 3260 4855 regiam
3317 4785 3626 4839 voluntatem
3670 4774 3742 4830 sibi

2228 4884 2646 4932 consentaneum
2692 4875 2745 4929 in
2791 4889 3008 4931 canon
3052 4877 3399 4932 advertisset.
3446 4875 3573 4931 Huic
3606 4881 3745 4927 cense.

2228 4967 2459 5023 orationi
2506 4982 2629 5022 cum
2675 4967 2743 5022 ad
2781 4966 2996 5038 jussurn
3038 4979 3193 5038 papae
3222 4968 3412 5040 plures
3434 4985 3465 5023 e
3493 4966 3640 5023 Gallia
3664 4959 3744 5029 cpi-

2227 5061 2379 5131 scopi
2430 5060 2795 5126 interessent,
2848 5062 3159 5116 reverenda:
3208 5062 3487 5117 memorim
3530 5052 3742 5114 ﬂubaldus

2228 5154 2671 5223 archiepiscopus
2723 5153 3105 5223 Lugdunensis
3146 5154 3292 5210 nullo
3329 5165 3507 5224 pacto,
3554 5164 3638 5205 nec
3660 5148 3741 5214 ipso

2225 5261 2363 5318 papa
2415 5246 2641 5317 iubente
2669 5284 2685 5311 ,
2737 5245 3000 5301 interesse
3054 5244 3247 5311 voluit,
3301 5244 3621 5316 perpendens
3662 5248 3737 5290 non

2225 5347 2377 5395 recto
2404 5339 2540 5394 calle
2576 5354 2690 5393 rem
2715 5339 3035 5409 procedere,
3066 5347 3122 5393 et
3152 5339 3387 5394 horrens
3434 5347 3617 5392 tantam
3639 5330 3738 5399 iniu.

2225 5430 2365 5487 riam
2409 5430 2667 5487 Ecclesiae
2714 5430 3121 5498 Cantuariensi,
3162 5432 3253 5487 cui
3295 5429 3512 5503 speciali
3554 5421 3734 5482 amiciti:

2220 5532 2277 5579 et
2306 5523 2540 5579 fraterna
2579 5522 2951 5579 familiaritate
2982 5524 3334 5595 jungebatur,
3364 5532 3546 5579 contra
3568 5526 3731 5587 milia!

2220 5614 2409 5685 infligi.
2461 5613 2712 5685 Episcopi
2758 5628 2889 5668 vero
2938 5615 3087 5685 regni
3150 5613 3480 5686 Anglorum,
3535 5623 3649 5683 quos
3683 5600 3730 5655 ad

2219 5706 2506 5762 concilium
2538 5722 2568 5762 a
2596 5719 2722 5778 rege
2746 5705 2979 5767 Henrico
3012 5706 3246 5764 directos
3275 5706 3523 5773 diximus,
3550 5699 3732 5759 nondum
