3904 6306
139 318 252 374 εος

1167 313 1506 387 tlilS'l'ORlA
1549 311 1910 376 NOVORUM.
1941 342 2011 355 --
2040 312 2170 380 LIB.
2193 314 2272 378 Ἲς
2383 339 2414 380 ἰ

3298 316 3408 378 509

140 431 274 484 illuc
319 435 602 494 venerant,
629 434 685 482 et
731 441 806 482 ea
845 441 922 494 re,
973 440 1082 482 nus
1125 426 1460 491 absentibus,
1501 427 1620 482 htcc
1646 427 1719 482 ita
1749 427 1796 485 Α
1893 424 1989 481 llis
2028 426 2218 482 diebus
2262 425 2495 484 excitata
2542 433 2628 484 est
2661 423 2970 495 sollicitudo
3005 427 3294 489 multorum
3335 435 3411 489 ad.

138 523 405 592 completa
432 530 578 594 sunt.
611 519 742 596 qua:
763 528 824 574 ut
854 518 964 587 regi
990 527 1140 574 certo
1163 520 1538 600 innotuerunt,
1572 534 1720 600 tuam

140 617 278 669 dans
317 613 491 678 modis
534 611 786 667 omnibus
816 606 1145 666 .ThurStano
1182 619 1242 664 et-
1279 611 1393 665 suis
1442 596 1737 672 interdixit

138 707 320 763 redire
351 706 403 761 in
434 702 884 760 Northmanniam
917 711 972 758 et
999 701 1272 772 Angliam,
1313 712 1368 757 et
1409 703 1461 757 itt
1502 719 1718 758 omnem

139 802 318 855 locum
372 797 761 854 dominationis
811 811 944 851 sum.
1008 796 1204 851 ltatum
1260 809 1328 850 ex
1377 797 1462 850 his
1514 795 1720 865 quique

135 891 494 948 audientium.
520 888 762 944 habuere
812 896 1012 958 praeter
1050 903 1376 944 consensum
1422 888 1567 958 regis
1597 903 1720 957 qua:

137 986 360 1038 fuerunt
403 980 542 1045 facta
594 981 782 1036 fuisse.
814 980 1006 1048 Itaque
1035 987 1158 1050 post
1193 980 1307 1043 lucc
1345 979 1587 1058 Calixtitts
1627 977 1723 1034 Gi-

133 1075 368 1129 sortium
416 1072 585 1138 venit,
631 1081 688 1127 et
733 1087 828 1127 rex
880 1069 1148 1136 Henricus
1196 1069 1306 1124 illic
1345 1070 1392 1125 ei
1431 1069 1716 1125 locuturus

137 1170 394 1229 accessit.
419 1167 758 1239 .Acta,igitur
793 1175 921 1220 sunt
950 1165 1114 1220 multa
1153 1165 1296 1221 inter
1329 1180 1444 1233 eos,
1487 1181 1720 1236 quorum

132 1263 311 1330 gratia
347 1277 446 1332 par
474 1271 592 1316 erat
631 1269 811 1316 tantas
857 1273 1122 1330 personas
1167 1259 1512 1316 convenisse.
1573 1259 1722 1315 luter

133 1369 256 1420 quae
294 1368 390 1406 rex
421 1367 449 1406 a
480 1366 615 1421 papa
648 1349 960 1419 impetravit
988 1357 1048 1404 ut
1077 1364 1268 1404 omnes
1297 1347 1723 1415 consuetudines

131 1459 271 1512 quas
290 1442 457 1499 Pater
477 1455 610 1497 suus
636 1441 688 1495 in
710 1439 903 1510 Anglia
927 1440 1212 1504 habuerat,
1240 1449 1294 1493 et
1318 1439 1370 1493 in
1397 1437 1723 1493 Northmau—

130 1535 240 1598 nia,
254 1533 360 1588 sibi
375 1531 715 1594 concederet,
730 1541 784 1586 et
797 1530 1031 1585 maxime
1052 1538 1109 1585 ut
1133 1529 1403 1585 neminem
1426 1528 1718 1600 aliquando

132 1625 294 1696 legati
323 1624 500 1680 oﬁicio
526 1624 579 1680 itt
604 1623 794 1695 Anglia
821 1623 970 1694 fungi
1003 1625 1367 1694 permitteret,
1395 1623 1440 1694 si
1471 1638 1576 1676 non
1605 1623 1726 1693 ipse

131 1717 314 1786 aliqua
349 1715 622 1786 praecipua
639 1714 1262 1785 ,qnerela..ettigente,=et
1285 1727 1405 1783 qua!
1431 1714 1505 1768 ab
1542 1713 1721 1767 archi-

1822 518 2254 592 investigandnm
2308 521 2663 578 auctoritates
2717 531 2773 579 et
2831 523 3406 596 antiquagprivilegia

1821 610 2087 682 primatus
2119 627 2280 682 quctn
2307 613 2536 668 ecclesia
2576 613 3006 678 Cantuariensis.
3045 629 3164 685 quae
3189 625 3272 675 ost
3295 618 3405 672 Do-

1822 700 2188 765 robernensis,
2231 702 2331 757 sibi
2375 703 2612 758 vindicat
2664 719 2828 774 super
2855 704 3155 760 Erclesiam
3199 706 3408 762 Ebora-

1821 809 2056 852 censem.
2099 797 2250 866 Quod
2286 813 2349 853 ea
2390 815 2450 853 re
2505 800 2743 854 maxime
2799 799 3026 871 contigit
3069 801 3194 872 quia
3242 817 3404 858 causa

1821 902 1941 957 qua:
1993 889 2135 964 inter
2167 889 2494 960 .Ratlulfutn
2528 891 2846 959 pontiﬁcem.
2884 891 3407 948 Cantuariomnnet

1821 976 2187 1039 Thurstanum
2240 979 2632 1034 Eboracensem
2672 992 2737 1036 eo
2781 993 2976 1049 usque,
3019 990 3076 1036 ιιι
3119 981 3408 1053 descripsi-

1822 1091 1962 1137 ntus,
1992 1076 2332 1143 versabatur,
2381 1075 2434 1130 in
2480 1077 2728 1132 notitiam
2768 1080 3255 1135 transmarinorum
3293 1080 3408 1150 epi-

1823 1182 2111 1238 scoporum
2139 1167 2316 1222 delata
2349 1167 2546 1234 fuerat,
2603 1168 2718 1238 ipso
2749 1168 3067 1229 .Tlturstauo
3110 1185 3407 1242 propugna-

1824 1259 2024 1324 tionem
2051 1273 2248 1313 eorum
2283 1245 2393 1312 sibi
2417 1267 2605 1312 contra
2637 1258 2855 1314 Patrem
2896 1259 3185 1314 itadnlfum
3233 1263 3406 1317 modis

1821 1349 2073 1404 omnibus
2097 1348 2420 1403 asciscente.
2447 1349 2511 1402 Et
2544 1348 2618 1403 illi
2642 1350 2884 1418 quidem,
2913 1359 3099 1419 utpme
3119 1360 3408 1406 consuetu-

1822 1437 2007 1493 diuum
2034 1446 2089 1493 et
2110 1437 2512 1508 privilegiorutu
2537 1437 2796 1500 Ecclesia:
2823 1438 3022 1516 Christi
3051 1437 3409 1512 Cautttarien-

1821 1531 1900 1602 sis
1927 1528 2121 1600 ignari,
2153 1528 2568 1602 immoderatius
2608 1529 2918 1583 Thurstano
2945 1527 3219 1593 favebant,
3249 1537 3410 1582 autu-

1822 1630 2052 1689 ntantes,
2083 1628 2141 1676 ut
2169 1621 2283 1691 ipse
2318 1619 2555 1687 ferebat,
2589 1619 2876 1675 Radulfutn
2906 1621 2957 1675 vi
2995 1621 3166 1690 magis
3193 1630 3246 1676 et
3273 1621 3411 1676 divi-

1825 1710 2019 1764 tiarum
2045 1711 2214 1780 ecpiis
2242 1711 2538 1782 prodeunte
2563 1726 2724 1781 quatn
2749 1710 2940 1781 prisca:
2968 1712 3325 1778 auctoritatis,
3353 1724 3411 1769 et

127 1808 390 1876 episeopo
418 1804 837 1869 Cantuariorum
883 1805 1208 1875 eaeterisque
1250 1805 1523 1876 episcopis
1564 1805 1714 1875 regni
1750 1774 1794 1833 Β
1822 1801 2190 1856 Romanorum
2229 1801 2542 1885 pontiﬁcum
2605 1801 2917 1871 privilegiis
2960 1803 3022 1858 in
3064 1804 3178 1858 suis
3227 1818 3409 1859 asser-

129 1899 419 1953 terminari
471 1912 578 1953 non
625 1906 832 1967 posset,
861 1898 966 1953 hoc
991 1897 1109 1974 ﬁeri
1139 1913 1167 1952 a
1200 1913 1338 1974 papa
1388 1897 1715 1967 postularet.

124 1990 341 2056 Quibus
387 1989 642 2043 omnibus
669 2004 768 2058 pro
795 1997 940 2043 statu
963 1987 1240 2058 temporis
1277 1987 1534 2044 deﬁnitis
1579 2005 1728 2060 papa

123 2088 285 2150 rogat
369 2094 552 2148 regem
625 2077 938 2141 Tltttrstano
1019 2078 1252 2132 amicum
1329 2079 1494 2145 ﬁeri,
1567 2096 1720 2136 eum-

121 2187 230 2241 que
279 2170 620 2241 pontiﬁcatui
646 2211 664 2236 ,
704 2170 770 2225 ad
801 2185 962 2240 quem
1009 2169 1208 2240 ipsum
1234 2179 1574 2238 sacraverat,
1616 2187 1718 2241 pro

120 2278 318 2322 amore
361 2278 462 2319 suo
513 2263 745 2318 restitui.
798 2262 871 2317 At
937 2262 1028 2318 ille
1096 2263 1350 2331 hocse,
1387 2248 1514 2324 dum
1545 2248 1728 2320 ’γίγας

123 2365 226 2421 ret,
269 2371 382 2410 non
423 2355 828 2419 facturumsua
883 2354 1006 2416 ﬁde-
1035 2356 1389 2426 spopondisse
1434 2356 1720 2414 confessus

119 2456 223 2502 est.
251 2445 352 2501 Ait
387 2461 404 2500 :
435 2465 452 2497 ο
489 2444 603 2518 Ego
622 2445 956 2516 apostolicus
987 2462 1128 2514 sum,
1159 2456 1238 2515 et,
1273 2448 1318 2504 si
1354 2447 1548 2505 feceris
1575 2449 1720 2519 quod

119 2537 456 2606 postulo..ab
472 2537 575 2593 hac
592 2546 645 2592 te
667 2537 789 2593 ﬁdei
812 2538 1104 2608 sponsione
1124 2539 1422 2599 absolvam.
1448 2542 1726 2596 Tractaho

117 2628 184 2695 de
204 2626 324 2690 his,
353 2627 519 2692 ait,et
541 2641 660 2697 qua:
679 2627 891 2683 consilii
918 2627 1019 2682 mei
1046 2636 1198 2684 tenor
1224 2629 1512 2696 invenerit,
1537 2638 1716 2698 pater-

118 2717 286 2772 nitati
337 2727 442 2772 tute
481 2718 793 2788 notiﬁcaho.
829 2737 850 2772 ι
895 2717 1090 2793 llinca
1131 2733 1270 2790 papa
1301 2720 1630 2784 recessit,-et
1664 2723 1713 2776 ei

115 2822 211 2877 per
246 2808 618 2865 internuntios
647 2824 773 2864 suos
807 2811 874 2872 de
901 2810 1116 2882 negotio
1136 2809 1210 2865 ita
1241 2811 1532 2882 respondit.
1563 2811 1716 2879 Quod

115 2900 250 2954 dic-it
284 2915 380 2963 se,
414 2900 1040 2971 qttoniamtapostolieus
1082 2910 1185 2967 est,
1216 2918 1304 2958 me
1345 2919 1376 2956 a
1409 2903 1515 2960 ﬁde
1553 2920 1715 2973 quam

114 2989 400 3062 pollicitus
425 3006 543 3045 sum
568 2990 965 3056 absoluturum,
989 2992 1033 3046 si
1062 3000 1256 3052 contra
1277 2993 1523 3064 eamdem
1555 2993 1730 3050 ﬁdem.

116 3083 501 3143 Titurstanum
535 3083 763 3138 Eboraci
805 3099 1090 3155 recepero,
1139 3100 1244 3140 non
1286 3087 1500 3141 videtur
1554 3086 1716 3157 regiae
1741 3120 1784 3178 Ε

115 3175 398 3230 honestati
422 3175 710 3241 convenire
733 3176 1100 3247 hujuscemodi
1122 3176 1444 3232 absolutioni
1491 3193 1718 3233 consen-

115 3267 242 3321 tire.
282 3264 417 3331 Quis
443 3265 588 3320 enim
616 3265 775 3320 ﬁdem
805 3281 958 3329 suam
988 3265 1159 3324 cuivis
1186 3265 1468 3336 pollicenti
1483 3266 1716 3336 amplius

112 3358 396 3422 crederet,
433 3372 557 3412 cum
591 3373 708 3413 eam
741 3357 844 3414 mei
875 3358 1125 3428 exemplo
1163 3367 1288 3414 tam.
1305 3358 1464 3415 facile
1491 3359 1713 3416 absolu-

114 3452 268 3506 t'one
318 3449 608 3506 anniltilari
655 3464 814 3520 posse
866 3448 1090 3504 videret.
1154 3449 1538 3505 Verumtamen
1585 3449 1723 3518 quia

111 3543 496 3607 Thurstanum
526 3541 579 3595 in
611 3541 978 3611 pontiﬁcatum
1009 3549 1288 3611 tantopere
1314 3541 1448 3611 petit
1477 3541 1710 3604 admitti,

110 3641 388 3704 quantum
424 3645 545 3688 mea
591 3630 778 3697 refert,
804 3632 1356 3711 eacontlitionepro
1393 3647 1580 3704 amore
1611 3647 1730 3710 suot

110 3725 364 3782 concedo
392 3731 452 3779 ιιι
493 3724 610 3794 ipse
646 3723 822 3795 primo
846 3723 1199 3780 Cantnariam
1234 3724 1440 3790 veniat,
1471 3733 1527 3780 et
1549 3724 1718 3779 'debio

112 3830 226 3874 tam
274 3816 644 3872 obedientiam
691 3831 755 3871 ac
797 3816 1186 3887 subjectionem
1235 3831 1396 3886 quam
1447 3815 1712 3878 Thomas,

110 3911 389 3969 Girardus
446 3918 500 3970 et
527 3967 529 3969 ,
556 3909 694 3972 alter
750 3909 998 3967 Thomas.
1035 3908 1294 3986 Ecclesia:
1329 3907 1730 3979 Cantuariensi,

110 4009 352 4079 ejusque
387 4005 605 4076 primati
639 4003 868 4075 professi
896 4012 1044 4064 sunt.
1075 4003 1286 4073 scripta
1305 4018 1378 4058 ex-
1403 4016 1553 4058 more
1581 4015 1733 4070 pro-‘-

110 4099 358 4158 fessione
408 4096 749 4167 proﬁteatur.
795 4095 948 4162 Quod
1000 4095 1048 4152 si
1096 4095 1278 4151 facere
1318 4092 1708 4164 supersederit,

108 4193 253 4248 sciat
273 4190 450 4262 quod.
482 4189 630 4243 nullo
667 4189 845 4251 edicto
873 4188 1250 4260 compelleute,
1291 4201 1379 4242 me
1423 4187 1476 4242 in
1514 4185 1710 4253 Anglia

110 4291 384 4356 regnante
405 4281 636 4338 Eboraci
664 4281 918 4337 Ecclesiae
945 4280 1278 4352 pmidebit.
1300 4280 1415 4334 lloc
1441 4278 1708 4349 siquidem
1733 4302 1736 4306 η

109 4392 198 4432 me
251 4384 604 4431 servaturum
664 4373 887 4444 promisi
943 4382 998 4428 et
1055 4371 1216 4428 ﬁdem
1283 4385 1462 4426 meam
1516 4369 1727 4425 vadem.

1824 1884 2234 1964 tioniltusntiti.~
2259 1891 2365 1948 Sed
2403 1884 2528 1948 eum
2559 1893 2645 1948 ad
2665 1893 2778 1948 haec
2810 1893 3082 1948 diceretur
3126 1894 3181 1948 in
3208 1909 3408 1950 vanum

1824 1986 1928 2040 tale
1970 1986 2098 2055 quid
2123 1986 2356 2056 opinari,
2395 1994 2451 2040 et
2483 1985 2616 2040 satis
2642 1984 2907 2050 suﬁieere.
2972 1988 3037 2042 ad
3081 1986 3411 2041 determina-

1823 2079 2024 2136 tioucnt
2044 2078 2203 2150 hujus
2223 2077 2455 2142 discidii,
2478 2092 2598 2147 qum
2614 2093 2644 2132 a
2660 2087 2900 2148 tempore
2925 2079 3066 2149 regis
3091 2077 3406 2142 Willltclmi,

1819 2171 1911 2241 qui
1940 2171 2110 2236 armis
2130 2169 2390 2240 Angliam
2424 2171 2780 2240 ,ccperatrde
2809 2169 2951 2241 .jpso
2993 2171 3234 2242 negotio
3256 2181 3418 2241 gesta

1819 2272 1967 2328 sunt,
2004 2262 2332 2333 praesertim
2383 2277 2506 2316 cum
2559 2277 2589 2315 a
2642 2261 2849 2316 diebus.
2889 2263 3039 2332 regni
3095 2263 3213 2332 ejus
3273 2274 3411 2333 pene

1819 2361 2012 2407 cuncta
2043 2366 2163 2422 qua:
2190 2350 2259 2406 ab
2310 2351 2502 2421 Anglis
2542 2351 2844 2421 antiquitus
2869 2353 3022 2423 quasi
3053 2362 3408 2408 sacrosancta

1819 2439 2254 2506 celebrabantur,
2276 2455 2428 2517 nunc
2460 2439 2544 2503 vix
2573 2449 2861 2510 postremae
2895 2443 3246 2512 auctoritatis,
3271 2458 3405 2514 quo-

1820 2532 2066 2593 rumdatn
2091 2530 2296 2599 judicio
2322 2530 2645 2592 habeantur.
2672 2532 2794 2590 Non
2817 2535 2962 2601 hinc,
2992 2534 3170 2601 aiunt,
3202 2535 3421 2600 ita~es't,'

1820 2632 1930 2687 into
1957 2646 2092 2686 nova
2124 2645 2245 2700 quae,
2293 2630 2415 2685 istis
2451 2631 2784 2700 temporibus
2820 2631 3132 2685 inferuntur
3163 2630 3416 2700 antiquo-

1819 2737 1939 2776 rum
1971 2722 2296 2792 scriptorum
2321 2718 2817 2790 astipulationibus,
2843 2729 2904 2775 ut
2932 2731 3043 2774 rata
3067 2722 3196 2786 sint,
3223 2735 3414 2776 neces-

1818 2828 1879 2869 se
1907 2823 1994 2870 est
2024 2812 2337 2869 fulciantur.
2371 2811 2448 2867 Ex
2480 2812 2566 2868 his
2592 2826 2741 2883 ergo,
2775 2813 2840 2867 ad
2870 2813 2985 2868 lucc
3011 2813 3409 2881 investiganda,

1817 2904 2111 2965 multorum
2171 2902 2517 2969 sollicitudo,
2561 2909 2629 2962 ut-
2674 2901 2954 2966 diximus,
3006 2902 3302 2972 evigilavit,
3357 2909 3421 2956 ρι’

1817 2995 2020 3051 conﬁsa
2047 2994 2288 3051 Ecclesia
2321 2994 2415 3051 Dei
2446 2993 2690 3064 jttstitite,
2719 2995 3064 3064 antiquorum
3088 2995 3422 3048 scriniorunr

1818 3087 2018 3152 abdita,
2091 3102 2372 3144 sacrorum
2448 3085 2864 3158 Evangeliorunt
2927 3085 3245 3150 volumina,
3311 3085 3411 3140 soli

1816 3181 1997 3240 decori
2023 3178 2216 3238 domus
2241 3178 2450 3237 Dentini
2478 3189 2704 3234 eatenus
2725 3177 3078 3233 iuservientia
3102 3179 3416 3248 diligentius

1816 3279 2157 3342 perscrutata
2212 3270 2514 3342 est.:Ecce
2564 3279 2784 3342 autem,
2851 3279 2931 3325 ut'
2975 3271 3246 3325 voluntas‘
3281 3267 3413 3338 justi

1815 3381 2005 3425 amans
2029 3372 2216 3436 optato
2241 3362 2435 3420 effectu
2465 3378 2571 3418 non
2599 3365 2908 3436 privaretur
2939 3379 3059 3434 quae
3120 3362 3419 3419 subscribi-

1816 3471 1961 3522 mus,
1990 3455 2262 3510 rcvelante
2278 3453 2709 3526 Deo,privilegia
2733 3455 2978 3526 qumdatn
3013 3465 3230 3524 reperta
3264 3464 3429 3520 sunt,:

1815 3548 1973 3603 ﬁrma
1998 3551 2236 3620 undique
2260 3557 2316 3604 et
2332 3549 2640 3619 apostolica
2662 3549 2984 3605 auctoritate
3005 3547 3257 3604 subnixa.
3278 3546 3418 3602 Sunt

1814 3642 2237 3698 autem'lnec:'
2313 3659 2322 3669 ·
2541 3666 2543 3668 ·
2609 3662 2614 3670 ι
2792 3658 2798 3678 ε
2898 3661 2904 3667 ·
3085 3657 3108 3667 υ

1845 3769 1847 3773 ς
1897 3752 1916 3786 t
1951 3733 2274 3790 Bonefacitts
2303 3749 2441 3804 papa
2469 3731 2814 3789 Ethelherto
2847 3731 2957 3803 regi
2989 3730 3309 3802 Anglorum.

1889 3844 1909 3878 ι
1943 3825 2078 3880 Dum
2117 3825 2549 3881 Christianitatis
2583 3833 2779 3880 vestra:
2826 3823 3112 3894 integritas
3157 3823 3228 3876 ita
3265 3822 3416 3878 circa

1815 3913 2129 3976 Conditoris
2161 3915 2502 3972 .suizeultum
2533 3915 2852 3972 .excreverit
2892 3923 2952 3968 ut
2973 3912 3156 3982 longe.
3199 3911 3423 3980 lateque

1813 4007 2175 4078 resplendeat,
2228 4015 2285 4062 et
2315 4008 2369 4062 in
2407 4006 2556 4061 omni
2597 4005 2799 4062 mundo
2836 4003 3194 4067 annuntiata,
3234 4002 3418 4057 vestra

1813 4100 1922 4156 Deo
1969 4100 2144 4171 dignae
2181 4099 2514 4170 operationis
2543 4107 2843 4170 augmenta
2885 4095 3118 4162 referat,
3159 4110 3418 4151 enormes

1811 4191 2052 4263 largitori
2115 4192 2362 4248 omnium
2428 4191 2696 4246 bonorum
2763 4191 2876 4245 Deo
2930 4199 3116 4261 grates
3179 4187 3418 4243 exsolvi-

1811 4288 1954 4347 mu‘s.
2018 4293 2154 4340 tete.
2849 4305 2854 4312 ’
3020 4301 3024 4308 ·
3139 4307 3143 4312 τ
3427 4277 3432 4288 “

1859 4394 1914 4429 σι
1959 4377 2281 4434 Bonefacius
2317 4391 2454 4448 papa
2493 4374 2650 4433 Iusto
2701 4374 3110 4446 archiepiscopo
3138 4374 3421 4431 'Dorohets-

107 4469 294 4538 posui,
323 4493 326 4496 ~
351 4480 422 4519 ne
469 4465 759 4534 aliquando
809 4463 934 4519 ﬁam
975 4473 1344 4534 transgressor
1379 4461 1539 4552 hujus
1578 4475 1706 4532 pro-
1742 4495 1786 4552 υ
1811 4472 1988 4543 "ensi.
2289 4511 2293 4513 _

109 4558 289 4612 tnissi.
324 4556 421 4610 llis
447 4556 522 4609 ita
551 4555 620 4608 de
643 4553 920 4623 legatione
942 4553 1164 4623 Anglia:
1203 4561 1260 4607 et
1286 4551 1545 4623 pontiﬁce
1570 4552 1711 4606 Ebo-

109 4649 328 4704 racensi
376 4646 775 4711 detertuinatis,
818 4645 979 4700 Pater
1021 4644 1282 4701 Ratlull'us
1327 4645 1579 4716 Angliam
1624 4660 1732 4700 re»

109 4742 370 4803 vertitur,
401 4747 457 4795 et
490 4737 684 4807 Ποία-ξε,
707 4734 985 4807 appulsns,
1019 4752 1140 4792 cum
1170 4753 1383 4792 summo
1419 4739 1625 4794 honore
1654 4746 1712 4792 et

109 4831 316 4902 gaudio
358 4829 412 4883 in
459 4829 643 4884 sedem
684 4842 838 4882 suam
874 4825 1191 4882 Cantuariis,
1215 4841 1252 4880 tt
1293 4823 1435 4882 Non.
1462 4825 1736 4894 Januarii,

112 4918 732 4991 recipitur..Ansclmus
765 4927 991 4984 autem,
1031 4917 1121 4988 qui
1167 4916 1438 4988 legatione
1477 4917 1705 4987 Anglite,
1736 4965 1739 4968 .

107 5027 169 5071 ιιι
208 5016 625 5084 descripsimus,
660 5012 1012 5084 gloriabatur,
1050 5011 1424 5082 necAngliam
1477 5013 1707 5079 intrare,

109 5125 215 5164 nec
270 5109 457 5178 aliquo
496 5104 878 5179 legatiollicio
924 5103 1070 5175 fungi
1118 5103 1312 5176 dignus
1363 5105 1578 5161 habitus
1601 5115 1736 5161 est.~

109 5204 307 5272 Itaque
353 5200 536 5257 omnis
574 5199 797 5268 hujusce
838 5199 1124 5269 potestatis
1165 5213 1356 5254 exsors
1401 5198 1646 5264 effectus,
1675 5215 1706 5255 a

110 5292 519 5350 Nortltmannia
545 5292 704 5347 estin
732 5293 830 5346 sua
871 5304 1171 5359 regressus.
1198 5290 1537 5346 Thurstauus
1579 5307 1709 5346 vero

109 5403 310 5458 papam
341 5394 563 5442 secutus
589 5394 696 5452 est,
721 5384 816 5440 sed
848 5399 954 5438 non
995 5385 1083 5439 diu
1109 5383 1179 5438 ab
1218 5398 1304 5451 eo,
1334 5385 1707 5455 ne=prarsentia

108 5479 230 5548 ejus
276 5487 630 5548 gravaretur,
670 5477 942 5540 detentus.
983 5475 1099 5532 Rex
1137 5484 1316 5531 autem
1359 5475 1626 5534 Henricus
1653 5479 1742 5534 ini

115 5586 212 5625 sua
249 5569 522 5625 sententia
560 5568 851 5639 perstans,
887 5583 1011 5624 eum
1049 5583 1151 5624 nec
1190 5568 1526 5638 pontiﬁcatui
1566 5571 1736 5626 Ebo-'

112 5658 350 5724 raceusi,
378 5674 479 5714 nec
509 5657 563 5714 in
586 5672 700 5714 suae
720 5659 1006 5729 potestatis
1032 5658 1264 5730 aliquem
1295 5659 1470 5717 locum
1495 5662 1705 5719 admitti
1732 5685 1738 5707 τ

112 5754 295 5806 sitteba
306 5761 344 5806 t.
380 5771 381 5774 ‘

1888 4583 1908 4617 t
1957 4563 2237 4635 Susceptis
2263 4573 2459 4619 vestra:
2488 4561 2800 4618 dilectionis
2821 4562 3097 4633 apicibus,
3129 4560 3182 4614 in
3217 4559 3425 4624 quibus

1812 4657 2124 4727 reperimus
2157 4656 2303 4711 inter
2328 4655 2455 4718 alia,
2487 4655 2752 4726 plurimos
2779 4671 2842 4709 ex
2879 4651 3180 4726 gentilitate
3212 4651 3434 4704 ibideur

1812 4748 2148 4820 degentium,
2178 4747 2289 4802 Deo
2317 4745 2677 4817 omnipotenti
2705 4755 2775 4801 et.
2803 4746 3035 4806 Domino
3067 4751 3255 4796 nostro
3283 4738 3417 4794 Jesu
3476 4768 3478 4770 τ

1813 4843 2035 4896 Christo
2079 4841 2397 4904 auxiliante.
2446 4853 2762 4902 conversos,
2823 4838 3062 4893 maxime
3113 4842 3295 4889 autem
3355 4834 3416 4887 in

1810 4933 2055 5003 partibus
2112 4931 2322 4986 Cantia:
2370 4931 2436 4986 ad
2473 4932 2606 4987 veri
2644 4932 2738 4987 Dei
2783 4928 2953 4984 nostri
3004 4927 3164 4983 ﬁdem
3215 4926 3439 4982 vestris‘

1813 5024 2096 5080 laboribus
2125 5022 2624 5095 perductos-,‘valde
2649 5020 2914 5093 gratulati
2941 5019 3146 5074 sumus.
3169 5037 3188 5072 ι

1855 5133 1906 5166 ,ι
1943 5113 2212 5171 llonoriu's
2272 5127 2409 5185 papa
2484 5112 2724 5170 Honorio
2785 5109 3195 5180 archiepiscopo
3241 5111 3433 5167 Doro--

1809 5204 2036 5261 herniae.
2467 5210 2469 5213 '
2513 5227 2552 5234 π
2604 5228 2612 5240 -
2736 5221 2738 5224 ν
2804 5225 2811 5229 -
2963 5218 2969 5225 -
3017 5220 3093 5236 ..,.
3174 5219 3197 5235 ..

1888 5319 1906 5352 ι
1943 5297 2222 5366 Susceptis
2244 5303 2440 5352 vestra:
2462 5293 2767 5351 dilectionis
2795 5293 3086 5362 litteris,’iu
3105 5294 3188 5350 eis
3201 5294 3412 5364 reperi-

1814 5405 1936 5446 mus
1965 5388 2132 5444 vestri
2168 5387 2370 5442 laboris
2405 5384 2830 5442 sollicitudinem
2871 5385 3016 5442 circa
3057 5385 3223 5442 Vobis
3258 5380 3432 5442 com-'

1813 5484 2038 5538 tuissum
2069 5494 2310 5552 gregem,
2344 5478 2514 5533 multa
2543 5477 2856 5548 fatigatione
2880 5477 3221 5548 occupatam,
3251 5500 3269 5530 ›
3295 5486 3410 5534 etc.

1856 5579 1858 5583 '
1889 5592 1914 5626 αΔ
1946 5570 2243 5628 Vitalianus
2260 5584 2403 5640 papa
2435 5567 2725 5626 Theodoro
2747 5570 3162 5641 archiepiscopo
3189 5569 3345 5625 Cant.

1851 5683 1906 5716 .‹
1947 5662 2096 5718 later
2138 5660 2392 5734 plurima,
2433 5676 2558 5732 quas
2598 5660 2757 5717 nobis
2781 5671 2877 5731 per
2914 5670 3124 5717 vestras
3169 5659 3431 5733 syllabas'

1734 5775 1741 5818 ς
1819 5753 2325 5827 intitnarcjussisti,
2354 5754 2731 5826 cognovimus
2752 5753 2922 5811 etiam
2947 5751 3435 5812 desiderittrnxeo‘
