3904 6306
544 310 649 369 507

1540 308 1851 365 EADMERI
1889 296 2447 368 Cumusntesms
2487 294 2795 368 .‘lltiNAClll
3665 322 3736 380 sua

544 437 722 483 stt-um
756 412 858 497 pro
888 423 1305 481 conﬁrmatione
1341 422 1595 479 dimcesis
1623 433 1841 492 vestrae,
1877 441 1997 496 quae
2029 437 2133 482 tuae
2160 410 2208 468 Α
2238 439 2333 484 ant
2355 429 2589 485 errando
2623 436 2831 499 pereat,
2882 419 2985 482 aut
3006 425 3197 483 ferinis
3219 414 3409 482 laniata
3431 432 3657 488 morsibus
3676 452 3735 490 ra-

545 517 793 586 subiacet
815 516 1027 582 ditioni,
1058 531 1178 585 qua;
1206 515 1260 570 in
1296 516 1547 571 omnibus
1576 529 1640 569 ex
1675 524 1863 574 nostro
1910 526 2131 589 aposto-

544 606 662 661 licae
688 606 1025 663 auctoritatis
1045 605 1327 677 privilegio
1347 607 1727 676 splendescere
1770 609 2049 666 desideras
2106 627 2127 664 ι

549 709 658 756 etc.
1220 744 1221 747 η

626 810 644 843 ι
682 791 906 862 Sergius
929 807 1065 863 papa
1094 793 1311 865 regibus
1334 795 1647 863 Anglorum.

624 903 646 935 ι
688 882 897 938 Donum
934 884 1128 953 gratiae
1162 886 1481 955 spiritualis,
1513 890 1656 958 quod
1684 887 1854 945 sancti
1900 887 2133 958 Spiritus

544 972 910 1030 illustratione
935 974 1173 1029 ﬁdelium
1197 978 1361 1031 corda
1399 979 1699 1045 succendit,
1731 995 1793 1034 ac
1832 980 2133 1050 reparando

550 1064 723 1121 reﬁcit
744 1076 798 1120 et
824 1065 1042 1120 virtutis
1067 1065 1309 1122 miriﬁca:
1328 1070 1632 1124 constantia
1663 1070 1901 1135 roborat,
1932 1079 1988 1125 et
2016 1084 2132 1124 cte-

548 1155 765 1211 lestium
832 1158 1220 1214 beneﬁciorum
1276 1160 1507 1215 instituit
1564 1163 1873 1231 perenniter
1921 1177 2133 1231 prome-

544 1246 654 1299 reri
678 1245 951 1316 snll‘ragia,
983 1259 1038 1303 et
1068 1248 1361 1304 labentium
1385 1266 1563 1305 rerum
1594 1252 1757 1307 exitia
1786 1253 2133 1310 nihilominus

545 1350 876 1404 praecavere,
917 1356 935 1389 ι
967 1348 1077 1393 etc.

620 1443 641 1477 ι
672 1425 813 1481 Idem
838 1442 972 1497 papa
1000 1429 1267 1499 episcopis
1296 1430 1521 1501 Angliae.

623 1534 642 1569 ι
679 1516 838 1573 Sicut
865 1521 1042 1587 nobis,
1077 1521 1258 1577 fratris
1288 1525 1565 1595 incogniti,
1600 1526 1794 1595 quibus
1825 1543 2011 1581 curam
2050 1527 2133 1583 of-

546 1605 654 1660 ﬁcii
686 1610 974 1676 pastoralis
1004 1610 1145 1665 beati
1176 1614 1540 1683 apostolorum
1566 1617 1824 1687 principis
1853 1618 2003 1673 Petri
2038 1634 2125 1673 su-

543 1710 728 1766 perna:
771 1698 1009 1768 dignatio
1050 1702 1417 1760 miserationis
1455 1707 1800 1777 regimenque
1838 1710 2127 1774 concessit,

543 1791 892 1844 reverendam
939 1794 1155 1847 advexit
1185 1784 1526 1864 prtesentiam
1550 1842 1564 1866 ,
1596 1801 1667 1854 ita
1707 1817 1924 1870 quoque
1964 1802 2126 1856 vestri

541 1877 930 1945 religiosissimi
961 1884 1280 1951 praesulatus
1312 1887 1529 1958 collegii
1568 1890 1749 1959 agnita
1785 1890 1930 1944 salus
1962 1892 2132 1961 gemi-

545 1982 673 2021 num
714 1964 897 2024 attulit
943 1988 1137 2029 munus
1181 1975 1424 2045 triputlii.
1470 1978 1603 2032 Nam
1637 1981 1876 2033 omnium
1920 1983 2130 2036 auctori

540 2058 806 2115 bonorum
848 2063 1075 2120 Domino
1118 2068 1225 2122 Deo
1263 2078 1450 2125 nostro
1488 2071 1779 2126 immensas
1822 2074 2132 2143 peragimus

539 2151 763 2222 gratias,
811 2163 1026 2223 reperta
1085 2156 1311 2211 fratrum
1368 2160 1606 2215 ﬁdelium
1662 2161 1715 2215 in
1759 2162 1879 2216 sinu
1932 2173 2131 2218 sanctae

536 2241 730 2296 matris
767 2241 1024 2298 Ecclesiae
1073 2246 1453 2303 unanimilalis
1488 2250 1680 2306 devota
1721 2253 2047 2315 constantia,
2079 2263 2134 2308 et

540 2330 746 2384 amoris
769 2330 1011 2388 fervente
1039 2332 1180 2390 inter
1204 2350 1262 2391 se
1283 2336 1695 2407 dilectionisque
1720 2342 2014 2395 consortio.
2044 2341 2133 2397 Sic

535 2420 683 2473 enim
728 2422 906 2491 sagaci
947 2422 1163 2479 solertia
1212 2424 1379 2480 Deum
1413 2427 1765 2496 complacare
1810 2440 2131 2497 noscuntur,

540 2509 829 2571 all'erente.c
868 2513 918 2567 ei
969 2530 1103 2584 pura
1150 2516 1429 2583 libamina,
1479 2534 1602 2574 cum
1650 2519 1704 2574 in
1750 2536 1841 2574 ara
1896 2524 2133 2592 pectoris

538 2603 828 2673 splendore
872 2608 985 2661 veri
1026 2607 1245 2664 luminis
1284 2610 1608 2677 refoventes,
1650 2612 1815 2668 nullis
1861 2614 2131 2670 illecebris

538 2705 775 2751 mentem
804 2697 1051 2765 illudant,
1082 2701 1241 2756 nullis
1272 2701 1505 2757 fratrum
1532 2705 1767 2759 stimulis
1793 2708 1955 2760 corda
1995 2722 2134 2779 prte-

537 2787 761 2855 cellant,
813 2790 972 2846 nullis
1020 2793 1341 2849 nocentibus
1390 2796 1669 2865 proximos
1722 2798 1992 2853 mentibus
2034 2814 2133 2853 an-

538 2891 729 2948 nuant,
763 2882 877 2948 sed,
908 2893 963 2937 ut
1004 2884 1099 2939 Dei
1148 2886 1403 2954 ministri,
1451 2889 1730 2959 speculum
1772 2906 1830 2945 se
1872 2889 2131 2961 subjectis

535 2974 662 3027 vita:
689 2989 1007 3045 morumque
1038 2977 1306 3046 probitate
1325 2980 1636 3037 exhibeant.
1678 2983 1811 3039 Hinc
1829 2984 1931 3039 sibi
1959 2985 2127 3041 Deum

2234 522 2439 591 piatur,
2480 528 2687 591 quanto
2709 520 2907 574 sudore
2935 526 3248 588 quantaque
3274 534 3397 573 cura
3424 519 3642 578 debemus
3655 541 3738 583 esse

2222 608 2529 680 pervigiles
2558 609 2629 664 ob
2653 607 2883 663 salutem
2919 608 3251 674 animarum,
3276 608 3364 677 qui
3397 619 3615 677 pastores
3645 615 3738 669 dici-

2235 717 2356 756 mur
2379 701 2604 757 earum?
2624 700 2985 756 Attendamus
3008 700 3173 769 igitur
3194 714 3291 755 nos
3310 699 3529 756 oﬂicium
3552 704 3739 764 exhibere

2250 804 2378 862 erga
2421 790 2724 846 custodiam
2771 788 3175 843 Dominicarum
3204 789 3404 855 ovium,
3436 799 3503 855 et,
3546 807 3603 847 ne
3633 798 3737 863 quasi

2248 880 2372 950 lupo
2399 880 2651 935 veniente
2685 878 2859 934 territi
2892 877 3179 948 fugiamus,
3214 893 3285 934 ne
3311 878 3363 933 in
3389 879 3470 935 die
3496 881 3635 936 divini
3656 900 3742 939 exa-

2234 969 2399 1023 minis
2431 982 2528 1037 pro
2554 967 2762 1023 desidia
2798 979 2983 1022 nostra
3006 975 3134 1022 ante
3160 983 3426 1024 summum
3452 968 3681 1027 Pastorem
3706 984 3741 1030 ct

2235 1062 2558 1133 negligentia
2600 1071 2788 1116 nostra
2817 1061 3214 1127 excruciemur,
3255 1062 3394 1116 unde
3421 1063 3564 1117 modo
3584 1065 3742 1123 honoris

2235 1155 2543 1209 reverentia
2577 1154 2629 1208 in
2670 1153 2985 1209 sublimiore
3020 1165 3150 1209 arce
3187 1155 3399 1210 caeteris
3437 1155 3741 1224 dijudicarnur.

2234 1246 2531 1301 Primatnm
2558 1247 2740 1315 itaque
2765 1253 2933 1307 tuum,
2966 1245 3018 1300 in
3064 1260 3171 1315 quo
3195 1247 3287 1301 tibi
3312 1261 3377 1301 ex
3400 1261 3539 1301 more
3564 1258 3745 1303 anteces-

2234 1354 2415 1393 sorum
2440 1347 2678 1403 tuorum,
2696 1338 2842 1393 vices
2867 1339 3176 1408 apostolica-
3192 1339 3333 1394 scdis
3354 1353 3743 1395 exerceremnrc-

2234 1430 2336 1495 nit,
2396 1432 2466 1484 ita
2514 1429 2608 1483 tibi
2640 1431 2706 1484 ad
2737 1429 2954 1499 plenum
2987 1429 3391 1493 conlirmamus,
3424 1431 3552 1485 sicut
3590 1430 3743 1487 beatum

2232 1521 2614 1590 Augustinum,
2646 1518 2869 1590 ejusque
2904 1536 3253 1576 successores
3271 1562 3285 1585 ,
3311 1523 3540 1591 praefata:
3561 1523 3745 1579 Ecclesia

2235 1612 2539 1683 pontiﬁces,
2597 1612 2807 1680 plenius
2861 1612 3113 1667 habuisse
3186 1606 3535 1683 dignescitur.
3582 1613 3744 1667 Pallium

2238 1717 2369 1756 vero
2401 1701 2725 1756 fraternitati
2760 1709 2885 1768 ture,
2913 1717 2979 1756 ex
2994 1714 3177 1769 'more,
3204 1704 3271 1757 ad
3313 1703 3585 1757 missarum
3610 1705 3747 1759 solem.

2240 1794 2326 1847 nia
2358 1793 2679 1849 celebranda
2722 1794 3191 1862 commendamus,
3241 1809 3352 1864 quo
3399 1794 3488 1848 tibi
3522 1810 3611 1848 non
3639 1795 3747 1849 aliter

2233 1884 2488 1940 Ecclesia:
2526 1894 2631 1939 tua)
2656 1885 2958 1955 privilegiis
2990 1885 3045 1939 in
3069 1900 3168 1940 suo
3199 1894 3343 1941 statu
3380 1888 3676 1941 manentibus
3696 1888 3745 1941 uti

2232 1977 2596 2043 consedimus,
2625 1992 2786 2046 quam
2818 1993 2973 2032 nsum
2993 1986 3371 2033 antecessores
3386 1978 3543 2033 nostri
3564 1979 3747 2049 prodide

2233 2078 2387 2122 runt.
2442 2067 2626 2137 Neque
2670 2078 2760 2122 tua
2809 2066 3094 2137 prudentia
3139 2068 3246 2123 hoc
3282 2058 3594 2139 incognitum
3634 2070 3747 2122 habet

2236 2161 2320 2214 vel
2345 2161 2687 2230 cujusquam,
2721 2161 2976 2230 quoniam
3023 2160 3328 2215 indumenti
3363 2162 3529 2215 honor
3567 2162 3747 2215 modera-

2233 2251 2379 2305 tione
2406 2260 2618 2305 actuum
2654 2251 2963 2306 tremendus
2988 2251 3117 2306 erit.
3156 2252 3438 2307 llonestati
3471 2269 3647 2308 morum
3671 2263 3749 2307 tuo-

2232 2358 2351 2397 rum
2387 2343 2503 2396 haec
2549 2351 2865 2397 ornamenta
2913 2344 3267 2409 conveniunt,
3307 2355 3564 2413 quatenus
3586 2354 3747 2397 auctore

2232 2432 2364 2496 Deo,
2413 2430 2591 2499 possis
2638 2446 2759 2487 esse
2802 2432 3149 2500 conspicuus,
3203 2432 3281 2487 ita
3319 2444 3379 2488 ut
3427 2434 3529 2487 vita
3563 2444 3634 2488 tua
3662 2434 3746 2487 ﬁliis

2232 2522 2338 2577 tuis
2366 2523 2438 2577 sit
2459 2522 2665 2592 regula,
2695 2523 2824 2576 etin
2854 2518 2990 2591 ipsa,
3020 2522 3066 2576 si
3090 2538 3194 2592 qua
3227 2524 3487 2579 tortitudo
3518 2524 3609 2579 illis
3632 2524 3745 2585 inest,

2231 2613 2511 2680 dirigatur,
2537 2613 2662 2666 dum
2693 2612 2744 2666 in
2769 2626 2830 2667 ea
2853 2608 2997 2683 quOd
3021 2614 3303 2669 imitentur
3326 2615 3596 2685 aspiciant,
3614 2616 3655 2669 in
3672 2616 3746 2683 ipsa

2231 2718 2445 2773 semper
2482 2704 2875 2759 considerando
2902 2704 3209 2772 proﬁciant,
3241 2713 3303 2759 ut
3332 2714 3501 2761 tecum
3528 2706 3663 2761 Deum
3685 2722 3749 2773 per

2231 2797 2354 2860 hoc,
2378 2796 2521 2866 quod
2547 2797 2683 2851 bene
2710 2796 2967 2861 vixerint,
2996 2796 3183 2852 videre
3215 2806 3540 2853 mereantur.
3559 2799 3648 2854 Cor
3662 2813 3748 2866 ergo

2232 2898 2381 2944 tuum
2428 2903 2602 2958 neque
2632 2888 2904 2959 prosperis
2932 2904 3038 2958 qua
3073 2890 3449 2960 temporaliter
3472 2890 3748 2945 blandiuntur

2232 2979 2546 3044 extollatur,
2578 2994 2757 3048 neque
2786 2980 3033 3034 adversis
3062 2979 3366 3048 dejiciatur.
3399 2978 3639 3052 Quidquid
3662 2978 3747 3033 illud

537 3075 950 3134 prosperantem
998 3067 1274 3122 invenient
1303 3069 1357 3123 in
1399 3071 1661 3136 adversis,
1693 3088 1792 3128 nec
1832 3074 2128 3146 quidquam
2161 3102 2207 3165 ρ
2238 3072 2401 3127 fuerit
2433 3072 2669 3137 adversi,
2704 3072 2908 3127 virtute
2953 3072 3005 3126 in
3037 3071 3256 3127 Christo
3286 3075 3548 3142 patientiae
3570 3089 3595 3129 a
3630 3074 3747 3127 lede-

540 3158 743 3226 poterit
777 3158 955 3214 bostis
985 3160 1209 3217 insidias
1229 3163 1308 3219 eis
1337 3166 1563 3221 nocendi
1590 3167 1892 3237 subripere.
1919 3168 2133 3224 Etenim

539 3248 619 3302 uti
653 3255 740 3305 est
787 3260 986 3320 praisto
1032 3251 1244 3308 Domini
1281 3253 1632 3324 adiutorium,
1680 3268 1877 3314 cuncta
1918 3260 2139 3328 fugatur

538 3336 830 3406 spirituum
915 3340 1273 3414 malignorum
1361 3346 1682 3403 adversitas.
1750 3349 1993 3421 Cumque
2059 3351 2133 3405 ita

538 3429 632 3496 sit,
670 3448 690 3482 ι
723 3438 832 3485 etc.

615 3538 636 3573 ι
671 3522 964 3594 Gregorius
992 3540 1129 3597 papa
1151 3528 1420 3602 episcopis
1446 3530 1672 3603 Angliae.

614 3628 637 3665 ι
673 3611 764 3668 Dei
803 3616 1185 3685 omnipotentis
1235 3620 1514 3677 immensa:
1556 3624 1771 3694 pictatis
1800 3625 2132 3696 magnitudi-

540 3717 668 3760 nem
712 3705 1105 3776 collaudamus,
1147 3712 1244 3783 qui
1291 3728 1402 3769 sua:
1449 3715 1752 3785 majestatis
1785 3718 2013 3787 gloriam
2047 3720 2129 3776 sic

538 3794 767 3851 dilatare
788 3797 1037 3867 dignatus
1054 3809 1144 3856 est
1174 3804 1303 3858 utin
1332 3819 1548 3860 omnem
1574 3814 1775 3861 terram
1804 3809 2129 3877 cxieritjam

542 3902 710 3943 sonus
744 3890 1163 3958 praedicatorum
1196 3910 1441 3964 suorum,
1466 3905 1522 3952 et
1550 3896 1605 3953 in
1634 3897 1771 3954 ﬁnes
1798 3899 1947 3954 orbis
1977 3909 2132 3954 terra:

533 3979 699 4035 verba
720 3997 927 4049 eorum,
968 4003 988 4038 ι
1026 3994 1137 4044 etc.
1422 3992 1425 3995 ’

478 4062 481 4063 ⁷
608 4087 629 4122 ι
664 4069 774 4127 Leo
797 4087 932 4143 papa
963 4073 1261 4132 Athelardo
1282 4076 1709 4151 archiepiscopo.

610 4179 630 4215 ι
658 4161 969 4221 Pozitiﬁcali
993 4168 1311 4224 discretioni
1337 4171 1610 4241 praecipue
1638 4171 1890 4226 convenit
1919 4187 2127 4242 praesrt-

532 4249 679 4305 libus
713 4251 1081 4310 Ecclesiarum
1111 4257 1408 4313 secundum
1440 4272 1628 4314 eorum
1678 4258 2130 4330 irreprehensihi—

532 4340 639 4398 lein
682 4342 841 4398 ﬁdem
884 4346 1216 4403 audientiam
1255 4350 1497 4419 praebere
1526 4358 1584 4405 et
1624 4360 1986 4422 eoru‘m,‘qua:
2029 4369 2126 4423 per

2237 3162 2507 3218 vincatur.
2532 3161 2747 3216 Nullum
2770 3162 2911 3232 apud
2935 3170 2986 3217 te
3014 3162 3190 3217 locum
3216 3162 3374 3218 favor
3398 3165 3678 3220 indiscretus
3691 3162 3747 3217 in-

2236 3256 2457 3311 veniat:
2493 3255 2545 3310 in
2578 3256 2828 3311 omnibus
2859 3256 3241 3313 discretionem
3292 3260 3382 3315 alii
3427 3260 3477 3315 in
3520 3268 3568 3313 te
3600 3272 3746 3327 cogno-

2236 3355 2410 3403 scant.
2441 3347 2713 3403 insontem
2748 3346 2886 3418 apud
2929 3356 2980 3403 te
3009 3348 3337 3419 culpabilem
3372 3350 3622 3422 suggestio
3650 3347 3746 3403 mala

2236 3454 2343 3493 non
2368 3436 2551 3503 faciat,
2577 3449 2865 3493 nocentem
2905 3437 3079 3509 gratia
3112 3453 3216 3493 non
3251 3450 3493 3495 excuset.
3519 3438 3747 3494 “emissum

2236 3538 2290 3585 te
2336 3528 2782 3599 delinquentibus
2805 3542 2912 3584 non
2954 3530 3240 3595 ostendas;
3273 3546 3374 3587 nec
3400 3520 3533 3602 quod
3564 3528 3649 3583 illis
3675 3541 3747 3579 non

2234 3618 2520 3690 profuerit,
2574 3620 2674 3674 hos
2720 3628 3041 3689 perpetrare
3075 3621 3385 3689 permittas.
3434 3620 3519 3674 Sic
3554 3619 3599 3672 in
3638 3627 3677 3670 te
3712 3623 3748 3667 et

2232 3710 2358 3765 boui
2386 3709 2623 3766 Pastoris
2650 3710 2876 3765 dulcedo
2903 3711 2994 3776 sit,
3020 3721 3075 3766 et
3085 3712 3287 3782 judicis
3305 3714 3493 3768 severa
3514 3706 3745 3764 districtio:

2233 3818 2400 3857 unum
2450 3802 2659 3858 scilicet
2698 3804 2842 3873 quod
2886 3804 3203 3860 innocentes
3246 3803 3457 3869 foveas,
3501 3802 3623 3857 aliud
3650 3794 3747 3867 quod

2234 3892 2501 3962 inquietos
2529 3892 2771 3948 feriendo
2800 3907 2829 3946 a
2857 3894 3126 3963 pravitate
3164 3900 3501 3964 compescas.
3535 3890 3624 3946 Sed
3644 3900 3741 3957 quo-

2148 4006 2149 4009 η
2230 3983 2377 4037 niam
2437 3998 2825 4054 nonnunquam
2872 3985 3290 4055 prmpositorum
3341 3984 3506 4048 zelus,
3548 3982 3654 4037 dum
3694 3977 3748 4029 die

2230 4073 2472 4129 strictius
2496 4074 2757 4130 malorum
2782 4075 2976 4130 vindex
3006 4086 3107 4142 est,
3128 4076 3327 4131 transit
3352 4077 3405 4131 in
3424 4071 3745 4130 crudelitatem.

2235 4167 2637 4235 rorreptionem
2669 4167 2723 4221 in
2745 4167 2950 4238 judicio
2974 4167 3209 4233 refrena,
3240 4178 3295 4221 et
3338 4180 3608 4223 censuram
3628 4159 3747 4218 disci-

2228 4258 2389 4328 plina:
2408 4259 2641 4325 discute,
2670 4267 2729 4313 ut
2756 4269 2810 4314 et
2833 4260 3022 4326 culpas
3048 4261 3231 4325 ferias,
3256 4268 3311 4314 et
3333 4276 3363 4314 a
3392 4257 3647 4314 dilectione
3661 4266 3747 4322 pe!-

2228 4364 2509 4406 versorum
2535 4366 2671 4421 quos
2703 4352 2951 4422 corripis,
2985 4369 3091 4407 non
3121 4353 3367 4408 recedas.
3396 4346 3746 4406 Misericordiae

533 4436 753 4492 beatum
821 4436 1043 4495 Petrum
1115 4440 1414 4512 principem
1482 4440 1844 4513 apostolorum
1904 4454 1957 4499 et
2025 4460 2123 4501 nos
2151 4449 2385 4509 DPront
2430 4440 2602 4495 virtus
2640 4442 2861 4511 patitur,
2896 4442 3223 4512 pauperibus
3269 4441 3485 4496 exhibe.
3531 4432 3747 4507 tlppl'tfvis

534 4543 724 4599 gerere
746 4530 1196 4603 desideraverint,
1221 4550 1343 4607 qua:
1368 4538 1647 4593 canonicis
1691 4554 1798 4593 non
1846 4538 2125 4611 refragan-

531 4632 623 4677 tur
648 4622 1023 4685 sanctionibus
1043 4625 1295 4683 aﬁ‘ectum
1320 4629 1642 4685 concedere.
1672 4648 1692 4683 ι

604 4734 625 4768 ι
662 4715 957 4774 Formosus
970 4721 1257 4790 episcopus
1289 4721 1517 4793 Angliae.

566 4842 569 4843 ν
603 4824 622 4858 ι
659 4808 917 4877 Auditus,
984 4812 1344 4869 nefandorum
1386 4815 1525 4870 ritus
1577 4829 1915 4887 paganorum
1946 4815 2000 4869 in
2033 4829 2126 4871 ve-

526 4898 657 4956 stris
694 4904 939 4973 partibus
976 4906 1353 4975 repulullasse,
1380 4916 1434 4962 et
1459 4922 1556 4963 vos
1584 4909 1825 4964 tenuisse
1853 4908 2123 4963 silentium

526 5000 584 5045 ut
611 5008 777 5050 canes
804 5012 908 5052 non
932 4996 1175 5051 valentes
1212 4996 1432 5061 latrare,
1477 4998 1656 5069 gladio
1684 4998 2041 5068 separationis
2092 5015 2123 5053 a

526 5099 760 5156 corpore
788 5086 881 5159 Dei
904 5087 1159 5158 Ecclesia:
1178 5105 1281 5144 vos
1310 5090 1472 5145 ferire
1497 5089 1936 5156 deliberavimus,
1967 5112 1986 5145 ι
2017 5100 2121 5146 etc.

608 5194 631 5229 ι
668 5175 903 5233 Joannes
928 5194 1063 5250 papa
1094 5180 1372 5237 Dunstano
1401 5182 1825 5253 archiepiscopo.

610 5284 631 5318 α
654 5267 888 5324 Joannes
910 5271 1213 5342 episcopus,
1230 5278 1419 5329 Servus
1432 5289 1710 5331 servorum
1730 5274 2114 5341 Dei,confratri

532 5357 835 5424 Dunstano,
892 5359 1293 5419 Dorobernensi
1348 5366 1626 5437 episcopo,
1677 5368 1801 5422 vita:
1851 5378 2125 5438 perpetua:

531 5451 953 5519 permanendam
980 5451 1033 5505 in
1069 5454 1285 5510 Christo
1310 5455 1560 5511 salutem.

612 5557 631 5589 ι
669 5538 729 5593 Si
759 5550 1006 5611 pastores
1026 5545 1210 5599 ovium
1243 5546 1410 5602 solem
1446 5547 1676 5618 geluque
1701 5561 1802 5619 pro
1835 5548 2013 5618 gregis
2043 5548 2123 5604 sui

534 5632 787 5711 custodia
811 5633 898 5689 die
924 5649 988 5690 ac
1018 5645 1179 5692 nocte
1210 5636 1353 5693 ferre
1399 5639 1640 5694 contenti
1687 5649 1833 5706 sunt,
1873 5648 1929 5694 et
1955 5639 2126 5695 oculis

532 5730 887 5797 conspectam
904 5725 1275 5797 vigilantibus,
1299 5742 1371 5784 ne
1388 5728 1565 5799 aliqua
1592 5730 1811 5801 quidem
1834 5745 1901 5786 ex
1934 5730 2151 5787 ovibusi

2228 4528 2472 4584 defensio
2496 4537 2583 4583 tua
2634 4531 2940 4585 subveniat.
2971 4530 3420 4602 Opprimenu’bus
3445 4530 3653 4584 modesta
3689 4535 3750 4575 η·

2146 4674 2147 4679 η
2229 4621 2375 4676 tione
2423 4623 2790 4677 contradicas.
2844 4621 3056 4677 Nullius
3096 4622 3289 4678 faciem
3320 4632 3509 4678 contra
3546 4614 3746 4689 justitiam

2225 4712 2486 4782 accipias.
2520 4713 2736 4768 Nullum
2772 4722 3106 4784 quaerentem
3125 4714 3271 4783 justa
3304 4714 3585 4784 despicias.
3612 4708 3656 4763 In
3680 4718 3746 4759 cu-

2228 4808 2407 4863 stodia
2434 4807 2711 4877 aequitatis
2729 4806 2983 4872 excellas,
3006 4816 3067 4860 ut
3088 4821 3188 4861 nec
3210 4804 3433 4859 divitem
3456 4799 3659 4874 potentia
3679 4804 3745 4848 sua

2226 4898 2367 4969 apud
2420 4913 2515 4953 vos
2562 4898 2765 4968 aliquid
2812 4907 2965 4953 extra
2998 4900 3139 4952 viam
3187 4912 3342 4952 suam
3368 4896 3437 4951 de
3472 4888 3746 4950 accusem

2226 4990 2436 5055 audias,
2469 5006 2569 5047 nec
2598 5005 2891 5061 pauperem
2928 4990 3093 5047 faciat
3125 4990 3409 5045 humilitas
3439 5002 3528 5043 sua
3552 4986 3747 5050 ἀθερίνα-

2228 5096 2306 5144 re.
2362 5089 2649 5150 quatenus,
2698 5080 2809 5137 Deo
2860 5082 3173 5147 miserante,
3211 5081 3335 5135 talis
3385 5077 3550 5149 possis
3572 5074 3746 5130 existere

2226 5170 2441 5240 qualem
2471 5186 2624 5227 sacra
2648 5171 2808 5226 lectio
2827 5170 3088 5240 praacipit,
3118 5170 3303 5225 dicens
3331 5184 3348 5223 :
3376 5168 3574 5237 Oportet
3595 5160 3744 5228 ερίιιο·

2225 5280 2349 5333 pum
2390 5264 2888 5335 irreprehensibilem
2927 5280 3037 5318 esse
3071 5262 3123 5332 (Ι
3156 5262 3290 5316 Tim.
3329 5276 3413 5321 Ill,
3443 5261 3519 5329 2).
3567 5251 3655 5310 Sed
3687 5245 3746 5301 δίε

2226 5358 2478 5414 omnibus
2552 5357 2630 5412 uti
2708 5356 3020 5412 salutariter
3068 5355 3292 5426 poteris,
3372 5352 3417 5407 si
3495 5345 3742 5417 magistram

2150 5502 2151 5505 η
2227 5452 2552 5506 charitatem
2599 5450 2890 5515 habueris;
2933 5464 3095 5519 quam
3143 5447 3232 5518 qui
3274 5454 3493 5501 secutus
3534 5436 3680 5499 fuerit,
3718 5441 3740 5480 ³

2230 5552 2382 5599 recto
2413 5543 2630 5598 tramite
2671 5557 2777 5596 non
2808 5540 3032 5596 recedit.
3068 5539 3225 5600 Ecce,
3270 5533 3443 5590 frater
3468 5525 3740 5587 charissim,

2230 5634 2373 5689 inter
2411 5632 2579 5688 multa
2626 5630 2747 5694 alia,
2794 5630 2897 5684 ista
2943 5637 3069 5684 sunt
3120 5625 3486 5688 sacerdotum,
3523 5620 3613 5675 ista
3648 5612 3740 5666 Mi

2227 5727 2375 5801 pallii
2408 5726 2553 5799 jura,
2599 5740 2719 5797 quae
2767 5724 2812 5780 si
2870 5722 3109 5779 studiose
3137 5717 3458 5783 servaveris,
3494 5709 3616 5785 quod
3645 5701 3739 5761 ierit
