3890 6306
107 335 207 393 εῦο

1134 329 1470 389 HISTORIA
1494 327 1856 387 NOVORUM.
1897 358 1969 371 --
2002 326 2137 385 LIB.
2176 326 2240 385 Υ.

3253 329 3360 387 510

110 446 366 520 accepisse
393 445 690 504 ostenderis
711 446 1056 504 intushabes.
1080 444 1278 502 Sancta
1302 446 1541 501 Tr'nitas
1571 446 1671 499 l'ra-
1699 454 1748 515 Α
1775 445 1982 517 gorius,
2034 446 2266 516 privent,
2291 443 2336 500 si
2394 442 2615 511 audent,
2663 458 3008 500 successores
3033 444 3176 499 beati
3210 444 3356 499 Petri

111 542 406 598 ternitatem
434 546 666 593 vestram
694 538 885 607 gratia:
927 552 1042 592 sum
1070 537 1406 607 protectionc
1434 536 1673 590 circum—

111 633 211 696 det,
249 637 411 699 atque
445 627 518 683 ita
553 627 609 683 in
669 628 883 684 timoris
932 628 1015 684 sui
1056 627 1200 682 viam
1254 636 1304 682 te
1344 626 1545 697 dirigat
1594 633 1678 691 ut,

110 730 221 792 post
255 720 377 774 vitae
411 718 566 789 hujus
604 718 1055 785 amaritudinem,
1104 718 1171 774 ad
1218 727 1477 772 aeternam
1515 712 1676 769 simul

113 810 432 866 dulcedinem
455 808 741 878 pervenire
771 823 1106 863 mereamur.
1141 826 1160 859 ι
1194 807 1263 861 Et
1287 806 1388 860 huc
1415 804 1676 873 scriptunt

112 913 183 959 est
208 916 297 973 per
330 916 544 955 manum
579 899 775 956 Leonis
805 900 1075 956 scrinialis
1112 898 1257 955 sedis
1283 898 1594 970 apostolicae
1623 896 1676 950 in

115 1004 279 1049 mense
311 992 597 1062 .Octobris,
629 992 925 1047 indictione
956 1008 1017 1047 nt
1062 991 1342 1056 Datarunt,
1375 990 1466 1045 die
1511 1006 1528 1045 ι
1555 986 1675 1043 Kal.

114 1083 362 1145 Octobris,
389 1096 533 1138 anno
563 1098 636 1137 xu
668 1083 862 1153 δηιοεεὶ
891 1082 1163 1153 pontiﬁcis
1183 1081 1429 1137 Joannis.
1465 1099 1485 1133 ι
1677 1138 1682 1143 ,

173 1174 311 1239 llaec,
338 1182 397 1227 ut
435 1173 857 1241 przelibavimus,
906 1174 960 1227 in
1008 1172 1248 1228 arcltivis
1286 1170 1530 1227 ecclesia:
1568 1169 1679 1224 Do-

116 1267 229 1321 mini
254 1266 548 1321 Salvatoris
574 1273 810 1335 reperta,
855 1263 1097 1320 futurum
1130 1262 1409 1319 memoriae
1450 1276 1557 1317 non
1584 1261 1681 1317 ab-

116 1358 317 1415 surdum
361 1357 753 1413 arstimavimus
798 1356 1202 1412 commendare.
1232 1355 1297 1409 Et
1327 1353 1545 1423 quidem
1592 1351 1680 1406 bis

116 1451 248 1521 plura
279 1451 493 1505 inventa
527 1457 678 1511 sunt,
702 1449 797 1504 sed
821 1448 1090 1516 aliquibus
1117 1461 1306 1502 eorum
1338 1443 1503 1500 nimia
1529 1451 1685 1496 vetu-

119 1552 240 1595 state
263 1540 583 1605 obliteratis,
605 1537 877 1608 aliquibus
902 1538 955 1591 in
983 1536 1190 1592 chartis
1210 1550 1278 1591 ex
1292 1533 1444 1589 Biblo
1466 1546 1683 1601 compo-

119 1634 240 1696 sitis,
265 1642 318 1685 et
347 1630 652 1702 peregrinis
682 1629 1095 1684 characteribus
1136 1624 1434 1695 inscriptis,
1459 1633 1516 1680 et
1546 1622 1683 1697 ipsis

119 1738 308 1792 quoque
354 1736 420 1776 ex
464 1718 661 1786 majori
694 1730 851 1789 parte
874 1718 1108 1782 detritis,
1130 1718 1338 1772 notitias
1368 1723 1567 1771 nostrae
1592 1729 1680 1768 us-

1776 549 2047 611 potestate
2109 548 2166 596 et
2218 538 2501 610 dignitate,
2550 553 2712 608 quam
2755 539 2854 607 ipsi
2904 537 3066 592 Petro
3091 538 3361 593 concessit

1776 624 1999 686 sanctus
2020 640 2075 686 et
2103 630 2285 700 justus
2315 629 2594 684 Dominus.
2653 629 2854 684 Eodem
2880 629 3022 683 enim
3049 628 3228 691 modo,
3251 642 3363 697 quo

1777 725 2038 780 Dominus
2069 723 2285 779 locutus
2332 722 2475 785 aliis,
2510 723 2561 776 in
2590 722 2835 791 apostolo
2867 737 2966 775 suo
2998 719 3175 782 Petro,
3208 720 3358 775 locu-

1778 822 1865 870 tus
1885 821 1970 869 est
1995 812 2294 883 Gregorius
2322 812 2726 866 successoribus
2750 812 2869 878 ejus
2896 804 2949 865 in
2970 809 3236 880 discipulo
3262 824 3361 864 suo

1776 904 2080 974 Augustino
2115 902 2310 958 :Juste
2345 901 2605 972 judicatc,
2665 902 2757 956 lilii
2798 902 3099 965 hominum,
3149 909 3203 956 et
3237 915 3363 970 per-

1776 998 1997 1068 pendite
2023 998 2089 1052 de
2115 995 2383 1051 similibus
2415 995 2555 1049 idem
2580 1008 2702 1048 esse
2720 994 3005 1063 judicium.
3032 992 3166 1045 lliud
3194 992 3361 1046 etiam

1777 1086 1897 1143 istis
1919 1079 2317 1142 anttectendum
2339 1084 2521 1156 putavi
2549 1085 2691 1153 quod
2723 1083 2978 1154 praelatus
3024 1082 3161 1135 Beda
3195 1081 3361 1135 refert

1778 1177 2161 1242 Theodorum,
2207 1178 2298 1246 qui
2353 1176 2617 1245 septimus
2665 1189 2694 1227 a
2746 1175 2908 1227 beato
2953 1172 3252 1241 Augustino
3304 1173 3361 1226 in

1778 1269 2091 1325 cathedram
2141 1270 2257 1339 ejus
2320 1270 2603 1333 successit,
2659 1265 2892 1336 primum
2919 1279 3042 1320 esse
3085 1265 3135 1317 in
3179 1264 3360 1317 archi-

1777 1360 2065 1431 episcopis,
2094 1360 2178 1415 cui
2216 1359 2395 1415 omnis
2423 1360 2717 1429 Anglorum
2747 1356 2984 1411 Ecclesia
3018 1369 3208 1409 manus
3233 1354 3367 1409 dare

1778 1453 2135 1507 consentiret.
2169 1452 2237 1506 Et
2265 1451 2359 1509 hic
2388 1454 2574 1520 utique
2601 1465 2722 1504 cum
2765 1448 2939 1519 primo
2976 1447 3189 1502 functus
3227 1459 3366 1517 pon-

1780 1543 1985 1600 tiﬁcatu
2014 1544 2633 1607 Britanniamvenissct,
2661 1541 2929 1598 Ceaddam
2964 1541 3364 1597 Eboracensem

1778 1634 2062 1705 praelatum
2110 1650 2139 1687 a
2168 1633 2484 1703 pontiﬁcatu
2540 1632 2830 1698 submovit,
2855 1649 2919 1688 eo
2943 1628 3086 1700 quod
3118 1646 3223 1685 non
3242 1629 3367 1698 jure

1782 1733 2046 1785 sacratus,
2073 1722 2268 1792 injuria
2300 1722 2464 1779 fuerit
2492 1722 2665 1777 eidem
2703 1722 2978 1784 Ecclesiae,
3012 1736 3108 1791 per
3132 1720 3370 1775 ollicium

118 1829 412 1884 quequaque
453 1832 560 1871 non
602 1823 915 1887 patuerunt.
942 1814 1022 1869 Ac
1059 1826 1162 1867 nos
1186 1810 1371 1881 ignota
1398 1823 1500 1879 pro
1540 1807 1682 1862 notis
1711 1808 1757 1868 B
1785 1812 2125 1868 sacerdotale
2172 1813 2513 1882 praepositus.
2557 1810 2785 1882 Moxque
2828 1810 3136 1865 Will‘ridum
3168 1809 3369 1865 substi-

118 1907 332 1961 scribere
378 1908 594 1963 horrori
629 1908 913 1971 habentes,
948 1902 1256 1960 necessario
1285 1915 1348 1956 ea
1379 1900 1505 1955 huic
1530 1898 1681 1969 operi

118 1999 469 2055 alienavimus.
486 2000 629 2056 Sane
649 2000 791 2069 quod
812 1997 1073 2069 quosdam
1102 2012 1206 2051 non
1227 1998 1388 2065 pudet
1411 2004 1680 2057 astruere,

121 2086 205 2141 soli
231 2089 426 2143 scilicet
455 2104 704 2159 personat
734 2089 872 2143 beati
898 2087 1186 2158 Augustini
1216 2087 1377 2157 primi
1409 2084 1682 2156 pontiﬁcis

119 2179 514 2235 Cantuariorum
570 2182 791 2237 beatum
836 2180 1158 2251 Gregorium
1198 2179 1538 2234 concessisse
1573 2192 1682 2232 non

120 2272 268 2328 solum
297 2275 585 2345 cpiscOpos
611 2290 747 2343 quos
776 2274 1077 2336 ordinaret,
1114 2287 1289 2343 neque
1321 2272 1421 2326 hos
1443 2278 1684 2325 tantum-

122 2366 256 2419 modo
282 2366 366 2433 qui
400 2382 499 2435 per
530 2366 787 2421 Eboracae
826 2366 1139 2436 episcopum
1195 2372 1376 2420 essent
1421 2362 1678 2431 ordinati,

122 2455 202 2509 sed
226 2456 375 2510 etiam
412 2471 612 2511 otttnes
653 2456 946 2511 Britannia:
988 2458 1297 2511 sacerdotes
1326 2455 1547 2519 habere,
1577 2453 1683 2509 Do-

124 2546 248 2601 mino
282 2546 384 2604 Deo
423 2558 614 2604 nostro
658 2548 788 2604 Jesu
831 2548 1051 2604 Christo
1097 2559 1339 2611 auctore,
1369 2547 1678 2618 subjectos;

124 2636 259 2705 quale
285 2639 371 2703 sit,
420 2656 582 2695 sacra
614 2655 991 2697 successorum
1030 2640 1148 2709 ejus
1178 2640 1393 2694 decreta
1421 2680 1435 2704 ,
1465 2654 1683 2695 succes-

124 2730 310 2787 soribus
353 2733 529 2803 ipsius
589 2734 876 2804 AuguStiui
922 2734 1151 2800 directa,
1180 2748 1302 2803 quae
1332 2734 1518 2803 paucis
1546 2749 1685 2803 prte-

124 2822 416 2887 notavimus,
470 2824 610 2878 satis
659 2824 973 2879 ostendunt.
1016 2824 1072 2878 ln
1119 2824 1205 2878 bis
1245 2824 1444 2894 quippe
1498 2823 1683 2878 vidi-re

126 2913 313 2981 planum
331 2926 412 2971 est
439 2932 540 2972 eos
568 2916 903 2972 intellexisse
929 2932 1037 2972 non
1068 2916 1249 2986 magni
1274 2917 1513 2972 muneris
1536 2930 1691 2982 esse,

126 3005 251 3061 sicis
276 2993 617 3063 solummodo
638 3008 727 3062 illa
748 3009 997 3075 dixisset,
1028 3024 1177 3071 cum,
1219 3019 1278 3063 ut
1307 3008 1409 3061 alia
1446 3016 1677 3072 taceam,

126 3096 218 3150 suis
241 3098 414 3154 diebus
445 3100 810 3155 Eboracensis
842 3100 1117 3171 provincia
1154 3114 1253 3155 nec
1278 3099 1441 3155 ﬁdem
1476 3101 1677 3156 Christi

125 3189 405 3257 susceperit,
439 3204 547 3244 nec
575 3191 665 3260 qui
695 3206 815 3244 eam
845 3192 1166 3261 praedicaret
1205 3209 1272 3250 eo
1314 3192 1553 3250 directus
1582 3194 1674 3248 sit.

126 3274 268 3334 'l‘anta
303 3282 439 3337 enim
490 3283 548 3336 in
594 3283 785 3339 Cantia
832 3293 887 3339 et
932 3285 1296 3343 vicinioribus
1344 3286 1695 3358 regionibus,

126 3364 172 3420 in
224 3371 601 3438 prtedieatione
658 3374 895 3428 nominis
942 3374 1169 3441 Christi,
1206 3384 1263 3430 et
1316 3375 1429 3445 ipse
1487 3383 1543 3430 ct
1597 3390 1693 3429 εο-Δ

124 3460 183 3515 cii
211 3461 316 3530 ejus
341 3464 659 3519 habuerunt
699 3466 766 3518 ad
808 3465 1115 3521 faciendum
1162 3479 1219 3523 ttt
1264 3482 1293 3520 a
1328 3479 1437 3522 tam
1482 3466 1687 3536 longin-

126 3552 463 3622 quispartibus
485 3558 572 3612 eis
594 3553 754 3613 fuerit
775 3557 1174 3613 abstinendum.
1202 3558 1399 3613 Beatus
1416 3557 1682 3627 siquidem

125 3642 372 3713 Paulinus,
416 3650 516 3720 qui
563 3650 767 3719 primus
822 3649 1398 3706 Nortltumbriensibus
1435 3651 1682 3721 Evange-

127 3734 233 3791 liutn
258 3740 593 3810 praedicavit,
619 3750 675 3795 et
700 3741 926 3795 Eboraci
949 3742 1160 3809 primus
1204 3741 1521 3795 cathedram
1550 3755 1687 3809 pou-

128 3827 347 3886 tilicslem
380 3833 611 3891 sortitus
640 3841 743 3898 est,
788 3849 896 3887 non
945 3848 975 3886 a
1018 3833 1177 3887 beato
1215 3834 1537 3905 Augustino,
1586 3833 1681 3887 sed

127 3931 153 3972 a
181 3917 339 3988 Iusto,
381 3926 471 3995 qui
526 3932 754 3993 quartus
794 3924 863 3977 ab
902 3924 1018 3994 ipso
1040 3925 1341 3995 Augustino
1364 3924 1695 3980 Cautuario-l

127 4021 223 4061 mm
250 4012 478 4080 pontifex
528 4013 758 4077 exstitit,
791 4014 1074 4084 episcopus
1114 4014 1351 4079 electus,
1378 4015 1698 4080 ordinatus,“

128 4106 172 4151 et
198 4098 308 4157 illuc
347 4104 655 4159 destinatus
703 4104 828 4171 fuit,
859 4104 1316 4173 quemadmodum
1357 4103 1700 4158 venerabilis-

127 4184 246 4243 Beda
276 4192 325 4246 in
369 4194 611 4250 llistoria
645 4196 824 4265 gentis
863 4194 1161 4263 Anglorum
1217 4194 1396 4249 veraci
1440 4194 1565 4249 stilo
1601 4194 1693 4249 di-l

129 4282 287 4346 gessit,
314 4292 367 4339 et
394 4286 653 4341 omnibus
680 4286 1019 4341 notissimum
1053 4295 1158 4341 est.
1189 4284 1321 4352 Quae
1350 4286 1515 4357 igitur
1558 4287 1687 4341 bea-

132 4379 203 4425 tus
235 4372 521 4444 Gregorius
557 4378 864 4446 Augustino
903 4378 1075 4443 dixit,
1122 4378 1176 4433 in
1217 4378 1521 4449 Augustino
1569 4377 1699 4434 suis.

128 4470 497 4526 successoribus
547 4470 706 4536 dixit,
753 4487 853 4542 per
888 4488 1024 4541 quos
1053 4473 1163 4528 Deo
1212 4472 1437 4542 implere
1474 4472 1683 4543 placuit
1714 4499 1761 4558 Β

130 4568 229 4621 quze
269 4573 360 4627 per
398 4561 577 4630 ipsum
620 4562 985 4631 Augustinum
1026 4578 1122 4618 sua
1178 4563 1535 4633 dispositione
1576 4564 1683 4620 im-

130 4643 258 4709 plere
292 4651 478 4705 voluit.
522 4651 639 4705 Non
674 4650 798 4719 jure
837 4653 1020 4721 itaque
1062 4653 1345 4724 privilegio
1380 4653 1685 4724 Augustino

132 4735 298 4793 collato
318 4741 558 4808 privandi
583 4743 839 4812 suntqui,
861 4743 1005 4798 sedis
1020 4743 1138 4814 ejus
1149 4744 1522 4813 praesidentes,
1540 4744 1685 4800 vices

133 4821 272 4890 ipsius
296 4832 622 4901 exsequendi
658 4832 836 4887 ollicio
874 4834 1046 4889 functi
1084 4843 1232 4889 sunt.
1269 4832 1421 4901 Quod
1450 4850 1577 4890 vero
1604 4834 1687 4889 di-

133 4928 239 4972 cunt
270 4922 475 4978 beatum
513 4924 832 4996 Gregorium
869 4926 1003 4980 satis
1062 4926 1246 4981 dicere
1276 4940 1433 4994 posse
1470 4935 1527 4979 et
1555 4941 1679 4979 nos-

134 5017 202 5074 se,
220 5009 256 5063 si
280 5012 550 5081 voluisset,
574 5034 592 5067 ι
629 5025 716 5070 tua
738 5016 1078 5078 fraternitas,
1097 5024 1154 5071 et
1172 5030 1514 5072 successores
1527 5016 1633 5083 sui,
1657 5034 1691 5068 ιν

135 5110 294 5156 verum
338 5106 666 5164 omnimodis
706 5123 827 5164 esse
871 5109 1126 5162 fatemur.
1178 5108 1245 5162 Et
1296 5108 1550 5164 similiter
1574 5125 1701 5175 non,

137 5186 413 5250 dubitamus
436 5198 720 5253 Dominum
767 5198 1066 5266 Christum,
1099 5200 1368 5255 dicentem
1393 5202 1550 5256 beato
1578 5200 1699 5255 Pe-A

138 5280 206 5330 il'0
234 5296 249 5332 :
276 5281 623 5358 Quodcunque
652 5289 898 5359 ligaveris
941 5306 1099 5359 super
1118 5301 1314 5345 terram
1337 5292 1434 5344 erit
1459 5291 1682 5361 ligatum

137 5374 175 5416 et
217 5369 265 5423 in
308 5376 466 5440 prelis,
493 5388 539 5430 et
565 5380 909 5449 quodcunque
936 5381 1150 5435 solveris
1193 5397 1351 5451 super
1371 5391 1563 5434 (errant
1586 5383 1684 5435 erit

137 5456 336 5515 ululant
390 5475 438 5518 et
462 5467 517 5520 in
560 5471 700 5524 cretis
731 5469 946 5541 (Matth.
984 5487 1097 5537 xvt,
1136 5472 1248 5541 l9),
1279 5471 1451 5525 scisse
1480 5471 1701 5534 dicere,-

141 5556 185 5644 II.
206 5550 441 5611 voluisset
471 5575 489 5609 ι
525 5576 869 5619 successores
925 5563 1023 5618 tui.
1074 5583 1094 5617 ι
1142 5563 1242 5629 Qui
1291 5576 1420 5630 ergo
1473 5563 1704 5631 privare.

143 5645 357 5731 nituntur
404 5662 747 5708 successores
791 5654 967 5709 sancti
996 5653 1282 5723 Augustini
1334 5662 1602 5722 potestate
1628 5663 1699 5719 et,

145 5721 391 5802 diSltitate,
414 5751 571 5807 quam
600 5741 697 5813 ipsi
721 5742 1024 5813 Augustino
1045 5721 1316 5801 concessit
1338 5721 1529 5801 beatus
1550 5743 1699 5801 Grc--

1786 1903 1921 1968 nuit,
1957 1902 2082 1957 etei
2116 1903 2466 1973 integerrime
2486 1902 2855 1972 pontiﬁcatum
2887 1902 3164 1965 Eboracae,
3198 1901 3371 1956 fretus

1784 1996 2111 2050 auctoritate
2136 1993 2394 2049 Romanae
2416 1994 2580 2057 sedis,
2608 1993 2893 2067 delegavit.
2925 1993 3094 2060 Quem
3113 1992 3372 2060 deinceps

1783 2088 1853 2144 ad
1899 2089 2132 2146 concilia
2192 2104 2290 2144 sua
2324 2089 2515 2144 venire
2556 2088 2811 2155 faciebat,
2837 2095 2892 2142 et
2915 2089 3034 2158 ejus
3059 2086 3369 2141 obcdientia

1785 2199 1853 2240 ac
1902 2181 2235 2252 subjectione
2264 2196 2362 2251 pro
2395 2190 2698 2250 temporum
2748 2178 3011 2249 qualitate
3055 2192 3151 2248 per
3186 2176 3371 2230 omnia

1783 2277 2057 2331 utebatur.
2124 2273 2280 2328 Hunc
2321 2273 2483 2328 etiam
2542 2272 2918 2342 postmodum,
2969 2268 3374 2341 emergentiltus

1783 2362 2039 2439 querelis,
2095 2376 2236 2433 quas
2284 2376 2715 2416 commemorare
2761 2359 3135 2429 longissimum
3181 2366 3282 2421 est,
3314 2356 3370 2411 in

1783 2470 1882 2513 sua
1916 2455 2156 2510 Ecclesia
2180 2454 2429 2517 Eboraci,
2486 2469 2593 2508 non
2634 2452 2806 2508 solum
2847 2452 3161 2522 episcopatu
3191 2450 3378 2520 priva-

1781 2547 1882 2612 vit,
1925 2546 2020 2601 sed
2046 2554 2100 2601 et
2128 2545 2442 2615 parochiam
2499 2544 2615 2613 ejus
2646 2543 2699 2596 in
2731 2551 2841 2597 tres
2870 2542 3173 2611 episcopos,
3200 2540 3373 2595 libera

1784 2644 1945 2689 utens
1970 2643 2263 2704 potestate,
2310 2632 2605 2689 distribuit.
2639 2632 2861 2697 Deinde,
2887 2631 3063 2686 soluto
3092 2631 3263 2701 ipsius
3286 2630 3372 2684 di-

1784 2726 1939 2781 scidii
1970 2725 2141 2792 nodo,
2172 2725 2330 2794 juxta
2360 2723 2618 2793 placitum
2642 2722 2933 2777 voluntatis
2959 2738 3091 2790 sua},
3142 2721 3372 2777 remotis

1786 2814 1919 2884 ipsis
1973 2814 2261 2884 episcopis,
2315 2811 2563 2867 eumdem
2604 2810 3180 2880 Wilfridumpristinte
3201 2811 3378 2881 digni-

1788 2904 1883 2960 tati
1938 2903 2193 2959 restituit.
2243 2900 2388 2956 Nihil
2432 2902 2557 2956 novi
2586 2901 2822 2967 dicitur;
2867 2912 3052 2955 vetera
3081 2911 3208 2955 sunt
3231 2902 3371 2966 hac,

1784 3003 1840 3055 et
1867 2994 2219 3063 antiquorum
2263 3001 2415 3061 gesta
2447 2990 2747 3047 scientibus
2784 2991 3210 3046 evidentissima.
3238 2992 3375 3048 illud

1786 3099 2001 3156 quoque
2032 3099 2138 3139 non
2167 3082 2395 3137 minoris
2438 3079 2722 3137 evidentiae
2752 3080 2871 3136 lucc
2901 3081 3156 3149 patescit,
3190 3083 3376 3138 Brith-

1784 3176 2023 3230 waldum
2077 3163 2446 3230 successorem
2480 3172 2651 3243 ipsius
2694 3172 2736 3227 Τ
2744 3172 2988 3238 hcodori,
3014 3172 3165 3227 illum
3197 3173 3373 3245 ipsum

1788 3268 2122 3343 Wilfridum,
2146 3265 2423 3336 cujusdam
2450 3265 2827 3321 ittobedientiae
2861 3264 3016 3335 culpa
3037 3274 3375 3334 accusatum,

1786 3360 2031 3417 secundo
2085 3358 2175 3439 ab
2205 3358 2516 3429 episcopatu
2549 3356 2883 3428 deposuisse,
2917 3373 2981 3414 ac
3007 3368 3192 3429 postea
3219 3376 3376 3414 sene-

1788 3451 1923 3508 ctuti
1964 3451 2081 3520 ejus
2130 3458 2188 3504 et
2230 3449 2475 3521 religioni
2515 3463 2884 3518 compassum,
2916 3449 2997 3504 sui
3031 3451 3381 3518 pontiﬁcatus

1787 3542 1972 3613 gradui
2030 3539 2333 3596 restituisse
2361 3540 2430 3595 ab
2467 3539 2760 3610 apostolica
2787 3541 2916 3597 sede
2966 3539 3372 3611 interpellatus.

1787 3632 1891 3688 Sed
1922 3632 2050 3701 quid
2068 3631 2223 3702 juvat
2262 3630 2471 3685 inﬁnita
2501 3631 2839 3686 contexere?
2862 3629 3049 3701 Itaque
3080 3632 3144 3685 de
3170 3631 3254 3685 bis
3278 3632 3377 3699 ita,

1785 3733 1844 3779 ut
1873 3724 1964 3794 qui
1989 3722 2244 3777 Ecclesiae
2274 3720 2476 3777 Christi
2510 3721 2918 3778 Cantuariensis
2939 3723 3249 3778 auctoritati
3279 3723 3377 3777 de-

1786 3830 1979 3882 rogare
2009 3828 2114 3868 non
2148 3820 2417 3879 metuunt,
2439 3813 2629 3867 saltem
2646 3828 2705 3868 se
2727 3814 2781 3868 itt
2808 3813 3010 3868 lumine
3034 3814 3240 3884 positos
3266 3829 3373 3868 nott

1786 3920 1947 3980 posse
1985 3904 2169 3958 videre
2192 3904 2536 3969 erubescant,
2567 3911 2621 3958 et
2650 3904 2735 3957 vel
2782 3902 2977 3959 amodo
2998 3919 3094 3959 ora
3120 3903 3377 3959 claudant

1786 4013 1854 4052 ne
1883 4012 2046 4066 prava
2064 3998 2368 4066 loquentes,
2396 4006 2541 4048 recta
2568 3995 2878 4049 amantibus
2898 3996 3191 4065 opprobrio
3217 3996 3376 4051 ﬁant.

1786 4091 1905 4163 Ipso
1942 4106 2084 4145 anno
2134 4104 2240 4159 quo
2272 4087 2535 4142 Badullus
2569 4088 3011 4157 archiepiscopus
3041 4088 3371 4144 Cantuario-

1786 4197 1906 4236 rum
1939 4182 2006 4236 de
2056 4179 2433 4235 transmarinis
2460 4180 2703 4249 partibus
2742 4180 2795 4234 in
2838 4180 3086 4251 Angliam
3118 4195 3379 4238 reversus

1787 4282 1894 4339 est,
1921 4274 2016 4345 qui
2048 4273 2147 4327 fuit
2180 4286 2355 4327 annus
2378 4270 2446 4325 ab
2473 4271 2853 4327 lncarnatione
2878 4272 3036 4328 Verbi
3080 4274 3171 4329 Dei
3195 4275 3373 4331 mille-

1786 4363 1959 4420 simus
1987 4361 2316 4418 centcsimus
2344 4360 2655 4426 vicesimus,
2690 4372 2954 4417 venerunt
2981 4363 3048 4417 ad
3076 4379 3198 4418 eum
3219 4365 3374 4420 missi

1786 4456 1854 4511 ab
1882 4455 2195 4511 Alexandro
2254 4468 2379 4524 rege
2428 4450 2717 4508 Scotorum
2768 4455 2988 4524 quidam
3036 4455 3285 4511 honorati
3317 4466 3378 4513 et

1786 4551 1993 4605 strenui
2022 4548 2144 4602 viri.
2167 4548 2369 4605 Horum
2398 4563 2537 4605 unus
2559 4546 2776 4617 quidem
2805 4547 3120 4608 monachus.
3148 4556 3203 4602 et
3225 4548 3378 4617 prior

1784 4639 2041 4715 Ecclesia:
2064 4640 2529 4705 Dunil'ermelinre,
2557 4637 2752 4694 Petrus
2775 4638 3014 4701 nomine,
3034 4635 3217 4690 clerici
3240 4637 3376 4701 duo,

1786 4747 1927 4787 unus
1953 4733 2160 4789 exstitit
2187 4733 2363 4788 miles.
2426 4730 2710 4801 Negotium
2750 4737 2931 4784 autem
2968 4727 3255 4798 legationis
3282 4742 3375 4781 eo-

1786 4839 1905 4877 rum
1960 4824 2051 4892 qui
2108 4838 2270 4878 nosse
2317 4832 2494 4887 curat,
2545 4835 2710 4890 quam
2750 4818 3058 4873 detulerunt
3090 4814 3372 4886 epistolam

1785 4914 2166 4983 subscriptam,
2197 4913 2424 4983 legendo
2448 4910 2531 4966 vel
2552 4910 2823 4965 audiendo
2848 4916 3149 4980 percurrat.

1820 5060 1821 5063 η
1864 5023 1883 5057 t
1928 5005 2257 5068 Alexander,
2309 5003 2408 5058 Dei
2438 5002 2638 5073 gratia,
2681 5017 2773 5055 rex
2807 4999 3374 5065 Scotorutn,liadull‘o

1784 5099 2088 5154 revereudo
2116 5094 2496 5151 Cantuariensi
2522 5093 2957 5164 archiepiscopo,
2984 5099 3039 5145 et
3067 5107 3190 5146 cum
3217 5107 3371 5147 reve-

1787 5193 1959 5248 rentia
1989 5189 2278 5259 diligendo,
2300 5187 2553 5243 salutem.
2882 5232 2885 5235 .

1814 5324 1815 5327 η
1860 5302 1879 5336 t
1921 5282 2114 5337 Audita
2138 5279 2380 5351 prosperi
2407 5280 2673 5334 adventus
2691 5278 2857 5333 vestri
2883 5277 2938 5332 in
2965 5274 3373 5348 Angliamjam-

1786 5374 1877 5441 diu
1926 5388 1957 5427 a
1996 5386 2087 5427 me
2115 5370 2409 5426 desiderati
2460 5368 2750 5425 manifesta
2805 5370 3086 5434 relatione,
3125 5369 3191 5425 de
3222 5370 3377 5425 inco-

1786 5463 2033 5531 lumitate
2067 5478 2132 5517 ac
2153 5460 2514 5534 prosperitate
2546 5472 2732 5518 vestra
2763 5462 3109 5533 congaudens
3129 5475 3371 5515 summo-

1785 5571 1892 5626 que
1920 5556 2217 5631 protectori
2248 5556 2457 5627 gratias
2485 5556 2615 5612 inde
2663 5554 2928 5619 referens,
2956 5570 3077 5609 cum
3104 5563 3373 5623 tempora-

1788 5647 1918 5703 liunt
1971 5648 2211 5718 undique
2264 5650 2549 5720 occupatio
2589 5662 2847 5704 curarunt
2896 5647 3002 5701 iter
3056 5659 3258 5707 meum,
3311 5652 3372 5696 ut

1787 5749 1965 5798 vestra
1995 5742 2061 5797 ad
2080 5757 2328 5813 praesens
2356 5743 2564 5827 valeant
2616 5739 3061 5812 fruiprazsentia,
3088 5734 3371 5805 impediat,
