3890 6306
162 383 250 439 513
1088 404 1091 407 -
1154 370 1491 428 JHSTORIA
1528 368 2137 430 NOVOltUM.——LIB.
2171 336 2236 431 ν.
3258 376 3368 433 δη

221 497 428 555 Veniens
470 493 653 563 itaque
684 492 857 547 frater
889 484 1003 561 ipse
1054 485 1401 553 inchotiam,
1429 480 1553 544 mox
1582 466 1767 544 ter?A
1796 504 1898 545 nec
1938 506 2039 562 pro
2090 489 2428 550 tota'Scotia
2456 495 2752 566 abnegaret
2787 510 2848 553 se
2876 511 2998 553 esse
3040 500 3368 554 monachum

157 594 222 646 tio
248 589 328 644 die
366 582 621 642 adventus
646 598 653 603 ί
678 584 760 638 sui
823 583 935 646 illo,
974 583 1066 652 qui
1101 582 1199 636 fuit
1239 582 1355 637 dies
1381 582 1692 637 festivitatis
1795 580 2241 639 Cantuariensem
2266 625 2282 651 ,
2339 587 2554 643 turbato
2601 588 2795 659 Spiritu
2840 607 2854 643 :
2899 607 2918 640 ι
2963 589 3131 655 Nihil,
3170 590 3365 659 inquit,

155 678 626 754 gloriosissimorum
653 675 1017 746 apostolorum
1050 673 1193 728 Petri
1218 682 1279 728 et
1301 673 1475 738 Pauli,
1504 688 1691 728 susce-
1767 668 2021 725 iecimus
2048 686 2077 724 a
2108 672 2398 729 Cautuaria
2425 681 2669 745 petentes
2693 679 3210 749 nobis'episcopum.
3232 697 3249 731 ι
3288 679 3367 733 Ex

154 777 235 847 pit,
277 772 493 843 eligeute
545 760 669 823 eum
699 768 844 823 clero
889 778 942 822 et
973 767 1169 837 populo
1212 775 1385 827 terrae,
1411 776 1467 821 et
1491 772 1684 821 conce-
1794 760 1899 814 hoc
1946 761 2129 830 igitur,
2179 765 2362 819 cordis
2399 766 2480 820 sui
2515 782 2744 824 raucam
2783 770 3084 835 devinctus,
3119 770 3367 825 eumdem

154 869 287 920 deme
336 876 475 932 rege,
530 861 908 930 pontilicatum
962 859 1135 913 sancti
1189 858 1419 914 Andreae
1464 858 1690 927 apostoli
1793 852 1971 907 virum
2003 854 2056 908 iu
2084 855 2279 912 multis
2304 857 2742 929 crepitl‘atigare,
2777 860 2959 917 multis
2981 861 3191 931 injuriis
3228 862 3365 916 clam

153 953 636 1011 Cheurimuntensis.
686 952 815 1018 Quae
872 966 959 1005 res
987 950 1058 1004 ita
1095 950 1415 1019 disponente
1438 951 1546 1004 Deo
1572 962 1691 1005 acta
1791 952 1849 998 et
1866 944 2042 1015 palam
2083 948 2380 1018 exagitare”,
2409 954 2531 1004 eum
2554 940 2824 1021 dignitate
2855 962 2918 1006 ac
2944 958 3125 1006 rerum
3157 952 3370 1022 episco-

151 1055 291 1101 cstut
325 1058 418 1098 nec
446 1036 596 1113 virga
641 1041 920 1113 pastorali,
965 1040 1048 1096 vel
1087 1041 1288 1097 annulo
1315 1057 1347 1096 a
1386 1058 1521 1119 rege
1542 1042 1693 1097 inve-
1771 1036 1994 1107 -palium
2044 1032 2313 1108 proventu
2361 1040 2683 1110 despoliare.
2734 1041 2850 1096 Non
2883 1041 3044 1112 igitur
3070 1056 3192 1097 eum
3220 1050 3368 1097 recto

127 1140 285 1193 stilus
301 1136 473 1199 fuerit,
506 1149 606 1189 nec
639 1132 937 1189 hominium
971 1134 1024 1189 ei
1056 1118 1269 1189 fecerit.
1300 1118 1479 1189 Laetus
1508 1134 1691 1205 itaque
1793 1129 2239 1205 oculo'hsnicém.
2267 1142 2372 1205 no'n
2398 1126 2561 1205 θρίω,
2590 1122 2667 1205 em

150 1229 245 1284 dies
271 1229 478 1283 habitus
532 1234 637 1291 est,
670 1228 832 1296 atque
865 1227 918 1281 in
953 1222 1163 1281 landcm
1192 1227 1571 1283 Dei-alacriter
1591 1245 1691 1284 ex-

149 1334 335 1389 pensus.
373 1319 427 1372 lu
467 1319 712 1373 crastino
738 1329 920 1372 autem
969 1333 1086 1382 rex,
1115 1333 1237 1372 cum
1263 1312 1437 1374 electo
1466 1318 1531 1375 dc
1556 1317 1691 1375 con-

149 1409 596 1465 secrationeillins
649 1411 914 1466 secretius
944 1426 1133 1481 agens,
1162 1421 1218 1465 et
1240 1411 1414 1467 modis
1440 1413 1691 1468 omnibus

149 1516 249 1555 eum
295 1518 322 1555 a
348 1502 600 1571 pontiﬁce
658 1501 984 1585 Eboracensi
1021 1501 1689 1589 c'onlsecrari‘exhorrens,

1793 1138 2239 1220 oculo'aspicere,
2267 1142 2372 1207 non
2398 1140 2561 1208 verba
2590 1153 2707 1223 ejus
2729 1153 2813 1209 vel
2836 1154 2999 1209 etiam
3021 1155 3085 1210 de
3107 1146 3215 1210 Deo
3246 1172 3370 1225 pro-

1774 1237 1922 1305 'lata,
1950 1248 2161 1308 poterat
2187 1242 2456 1311 patienter
2481 1242 2702 1309 audire;
2735 1259 2854 1313 quas
2878 1258 2963 1299 res
2986 1244 3177 1315 vulgus
3198 1245 3368 1299 latere

1792 1326 1905 1383 nou
1950 1322 2144 1400 potuit.
2191 1330 2458 1388 Rumdre‘s
2481 1333 2665 1404 itaque
2688 1335 2838 1391 multi
2867 1336 3040 1392 exorti
3072 1346 3215 1403 sunt,
3245 1354 3372 1409 par-

1794 1427 1873 1477 tes
1896 1423 2140 1479 diversas
2180 1423 2231 1478 iu
2260 1426 2472 1481 diversa
2506 1429 2805 1483 trahentes.
2857 1430 3011 1497 Quod
3037 1430 3241 1486 electus
3271 1433 3368 1485 ad-

368 1504 600 1589 mntiﬁce
652 1504 984 1595 Eboracensi
1021 1504 1689 1591 consecrat-remanens,
1774 1504 2573 1588 'vertens,'et‘Sttutn'esse‘in
2600 1520 2795 1589 talibus
2822 1524 2915 1591 (ut
2950 1523 3368 1591 prmlibavimns)

130 1594 239 1659 ubi,
265 1610 326 1678 eo
345 1594 589 1659 docente,
621 1594 833 1664 accepit
858 1594 1240 1651 auctoritatem
1270 1596 1527 1652 Ecclesia:
1550 1598 1690 1654 Can-
1779 1599 1897 1658 “non
1947 1605 2079 1659 utile
2129 1621 2250 1661 esse
2280 1596 2665 1678 perpendens.
2698 1625 2795 1678 per
2823 1610 3180 1666 internuntios
3213 1612 3369 1665 man'o

132 1686 423 1751 tuaricnsis,
474 1702 539 1741 ex
588 1688 812 1756 antiquo
852 1687 947 1741 toti
992 1686 1289 1744 Britanniae
1312 1693 1686 1760 praeemiuere,
1794 1694 1944 1749 davit
1968 1696 2017 1750 ei
2049 1697 2203 1751 hmc:
2241 1714 2261 1748 ι
2296 1696 2430 1765 Quia
2458 1698 2616 1753 video
2645 1706 2696 1751 te
2723 1713 2828 1752 non
2855 1714 2994 1766 esse,
3024 1709 3084 1754 ut
3113 1701 3243 1755 mihi
3277 1718 3373 1755 ex-

149 1786 192 1831 et
222 1778 425 1843 idcirco,
483 1779 600 1849 ipso
628 1778 969 1863 disponente,
1003 1795 1062 1835 se
1085 1779 1391 1837 Cantuariis
1415 1783 1689 1853 episcopa-
1718 1786 2031 1875 B‘pediret,
2070 1793 2318 1843 serenum
2363 1798 2759 1863 erga.me,'uec
2810 1790 2935 1845 scio“
2959 1800 3127 1860 quare
3164 1793 3266 1847 hoc
3293 1790 3373 1847 sic

164 1885 234 1922 em
286 1870 727 1925 benedictiOueui‘
770 1871 906 1925 velle
965 1872 1274 1943 requirere,
1336 1875 1690 1932 conturbatus
1720 1869 1758 1875 ⁷
1798 1894 1884 1932 me
1914 1874 2301 1947 promcruiSse,
2325 1896 2446 1933 cum
2471 1869 2685 1935 certum
2705 1882 2967 1936 habeatur
2994 1899 3079 1937 tne
3107 1898 3210 1936 non
3235 1878 3373 1936 mul-

150 1958 302 2012 animo
316 1950 555 2031 surgens?
582 1950 925 2015 discessit‘ab
953 1958 1305 2018 cog-{Volebat
1335 1965 1478 2045 enim
1506 1964 1695 2045 Eccle-
1780 1975 1999 2033 'tum,te
2019 1968 2243 2035 otTenso,
2261 1968 2313 2022 in
2329 1969 2753 2025 Christianitatis
2772 1973 3108 2027 correctione
3131 1972 3181 2025 iu
3207 1986 3374 2041 regno

149 2049 258 2101 siam
297 2049 739 2105 Cautuariensem
790 2051 1050 2107 anteferri
1078 2053 1335 2109 Ecclesia:
1368 2056 1551 2112 Sancti
1578 2058 1693 2112 Anl-
1780 2058 1890 2116 ‘tuo
1929 2060 2297 2132 profuturum,
2352 2068 2483 2132 rogo
2522 2071 2591 2116 ‘ut
2641 2072 2736 2118 tuo
2785 2063 2970 2119 favore
3018 2070 3373 2135 prosecutus,

149 2139 269 2194 dreae
290 2140 354 2195 de
377 2139 582 2196 Scel-ia.
629 2141 843 2199 Vocaus
892 2144 1074 2214 itaque
1110 2144 1697 2203 Willhehuummoua-
1795 2152 2145 2209 Cautuariam
2205 2154 2286 2211 ire
2341 2171 2429 2209 me
2491 2156 2670 2222 sinas,
2734 2142 3001 2227 quatenus
3064 2158 3371 2224 consilium,

150 2230 287 2324 chum
308 2230 495 2287 Sancti
535 2228 807 2288 Edmundi
844 2235 970 2324 qui,
998 2235 1697 2319 post-Thurgodum'eidem
1779 2245 1938 2324 'qnod
1962 2244 2242 2324 'utihij‘sit
2299 2246 2591 2317 agendum,
2631 2246 2758 2302 inde
2803 2249 3099 2317 requiram,
3129 2256 3184 2302 et
3219 2248 3378 2302 benc-

149 2321 447 2393 episcopatui
494 2318 852 2396 praepositus,
912 2329 1053 2398 pe'n'e
1088 2324 1258 2384 illum
1314 2318 1697 2401 evacuaverat,
1797 2318 2088 2391 dictionem
2128 2322 2507 2407 pontiﬁcalem
2556 2338 2623 2393 ad
2672 2339 2934 2393 honorem
2970 2340 3060 2393 Dei
3085 2348 3139 2392 et
3169 2339 3377 2393 exalta-

150 2416 373 2485 prmcepit
416 2426 474 2471 ut
529 2432 679 2472 more
715 2418 874 2475 solito
904 2420 955 2474 in
1000 2422 1313 2492 episcopatu
1345 2438 1404 2480 se
1452 2424 1698 2492 haberet,
1729 2478 1743 2480 _
1800 2425 1999 2480 tionem
2031 2427 2181 2494 regni
2209 2425 2493 2481 Scotorum
2530 2425 2990 2501 indesuscipiam.
3021 2445 3041 2479 ι
3077 2425 3191 2481 Νοη
3225 2416 3380 2483 sedc-

150 2507 415 2575 exspolian
440 2510 659 2565 uoviter
685 2510 957 2567 investito.
983 2513 1563 2587 Erpletofautem'post
1587 2519 1703 2574 base
1782 2518 2258 2573 -runthzce'anitno
2280 2516 2419 2588 ejus;
2438 2510 2494 2572 et
2513 2518 2759 2587 petitioni
2786 2518 2929 2572 illius
2953 2533 3010 2572 se
3034 2515 3378 2589 nequaquam

152 2612 312 2654 mense
360 2602 596 2672 integro,
646 2610 704 2658 et
751 2603 839 2659 his
868 2592 990 2673 quae
1022 2589 1354 2674 supererant
1396 2604 1510 2674 jam
1543 2609 1704 2665 terris
1801 2623 2087 2663 assensum
2131 2610 2488 2678 praebiturum
2534 2610 2888 2672 asseveravit.
2936 2620 3246 2663 contestans
3290 2610 3378 2664 rc'-

152 2692 461 2762 episcopatus
496 2695 744 2751 funditus
794 2698 1093 2764 evacuatis,
1128 2712 1227 2767 pro
1246 2706 1373 2753 voto
1393 2698 1702 2771 principum
1788 2714 1964 2768 gnum
1993 2698 2199 2777 Scotiae
2224 2699 2907 2777 Cautnarieusildeclcsiat
2926 2698 3057 2753 nihil
3088 2699 3381 2766 subjectio-

151 2784 273 2853 regni
300 2802 386 2840 rex
412 2788 726 2844 Alexander
748 2788 922 2860 ipsum
954 2789 1187 2844 electum
1214 2791 1485 2856 convenit;
1504 2785 1704 2862 vixqu'e
1790 2784 1886 2842 ’ἣῖδ
1909 2771 2131 2854 debere,
2150 2793 2209 2842 et
2232 2771 2507 2857 ipsutn‘ab
2526 2771 2586 2843 ea
2618 2771 2831 2858 penitus
2853 2776 3147 2844 immunem
3180 2784 3378 2844 factum

140 2878 205 2929 ab
225 2893 282 2931 eo
302 2880 547 2934 obtinuit
584 2884 817 2951 utun
848 2867 1289 2951 su'pér'ihimic'os
1329 2878 1458 2939 suos
1490 2887 1701 2941 exemi-
1803 2879 1904 2935 sibi
1930 2881 2114 2953 datum
2135 2893 2278 2935 esse.
2305 2880 2401 2935 Cui
2423 2896 2547 2935 cum
2577 2881 2666 2935 ille
2691 2881 2792 2935 hoc
2813 2897 2871 2936 se
2897 2893 3124 2937 eatenus
3145 2882 3382 2937 nescisse

151 2974 242 3020 tum
261 2969 447 3025 ducere
470 2972 822 3042 disponebat,
871 2973 1077 3041 virgam
1112 2975 1437 3042 pastoralem
1468 2977 1704 3046 desuper
1788 2972 2211 3042 responderet,
2244 2972 2543 3041 praesertim
2581 2987 2733 3026 'cum
2795 2973 3017 3041 cpistola
3069 2988 3167 3043 pro
3211 2990 3271 3030 se
3313 2975 3381 3028 ab

148 3057 305 3123 altare,
333 3063 481 3130 quasi
517 3063 587 3117 de
628 3079 789 3118 manu
823 3064 1033 3119 Domini
1089 3065 1416 3139 susciperet,
1447 3076 1504 3120 et
1538 3069 1609 3122 “na
1637 3052 1701 3122 'ii]
1792 3050 2209 3131 archiepiscopo
2239 3059 2569 3115 illi'direcn
2596 3060 2886 3139 interalia
2918 3062 3233 3118 contineret
3259 3078 3382 3119 eum

149 3157 241 3204 toto
256 3167 409 3223 regno
436 3170 591 3209 curre
618 3156 923 3211 animarum
945 3157 1211 3223 omnium;
1241 3139 1340 3228 p'ro
1354 3138 1533 3229 posse,
1554 3161 1701 3215 dein-
1723 3161 1776 3228 α
1803 3154 1871 3208 ad
1906 3154 2011 3208 hoc
2042 3152 2281 3208 Scotiam
2312 3138 2618 3208 destinasse
2638 3138 2697 3206 ut
2720 3153 2953 3208 disceret
2979 3150 3159 3208 utrum
3197 3149 3386 3223 petitio

147 3238 599 3310 seprlntcnderet.
634 3236 766 3301 PoSt
804 3247 924 3301 haec
962 3247 1029 3302 ad
1059 3248 1345 3304 ecclesiam
1378 3251 1564 3305 Sancti
1595 3253 1703 3306 An-

1803 3259 1966 3314 qnam
2009 3245 2063 3299 in
2093 3244 2340 3314 eligendo
2373 3258 2499 3298 eum
2545 3245 2835 3315 suggessit,
2878 3245 2945 3301 ad
2988 3247 3245 3301 honorem
3289 3247 3385 3301 Dei

145 3329 267 3388 dress
301 3337 463 3401 venit,
534 3347 588 3391 et
638 3348 962 3393 occurrente
1013 3339 1063 3393 ei
1094 3340 1302 3410 regina,
1357 3352 1641 3415 susceptus
1670 3348 1701 3398 a
1790 3336 1860 3391 et
1885 3342 2097 3391 saqu
2113 3337 2328 3400 matris,
2364 3336 2785 3415 Cantuariensis
2810 3337 3064 3393 videlicet
3104 3336 3385 3403 Ecclesim,

145 3420 448 3481 scholasticis
466 3434 530 3481 et.
554 3425 732 3496 plebe,
757 3427 1030 3497 pontificis
1054 3428 1174 3484 loco
1199 3432 1485 3486 successit.

201 3513 331 3570 inter
374 3515 805 3588 limcgteou‘sque
853 3504 1192 3576 Tlttirstanus
1237 3519 1598 3581 Eboracensis
1649 3526 1704 3581 in

147 3610 493 3665 transmarinis
556 3612 802 3680 partibus
848 3613 1185 3682 morabatur,
1225 3626 1280 3670 et
1305 3631 1469 3686 supra
1502 3633 1707 3673 memo-

147 3706 248 3752 rabo
272 3704 490 3773 negotio
549 3714 649 3757 suo
705 3703 939 3758 viriliter
969 3705 1259 3771 insudaus,
1302 3707 1367 3761 ad
1404 3708 1507 3763 hoc
1537 3711 1704 3765 etiam

142 3803 299 3858 regem
351 3793 654 3865 Anglorum
680 3797 1036 3867 provocavit,
1092 3806 1385 3866 quatenus‘
1424 3806 1491 3853 et‘
1524 3799 1707 3870 po‘ntiL

148 3878 219 3934 iici
240 3881 655 3943 Cantuariormu’
672 3877 860 3942 'semel
891 3896 945 3942 et
985 3888 1094 3959 regi
1127 3888 1414 3944 Scotorum
1453 3887 1535 3944 Ie'r
1564 3892 1703 3945 scri-

147 3974 238 4039 ptis
284 3973 587 4044 maudaret,
639 3994 708 4034 ne
735 3988 829 4034 aut
856 3980 945 4034 ille
982 3981 1211 4035 electum
1252 3981 1439 4037 Sancti
1474 3982 1705 4037 Andreae

145 4078 486 4133 consecraret.
520 4079 617 4126 aut
646 4072 747 4126 iste
779 4070 884 4125 ulla
923 4072 1131 4127 ratione
1162 4073 1388 4128 sacrari
1425 4074 1707 4144 permitte-

147 4166 235 4211 ret.
260 4158 382 4226 Quae
410 4178 501 4218 res
556 4161 850 4218 multorum
883 4152 1094 4218 animos
1115 4164 1434 4219 vulneravit
1458 4162 1525 4218 et’
1544 4165 1607 4218 in
1626 4165 1709 4219 di-

146 4264 280 4307 versa
310 4255 586 4319 distraxit,
623 4254 962 4319 erelectu'm,
1017 4271 1085 4310 ue
1107 4254 1502 4311 Christianitati
1534 4251 1708 4310 corri-

146 4342 311 4410 gendae
327 4338 450 4415 jure
480 4344 779 4416 pontificali
837 4344 1161 4404 intenderet.
1192 4362 1300 4401 non
1333 4363 1522 4418 parum
1551 4346 1707 4402 debi-

145 4430 316 4490 iitavit.
363 4438 519 4494 Unde
558 4439 614 4493 1ιί
642 4440 837 4507 quibus
876 4441 1024 4496 cordi
1054 4447 1173 4493 erat
1199 4440 1312 4494 suis
1341 4440 1708 4510 volumatibus

1802 3436 2099 3499 spectaret,
2146 3442 2253 3483 non
2284 3418 2344 3482 ut
2368 3427 2771 3499 dignitate'jam
2797 3430 3289 3504 quingentis'annis
3319 3430 3389 3485 ab

1805 3537 1867 3575 ea
1884 3522 2206 3576 inconcusse
2228 3526 2495 3589 possessa,
2517 3522 2632 3589 ipse
2661 3524 2759 3592 per
2778 3536 2835 3576 se
2857 3522 2910 3575 in
2932 3512 3197 3577 nutritum
3222 3522 3388 3576 lilium

1805 3620 2131 3678 evacuaret;
2150 3610 2462 3683 indignatus
2490 3613 2716 3687 nimium
2748 3613 2986 3683 quotidie
3016 3628 3150 3668 nova
3193 3612 3387 3685 placita

1788 3705 1862 3761 'iu
1911 3705 2013 3759 isto
2053 3704 2273 3773 negotio
2314 3705 2465 3760 inire'
2495 3702 2708 3761 nescire
2751 3704 2975 3774 iuravit.
3015 3708 3095 3761 Ad
3132 3709 3246 3763 haec
3278 3708 3385 3773 ille,

1802 3806 1997 3851 vocato
2032 3795 2084 3849 in
2108 3794 2394 3850 consilium
2424 3804 2580 3852 suum
2613 3795 2820 3851 Joanne
2850 3788 3386 3867 cpiscopO‘Clascho—

1799 3886 1993 3950 'ncnsi,
2035 3896 2090 3941 et
2126 3887 2344 3940 duobus
2372 3888 2689 3940 'monachis
2720 3880 3202 3942 Cautuaricnsibus
3252 3892 3389 3957 quos

1808 3966 1936 4032 tunc
1983 3977 2242 4047 temporis
2289 3973 2471 4031 secum
2519 3978 2772 4042 habebat,
2804 3980 3109 4033 sciscitatus
3147 3978 3392 4048 estquid

1802 4069 1861 4125 in
1919 4069 2011 4123 tali
2063 4084 2162 4124 suo
2211 4070 2427 4138 negotio
2475 4068 2579 4123 sibi
2629 4068 2820 4139 melius
2872 4068 3227 4125 decernerent
3273 4068 3393 4149 fore

1802 4162 2095 4233 agendum.
2116 4161 2267 4215 Tunc
2292 4162 2362 4215 illi
2392 4154 2883 4230 regem'adett‘ntes,
2912 4175 2966 4217 et
2993 4172 3191 4217 statum
3221 4159 3388 4218 animi

1804 4246 1925 4325 ’ejus
1945 4250 2109 4329 super
2128 4248 2496 4326 'vi‘ro‘pleitiu‘s
2523 4254 2848 4323 ediscentes,
2880 4260 3032 4328 quasi
3067 4275 3172 4312 non
3204 4259 3273 4315 ab
3299 4254 3388 4327 co,

1803 4344 1901 4401 ’sed
1928 4344 2245 4415 simpliciter
2270 4335 2312 4399 a'
2328 4360 2389 4400 se
2413 4346 2624 4401 consilii
2657 4362 2877 4423 summa
2898 4347 3176 4426 prodiret,
3196 4337 3389 4426 iutuleé

1756 4493 1762 4503 ,
1803 4444 1937 4492 ‘runt
1964 4434 2173 4492 homini
2202 4437 2359 4492 haec:
2398 4454 2416 4489 ι
2452 4437 2508 4492 Si
2540 4446 2599 4491 ut
2630 4437 2773 4518 ﬁlius
2792 4421 2946 4508 “pacis
2973 4440 3023 4494 in
3052 4421 3183 4509 pace
3206 4421 3391 4496 viuere

148 4527 299 4594 magis
341 4543 505 4598 quam
562 4529 655 4584 Dei
702 4528 1039 4598 jussionibus
1061 4519 1440 4599 obtemperare
1465 4520 1705 4587 roborati
1734 4516 1784 4580 D
1810 4524 2146 4600 cupis,‘alia'§
2171 4531 2556 4611 eam‘require".
2593 4516 2719 4595 Hie,“
2750 4531 2874 4586 dum
2918 4532 3017 4587 iste
3060 4516 3387 4601 regnaverit,

149 4628 277 4681 sunt,
298 4628 359 4674 et-
386 4621 645 4689 quoniam
684 4614 904 4676 suorum
934 4611 1146 4675 morum
1175 4621 1567 4675 correctionem
1600 4620 1709 4674 for-'-

148 4706 423 4779 utidabant,
460 4711 576 4781 jam
621 4712 798 4766 securi
826 4710 1145 4766 irridebant.
1179 4710 1318 4777 Quid
1358 4710 1561 4782 plura?
1591 4709 1709 4765 Rex

150 4797 249 4867 ipse
286 4805 350 4860 ad
410 4806 559 4875 regis
603 4804 898 4876 Anglorum
945 4794 1099 4871 jussa
1135 4806 1453 4873 pavescens,
1492 4816 1567 4857 ex
1604 4800 1709 4857 hoc

149 4890 398 4952 hominem
446 4898 693 4953 minoris
726 4898 866 4967 apud
896 4911 973 4951 se-
993 4895 1218 4950 honoris
1258 4894 1462 4949 habere
1494 4888 1548 4948 et
1581 4908 1708 4948 sen-

150 4984 238 5038 sim
282 5004 374 5043 sua
427 4980 598 5059 coepit
626 4986 1007 5043 lltn‘minuere.
1041 4986 1195 5053 Quod
1246 4985 1361 5056 ipse
1398 4985 1707 5050 advertens,

150 5086 298 5147 seque
344 5082 643 5147 modicum,
677 5091 744 5135 eo
773 5079 881 5134 sibi
915 5080 1165 5143 adverso,
1208 5079 1505 5136 secundum
1542 5079 1707 5133 Deum

152 5167 198 5221 in
224 5184 378 5240 regno
406 5174 555 5227 illius
576 5171 837 5244 prolicere
867 5172 1173 5228 certissime
1197 5173 1397 5237 sciens,
1430 5163 1711 5243 proposnil

151 5255 609 5329 Cantuarlatuvire,
634 5271 688 5319 et
715 5263 843 5318 inde
880 5264 1009 5333 quid
1028 5265 1136 5321 sibi
1162 5264 1508 5334 potissimum
1538 5253 1587 5316 iu
1618 5260 1709 5316 tali

153 5363 298 5407 causa
354 5354 497 5410 foret—
532 5356 802 5426 a‘geudum
832 5354 1117 5410 consilium
1146 5370 1408 5425 quaerere.
1450 5354 1602 5419 Quod
1632 5351 1708 5405 uti

153 5441 254 5509 regi
302 5443 558 5509 innotuit,
602 5446 895 5499 dixitcum
943 5445 1013 5498 ab
1064 5445 1305 5499 Ecclesia
1331 5438 1711 5498 Cautuariensi

154 5535 351 5601 penitus
378 5537 723 5605 absolutum,
760 5552 860 5593 nec
893 5538 1116 5593 omnino
1147 5537 1428 5607 aliquid‘iu
1451 5541 1514 5590 e'a
1541 5534 1710 5603 parti-"

157 5621 336 5692 cipiunt
381 5626 603 5694 habere,
658 5643 826 5699 seque
874 5629 927 5682 in
958 5629 1071 5682 vita
1108 5638 1204 5682 sua
1251 5629 1573 5688 consensum
1607 5639 1711 5679 non

151 5704 500 5780 prazbiturum,
552 5728 612 5773 ut
647 5718 936 5787 episcopus
960 5717 1508 5772 Scotizc‘subderetur
1536 5713 1715 5784 ponti-

147 5797 695 5868 ﬁci‘Cantuarierum.
743 5808 1105 5877 Quibuscum
1148 5809 1264 5880 ipse
1292 5808 1543 5874 referret,
1567 5810 1709 5877 quod

1807 4610 2079 4675 'uulla’tibi
2106 4612 2157 4675 et
2185 4610 2303 4690 paci
2329 4610 2636 4676 communio
2658 4623 2781 4676 erit.
2811 4620 3065 4683 Noxituus
3093 4623 3388 4679 hominem.

1806 4706 1928 4783 Ipse
1962 4713 2015 4767 in
2045 4702 2210 4782 regno
2245 4726 2350 4768 suo
2376 4701 2490 4768 vult
2517 4728 2636 4769 esse
2663 4714 2848 4791 omnia
2872 4710 3067 4789 setas,“
3092 4710 3191 4783 nec
3227 4698 3390 4771 susti-

1809 4805 1959 4858 nebit
2003 4810 2088 4857 ‘ut
2149 4803 2355 4872 quasvis
2413 4813 2673 4883 potestas,
2702 4796 2840 4875 sin'e'
2872 4803 2989 4871 ejus
3037 4794 3390 4876 dispositione

1810 4892 2105 4963 quidquam
2132 4893 2184 4948 iu
2208 4894 2394 4963 aliquo
2411 4888 2637 4963 negotio
2666 4884 2859 4963 possit.
2881 4893 2998 4949 Jam
3031 4888 3389 4952 exacerbatus

1808 4992 1892 5039 est
1918 4978 2209 5046 eontra'tc,
2245 4993 2300 5037 et
2331 4983 2504 5038 nescit
2548 4996 2738 5061 quare,
2777 4990 3050 5055 utinquam
3085 4986 3178 5039 tibi
3229 4980 3388 5061 plene

1810 5074 2214 5140 reconciliatur,
2264 5074 2476 5128 etiamsi
2528 5058 2735 5129 viderit:
2772 5090 2960 5144 quare.
3024 5058 3389 5150 Quamobrem

1812 5170 1908 5217 aut
1929 5163 2176 5233 linquere
2206 5173 2257 5218 te
2284 5172 2483 5219 cuncta
2516 5152 2732 5218 noveris
2773 5173 3042 5237 Oportere,
3076 5162 3389 5238 aut'p'crpe-é

1814 5262 1905 5311 tuo
1926 5256 2067 5310 inter
2088 5250 2301 5318 Sco‘tos,
2318 5250 2504 5309 eorum
2526 5266 2658 5309 usus
2675 5254 2969 5335 sequendo,
2985 5256 3169 5311 contra
3193 5248 3390 5313 animae

1813 5356 1919 5402 tua:
1962 5336 2189 5400 salutem
2241 5346 2293 5399 iu
2340 5344 2630 5414 opprobrio
2676 5348 2838 5399 vitam
2886 5329 3106 5401 ducere.
3150 5348 3301 5416 Quod
3340 5350 3387 5404 si

1813 5438 2090 5493 discedere
2127 5436 2330 5499 mavis,
2375 5446 2428 5489 et
2470 5435 2728 5489 "annulum
2762 5426 2928 5505 'qu‘etu
2966 5453 2996 5492 a
3040 5456 3197 5493 manu
3247 5428 3393 5511 illius

1813 5529 2126 5602 StISCepisti.
2165 5538 2219 5582 et
2243 5527 2494 5584 baculum
2532 5539 2703 5601 quem
2726 5515 2954 5599 desuper
2982 5529 3156 5585 altare
3196 5524 3391 5606 tuliSti,

1814 5622 1888 5678 illi
1921 5620 2134 5692 cogeris
2166 5620 2476 5674 restituere.
2508 5606 2767 5688 'Allo'q‘uin
2801 5627 3001 5673 terram
3048 5624 3201 5676 suam
3224 5659 3240 5685 ,
3285 5618 3393 5693 nisi

1814 5722 1931 5771 eam
1965 5711 2301 5769 transvolare
2336 5706 2579 5780 patueris‘
2616 5725 2721 5765 non
2748 5710 3065 5785 egredieris.
3089 5730 3109 5763 ι
3155 5710 3235 5764 Ad
3275 5698 3395 5795 lucc;

1815 5816 2016 5879 quanta
2040 5802 2236 5870 'dicta,
2266 5809 2466 5872 quanta
2498 5797 2709 5869 objecta
2749 5799 2880 5866 sint,
2922 5801 3043 5855 hinc
3080 5809 3135 5855 et
3171 5800 3293 5855 inde
3321 5798 3391 5856 ad
