3904 6306
563 401 671 460 515

1584 386 1888 446 EADMERI
1916 384 2101 443 CANT
2118 381 2486 441 UARIENSIS
2527 383 2835 443 MONACHI
3665 395 3735 451 516

564 513 672 569 alia
733 509 1037 566 tendentem
1092 503 1363 579 scribere.
1399 502 1577 573 piget;
1633 509 1756 571 post
1798 516 1920 571 quae
1967 497 2154 555 omnia
2186 497 2232 556 Α
2261 497 2521 568 regimine
2566 499 2795 563 sciebat,
2838 505 2923 565 et,
2967 496 3012 553 si
3068 507 3400 562 remaneret,
3447 499 3738 565 detrimentum

566 605 772 660 electus
807 601 940 671 ipse,
974 598 1319 653 considerato
1362 594 1551 649 ordine
1587 610 1695 664 quo
1723 609 1844 663 qua:
1888 608 2054 662 penes
2096 606 2156 648 se

565 708 688 753 acta
730 695 968 759 fuerunt,
1010 690 1266 745 videlicet
1303 688 1535 758 qualiter
1570 686 1831 741 annulum
1881 687 1946 741 de
1990 701 2154 741 manu

566 788 731 859 regis,
752 785 1021 855 acceperit
1045 781 1277 852 qualiter
1308 780 1619 850 episcopatu
1648 777 1931 833 investitus
1971 777 2150 843 fuerit,

566 878 799 948 qualiter
835 874 1087 931 baculum
1125 872 1356 941 desuper
1400 869 1576 924 altare
1621 868 1835 932 tulerit,
1882 867 1957 921 ita
2002 866 2151 922 brevi

567 968 887 1038 respondit:
929 965 1201 1021 Annulum
1240 964 1492 1033 quidem,
1531 977 1689 1032 quem
1724 961 1791 1015 de
1818 975 1979 1014 manu
2010 960 2152 1013 illius

566 1061 802 1131 suscepi,
837 1060 1013 1113 libens
1048 1058 1297 1120 reddam,
1330 1070 1391 1110 ea
1422 1070 1479 1109 re
1509 1054 1651 1124 quod
1681 1052 1812 1107 nihil
1844 1051 2147 1121 potestatis,

565 1169 687 1224 qua:
737 1167 803 1208 eo
852 1149 1207 1219 significatur,
1248 1148 1300 1201 in
1355 1146 1445 1201 illo
1500 1145 1711 1214 accepi,
1762 1144 1898 1197 laico
1943 1142 2151 1197 scilicet
2232 1204 2237 1208 ,

565 1246 751 1311 dante,
788 1243 876 1299 cui
925 1242 1027 1297 tale
1052 1241 1180 1311 quid
1212 1239 1344 1295 nihil
1386 1239 1598 1293 attinet.
1644 1235 1898 1291 Baculum
1937 1244 2161 1300 autem,

567 1351 726 1406 quem
767 1349 930 1405 super
972 1332 1172 1397 altare,
1213 1328 1566 1401 praesentibus
1608 1325 1817 1382 duobus
1858 1318 2145 1395 episcopis,

566 1427 795 1495 sumpsi,
847 1439 1044 1494 ponam
1093 1423 1181 1477 ubi
1217 1420 1505 1489 assumpsi,
1538 1428 1593 1474 et
1636 1434 1760 1473 eum
1809 1418 2148 1494 dispositioni

564 1517 693 1573 Jcsu
722 1517 921 1572 Christi
954 1502 1363 1570 commendabo.
1398 1512 1726 1580 Relinquere
1762 1519 1942 1564 autem
1978 1518 2149 1565 totum

565 1610 961 1680 episcopatum,
992 1622 1053 1662 ea
1099 1606 1430 1672 conditione,
1470 1604 1595 1673 quia
1626 1603 1708 1659 vis
1737 1602 1869 1657 mihi
1896 1603 2146 1669 infertur,

565 1701 872 1770 acquiesco,
898 1710 957 1753 ut
984 1713 1105 1753 eum
1137 1706 1378 1767 tempore
1417 1695 1707 1750 Alexandri
1747 1695 1888 1766 regis
1928 1710 2031 1749 non
2066 1708 2151 1748 re-

564 1789 812 1854 clamem,
850 1789 949 1844 nisi
982 1787 1243 1859 pontifex,
1288 1796 1343 1841 et
1388 1794 1686 1841 conventus
1730 1784 2144 1840 Cantuariorum

563 1892 619 1938 et
651 1898 744 1937 rex
791 1881 1090 1952 Anglorum
1139 1880 1285 1935 aliud
1336 1878 1468 1934 mihi
1518 1893 1680 1948 super
1724 1878 1809 1951 his
1860 1877 2148 1932 consilium

562 1976 828 2030 dederint.
868 1975 922 2030 ln
972 1975 1079 2038 his,
1115 1973 1167 2028 in
1198 1987 1331 2044 pace
1362 1970 1518 2045 divisi
1548 1979 1703 2034 sunt,
1744 1979 1797 2025 et
1824 1968 2147 2034 Eadmerus,

562 2064 910 2120 Cantuariam
948 2063 1195 2126 veniens,
1241 2061 1309 2116 ab
1338 2062 1591 2132 episcopo
1632 2068 1699 2137 et
1746 2059 2006 2114 fratribus
2035 2059 2149 2113 suis

563 2155 683 2211 laete
721 2167 1002 2225 susceptus
1038 2166 1139 2210 est.
1176 2155 1505 2226 Diligehatur
1533 2153 1675 2209 enim
1701 2154 1768 2208 ab
1788 2154 2065 2221 omnibus,
2094 2161 2149 2208 et
2242 2208 2245 2209 ν

563 2248 657 2317 qui
706 2248 772 2302 de
799 2247 1043 2302 absentia
1078 2248 1220 2301 illius
1262 2234 1478 2301 fuerant
1511 2244 1863 2309 moestificati,
1916 2245 1967 2299 in
2016 2260 2150 2315 pra:-

563 2339 740 2393 sentia
813 2323 957 2393 illius
1039 2337 1165 2392 facti
1233 2335 1456 2390 fuerunt
1523 2337 1870 2390 vehementer
1941 2335 2150 2390 exhila-

565 2427 692 2481 rati.
725 2427 867 2482 Misit
896 2437 1076 2501 autem
1128 2442 1222 2482 rex
1273 2426 1326 2481 iu
1369 2424 1769 2480 accusationem
1816 2424 2003 2495 ipsius,
2052 2440 2149 2496 per

564 2519 813 2573 nuntium
881 2534 1037 2572 suum
1118 2518 1524 2589 archiepiscopo
1588 2517 1869 2588 epistolam
1942 2531 2144 2585 unam,
2230 2568 2231 2571 η

563 2608 929 2665 continentem
964 2609 1079 2683 lucc
1105 2626 1119 2663 :
1198 2672 1203 2677 Α

642 2721 662 2755 ι
696 2703 1027 2768 Alexander,
1065 2704 1156 2760 Dei
1197 2704 1393 2774 gratia,
1426 2720 1521 2760 rex
1556 2703 1867 2774 Scotorum,
1895 2703 2144 2770 Radulfo,

561 2794 968 2864 archiepisc0po
1016 2795 1428 2862 Cantuaricnsi,
1476 2796 1531 2852 in
1582 2796 1701 2866 ipso
1749 2795 1841 2866 qui
1894 2796 2005 2851 vita
2063 2804 2147 2850 est

560 2901 777 2957 semper
808 2891 1008 2943 vivere.
1658 2952 1663 2957 η
1818 2950 1819 2953 η
2119 2949 2123 2952 _

637 2980 968 3035 «immensae
1017 2979 1246 3035 bonitati
1298 2990 1491 3035 vestra:
1537 2978 1787 3049 petitioni
1838 2993 1971 3034 mere
2015 2994 2147 3045 con-

560 3071 930 3137 descendenti,
963 3087 1253 3141 personam
1285 3071 1339 3125 in
1370 3073 1664 3142 praesulatu
1696 3072 1883 3127 Sancti
1909 3072 2140 3129 Andrem

2224 644 2231 651 ,
2256 589 2451 645 animae
2482 605 2593 645 suae
2622 599 2677 645 et
2705 590 2936 645 aliorum
2984 589 3271 645 imminere
3294 590 3513 647 videbat.
3533 593 3738 658 Communi

2228 683 2477 738 .tandem
2527 684 2758 740 consilio
2802 683 2948 740 nolui
3000 698 3125 738 eum
3174 683 3225 737 vi
3277 685 3523 752 retinere,
3565 691 3739 757 petitioni

2254 787 2394 836 suae,
2453 775 2704 843 quamvis
2760 773 2983 851 invitus,
3018 772 3307 842 acquievi,
3360 782 3412 828 et
3462 776 3738 848 episcopatum

2255 863 2510 927 reddidit,
2532 872 2597 929 et,
2613 862 2791 917 foedus
2813 863 3069 919 amicitia:
3091 863 3233 918 inter
3258 878 3342 919 me
3368 873 3420 919 et
3448 864 3595 933 ipsum
3612 871 3739 926 osculo

2254 954 2619 1008 confirmavit.
2672 954 2737 1007 Et
2788 953 2903 1008 haec
2949 963 3036 1011 est
3073 954 3148 1008 rei
3194 955 3393 1009 veritas
3437 972 3578 1026 quam
3608 958 3739 1016 litters

2254 1044 2407 1099 vobis
2438 1044 2718 1099 declarare
2744 1043 2922 1108 volui,
2971 1059 3038 1111 ne
3066 1044 3112 1098 si
3143 1044 3284 1098 aliud
3317 1045 3383 1101 ad
3424 1062 3567 1103 aures
3597 1060 3740 1106 vestras

2252 1134 2563 1203 perveniret
2595 1134 2911 1189 crederetis.
2948 1132 3101 1188 Sciat
3144 1135 3373 1202 denique
3409 1136 3594 1193 bonitas
3617 1152 3739 1196 vestra

2252 1225 2393 1295 quod
2424 1225 2578 1279 vobis
2608 1224 2846 1294 penitus,
2881 1232 2939 1277 ut
2970 1225 3177 1279 amicus
3209 1223 3397 1292 fidelis,
3422 1226 3643 1283 obnoxius
3662 1245 3739 1286 esse

2251 1316 2432 1386 Cupio,
2488 1328 2543 1370 et
2592 1316 2819 1371 consilio
2869 1328 3077 1383 vestro,
3111 1304 3307 1372 vestra:
3351 1318 3506 1373 etiam
3544 1320 3680 1375 dilecti
3706 1325 3737 1376 ni

2234 1407 2411 1481 'subdi
2441 1407 2710 1462 desidero.
2745 1405 2815 1461 Ut
2852 1406 3074 1463 domino
3104 1407 3367 1463 Eadmero
3396 1409 3620 1464 honorem
3641 1412 3740 1465 eihi-

2238 1498 2400 1577 beas,
2431 1498 2627 1553 ohnixe
2660 1497 2896 1569 postulo.
2920 1497 3075 1553 Vale.
3106 1516 3125 1550 ι

2262 1664 2269 1669 μ
2326 1589 2537 1665 Utrum
2564 1597 2746 1643 autem
2792 1589 2845 1644 in
2883 1589 3007 1645 istis
3053 1598 3206 1645 tanto
3235 1588 3381 1658 Patri
3410 1607 3495 1646 rex
3526 1591 3621 1658 ipse
3641 1608 3737 1656 veta.

2249 1685 2545 1760 sophistica
2571 1684 2776 1757 falsave
2814 1686 3178 1755 mandaverit,
3213 1701 3320 1742 non
3346 1686 3546 1757 effugiet
3568 1690 3739 1744 notitiam

2240 1758 2369 1848 'ejus
2397 1778 2485 1847 qui
2516 1758 2763 1843 consilia,
2789 1786 3097 1847 commenta
3127 1762 3195 1833 et.
3226 1778 3557 1848 deceptiones
3579 1781 3741 1849 singulo-

2254 1887 2373 1925 rum
2406 1886 2503 1925 suo
2538 1881 2779 1945 tempore
2810 1870 3124 1933 denudabit,
3164 1871 3407 1926 redditus
3431 1872 3598 1941 cuique
3637 1882 3739 1941 prout

2251 1964 2499 2034 gesserit.
2553 1963 2786 2034 Scripsit
2835 1972 3017 2018 tamen
3066 1961 3137 2018 ad
3191 1962 3312 2020 haec
3361 1962 3511 2018 Pater
3557 1962 3739 2018 [indultus

2236 2056 2533 2129 epistolam
2562 2058 2701 2111 hanc
2725 2073 2742 2112 :

2328 2167 2346 2200 ι
2384 2147 2699 2203 Alexandro
2739 2147 2936 2203 illustri
2991 2148 3105 2219 regi
3156 2147 3471 2211 Scotorum,
3506 2148 3642 2203 frater
3670 2146 3740 2201 lia-

2250 2236 2454 2304 dulfus,
2485 2237 2898 2305 Cantuariensis
2920 2239 3178 2313 Ecclesia:
3205 2240 3477 2307 minister,
3497 2241 3566 2296 sic
3585 2255 3740 2311 regnate

2232 2329 2303 2415 ‘in
2338 2344 2506 2401 regno
2542 2339 2759 2385 terreno
2790 2338 2849 2384 ut
2880 2345 3007 2386 eum
3045 2329 3269 2389 Christo
3306 2347 3523 2404 regnare
3555 2333 3686 2403 possit
3705 2333 3738 2385 in

2248 2422 2407 2479 cozlo.
2466 2448 2467 2453 π

2325 2531 2343 2564 ι
2383 2512 2624 2577 Gratias,
2674 2529 2809 2584 quas
2846 2528 3162 2585 possumus,
3208 2513 3527 2569 venerabilis
3572 2513 3736 2575 domine,

2250 2603 2569 2659 sublimitati
2604 2613 2799 2677 vestrae
2829 2605 3142 2671 referimus,
3187 2620 3294 2675 pro
3324 2605 3599 2661 dilectionis
3618 2614 3659 2659 et
3680 2604 3739 2659 ho

2249 2696 2400 2752 noris
2454 2684 2723 2765 munere,
2780 2696 2924 2767 quod
2993 2711 3124 2768 erga
3177 2698 3497 2767 parvitatem
3545 2706 3737 2755 nostram.

2248 2788 2459 2843 nuntiis
2488 2798 2542 2844 et
2567 2788 2771 2845 litteris
2802 2789 3184 2855 referentibus,
3208 2805 3312 2845 vos
3340 2789 3528 2845 habere
3551 2787 3739 2859 dignosci-

2234 2894 2388 2948 _mus.
2414 2880 2471 2935 In
2507 2896 2616 2950 quo
2650 2897 2748 2937 nos
2774 2882 2958 2952 procul
2987 2881 3153 2939 dubio
3189 2897 3295 2938 nos
3318 2899 3416 2953 pro
3435 2898 3572 2952 posse
3594 2896 3739 2948 semper

2249 2956 2470 3027 devotos
2496 2971 2785 3038 habebitis,
2817 2981 2872 3027 et
2897 2972 2942 3027 si
2967 2973 3181 3047 quid‘in
3214 2974 3332 3029 vita
3360 2982 3555 3049 nostra,
3578 2970 3736 3026 Domino

2249 3061 2530 3133 largiente,
2561 3050 2895 3119 fructuosum
2929 3064 3261 3133 inveniatur,
3301 3074 3527 3121 vestrum
3565 3076 3657 3118 esse
3682 3075 3738 3114 se-

560 3159 959 3215 sLblimandam
1005 3160 1137 3214 mihi
1177 3159 1473 3227 mittendo,
1532 3160 1699 3216 animi
1745 3160 1851 3214 mei
1896 3159 2142 3227 affectus,
2171 3171 2216 3234 ο
2248 3168 2376 3209 cure
2398 3154 2607 3210 sciatis.
2639 3154 2858 3211 Gratias
2883 3156 3069 3221 etiam,
3111 3171 3177 3212 ex
3212 3156 3362 3214 bona
3388 3156 3625 3213 voluntate
3641 3152 3739 3206 vobis

554 3250 912 3327 benevolens,
949 3259 1089 3305 etut
1120 3250 1329 3321 justum
1371 3261 1476 3322 est,
1508 3252 1796 3317 obnoxius,
1834 3252 2147 3317 innumera-

560 3341 699 3398 biles
720 3342 923 3413 gratias
946 3343 1142 3398 reddit.
1160 3344 1265 3399 Sed
1284 3358 1514 3414 persona
1540 3344 1590 3398 in
1610 3345 1923 3417 episcopatu
1946 3345 2143 3414 posita,

554 3420 1043 3503 consuetudinibus
1072 3446 1230 3492 terra:
1258 3437 1609 3507 moribusque
1638 3438 1938 3502 hominum,
1972 3446 2032 3492 ut
2060 3452 2146 3492 res

560 3534 619 3578 et
659 3532 869 3594 tempus
914 3524 1189 3595 exigebat,
1216 3534 1272 3579 et
1320 3532 1379 3579 ut
1423 3524 1630 3593 justum
1679 3534 1735 3581 et
1775 3527 2143 3589 necessarium

560 3622 729 3675 esset,
752 3615 1184 3670 condescendere
1215 3616 1407 3671 noluit.
1448 3618 1567 3687 Ipsa
1603 3633 1732 3671 vero
1773 3618 1989 3672 tandem
2022 3634 2145 3688 per-

560 3719 717 3770 sona,
752 3704 806 3760 in
837 3706 1124 3775 praesentia
1156 3707 1512 3776 quorumdam
1544 3708 1923 3778 episcoporum
1955 3718 2010 3762 et
2050 3724 2144 3775 co-

556 3795 776 3869 mitum,
804 3797 1387 3867 proborumqueterra:
1409 3814 1541 3853 mea:
1565 3798 1824 3862 virorum,
1848 3814 1933 3853 me
1964 3799 2138 3870 requi-

557 3886 685 3941 sivit
715 3895 773 3940 ut
796 3886 842 3942 ei
877 3886 1148 3942 licentiam
1178 3888 1492 3954 recedendi,
1515 3898 1570 3942 et
1598 3890 1662 3944 de
1692 3890 1950 3944 lidelitate
1979 3905 2140 3958 quam

554 3976 686 4031 inihi
741 3975 968 4056 fecerat,
1020 3977 1328 4033 libertatem
1380 3981 1773 4045 concederem,
1825 3996 1948 4035 cum
1997 3979 2141 4035 nullo

559 4069 718 4123 modo
760 4084 1040 4125 remanere
1067 4071 1243 4134 vellet,
1277 4072 1379 4126 nisi
1411 4088 1533 4128 eum
1568 4073 1622 4129 in
1650 4074 1900 4144 captione
1935 4072 2142 4129 detine-

555 4175 690 4214 rem.
729 4159 852 4215 llaec
890 4162 1148 4226 audiens,
1188 4162 1237 4218 ei
1269 4164 1354 4218 his
1384 4165 1564 4220 verbis
1617 4167 1866 4235 respondi
1899 4167 2063 4236 quod,
2094 4164 2139 4233 si

555 4247 767 4317 aliquas
808 4249 965 4303 dictis
996 4250 1078 4302 vel
1110 4250 1267 4305 factis
1299 4252 1543 4320 injurias,
1575 4255 1622 4310 ei
1665 4271 1694 4309 a
1727 4271 1812 4310 me
1848 4254 2051 4321 illatas,
2085 4264 2140 4309 et

555 4336 701 4408 quod
759 4336 811 4390 in
864 4337 1130 4406 aliquibus
1177 4356 1296 4409 qua:
1342 4342 1393 4395 ei
1461 4342 1637 4397 facere
1682 4345 1988 4400 dehuissem
2053 4361 2140 4417 me

553 4426 818 4506 defecisse
846 4428 1262 4495 demonstraret,
1308 4446 1407 4501 pro
1452 4432 1544 4487 Dei
1588 4447 1774 4488 amore
1815 4444 1870 4488 et
1895 4450 2015 4488 meo
2042 4435 2140 4489 bo-

2247 3243 2608 3321 persolvimus
2650 3260 2750 3315 pro
2792 3248 3134 3317 susceptione
3160 3249 3468 3305 charissimi
3497 3247 3575 3302 lilii
3608 3245 3737 3303 nostri.

2246 3337 2503 3393 Eadmeri
2546 3339 2796 3411 videlicet
2825 3340 2986 3395 electi
3030 3341 3275 3413 episcopi
3322 3343 3510 3407 vestri,
3539 3354 3663 3411 quem
3686 3353 3739 3392 se

2247 3431 2480 3491 cundum
2543 3432 2861 3501 petitionem
2918 3442 3156 3489 vestram
3228 3436 3391 3491 vobis
3456 3435 3737 3489 transmissum

2238 3520 2545 3595 honorifice
2602 3522 2900 3589 tractastis.
2953 3522 3123 3589 Quem
3172 3538 3279 3580 nos
3331 3524 3487 3580 etiam
3526 3524 3581 3577 ad
3617 3529 3738 3593 partes

2234 3625 2462 3679 ilOSll'as
2498 3616 2839 3687 redeuntem,
2870 3626 3032 3687 prout
3065 3617 3249 3673 decuit
3283 3628 3480 3689 tantam
3511 3628 3736 3688 personam.

2243 3706 2479 3761 ollicinse
2517 3706 2874 3776 suscipientes
2898 3744 2916 3772 ,
2964 3708 3020 3763 in
3064 3707 3303 3765 adventu
3344 3710 3505 3779 ipsius
3545 3722 3631 3762 non
3666 3718 3737 3757 mo-

2245 3797 2501 3852 diocriter
2546 3796 2709 3851 laetati
2757 3812 2983 3863 sumus.
3013 3797 3262 3869 Cumque
3317 3800 3561 3855 secretius
3610 3802 3735 3865 postea

2245 3889 2389 3943 inter
2419 3905 2518 3944 nos
2554 3905 2737 3946 sermo
2764 3899 3100 3955 versaretur,
3142 3890 3450 3959 audivimus
3471 3904 3578 3945 eum
3598 3886 3735 3954 aliqua,

2244 3993 2274 4031 a
2305 3995 2465 4034 sensu
2508 3980 2815 4036 litterarum
2858 3991 3187 4046 vestrarum,
3216 3998 3356 4052 quas
3399 3982 3538 4053 prius
3561 3978 3736 4033 audicrr

2236 4087 2386 4137 mus,
2418 4072 2628 4128 diversa
2660 4074 2885 4139 sentire,
2916 4088 3020 4129 nec
3044 4073 3298 4131 omnibus
3327 4085 3478 4129 antea
3504 4069 3676 4131 auditis,
3693 4079 3733 4117 et

2232 4172 2357 4225 toto
2405 4179 2686 4219 assensum
2727 4165 2995 4236 prazbere.
3039 4164 3192 4221 Nunc
3240 4167 3424 4237 itaque
3462 4163 3669 4235 quoniam
3702 4159 3734 4210 in

2242 4252 2457 4323 scriptis
2485 4254 2682 4309 vestris
2708 4255 2856 4309 aliud
2879 4256 3129 4327 legimus,
3151 4265 3207 4311 et
3237 4257 3385 4312 aliud
3411 4256 3476 4311 ab
3501 4255 3600 4325 ipso
3622 4251 3733 4305 fratr!

2236 4346 2601 4417 percepimus,
2645 4348 2873 4402 consilio
2919 4348 3075 4404 nobis
3120 4357 3205 4404 est
3253 4356 3315 4403 ut
3356 4348 3581 4403 eumdem
3622 4342 3733 4396 tilium

2240 4451 2485 4495 nostrum
2516 4432 2655 4512 apud
2709 4457 2805 4497 nos
2849 4443 3211 4510 retineamus,
3262 4454 3549 4513 quousque,
3574 4434 3732 4493 Domin0

555 4534 688 4575 nore
718 4517 1075 4574 libentissime
1106 4531 1300 4589 praesto
1328 4537 1503 4605 essem
1534 4524 1843 4579 emendare.
1871 4524 1953 4578 Ad
1999 4525 2133 4592 haec,
2168 4512 2213 4567 D
2239 4532 2495 4601 ducente,
2555 4535 2608 4588 in
2662 4535 2910 4606 Angliam
2967 4538 3229 4604 veniatis,
3279 4512 3384 4593 nisi
3436 4538 3559 4593 forte
3594 4525 3732 4598 aliquid

553 4608 608 4664 in
636 4608 929 4679 przesentia
973 4609 1212 4663 omnium
1262 4602 1578 4679 astantium,
1623 4611 1760 4667 dixit
1786 4614 1929 4682 quod
1961 4614 2136 4671 nullas

551 4700 712 4757 dietis
742 4710 836 4755 aut
866 4694 1026 4756 factis
1053 4701 1104 4756 ei
1137 4694 1363 4770 injurias
1409 4701 1726 4773 injeceram,
1767 4720 1868 4761 nec
1896 4721 2135 4776 unquam

549 4789 607 4845 in
638 4789 815 4860 aliqua
846 4804 905 4845 re
948 4806 1111 4860 quam
1150 4792 1201 4846 ei
1244 4791 1428 4849 facere
1470 4793 1774 4873 debuissem
1807 4780 2134 4852 defecerant.

548 4881 817 4939 Prazterea
857 4894 1091 4956 egomet,
1136 4893 1192 4940 et
1228 4886 1468 4957 episcopi
1499 4890 1572 4941 'et
1615 4888 1886 4955 consules,
1936 4874 2134 4960 aliique

549 4983 711 5031 terrae
739 4993 872 5033 mere
908 4979 1059 5049 probi
1107 4979 1376 5046 homines,
1420 4979 1490 5035 ibi
1521 4989 1784 5043 astantes.
1815 4984 2134 5039 reverentia:

550 5063 917 5120 obedientiam
968 5065 1020 5121 in
1066 5069 1479 5138 quibuscunque
1504 5069 1708 5138 justum
1738 5080 1900 5133 esset,
1935 5087 2131 5142 magna

550 5153 719 5239 animi
752 5156 1085 5227 benignitate
1110 5160 1422 5229 obtulimus,
1447 5170 1502 5216 et
1528 5176 1626 5231 pro
1646 5154 1871 5233 penuria
1892 5165 2132 5221 honesta:

549 5244 901 5302 exhibitionis
936 5252 1256 5305 reverentiae
1286 5268 1395 5308 non
1437 5266 1559 5307 esse
1599 5267 1825 5309 necesse
1852 5254 1901 5309 ei
1929 5270 2134 5324 praesu-

547 5333 716 5389 latum
739 5336 1061 5408 relinquere,
1077 5356 1196 5396 cum
1219 5358 1413 5415 magna
1436 5344 1805 5401 admonitione
1826 5345 2126 5415 retulimus,

547 5427 798 5480 utetiam
848 5443 1184 5496 remaneret,
1236 5436 1410 5493 donec
1462 5439 1575 5509 regi
1620 5440 1828 5510 Anglia:
1867 5451 1925 5495 et
1974 5443 2128 5499 vobis

545 5519 885 5574 nuntiassem
906 5562 920 5584 ,
950 5530 1008 5574 ut
1044 5524 1323 5580 amborum
1366 5529 1593 5583 consilio
1620 5530 1725 5584 frui
1757 5544 1995 5599 possem,
2024 5533 2126 5588 ob-

545 5606 674 5663 nixe
713 5610 1039 5679 rogavimus.
1075 5612 1171 5669 His
1207 5616 1440 5683 auditis,
1488 5618 1618 5673 mihi
1656 5620 1941 5689 respondit
1982 5621 2123 5689 quod

544 5696 695 5751 nullo
729 5700 887 5754 modo
914 5713 1240 5771 remaneret,
1273 5706 1375 5759 nisi
1405 5721 1527 5760 eum
1553 5708 1607 5762 in
1638 5710 1888 5779 captione
1915 5711 2123 5767 detine-

544 5800 690 5857 rcm;
716 5788 939 5848 se'enim
968 5808 1066 5849 nec
1086 5796 1293 5863 utilem,
1322 5812 1420 5853 nec
1441 5798 1687 5854 idoneum
1720 5803 1769 5855 in
1803 5804 2121 5871 ιιι·;ιιδιι1;ιιυε

2238 4621 2383 4677 aliud
2406 4622 2546 4693 quod
2579 4625 2735 4680 nobis
2783 4624 3088 4682 faciendum
3117 4626 3188 4682 sit
3215 4636 3375 4682 antea
3406 4618 3731 4681 mandaveritis.

2236 4711 2370 4782 Cum
2412 4724 2595 4768 autem
2616 4753 2632 4780 ,
2669 4714 2782 4771 Deo
2825 4715 3085 4782 donante,
3116 4717 3268 4771 vobis
3302 4706 3731 4785 prmsentialiterlo-

2236 4802 2327 4875 qui
2367 4812 2420 4873 et
2455 4820 2637 4859 rerum
2668 4821 2862 4861 causas
2896 4806 3023 4861 hinc
3050 4806 3179 4862 inde
3200 4809 3392 4862 audire
3416 4793 3728 4876 poterimusdi

2235 4893 2345 4946 vita
2387 4902 2434 4947 et
2473 4894 2721 4949 doctrina
2766 4893 2939 4964 hujus
2962 4896 3125 4951 amici
3164 4898 3335 4952 nostri
3370 4896 3515 4952 vobis
3536 4903 3581 4949 et
3600 4888 3730 4962 patri!

2233 4993 2430 5039 vestrze
2486 4985 2636 5041 utilis
2660 5001 2781 5041 esse
2832 4986 3069 5052 videtur,
3117 4987 3355 5058 injuncta
3380 4987 3475 5043 sibi
3501 4976 3727 5040 obcdientia

2233 5074 2301 5128 ad
2315 5075 2593 5132 electionis
2608 5066 2718 5132 suae
2733 5077 2929 5142 locum,
2942 5078 2987 5132 si
3004 5091 3128 5133 eum
3148 5078 3420 5149 suscipere
3433 5076 3592 5139 vultis,
3606 5069 3730 5127 redit!

2235 5168 2453 5236 poterit.
2489 5167 2546 5224 Si
2584 5184 2713 5225 vero
2757 5171 2809 5225 in
2854 5180 3147 5241 conspectu
3175 5179 3354 5226 vestro
3393 5169 3523 5224 aliud
3543 5164 3727 5237 placitum

2232 5256 2413 5321 fuerit,
2446 5274 2543 5315 nos
2579 5276 2723 5323 eum,
2758 5269 2817 5315 ut
2846 5262 3024 5317 virum
3054 5262 3111 5317 in
3157 5261 3274 5334 lege
3302 5261 3507 5318 Domini
3535 5251 3727 5321 multipli-

2230 5347 2367 5402 citer
2404 5348 2729 5406 instructum
2767 5361 2822 5407 et
2865 5353 3013 5409 omni
3056 5355 3199 5410 bono
3242 5355 3393 5426 operi
3437 5361 3614 5423 aptum,
3643 5355 3725 5398 cum

2231 5456 2426 5512 ³⁸³³8ηο
2454 5444 2654 5511 gaudio
2701 5445 3077 5513 retinebimus,
3108 5456 3167 5503 et
3202 5446 3281 5503 sic
3331 5460 3475 5516 spem
3516 5445 3670 5500 bonam
3688 5433 3723 5487 in

2230 5534 2603 5593 misericordia
2632 5537 2728 5591 Dei
2759 5540 3042 5607 habentes,
3069 5540 3187 5611 ejus
3213 5540 3445 5597 reditum
3465 5537 3723 5593 fructuosum

2228 5623 2573 5678 habebimus.
2607 5624 2756 5680 Vale.
2791 5646 2809 5679 ι

2236 5770 2239 5773 ,
2294 5716 2479 5786 itaque
2509 5718 2575 5771 de
2604 5718 2687 5772 his
2716 5718 2812 5774 ita.

2295 5807 2401 5863 Sed
2442 5807 2569 5863 dum
2611 5810 2738 5865 talia
2785 5811 2931 5868 circa
2974 5811 3300 5867 monachum
3349 5805 3719 5867 Cantuariensem
