3904 6306
142 417 231 473 51⁸1
1158 452 1161 457 ι
1208 411 1531 470 HISTORIA
1565 412 1927 472 NOVORUH.
1967 444 2038 457 —-
2066 414 2199 471 LIB.
2234 415 2324 473 \‘l.

3280 425 3387 483 5l8

141 537 374 601 geruntur
417 528 468 581 in
508 524 719 590 Scotia,
747 525 1005 596 quiddam
1053 526 1253 581 nostris
1280 526 1495 582 saeculis
1542 525 1698 581 inau-
1722 532 1774 590 Α
1802 524 2096 581 multorum
2141 539 2351 583 mentes
2397 529 2687 596 exterruit,
2724 538 2886 602 atque
2937 531 3197 600 turbavit,
3228 543 3286 590 et
3313 536 3383 595 de

140 624 288 677 ditum
312 619 569 688 contingit
621 619 670 672 in
700 618 909 685 Anglia.
970 617 1307 673 Willhelmus
1354 618 1499 672 enim
1552 616 1695 671 filius

138 713 263 783 regis
310 710 544 777 Henrici,
596 708 750 777 cujus
787 709 839 762 in
885 707 1263 779 superioribus
1304 708 1465 777 hujus
1512 706 1695 776 operis

140 801 383 859 nonnullis
440 802 806 867 meminimus,
843 799 1060 856 Patrem
1091 815 1247 854 suum
1284 813 1315 853 a
1360 798 1694 854 Northman-

139 898 210 950 nia
255 895 303 948 in
341 894 588 963 Angliam
630 907 941 962 regressum
989 892 1141 960 sequi
1170 892 1453 962 «gestiens,
1497 892 1691 945 navem

139 976 431 1055 ingreditur,
463 985 680 1053 copiosa
708 982 989 1044 nobilium,
1020 983 1272 1043 militum,
1305 994 1597 1050 puerorum
1628 992 1693 1031 ac

137 1077 428 1132 feminarum
481 1074 823 1129 multitudine
875 1074 1188 1128 comitatus.
1246 1072 1347 1140 Qui
1390 1085 1512 1125 mox
1564 1083 1693 1140 por-

138 1178 231 1222 tum
275 1167 435 1221 maris
481 1166 653 1221 evecti
705 1166 952 1233 miraque
1001 1163 1144 1219 aeris
1197 1164 1493 1219 serenitate
1539 1160 1687 1225 freti,

136 1258 251 1313 freto
276 1257 467 1325 elapsi,
521 1257 572 1309 iu
625 1256 839 1310 modico
878 1257 1035 1309 navis
1065 1270 1171 1324 qua
1200 1253 1565 1317 vehebantur,
1597 1266 1690 1304 ru-

133 1364 236 1418 pem
282 1349 584 1411 incurrens,
633 1362 824 1402 eversa
887 1357 993 1413 est,
1039 1357 1095 1401 et
1142 1360 1330 1400 omnes
1381 1343 1472 1414 qui
1519 1344 1573 1400 in
1623 1357 1688 1397 ea

134 1438 431 1503 residebant,
460 1450 694 1508 excepto
727 1440 929 1494 rustico
954 1453 1084 1503 uno,
1114 1446 1169 1492 et
1194 1436 1334 1506 ipso,
1367 1444 1427 1491 ut
1468 1433 1685 1489 fereba-

134 1538 220 1591 tur,
259 1542 350 1581 nec
394 1528 613 1581 nomine
642 1526 826 1597 digno,
874 1529 967 1598 qui
1012 1527 1150 1582 mira
1181 1526 1271 1580 Dei
1314 1524 1488 1596 gratia
1529 1524 1685 1578 vivus

132 1617 294 1680 evasit,
347 1618 570 1673 marinis
621 1616 877 1674 ﬂuctibus
927 1628 1053 1675 sunt
1098 1618 1363 1689 absorpti.
1418 1616 1548 1685 Quae
1597 1632 1686 1673 res

1797 615 2025 671 occultis
2043 616 2175 686 justi
2207 617 2299 671 Dei
2320 618 2541 687 judiciis
2568 619 2621 673 in
2644 622 3059 679 admirationem
3086 627 3382 683 concussit.

1798 704 1876 759 Eo
1903 713 2083 760 tamen
2125 706 2289 761 citius
2333 709 2518 762 sedata
2561 719 2646 765 est
2698 712 2752 765 in
2791 712 3145 782 plurimorum
3187 717 3385 773 animis

1798 795 1958 865 hujus
2006 798 2341 865 turbationis,
2383 799 2727 872 immanitas,
2771 806 2897 873 quia
2933 807 3170 861 animam
3219 810 3384 880 regis,

1798 902 1957 956 quem
2006 889 2243 944 maxime
2288 889 2392 944 hoc
2428 890 2783 947 infortunium
2828 895 3179 965 respiciebat,
3228 898 3381 954 vide-

1796 976 1927 1031 bant
1951 978 2092 1032 virili
2141 978 2323 1033 animo
2358 996 2419 1034 se
2457 992 2725 1050 agentem,
2772 994 2826 1036 et
2864 986 3102 1053 aequitati
3145 986 3384 1055 judicio-

1796 1084 1916 1123 rum
1956 1069 2074 1134 Dei,
2105 1071 2191 1125 cui
2226 1084 2385 1126 nemo
2415 1074 2667 1128 resistere
2712 1084 2909 1143 potest.
2968 1077 3082 1133 haec
3112 1079 3385 1137 submisso

1795 1170 1948 1232 gestu
1975 1171 2027 1216 et
2066 1178 2196 1218 voce
2233 1164 2643 1220 attribuentem.
2683 1166 2739 1220 lu
2780 1168 2863 1221 his
2900 1184 3131 1238 namque
3161 1186 3219 1225 se
3251 1187 3383 1227 con-

1782 1253 2009 1310 -solans.
2052 1255 2244 1310 humili
2288 1257 2481 1326 spiritu
2520 1268 2577 1313 et.
2625 1274 2723 1314 ore
2767 1261 2904 1315 dixit
2939 1263 3083 1331 quod
3127 1265 3381 1320 omnibus

1792 1346 2118 1403 Christianis
2155 1348 2207 1402 in
2238 1349 2453 1405 cunctis
2482 1353 2769 1407 eventibus
2797 1353 2914 1407 suis
2941 1353 3227 1409 dicendum
3265 1354 3381 1410 fore

1792 1437 2081 1504 intellexit,
2115 1439 2388 1503 videlicet,
2437 1440 2517 1495 Sit
2560 1459 2745 1497 nomen
2792 1443 3004 1499 Domini
3055 1445 3381 1500 benedictum

1791 1528 1845 1584 in
1873 1527 2092 1584 saecula.
2118 1528 2289 1583 Amen
2320 1528 2444 1599 (Job
2478 1546 2515 1596 ι,
2544 1530 2660 1602 21).

132 1753 2717 1777 MM

1311 1901 1672 2031 LIBER
1743 1848 2242 2033 SEXTUS.
2286 1854 2287 1857 ᾧ

1612 2095 1891 2112 ἡ

180 2250 279 2318 Qua
302 2244 639 2317 jocunditate
667 2254 723 2301 et
749 2244 1109 2301 exsultatione
1135 2258 1358 2315 regnum
1388 2240 1591 2312 Angliae
1621 2240 1675 2295 in
1708 2220 1752 2279 Β
1784 2235 2076 2306 praemissae
2120 2235 2349 2291 intentio
2379 2251 2555 2308 pcenze
2585 2252 2765 2309 regem
2810 2241 2892 2295 Vel
2936 2242 3243 2313 pontificem
3271 2244 3373 2301 ali-

123 2339 271 2393 reditu
309 2336 447 2407 regis
488 2334 848 2390 exhilaratum
893 2332 1077 2397 fuerit,
1124 2333 1214 2403 qui
1248 2330 1505 2400 temporis
1537 2329 1681 2385 illius

124 2429 420 2495 recordatur,
460 2436 547 2492 et,
573 2441 659 2481 me
703 2434 935 2489 tacente,
968 2426 1251 2480 advertere
1280 2422 1499 2494 poterit.
1547 2423 1683 2491 Spes

123 2520 289 2574 etenim
322 2534 522 2590 magna
564 2516 743 2589 magni
782 2516 909 2570 boni
959 2515 1251 2570 multorum
1300 2513 1573 2569 mentibus
1601 2520 1683 2568 est

122 2609 222 2665 inde
258 2610 545 2680 profecta,
601 2623 721 2677 qua:
777 2607 878 2662 sibi
947 2606 1289 2677 promitteret
1338 2604 1580 2659 levamen
1630 2609 1685 2656 et

124 2702 348 2758 auxilium
376 2719 404 2756 a
432 2702 653 2773 magnis
685 2699 866 2765 malis,
892 2715 1121 2769 quorum
1154 2699 1312 2753 tardio
1340 2697 1564 2752 nimiutn
1588 2712 1683 2750 an-

126 2794 256 2849 tehac
282 2793 604 2849 videbantur
629 2792 848 2848 infecta.
885 2791 1080 2846 Verum
1116 2790 1242 2846 dum
1273 2788 1415 2843 fama
1449 2787 1682 2843 intonuit

114 2884 475 2945 'Willhelmum,
507 2884 626 2954 jam
657 2882 785 2937 olim
816 2882 966 2951 regni
1001 2881 1274 2936 haeredem
1316 2880 1677 2950 designatum,

114 2977 176 3032 de
194 2978 353 3032 medio
378 2993 499 3032 esse
527 2976 823 3040 sublatum,
855 2991 963 3030 non
994 2990 1155 3045 parva
1184 2975 1337 3028 bona:
1363 2973 1479 3043 spei
1504 2972 1679 3043 portio
1774 3020 1779 3025 .

1772 3076 1947 3132 gnum
1973 3058 2311 3128 proruotioue
2340 3068 2520 3114 actum
2556 3060 2803 3115 estinter
2827 3065 2974 3131 regni
3004 3066 3368 3135 sublimiores,

124 3070 275 3138 periit,
299 3070 661 3125 consideratis
701 3068 1006 3137 injustitiis,
1045 3082 1166 3137 qua:
1204 3067 1259 3121 in
1287 3068 1436 3121 omni
1483 3080 1681 3135 genere

123 3160 366 3216 hominum
394 3161 501 3217 illis
552 3160 741 3215 diebus
769 3160 1141 3228 emergebant.
1179 3160 1433 3213 Attamen
1472 3172 1567 3213 rex
1603 3158 1680 3213 le-

122 3252 233 3320 galis
253 3252 454 3323 coniugi
494 3268 641 3308 nexu
665 3251 794 3307 olim
817 3252 1047 3316 solutus,
1077 3268 1144 3307 ne
1173 3252 1303 3321 quid
1336 3251 1561 3306 ulterius
1596 3250 1678 3306 in-

123 3342 367 3399 honestum
392 3345 780 3405 committeret,
827 3342 1058 3397 consilio
1098 3340 1306 3397 Radulfi
1362 3340 1678 3396 Cantuario—

122 3447 218 3487 rum
260 3436 529 3504 pontiticis
568 3442 621 3489 et
652 3432 955 3503 principum
990 3430 1165 3503 regni,
1203 3446 1339 3500 quos
1386 3444 1575 3486 omnes
1619 3430 1675 3486 in

120 3524 380 3593 Epiphania
425 3524 644 3580 Domini
684 3522 784 3577 sub
819 3538 925 3577 uno
970 3520 1266 3576 Lundonia:
1303 3520 1670 3591 congregavit,

119 3615 324 3669 decrevit
349 3616 449 3670 sibi
484 3616 545 3669 in
580 3629 800 3669 uxorem
841 3612 1176 3668 Alhelcidem
1202 3612 1370 3666 ﬁliam
1416 3609 1672 3665 Godfredi

120 3705 245 3761 ducis
296 3705 686 3774 Lotharingite,
723 3704 953 3774 puellam
988 3703 1269 3771 virginem,
1320 3701 1477 3757 bonis
1508 3699 1673 3756 mori-

104 3793 199 3849 bus
235 3806 285 3850 et
327 3798 532 3852 decore
583 3794 809 3849 modesti
843 3794 1021 3849 vultus
1050 3794 1308 3848 decenter
1338 3791 1670 3861 insignitam.

116 3883 179 3937 Ad
205 3884 349 3955 hujus
394 3886 565 3957 igitur
600 3883 802 3954 copula:
831 3884 1219 3954 perfectionem
1257 3882 1450 3937 directi
1500 3882 1669 3937 muttii

117 3986 235 4043 sunt,
257 3978 340 4047 qui
370 3995 495 4034 cum
533 3977 616 4031 his
635 3991 770 4046 quos
795 3976 903 4031 dux
947 3982 1278 4029 memoratus
1304 3972 1551 4043 Angliam
1575 3988 1671 4044 pro

117 4063 199 4119 hoc
220 4067 326 4136 ipso
353 4068 748 4129 destinaverat,
775 4063 1121 4119 festinantius
1146 4064 1310 4126 irent,
1340 4071 1396 4115 et
1436 4061 1670 4116 futuram

116 4155 240 4224 regni
265 4157 564 4222 dominam,
598 4166 657 4209 ut
683 4154 926 4217 decebat,
962 4169 1175 4209 summo
1195 4168 1321 4207 cum
1347 4154 1552 4207 honore
1576 4154 1673 4207 ad-

117 4238 359 4297 ducerent.
402 4242 654 4298 Venienti
689 4256 821 4309 ergo
877 4240 954 4294 illi
995 4254 1257 4294 occursus
1294 4238 1670 4308 episcoporum

112 4338 160 4384 ct
204 4348 473 4402 procerum
531 4334 684 4404 regni
742 4332 958 4397 Dofris,
1012 4331 1101 4385 ubi
1157 4328 1393 4401 appulit,
1451 4330 1672 4399 grandis

117 4420 265 4481 factus
304 4439 407 4496 est,
452 4436 509 4483 et
558 4427 683 4482 inde
724 4426 793 4481 ad
840 4424 1046 4480 curiam
1081 4422 1224 4493 regis
1260 4435 1430 4493 usque
1473 4421 1673 4494 perdu-

117 4522 203 4572 cla.

173 4610 292 4667 Cum
322 4612 436 4685 hate
468 4612 545 4667 ita
591 4611 1041 4666 administrantur
1071 4615 1335 4664 conventu
1365 4606 1666 4678 principum

115 4700 188 4766 qui
211 4716 300 4770 pro
322 4720 556 4760 occursu
588 4704 785 4773 regina:
807 4704 982 4757 factus
1010 4701 1183 4755 fuerat
1209 4700 1445 4754 nondum
1469 4699 1665 4765 soluto,

115 4806 311 4863 magnus
339 4812 522 4852 sermo
545 4796 764 4851 habitus
780 4805 863 4871 est
893 4795 958 4850 de
986 4794 1213 4850 discidio
1234 4793 1379 4863 quod
1404 4808 1470 4848 eo
1497 4806 1667 4862 usque

1772 2339 2055 2411 .quatenus
2081 2329 2453 2395 conturbaret,
2484 2345 2549 2385 ex
2581 2336 2853 2389 communi
2885 2336 3111 2391 consilio
3141 2338 3375 2407 permis-

1772 2436 1878 2495 sus
1902 2431 1985 2477 est
2013 2422 2153 2477 idem
2182 2419 2545 2491 Thurstanus;
2569 2423 2816 2495 Angliam
2851 2427 3048 2495 redire,
3082 2436 3135 2482 et
3166 2426 3373 2483 Ebora-

1785 2528 1910 2567 cum
1940 2513 2085 2582 regia
2118 2510 2224 2577 via,
2256 2512 2463 2567 venire.
2502 2511 2655 2580 Quod
2678 2524 2730 2569 et
2763 2514 2962 2571 factum
2993 2527 3075 2572 cst
3099 2532 3160 2572 ea
3190 2518 3371 2589 dispo-

1772 2602 1984 2669 ,sitione
2013 2611 2072 2656 ut
2106 2602 2410 2657 nullatenus
2432 2611 2588 2657 extra
2619 2606 2936 2673 parochiam
2973 2607 3370 2664 Eboracensem

1772 2691 2029 2759 divinum
2077 2692 2311 2747 oflicium
2351 2692 2673 2760 celebraret,
2713 2695 2886 2751 donec
2936 2697 3190 2755 Ecclesia:
3234 2698 3375 2756 Can-

1786 2784 2047 2839 tuariensi
2089 2785 2156 2839 de
2200 2784 2428 2853 injuria,
2475 2800 2638 2855 quam
2691 2788 2740 2843 ei
2781 2789 3070 2858 intulerat,
3125 2791 3372 2862 abjurala

1766 2876 1965 2943 cordis
1996 2876 2077 2928 sui
2109 2862 2491 2941 obstinatione,
2530 2876 2889 2934 satisfaceret.

1860 2966 1986 3021 lla-c
2032 2967 2175 3021 inter
2204 2966 2271 3021 de
2320 2966 2518 3036 regina:
2567 2968 2933 3035 maritatione,
2983 2946 3151 3027 necne
3182 2974 3236 3029 in
3286 2990 3372 3032 re-

1780 3160 1833 3205 ct
1862 3152 1912 3205 in
1956 3150 2270 3206 \‘indlesora
2299 3150 2472 3219 ipsum
2499 3152 2769 3222 negotium
2797 3156 3161 3212 administrari
3187 3159 3369 3229 dispo-

1780 3242 1943 3296 situm
2007 3252 2110 3299 est.
2172 3241 2273 3297 Ubi
2302 3257 2443 3301 cum
2487 3244 2774 3314 episcopus
2819 3244 3205 3314 Serberiensis,
3244 3252 3369 3321 quia

1778 3341 2016 3387 castrum
2049 3332 2226 3402 ipsum
2277 3332 2330 3387 in
2369 3334 2592 3389 dioecesi
2643 3351 2741 3390 sua
2796 3339 3078 3406 consistit,
3132 3342 3368 3399 oflicium

1779 3420 1948 3492 ipsius
1970 3424 2174 3494 copula:
2206 3423 2468 3478 niteretur
2488 3422 2875 3491 administrari,
2895 3431 3288 3487 contradictum
3310 3418 3366 3490 et

1778 3514 2183 3582 comprobatum
2211 3515 2278 3569 ab
2306 3504 2428 3569 aliis
2457 3524 2556 3578 est,
2601 3518 2769 3589 magis
2801 3520 2866 3575 ad
2898 3521 3365 3595 archiepiscopum

1777 3602 2224 3661 Cantuariensem
2273 3606 2325 3661 id
2369 3607 2662 3677 pertinere,
2690 3625 2754 3665 ea
2784 3612 2994 3668 ratione
3017 3615 3159 3683 quod
3190 3632 3280 3671 rex
3311 3628 3367 3673 et

1754 3696 1961 3769 regina
1991 3697 2252 3766 speciales
2272 3713 2336 3752 ac
2367 3699 2648 3754 domestici
2683 3703 2996 3771 parochiaui
3024 3715 3150 3759 sunt
3171 3705 3363 3775 ipsius,

1781 3800 1882 3839 nec.
1939 3785 2229 3841 dimcescm
2263 3787 2500 3857 cujusvis
2530 3790 2766 3860 episcopi
2797 3791 2845 3846 ei
2884 3807 3041 3863 posse
3071 3798 3364 3867 praeripere

1774 3879 1913 3946 quod
1961 3878 2040 3933 sui
2075 3879 2213 3949 juris
2264 3878 2599 3948 dignoscitur
2651 3895 2805 3949 esse,
2849 3897 2971 3937 cum
3026 3894 3133 3940 tota
3192 3897 3361 3956 terra,

1772 3971 1886 4044 lege
1930 3973 2211 4045 primatus,
2255 3972 2561 4028 Carttuariae
2596 3976 2852 4045 parochia
2888 3992 2985 4032 sua
3027 3981 3119 4046 s't,
3150 3990 3205 4034 et
3241 3997 3365 4037 om-

1773 4081 1868 4119 nes
1895 4064 2131 4134 cpiscopi
2186 4066 2348 4119 totius
2394 4065 2580 4121 insula:
2630 4068 2918 4137 parochias
2970 4085 3106 4139 quas
3160 4072 3364 4132 habent

1774 4170 1881 4207 non
1914 4155 2015 4235 nisi
2044 4156 2112 4207 a'n
2136 4155 2249 4223 ipso
2280 4164 2331 4208 ct
2357 4170 2451 4224 per
2477 4155 2649 4225 ipsum
2674 4156 2929 4212 habeant.
2970 4159 3165 4215 Sedata
3197 4162 3363 4234 igitur

1774 4244 1825 4298 in
1860 4243 1944 4299 his
1990 4247 2362 4301 controversia
2400 4255 2504 4302 est.
2556 4246 2741 4317 Itaque
2784 4248 3048 4318 ,quoniam
3098 4250 3362 4311 Radullus

1774 4336 2233 4407 archiepiscopus,
2260 4338 2505 4411 corporis
2545 4338 2820 4397 debilitate
2870 4351 3144 4413 gravatus,
3197 4345 3363 4402 mini-

1774 4428 2003 4481 sterium
2035 4428 2208 4499 ipsum
2234 4441 2533 4502 opportune
2558 4432 2781 4503 exsequi
2806 4434 3084 4505 nequibat,
3125 4433 3361 4507 injunin

1773 4521 1901 4577 illud
1939 4522 2192 4593 episcopo
2220 4522 2583 4581 Wintoniensi
2630 4543 2720 4594 ne,
2756 4528 2802 4582 si
2845 4524 3129 4599 episcopus
3160 4528 3361 4587 Serbe-

1773 4614 1968 4669 riensis
1995 4613 2122 4669 illud
2168 4610 2607 4683 administraret,
2635 4619 2853 4687 insuper
2882 4620 3122 4674 venturis
3149 4630 3360 4690 tempo-

1752 4690 1922 4762 ~ribus
1949 4707 2148 4778 aliquis
2188 4706 2291 4763 tale
2319 4709 2446 4778 quid
2479 4700 2545 4762 ex
2575 4724 2686 4763 sua:
2724 4707 2999 4763 Paret-hia:
3034 4710 3359 4767 auctoritate

1769 4814 1933 4872 quam
1994 4814 2075 4877 ex
2108 4798 2517 4855 Cantuariensis
2568 4799 2807 4870 episcOpi
2862 4800 3202 4871 obedientia,
3252 4802 3357 4860 sibi

115 4888 401 4945 versabatur
429 4889 900 4959 interlladulfum
933 4890 1399 4960 archiepiscopum
1431 4888 1666 4943 Cautua-
1691 4929 1744 4991 Β
1768 4889 2089 4945 vindicaret.
2134 4887 2191 4945 In
2229 4890 2468 4946 crastino
2507 4899 2685 4945 autem
2717 4888 3037 4960 expletionis
3073 4888 3232 4946 ofﬁcii
3263 4891 3357 4948 hu-

115 4975 352 5059 ricnsem,
397 4991 453 5035 et
491 4981 857 5037 Thurstanum
906 4981 1327 5037 Eboracensem.
1379 4977 1661 5048 Siquidem

113 5062 210 5135 ipse
235 5068 589 5138 Thurstanus,
616 5082 771 5143 prout
797 5089 956 5145 supra
977 5074 1382 5145 descripsimus,
1405 5088 1434 5127 a
1456 5072 1664 5129 Calixto

113 5161 366 5232 cpiscopus
409 5164 714 5232 ordinatus,
767 5164 977 5220 litteras
1007 5167 1075 5219 ah
1107 5165 1222 5236 ipso
1252 5163 1484 5226 Calixto.
1514 5179 1663 5220 more

114 5262 203 5315 quo
226 5261 409 5322 cunqta
432 5253 618 5309 Romae
645 5254 1027 5325 impetrantur,
1051 5255 1281 5325 adeptus
1304 5255 1510 5321 fuerat;
1543 5253 1663 5324 qui-

112 5339 517 5415 busiubebatur,
552 5358 609 5404 ut
650 5348 765 5420 ipse
809 5349 1154 5405 Thurstanus
1197 5349 1512 5418 episcopatu
1561 5360 1661 5402 suo

1766 4980 1876 5051 jus,
1909 4980 2036 5035 dum
2068 4979 2121 5035 iu
2152 4981 2394 5051 reginam
2427 4980 2540 5051 ipsa
2574 4979 2749 5050 puclla
2785 4979 3028 5035 benedici
3056 4981 3354 5050 debuisset,

1770 5069 1958 5139 etjam
1987 5070 2133 5125 dicto
2171 5070 2396 5127 introitu
2440 5070 2617 5127 missa:
2664 5070 2825 5127 Patcr
2875 5070 3133 5126 Radulfus
3177 5071 3353 5143 ipsum

1768 5161 2005 5217 oflicium
2035 5161 2411 5218 celebraturus
2456 5162 2628 5218 sacris
2654 5162 2916 5218 altaribus
2943 5164 3229 5231 astitisset,
3256 5155 3354 5220 ad-

1768 5251 1932 5306 vettit
1982 5266 2161 5321 regem
2214 5253 2265 5306 in
2316 5252 2454 5308 solio
2496 5268 2594 5308 suo
2651 5253 2839 5308 sedere
2894 5262 3244 5321 coronatura,
3295 5265 3351 5311 et

1766 5340 2063 5397 admiratus
2104 5349 2189 5398 est
2229 5340 2406 5399 sciens
2440 5342 2591 5413 regni
2624 5357 2878 5398 coronam
2905 5358 2966 5400 se
3011 5342 3084 5397 illi
3116 5359 3222 5400 non
3254 5345 3351 5400 im-

113 5436 365 5502 potiretur,
394 5449 489 5509 aut
520 5457 614 5498 rex
640 5442 1002 5509 anathemate,
1042 5450 1097 5499 et
1140 5440 1402 5497 Radulfus
1440 5455 1667 5510 suspen-
1762 5436 2030 5505 posuisse,
2078 5449 2179 5491 nec
2228 5435 2372 5489 illam
2422 5434 2490 5489 ab
2519 5436 2625 5490 alio
2666 5435 2919 5507 positam,
2971 5452 3029 5491 se
3056 5446 3345 5507 praesente,

113 5525 244 5583 sione
270 5532 599 5605 pontificalis
630 5533 790 5610 officii
838 5534 1192 5604 plecteretur.
1223 5534 1305 5589 Ad
1336 5533 1479 5603 quod
1525 5531 1665 5587 reci-
1752 5524 1877 5596 jure
1907 5527 2050 5584 ferre
2082 5528 2351 5583 debuisse.
2387 5525 2617 5583 Divertit
2664 5528 2830 5599 igitur
2869 5527 3148 5594 infulatus,
3185 5539 3238 5585 et
3263 5531 3351 5586 sui

116 5621 221 5670 lata:
274 5630 395 5675 sunt
446 5624 725 5679 sententiae
762 5624 1169 5694 privilegiorum
1227 5638 1347 5693 quae
1397 5620 1663 5692 superiori
1758 5624 2159 5693 patriarchatus
2182 5622 2317 5678 stola
2349 5623 2649 5691 redimitus,
2678 5623 2744 5678 ab
2773 5622 2954 5688 altari,
2982 5629 3038 5677 ct
3068 5623 3134 5676 ad
3164 5637 3345 5693 regem

115 5700 230 5761 libro
256 5710 558 5780 indidimus,
591 5725 645 5772 et
672 5731 834 5786 quam
874 5716 1035 5787 digne
1066 5716 1175 5771 Deo
1205 5718 1321 5771 hazc
1366 5714 1659 5786 apostolica
1760 5717 2045 5779 accedens,
2075 5730 2138 5769 co
2178 5715 2278 5772 sibi
2306 5716 2620 5788 suppliciter
2646 5724 2986 5785 assurgente,
3036 5713 3345 5769 sciscitatus

106 5792 501 5871 disPonerentur,
530 5806 1039 5866 intellectumcstab
1067 5807 1337 5866 omnibus.
1364 5805 1567 5863 Tamen
1592 5820 1660 5863 ne
1758 5814 1841 5862 est
1891 5806 2139 5876 quisnam
2171 5805 2333 5877 capiti
2387 5806 2503 5879 rjus
2535 5820 2793 5864 coronam
2844 5803 3219 5878 imposuisset;
3275 5803 3343 5857 ad
