3904 6306
596 384 704 443 569

1588 383 1895 441 EADMERI
1932 383 2490 444 CANTUABIENSlS
2530 387 2851 447 MONACHT

3696 402 3763 459 520

596 497 741 570 quod
770 488 857 550 ille
882 489 1120 549 demisso
1147 492 1404 559 voltu,se
1426 508 1532 548 non
1564 510 1819 565 magnam
1851 510 2038 548 curam
2060 494 2189 551 inde
2215 502 2262 560 Α
2290 498 2343 552 in
2378 498 2628 570 Angliam
2656 501 2992 557 voluntatem
3034 501 3354 578 iussumque
3388 509 3654 579 opperiens,
3677 530 3764 583 qui.

596 587 890 657 accepisse,
925 594 981 638 et
1021 584 1225 638 idcirco
1266 583 1541 638 memoriae
1571 584 1621 638 id
1663 584 1910 654 elapsum
1943 585 2180 639 modesta

593 692 730 733 voce
760 677 1056 747 respondit.
1090 674 1431 745 Quicunque,
1453 676 1552 741 ait,
1572 675 1730 728 illam
1762 675 1977 745 posuit,
1998 689 2101 729 neu
2129 675 2181 730 id

594 768 779 838 utiqne
799 765 922 835 iure
962 765 1110 830 fecit,
1141 780 1241 819 nec
1277 764 1517 834 quandiu
1546 763 1711 834 capiti
1750 775 1843 819 tuo
1879 766 1980 820 hoc
2024 766 2181 821 modo

592 859 873 923 insederit,
912 856 1173 928 propositi
1216 858 1417 928 negotii
1451 864 1745 913 exsecutor
1785 872 1890 912 non
1924 858 2177 913 existam.

586 946 689 1001 Cui
720 961 813 1001 rex
854 961 867 999 ξ
900 947 965 1001 Si
993 960 1099 1005 non
1139 944 1280 1015 jure,
1319 953 1379 1000 ut
1413 948 1635 1013 asseris,
1675 947 1926 1017 imposita
1957 957 2064 1013 est,
2095 948 2180 1003 fac

573 1044 734 1114 'quod
765 1034 913 1111 iuste
946 1040 1249 1097 faciendum
1298 1041 1413 1095 fore
1449 1042 1752 1111 cognoscis,
1791 1056 1877 1096 me
1909 1042 2180 1097 contradi-

589 1146 799 1190 etorcm
844 1133 897 1188 in
947 1133 1095 1187 nullo
1136 1131 1382 1187 habebis.
1434 1131 1685 1187 Pontifex
1732 1133 1917 1203 igitur,
1954 1131 2176 1188 elevatis

586 1225 865 1289 manibus,
895 1224 1115 1279 sustulit
1148 1226 1511 1279 coronamzde
1544 1224 1720 1295 capite
1756 1224 1895 1293 ejus,
1928 1224 2044 1295 ipso
2066 1223 2177 1278 dis-

587 1318 834 1373 solvente
868 1312 1114 1372 ansulam
1157 1333 1261 1387 qua
1290 1318 1391 1373 sub
1438 1329 1618 1371 mento
1662 1317 1913 1371 innodata
1943 1325 2083 1381 erat,
2110 1331 2175 1370 ne

582 1402 767 1484 capite
794 1401 1034 1467 in‘sidens
1058 1404 1355 1464 vacillaret.
1393 1407 1545 1475 Quod
1570 1407 1605 1462 ii
1630 1408 1720 1476 qui
1750 1408 2175 1462 circumstabant

587 1504 886 1567 intuentes,
934 1515 1120 1557 omnes
1149 1500 1287 1556 elata
1316 1498 1813 1566 voce‘pOntiticcm’
1838 1508 2081 1569 parcere,
2118 1507 2174 1553 et

588 1595 737 1665 regio
758 1593 920 1663 capiti
942 1607 1196 1648 coronant
1226 1591 1503 1646 remittere
1529 1591 1856 1661 petiverunt.
1888 1590 2174 1660 Acqnievit

586 1684 698 1751 ille,
726 1694 782 1741 et
811 1698 932 1739 mox
954 1683 1328 1753 iuxta-regem
1348 1678 2097 1743 eoronatnmstzmsrﬂloria.
2116 1680 2199 1735 in-

583 1777 801 1831 excelsis
842 1777 971 1842 Deo,
1003 1775 1068 1829 ad
1097 1775 1350 1845 inemptas
1374 1773 1606 1829 cilicium
1650 1774 1830 1828 missae
1873 1772 2166 1839 inchoavit,

2287 597 2448 645 tenus
2497 590 2646 647 illum
2675 594 2743 647 ad
2784 608 2846 649 se
2895 595 3276 664 perducerent.
3301 598 3497 666 Quibus
3519 604 3654 660 etiam
3690 609 3763 679 ipse

2272 695 2403 745 πει,
2434 682 2863 753 prudentiusus
2886 686 3139 752 consilio,
3170 687 3409 757 iniunxit
3444 705 3667 760 quatenus
3698 699 3765 756 iter

2276 770 2399 841 eius
2421 773 2500 828 ita
2526 774 2883 844 disponerent
2932 784 2990 831 ut
3020 786 3143 845 post
3185 777 3475 845 ingressum
3512 782 3681 854 Anglia:
3701 806 3764 843 nec

2279 862 2566 929 ecclesias,
2615 879 2718 919 nec
2759 867 3096 921 monasteria
3142 868 3393 937 quaelibet
3431 872 3493 925 ad
3534 887 3586 927 se
3610 876 3765 933 tench

2280 956 2589 1026 hospitandi
2612 958 2789 1029 gratia
2806 960 3211 1031 ingrederetur,
3240 978 3341 1018 nec
3366 963 3564 1021 aliunde
3582 982 3704 1037 quam
3724 978 3764 1023 ite

2268 1049 2392 1104 suis
2425 1049 2944 1108 vietus‘necessaria
2977 1054 3029 1109 ei
3071 1054 3522 1111 ministrarentur.
3547 1057 3765 1116 Perductus

2277 1139 2443 1211 igitur
2492 1143 2560 1197 ad
2624 1158 2807 1215 regem
2862 1146 3021 1216 digne
3070 1147 3140 1202 ab
3194 1162 3262 1203 eo
3304 1159 3569 1220 susceptus
3609 1164 3689 1207 est.
3725 1156 3765 1210 Et

2272 1232 2521 1302 exposita
2557 1233 2642 1288 sui
2690 1234 2953 1291 adventus
2988 1252 3176 1301 causa,
3225 1254 3339 1305 rex,
3378 1240 3583 1296 obtensa
3609 1249 3764 1313 expedi-

2272 1326 2444 1389 tione,
2504 1326 2566 1385 in
2604 1340 2711 1396 qua
2745 1334 2875 1381 tunc
2903 1336 3028 1384 erat
3054 1376 3059 1381 .
3088 1330 3235 1399 (nam
3278 1346 3439 1400 super
3467 1330 3699 1391 Walenses
3725 1352 3763 1388 ea

2270 1414 2595 1490 tempestate
2617 1420 2914 1475 exercitum
2939 1421 3215 1491 duxerat),
3231 1422 3369 1477 dixit
3390 1438 3447 1477 se
3470 1432 3599 1480 tanto
3616 1429 3764 1496 negoti

2272 1521 2495 1575 operam
2529 1518 2661 1561 tunc
2691 1507 2909 1575 quidem
2940 1508 3072 1562 dare
3095 1525 3204 1562 non
3232 1524 3413 1578 posse,
3443 1526 3554 1565 euut
3575 1511 3764 1579 legatione

2274 1598 2419 1654 illius
2453 1597 2700 1653 stabilem
2734 1600 3118 1655 auctoritatem
3161 1617 3270 1657 non
3311 1602 3412 1657 n'si
3446 1618 3534 1672 per
3552 1604 3765 1659 conniveo»

2252 1691 2409 1744 -tiam
2428 1691 2834 1760 episcoporum,
2866 1690 3231 1761 abbatumhet
3261 1707 3559 1761 procerum,
3581 1710 3633 1749 ac
3656 1697 3763 1750 totis

2275 1783 2425 1854 regni
2474 1792 2800 1837 conventum
2857 1783 3099 1837 roborari
3153 1798 3312 1853 posse
3350 1794 3616 1839 constaret.
3648 1786 3763 1855 Super

583 1871 864 1940 choroqne
894 1870 1176 1940 sequentia
1209 1876 1462 1935 canente,
1500 1853 2246 1949 altario.rcp'rarsmttatur.3B
2274 1853 2389 1945 [nec
2428 1871 2531 1945 sibi
2568 1872 2771 1959 patrias
2807 1870 3228 1927 consuetudines
3272 1872 3343 1927 ab
3388 1874 3646 1943 apostolica
3678 1853 3760 1928 sede

582 1962 790 2033 Regina
847 1963 1032 2031 itaque
1086 1960 1138 2015 in
1174 1976 1399 2029 regnum
1449 1972 1769 2013 consecrata
1822 1968 1925 2023 est,
1974 1966 2030 2011 et
2055 1958 2171 2012 dies

578 2051 809 2107 festivus
832 2060 887 2106 ct
908 2051 1095 2107 hilaris
1124 2050 1271 2105 omni
1300 2048 1497 2121 populo
1524 2050 1614 2118 qui
1646 2048 1981 2104 conﬂuxerat
2010 2048 2169 2103 habi-

579 2148 668 2211 tus
693 2149 801 2218 est.
971 2143 975 2145 “
1050 2198 1059 2205 ,
1270 2214 1284 2218 η
1489 2217 1494 2218 ί
1633 2202 1639 2208 .
1808 2206 1813 2209 λ
1974 2208 1983 2214 .

652 2215 796 2288 Ροει
836 2232 951 2287 haec
992 2215 1433 2302 archiepiscopus
1463 2217 1583 2285 cum
1628 2222 1753 2301 rege
1790 2228 2169 2285 'Aliendoniam

577 2324 807 2379 veniens
832 2324 1155 2378 sacravitibi
1190 2324 1509 2388 llobertnm,
1537 2323 1627 2393 qui
1666 2323 1764 2393 ipsi
1796 2322 2017 2377 domino
2035 2323 2168 2395 regi,

581 2414 637 2469 in
676 2429 804 2469 cura
836 2430 1038 2483 panum
1076 2423 1129 2468 et
1159 2422 1575 2487 potusstrenne‘
1601 2414 1912 2468 ministrare
1942 2412 2167 2479 solebat,

580 2504 649 2556 ad
680 2504 1051 2573 episcOpatum
1103 2503 1411 2559 Cestrcnsis
1452 2519 1544 2558 seu
1600 2493 2044 2559 Conventriensis
2073 2502 2169 2558 Ec-

591 2592 793 2657 clesia',
830 2601 1051 2662 accepta
1101 2592 1250 2663 prius
1297 2592 1365 2645 ab
1394 2605 1459 2646 eo
1482 2591 1840 2663 professione,
1867 2608 1969 2662 qua
1994 2607 2072 2658 se,
2099 2608 2167 2646 ex

580 2684 805 2755 antiquo
828 2694 997 2765 more,
1018 2684 1239 2757 devovit
1260 2684 1380 2740 fore
1404 2686 1794 2761 subjectumoet
1820 2685 2164 2764 obedientem

567 2769 781 2831 'sanctze
812 2777 969 2830 matri
998 2766 1253 2830 Ecclesim
1283 2768 1687 2844 Cantnariensi,
1725 2788 1780 2833 et
1822 2772 2171 2847 pontiﬁcibus

576 2863 713 2933 ejus.
739 2864 998 2921 Sacratus
1018 2877 1100 2921 est
1123 2876 1305 2921 autem
1333 2883 1391 2922 Ill
1418 2867 1538 2921 ldus
1563 2867 1762 2935 Martii,
1789 2869 2168 2925 assistentibus

573 2958 632 3014 et
668 2952 1088 3028 coopera'ntibus
1114 2959 1240 3014 huic
1267 2968 1632 3024 sacramento,
1655 2958 1971 3017 Willbelmo
2001 2961 2169 3016 Wet:-

562 3058 703 3105 1auo
748 3052 1037 3121 episc0po,
1104 3049 1412 3105 Willhclmo
1477 3044 1789 3120 Exoriiensi,
1845 3054 2067 3110 Urbano
2112 3053 2167 3109 et

561 3141 853 3198 ‘Bernar'do
886 3144 1157 3213 episcopis
1192 3143 1556 3199 Waleusibns.
1598 3176 1601 3179 -
1676 3162 1679 3163 '

2271 1978 2581 2027 concessas,
2617 1977 2959 2032 nequaquam
3008 1977 3069 2018 se
3115 1964 3487 2033 mquanimiter
3522 1965 3760 2019 amissurum

2268 2053 2388 2111 fore
2423 2053 2723 2110 testabatur
2750 2055 2829 2123 (in
2876 2054 3071 2124 quibus
3112 2055 3247 2119 haec,
3274 2064 3333 2109 et
3361 2055 3426 2109 de
3469 2056 3676 2110 maximis
3695 2071 3760 2109 una

2270 2144 2408 2199 erat,
2446 2150 2567 2205 qua:
2601 2148 2828 2205 regnum
2879 2134 3085 2205 Anglia:
3124 2135 3356 2190 liberum
3403 2138 3466 2191 ab
3502 2137 3622 2190 omni
3659 2136 3758 2206 legati

2268 2220 2475 2282 diti‘one
2496 2225 2878 2297 constituerat)
2903 2226 3075 2281 donec
3100 2226 3214 2296 ipse
3228 2227 3367 2283 vita:
3390 2230 3613 2297 ιιι-περιιιί
3630 2245 3760 2298 super-

2270 2329 2439 2374 esset.
2503 2319 2598 2375 llis
2670 2319 2975 2388 horumque
3032 2319 3305 2375 similibus
3377 2322 3534 2391 regali
3583 2321 3756 2376 faettndu

2272 2410 2561 2480 magnifice
2613 2410 2933 2475 honoratus,
2961 2410 3111 2465 omni
3156 2410 3320 2466 modo
3370 2410 3464 2483 [αι.
3502 2410 3621 2467 nullo
3640 2410 3756 2481 ιιιοόο]

2259 2501 2332 2560 ‘se
2356 2504 2426 2558 illi
2447 2504 2741 2573 quidquam
2766 2501 3003 2573 antiquae
3024 2502 3307 2574 dignitatis
3330 2504 3677 2575 derogatorum,
3690 2504 3756 2555 into

2280 2606 2337 2650 ut
2373 2594 2654 2665 dignitatis
2680 2594 2849 2664 ipsius
2878 2594 3050 2664 gloria
3092 2594 3459 2666 undequaque
3479 2605 3757 2664 augmentare-

2256 2695 2381 2753 tur,
2412 2686 2700 2756 spopondit
2724 2686 2879 2757 plena
2907 2688 3015 2741 tide
3050 2685 3479 2742 elab‘oraturum.
3512 2687 3603 2741 Pax
3640 2688 3756 2751 itaque

2252 2779 2428 2833 ’tirma
2470 2780 2615 2833 inter
2634 2793 2729 2835 eos
2758 2778 2969 2833 ﬁrmata
2992 2788 3185 2846 est,.et
3204 2782 3302 2851 qui
3331 2780 3483 2851 legati
3505 2778 3755 2839 oliiriifuugi

2270 2866 2327 2922 in
2355 2874 2465 2920 tota
2504 2860 2791 2921 Britannia
2818 2868 3080 2933 venerat,
3100 2868 3375 2923 immunis
3412 2871 3475 2925 ab
3500 2869 3621 2923 omni
3642 2866 3755 2921 οωω

2271 2957 2386 3021 tali,
2436 2973 2557 3012 cum
2610 2958 2813 3029 ingenti
2866 2974 3087 3028 pompa,
3142 2959 3230 3013 via
3283 2977 3388 3031 qna
3436 2969 3625 3015 venerat
3654 2974 3753 3014 cura

2249 3050 2517 3119 ‘Augliam
2543 3065 2571 3103 a
2597 3065 2722 3120 rege
2748 3052 2945 3106 missus
2973 3060 3075 3106 est.
3109 3051 3290 3108 Dol‘ris
3314 3054 3491 3123 itaque
3518 3054 3753 3109 transfreta-

2248 3142 2460 3203 -turus,
2496 3139 2828 3196 SCantuariae
2893 3142 3112 3197 hortatu
3159 3144 3307 3215 regis
3360 3156 3412 3199 et
3461 3143 3752 3213 archiepiscopi

650 3237 784 3290 Dum
818 3210 933 3290 bare
957 3236 1061 3290 isto
1076 3210 1272 3291 ordine
1294 3237 1346 3290 in
1378 3224 1569 3308 Anglia
1599 3214 1976 3309 disponuntur,
2009 3238 2166 3295 fama:
2192 3210 2234 3268 Ο
2269 3230 2554 3301 magniﬁce
2599 3247 2630 3286 a
2666 3230 2937 3287 'lratribus
2978 3210 3271 3303 susceptus
3316 3246 3422 3302 est,
3467 3248 3517 3292 et
3554 3210 3664 3291 inter

573 3324 850 3380 certitudo
891 3324 1019 3380 illuc
1069 3340 1240 3395 usque
1277 3326 1483 3397 perlata
1514 3339 1598 3382 est
1644 3344 1836 3399 papam
1868 3329 2159 3392 Calixtum,

563 3416 1187 3486 'viritms‘undicunque
1237 3416 1532 3482 collectis,'
1580 3434 1744 3490 supra
1804 3429 2164 3475 memoratum

575 3500 917 3575 Mauricium,
955 3516 1312 3580 cognomento
1352 3510 1673 3577 Burdinum,
1714 3528 1873 3583 quem
1910 3502 2163 3568 vocatum

574 3598 896 3669 Gregorium
943 3601 1071 3656 sede
1098 3600 1392 3671 apostolica
1416 3603 1721 3675 imperator
1756 3618 1878 3657 cum
1908 3606 2021 3660 suis
2049 3600 2166 3659 fari-

587 3695 797 3750 toribus
843 3684 1036 3765 papam
1089 3682 1470 3762 constituerat,
1508 3684 1744 3768 cepisse,
1792 3713 2024 3768 cumque
2052 3700 2165 3753 suis

556 3774 826 3843 'omuibuc
858 3788 1161 3858 'spoliatum
1206 3790 1557 3854 monasterio,
1592 3791 1968 3845 utmonaclms
1996 3799 2160 3854 esset,

559 3878 966 3936 contumeliose
1008 3881 1313 3937 intr’usisse.
1362 3881 1481 3949 Quo
1527 3882 1674 3936 facto
1731 3880 1845 3951 ipse
1882 3883 2160 3953 :i'postblici

551 3963 821 4027 ’culminis
859 3956 1440 4043 securitate-‘pdtitus;
1466 3973 1633 4029 libera
1674 3976 2023 4039 auctoritate,
2051 3988 2159 4046 qua

557 4046 879 4118 'Rourauum
926 4064 1236 4135 pontiﬁcem
1299 4067 1396 4121 niti
1445 4052 1824 4137 (equum'less'e
1874 4070 2157 4139 probatur,

570 4168 1011 4230 quaquaversum
1040 4152 1133 4224 per
1157 4156 1359 4227 legatos
1384 4173 1511 4213 suos
1533 4160 1804 4214 utebatur.
1832 4159 1905 4215 De
1930 4151 2159 4230 quorum

548 4240 801 4334 .numero
828 4228 1090 4317 quidam,
1111 4249 1306 4334 Petrus
1340 4242 1582 4318 nomine,
1632 4252 1907 4307 Romanus
1938 4268 2156 4326 genere,

572 4339 873 4392 monachus
901 4324 1642 4411 Cluniace'nsisprofessione;
1660 4344 1806 4399 venit
1829 4346 1880 4398 in
1904 4324 2156 4410 Galliam,

550 4408 777 4485 ‘missns'
830 4429 1068 4502 ab'ipso
1118 4408 1376 4504 pontiiiee
1432 4433 1680 4503 functus,
1732 4444 1791 4490 ut
1857 4408 2153 4502 fereluitnr,

554 4510 1083 4619 legatione‘Gallire
1142 4528 1205 4579 ac
1291 4525 1454 4582 totius
1510 4518 1836 4594 Britannire,
1885 4516 2156 4582 lliberniie
2188 4564 2235 4623 ο

546 4628 805 4691 quoque,
869 4627 924 4671 et
983 4602 1319 4693 Orcadarum'
1351 4618 1671 4674 insularum.
1733 4619 2157 4689 Supercrcverat

547 4718 747 4801 iautem
781 4707 920 4763 fama
955 4709 1113 4764 istius
1140 4704 1342 4764 famam
1370 4710 1637 4776 omnium,
1666 4706 1792 4765 ante
1823 4727 1944 4764 eum
1977 4711 2027 4765 in
2060 4699 2156 4765 ha's

544 4788 747 4881 :partes
776 4814 819 4879 av
846 4799 1089 4854 Romana
1118 4801 1245 4855 sede
1274 4788 1691 4879 destinatomm,
1719 4804 1783 4855 et'
1818 4791 2065 4865 aibaies,
2094 4796 2156 4881 a'c

566 4890 808 4949 nonnulli
846 4894 934 4948 alii
979 4892 1079 4947 viri
1122 4882 1679 4957 videlicethouorati,
1720 4891 1837 4963 eius
1867 4880 2153 4949 adventum

546 4977 781 5063 ’Auglim’
829 4968 1213 5056 przeconatori,
1266 4986 1332 5039 ab
1388 5001 1453 5039 eo
1490 4978 1974 5055 przu'mit'tebantur.
2024 4984 2157 5039 Erat

561 5069 713 5129 enim
776 5075 922 5151 ﬁlius
966 5068 1119 5131 Petri
1172 5076 1607 5147 praeclarissirni,
1667 5092 1731 5129 ac
1768 5064 2153 5145 potentissimi

562 5164 826 5235 principis
871 5156 1276 5235 Remanornm,
1302 5162 1478 5245 :cnius
1531 5167 1664 5222 [ides
1698 5178 1751 5223 et
1789 5170 1933 5224 actio
1973 5164 2151 5245 magni

546 5256 777 5335 consilii
819 5266 875 5311 et
931 5257 1264 5313 fortitudinis
1292 5241 1414 5313 esse
1437 5248 1655 5335 :solcbat
1703 5260 1771 5316 iis
1807 5256 1911 5330 'qui
1942 5242 2153 5335 in‘scde

562 5334 859 5421 apostoiica
890 5352 1148 5407 canonice
1176 5326 1455 5409 constituti
1485 5350 1679 5409 Patres
1702 5326 1854 5409 orbis
1880 5330 2153 5407 habebati-

562 5450 668 5495 tur.
698 5428 953 5496 Attonita
968 5439 1132 5512 igitur
1166 5454 1275 5498 tota
1309 5453 1449 5499 terra
1479 5444 1531 5499 in
1563 5444 1969 5516 exspectatione
1997 5445 2149 5513 quasi

543 5533 697 5611 .tanti
747 5526 1040 5601 adventus,
1072 5528 1077 5589 Ῐ
1097 5537 1297 5593 direxit
1344 5556 1435 5595 rex
1486 5534 1769 5593 'l'lenricus
1813 5536 2148 5591 Bernardum

557 5618 870 5697 episcopum
901 5626 1088 5681 Sancti
1120 5628 1287 5683 David
1310 5629 1586 5693 deWalis,
1614 5635 1668 5682 et
1690 5626 1951 5683 Joannem
1983 5626 2148 5682 lilium

557 5704 737 5781 patrui
770 5716 853 5768 sui
901 5714 1162 5771 clericum
1198 5702 1349 5773 trans
1394 5734 1565 5783 mare,
1594 5718 1683 5772 ubi
1724 5731 1967 5787 eousque
2008 5712 2146 5772 idem

559 5802 1121 5873 Petrus'morabatnr,
1162 5808 1306 5877 regis
1350 5809 1747 5877 Anglorumde
1796 5809 2020 5864 introitu
2049 5810 2147 5864 sub

2270 3325 2451 3380 triduo
2489 3340 2616 3381 cum
2650 3322 2992 3393 iucunditate
3014 3338 3398 3384 eoriversatns.
3425 3328 3478 3384 In
3505 3344 3597 3398 quo
3619 3337 3753 3395 tempo-

2250 3417 2345 3472 'ris
2373 3416 2554 3487 spatio
2579 3416 2922 3487 querimonia
2974 3418 3116 3487 apud
3165 3434 3292 3474 eum
3338 3420 3563 3489 deposita
3602 3428 3662 3474 est
3694 3432 3753 3485 pro

2250 3511 2441 3580 'gravi‘
2472 3507 2669 3578 iniuria
2703 3525 2807 3579 qua
2852 3525 2985 3580 papa
3016 3509 3263 3566 Calixtus
3293 3512 3571 3567 Ecclesiam
3590 3509 3750 3564 Canite:-

2252 3603 2499 3657 riensem
2534 3602 2586 3656 in
2617 3598 2791 3656 causa
2812 3600 3106 3657 Thurstani
3146 3602 3502 3659 Eboracensis
3543 3600 3749 3657 liumiliare

2267 3708 2373 3747 non
2404 3691 2612 3746 veritus
2639 3700 2745 3757 est,
2776 3700 2832 3746 et
2854 3691 3203 3759 suislitteris
3238 3692 3482 3761 eamdem
3519 3687 3752 3745 humiliatio-

2270 3802 2392 3840 ncru
2411 3786 2609 3841 omissa
2631 3785 2817 3841 omnis
2836 3784 3057 3854 iustitia:
3097 3786 3542 3860 consideratione,
3560 3782 3749 3837 roborant.

2264 3878 2396 3943 Quae
2424 3877 2538 3945 ipse
2568 3875 2668 3930 levi
2702 3875 2852 3930 νιιΙιιι
2882 3890 2947 3930 ac
2972 3874 3088 3929 miti
3116 3886 3302 3930 mente
3327 3873 3618 3944 suscipiens,
3640 3866 3750 3938 priti-

2245 3967 2405 4034 'legia
2431 3968 2498 4020 ab
2527 3966 2768 4034 antiquis
2792 3964 3045 4019 Patribus
3066 3964 3192 4018 olim
3216 3980 3249 4017 a
3283 3964 3517 4019 Romana
3536 3962 3639 4016 sede
3664 3970 3741 4025 p03-

2264 4074 2410 4114 sessa
2442 4057 2651 4112 ostendi
2679 4056 2781 4111 sibi
2815 4056 3128 4125 postulavit,
3170 4064 3227 4111 et
3263 4056 3309 4111 si
3348 4065 3457 4109 rata
3489 4068 3595 4108 esse
3619 4051 3749 4120 proba-

2265 4162 2477 4216 rentur,
2537 4165 2657 4221 qua:
2698 4149 2915 4204 noviter
2957 4146 3210 4204 instituta
3268 4158 3446 4216 erant,
3495 4162 3551 4201 se
3579 4136 3749 4213 promisit

2243 4238 2669 4300 'elaboraturum
2705 4250 2763 4297 ut
2798 4241 2851 4296 in
2885 4242 3052 4297 nihilo
3093 4242 3479 4312 redigerentur.
3510 4236 3746 4293 Prudentia

2264 4336 2427 4405 igitur
2470 4333 2679 4388 ratione
2718 4333 2960 4387 virorum
3002 4333 3293 4403 probatum
3321 4340 3403 4387 est
3438 4328 3637 4385 bullatas
3654 4319 3745 4375 anti-

2238 4426 2447 4496 'quitus
2474 4426 2692 4481 chartas
2716 4423 2995 4489 incendio",
3026 4424 3170 4494 quod
3203 4434 3372 4479 totam
3400 4419 3745 4479 ecclesiamet-

2262 4519 2388 4574 dum
2412 4518 2655 4574 transitis
2672 4516 3069 4588 quinquaginta
3087 4517 3249 4572 annis
3266 4516 3487 4572 omnino
3506 4503 3746 4574 consumpsit

2242 4604 2382 4666 lesse
2406 4601 3239 4681 consumptas,"pa‘ncis’illa’rum
3273 4609 3326 4664 in
3351 4607 3567 4678 antiquis
3586 4598 3743 4659 scorda-

2241 4702 2347 4767 ‘lEs,’
2393 4717 2489 4759 seu
2529 4701 2803 4756 veteribus
2833 4700 2983 4756 libris
3010 4696 3228 4771 quoquo
3256 4700 3416 4757 modo
3454 4697 3620 4770 raptim
3649 4701 3745 4745 ιηι·

2258 4792 2475 4862 scriptis
2524 4806 2684 4863 a'que
2725 4793 2974 4859 retentis,
3013 4808 3246 4863 quarum
3276 4794 3490 4856 veritas,
3516 4800 3563 4844 et
3587 4780 3740 4841 Bowi

2257 4884 2383 4940 Stilo
2412 4883 2614 4953 eloquii
2654 4891 2707 4938 et
2759 4883 3109 4947 auctoritate,
3144 4882 3255 4952 iam
3298 4899 3395 4954 per
3416 4878 3741 4953 quadringenta

2258 4989 2311 5033 ct
2361 4993 2426 5032 co
2468 4975 2701 5046 arnplins
2730 4990 2901 5031 annos
2946 4973 3015 5030 ab
3061 4974 3178 5046 ipsa
3235 4974 3470 5031 Ecclesia
3512 4971 3741 5026 inconcusse

2256 5068 2872 5143 possessa-declaratur.
2919 5067 3130 5136 Quibus
3184 5067 3275 5128 iﬂe
3311 5063 3594 5138 perspectis
3634 5065 3739 5122 aut“

2257 5161 2535 5234 perpensis
2565 5169 2793 5216 testatus
2816 5160 2982 5215 etiam
3011 5159 3129 5229 ipse
3156 5168 3241 5214 est
3271 5156 3549 5213 Ecclesium
3572 5150 3737 5207 (Ἄθων

2254 5262 2487 5313 riensem
2535 5271 2697 5328 grave
2744 5254 2906 5310 nimis
2942 5252 2994 5309 et
3025 5252 3436 5308 immoderatum
3464 5238 3735 5318 ιιηὶυάἀάαη

2235 5350 2374 5403 “esse
2398 5364 2733 5420 perpessam,
2745 5355 2801 5402 et
2822 5356 3090 5416 quatenus
3104 5344 3448 5403 hocvelocius
3466 5336 3736 5404 corriperent“

2232 5445 2312 5499 'se
2340 5443 2513 5498 modis
2552 5442 2804 5496 omnibus
2832 5454 2989 5509 opem
3019 5434 3383 5494 adhibituram
3423 5427 3732 5504 pollide

2225 5534 2380 5589 Ῥοει
2404 5534 2517 5588 lucc
2542 5533 2789 5602 Angliam
2818 5508 3114 5602 egreditur,
3148 5543 3408 5601 prospero
3431 5508 3731 5589 cursum“

2250 5624 2425 5681 losum
2454 5630 2603 5680 mare
2628 5632 2869 5679 evectus.
3114 5674 3119 5677 _

2324 5718 2418 5773 llis
2464 5718 2535 5772 ita
2582 5716 2945 5779 variantibus,
2987 5728 3147 5783 supra
3197 5712 3496 5781 designatus
3529 5699 3729 5771 epiW‘

2252 5812 2448 5868 Scotize.
2473 5828 2501 5877 ,°
2542 5811 2852 5867 Cautuaria:
2907 5810 3164 5867 continue
3208 5807 3447 5877 degebat,
3490 5802 3601 5853 sicut
3642 5786 3725 5842 olm
