3904 6306
106 372 212 430 Sil

1279 372 1600 430 HlSTOlilA
1637 374 1995 433 NOVORUM.
2038 376 2165 435 LIB.
2194 376 2278 431 Vl.

3262 383 3385 439 γεω

111 492 443 563 priusquam
473 491 524 545 in
556 489 907 561 pontiﬁcatus
931 490 1133 546 electus
1158 502 1322 559 esset,
1357 494 1535 577 facere
1562 492 1702 548 sole-
1730 512 1777 571 Α
1806 490 2103 547 inimicitia.-
2152 494 2280 547 mihi
2311 508 2376 547 ex
2412 503 2590 549 vestra
2624 496 2779 565 parte
2804 512 2902 567 per
2929 512 3025 554 eos
3051 514 3190 566 quos
3228 504 3383 560 vobis

107 583 231 639 bat.
267 584 606 639 Conventum
636 583 1022 638 monachorum
1064 600 1169 638 non
1212 583 1371 639 facile
1421 585 1697 651 deserens,

108 676 210 731 sed
248 691 400 732 more
436 676 665 730 aliorum
693 690 813 729 sese
842 675 895 729 in
921 678 1173 732 omnibus
1205 679 1430 733 habens.
1461 677 1702 733 Transiit

108 770 163 824 in
219 771 347 826 istis
386 786 581 835 annus,
616 770 827 838 integer
848 778 905 824 et
933 772 1118 826 semis.
1156 773 1445 827 Venientes
1492 772 1699 827 interea

107 863 463 918 Cantuariam
526 863 725 919 diversi
778 863 1038 936 episc0pi,
1094 864 1340 928 abbales,
1395 873 1451 918 et
1499 865 1700 934 quique

105 955 344 1019 nobiles,
359 958 449 1025 qui
469 956 741 1011 hominem
766 973 835 1013 ex
849 956 1247 1013 cohabitatione
1265 956 1441 1011 Patris
1458 958 1697 1013 Anselmi

99 1050 384 1119 quondam
418 1058 602 1104 notum
632 1050 927 1115 habebant,
964 1051 1029 1104 de
1059 1049 1273 1119 negotio
1296 1049 1437 1103 illius
1466 1064 1697 1118 perenn-

70 1138 423 1193 ‘ctabantur.
478 1138 543 1193 Et
577 1139 823 1194 ordinem
866 1139 940 1192 rei
980 1138 1179 1204 edocti,
1225 1152 1346 1190 eum
1401 1136 1695 1192 Ecclesium

106 1243 274 1297 quam
307 1229 573 1283 canonice
617 1231 821 1283 electus
865 1229 1153 1298 regendam
1185 1235 1523 1294 susceperat,
1551 1226 1695 1279 nulla

104 1318 325 1372 ratione
346 1316 502 1386 juxta
534 1318 675 1373 scita
718 1335 985 1376 canonum
1018 1318 1387 1372 indemnatum
1424 1314 1697 1371 dimittere

106 1420 268 1477 posse
284 1407 543 1461 concordi
556 1410 832 1467 sententia
859 1414 1227 1473 asserucrunt,
1259 1405 1383 1459 licet
1410 1419 1700 1459 consecra-

106 1507 193 1552 tus
245 1513 355 1552 non
404 1497 586 1565 fuerit,
633 1501 951 1556 electionem
990 1500 1239 1555 videlicet
1297 1500 1697 1567 quodammodo

103 1591 513 1646 consecratieni
555 1601 816 1661 praestare
873 1601 1262 1650 contestantes.
1337 1594 1476 1651 Usus
1532 1594 1697 1663 igitur

103 1683 324 1738 illorum
351 1697 405 1740 et
436 1687 793 1755 quorumdam
824 1686 1052 1741 aliorum
1078 1688 1326 1755 consilio,
1361 1702 1530 1743 necne
1552 1687 1693 1742 beati

102 1774 288 1831 Patris
327 1777 408 1832 sui
451 1778 717 1844 Anseluﬁ,
746 1778 900 1848 cujus
925 1780 1081 1835 beata
1111 1780 1452 1835 conversatio
1482 1796 1603 1833 eum
1640 1780 1691 1834 in

1806 582 2103 638 familiares
2131 598 2254 639 esse
2289 584 2527 640 sciebam
2559 625 2575 652 ,
2630 586 3038 644 intenderentur
3071 631 3087 656 ,
3136 594 3238 649 nisi
3270 595 3387 665 epi-

1803 672 2045 742 sc0patui
2100 671 2340 728 funditus
2391 675 2659 741 cederem,
2704 686 2759 732 et
2801 677 2887 734 his
2937 690 3118 736 vester
3166 684 3385 743 habitus

1805 763 1952 818 circa
1987 778 2091 828 me,
2124 772 2178 818 et
2219 764 2534 831 dissaisitio,
2574 781 2678 836 qua
2713 784 2801 824 me
2843 770 2927 827 bis
2958 775 3121 829 rebus
3146 774 3213 828 ad
3244 789 3386 845 pon-

1806 854 2067 909 titicatum
2096 854 2513 926 pertinentibus,
2541 859 2659 913 sine
2683 860 2797 931 lege
2819 873 2874 917 et
2888 861 3095 932 judicio
3119 866 3384 937 spoliasti,

1804 953 2219 1010 attestarentur,
2263 949 2575 1002 necessario
2605 950 2784 1004 dimisi
2829 955 2969 1019 quod
3013 954 3249 1009 ablatum
3298 971 3383 1012 re-

1805 1034 1979 1091 tinere
2033 1052 2138 1093 non
2171 1039 2342 1107 potui.
2388 1039 2495 1094 Sed
2541 1042 2608 1095 de
2649 1042 2770 1096 istis
2800 1044 3077 1113 epislolari
3118 1047 3386 1104 brevitate

1802 1128 2030 1199 disquiri
2078 1132 2362 1186 connnode
2408 1146 2513 1187 non
2542 1134 2707 1189 valet.
2742 1135 3125 1206 Quamobrem,
3164 1142 3385 1198 omissis

1804 1219 1942 1284 istis,
1990 1222 2231 1277 breviter
2269 1240 2500 1296 suggero
2531 1227 2656 1296 quia
2693 1242 2737 1282 su
2773 1228 2827 1283 in
2872 1244 3005 1299 pace
3045 1242 3223 1287 vestra
3254 1248 3384 1302 per-

1802 1306 2035 1373 mittitis,
2070 1321 2125 1366 et
2161 1328 2318 1382 opem
2349 1315 2432 1383 (ut
2459 1325 2693 1370 vestram
2736 1318 2968 1386 regalem
2991 1320 3384 1393 sublimitatem

1800 1400 1977 1468 decet)
2010 1400 2151 1458 ferre
2184 1403 2483 1469 volueritis,
2511 1414 2572 1461 ut
2601 1409 2668 1463 ad
2711 1424 2809 1471 vos
2842 1410 3137 1466 honorifice
3165 1413 3385 1469 redeam
3428 1411 3437 1419 ’

1800 1492 1865 1546 ad
1905 1493 2230 1562 explendum
2274 1501 2417 1565 apud
2461 1513 2557 1553 vos
2582 1500 2862 1555 servitium
2896 1502 2991 1556 Dei
3026 1512 3081 1557 et
3115 1513 3380 1573 vestrum,

1798 1585 2095 1639 secundum
2123 1586 2456 1643 voluntatem
2501 1590 2597 1644 Dei
2645 1592 2883 1647 conabor
2919 1593 3022 1648 iter
3054 1596 3295 1665 aggredi,
3327 1604 3385 1653 et

1800 1677 1852 1731 in
1876 1677 2130 1733 omnibus
2158 1678 2421 1736 voluntati
2446 1692 2641 1737 vestrm
2664 1698 2876 1751 parere,
2900 1686 3026 1749 nisi,
3051 1687 3195 1756 quod
3217 1687 3381 1753 absit,

1800 1766 2049 1821 videatur
2073 1767 2337 1833 voluntati
2388 1771 2480 1825 Dei
2528 1773 2808 1837 resistere.
2850 1773 3005 1841 Quod
3035 1777 3079 1830 si
3126 1778 3382 1848 amplecti

72 1866 77 1869 ’
103 1866 295 1920 multis
328 1867 458 1920 olim
501 1867 912 1933 informaverat,
942 1869 1188 1939 exemplo
1222 1878 1567 1939 provocatus,
1598 1869 1689 1937 qui
1729 1864 1771 1917 Β
1799 1859 2023 1913 minime
2054 1860 2241 1928 vultis,
2271 1862 2413 1919 ultra
2444 1878 2551 1917 non
2579 1879 2821 1933 possum.
2875 1867 2985 1921 Deo
3028 1882 3246 1923 causam
3277 1869 3384 1929 Ee-

101 1953 228 2011 olim
265 1957 337 2011 ab
368 1958 561 2029 Anglia
609 1974 785 2029 (eque,
816 1968 875 2013 ut
918 1959 1032 2029 ipse
1072 1977 1101 2012 ει
1145 1959 1353 2025 Scotia,
1404 1974 1501 2029 pro
1530 1959 1693 2013 simili

101 2065 268 2104 causa
301 2051 417 2119 pari
447 2050 639 2106 ordine
668 2051 851 2121 pulsus
876 2049 1070 2119 fuerat,
1097 2051 1238 2107 sicut
1264 2051 1421 2122 longe
1444 2051 1694 2121 superius

103 2141 289 2196 habita
319 2144 524 2197 mentio
564 2154 666 2208 est,
699 2144 811 2212 regi
856 2144 1141 2199 Scotorum
1184 2143 1491 2214 epistolam,
1530 2157 1692 2213 quam

99 2250 227 2291 ecce
256 2236 671 2303 subscribimus,
699 2238 958 2307 scriptam
987 2237 1185 2291 direxit
1216 2254 1230 2291 :

174 2345 193 2377 ι
230 2326 547 2381 Alexandro
600 2328 795 2383 illustri
839 2330 952 2399 regi
993 2327 1276 2384 Scotorum
1304 2370 1319 2395 ,
1367 2329 1688 2396 Eadmerus,

99 2422 378 2489 quondam
425 2421 629 2477 electus
652 2422 941 2492 episcopus
969 2422 1192 2489 Scotiau,
1233 2422 1462 2477 salutem
1489 2431 1545 2478 et
1571 2438 1690 2477 ser-

102 2510 318 2563 vitium.

172 2620 190 2651 ς
231 2601 340 2657 Pro
366 2602 595 2673 benigna
629 2604 924 2671 voluntate,
952 2620 1114 2674 quant
1142 2620 1201 2660 se
1227 2620 1353 2675 erga
1386 2620 1473 2659 me
1507 2615 1687 2659 vestra

99 2694 419 2748 excellentia
472 2696 599 2749 olim
653 2696 908 2751 habuisse
958 2704 1262 2751 monstrare
1309 2696 1529 2766 dignata
1583 2704 1687 2761 est,

98 2788 325 2855 gratias,
378 2802 513 2856 quas
559 2801 798 2857 possum,
851 2788 1006 2844 vobis
1055 2788 1295 2843 exsolve.
1354 2788 1419 2842 Et
1472 2787 1689 2856 quidem

100 2875 455 2945 benignitatis
500 2889 690 2932 vestra:
737 2893 841 2933 non
891 2879 1208 2934 meritorum
1238 2893 1481 2933 meorum
1522 2876 1690 2933 fuisse

102 2980 203 3019 non
258 2970 466 3034 nescio,
501 2969 644 3038 quod
685 2970 1067 3039 pranertuissis
1096 2971 1419 3035 innumeris,
1467 2983 1605 3040 quos
1634 2978 1690 3024 et

102 3059 220 3113 vim
249 3062 513 3130 probitas,
543 3072 597 3116 et
625 3063 903 3132 sapientia:
931 3074 1094 3133 atque
1123 3063 1421 3132 prudentia:
1451 3063 1688 3117 illustra-

101 3148 184 3202 bat
215 3154 540 3217 auctoritas,
571 3168 656 3206 me
679 3155 731 3207 in
754 3155 1119 3224 cpiseOpatnm
1147 3154 1409 3225 elegistis,
1443 3165 1497 3209 et
1519 3169 1686 3226 regno

100 3253 302 3310 vestro,
333 3244 384 3297 in
415 3245 481 3298 iis
514 3262 633 3314 qum
671 3246 764 3299 Dei
793 3258 937 3307 sunt,
971 3262 1204 3316 pnecsse
1238 3246 1506 3302 voluistis.
1540 3246 1686 3301 Red-

100 3337 184 3388 dat
210 3337 369 3390 vobis
408 3338 750 3407 Omnipotens
788 3340 927 3394 Dcus
976 3354 1073 3408 pro
1100 3348 1204 3392 tam
1239 3340 1379 3394 bona
1410 3340 1688 3394 voluntate

101 3428 223 3483 illud
266 3431 549 3500 praemium
580 3434 723 3501 quod
767 3433 905 3487 bona
948 3433 1200 3488 voluntas
1251 3442 1491 3488 meretur
1543 3434 1686 3504 apud

103 3536 247 3577 cum.
302 3523 372 3577 Et
424 3525 527 3579 hoc
580 3526 769 3597 utique
827 3535 949 3582 orat
1014 3528 1256 3598 quotidie
1311 3537 1367 3582 et
1413 3526 1687 3582 desiderat

100 3614 273 3670 anima
302 3630 444 3671 inea.
471 3617 625 3684 Quod
659 3628 841 3673 autem
877 3632 965 3673 res
1008 3619 1194 3685 alium,
1228 3633 1391 3689 quam
1425 3617 1682 3688 propositi

100 3709 405 3763 communis
442 3690 598 3764 tenor
625 3710 911 3774 exstiterit,
940 3720 1190 3765 eventum
1236 3712 1426 3766 sortita
1452 3720 1556 3777 est,
1591 3710 1683 3764 Dei

102 3797 464 3868 dispositioni,
495 3814 657 3869 quam
687 3810 975 3869 penetrare
1001 3800 1081 3853 vel
1112 3800 1489 3869 subterfugere
1525 3814 1683 3855 nemo

102 3898 294 3960 potest,
318 3892 701 3947 ascribemlmn
735 3895 850 3949 fore
870 3908 976 3949 non
1003 3891 1211 3947 dubito.
1241 3893 1380 3961 Quid
1411 3902 1588 3949 tamen
1616 3907 1683 3948 ex

100 3982 336 4038 discessu
361 3998 481 4037 meo
502 4000 531 4037 a
556 3985 870 4055 pontiﬁcatu
894 3986 1202 4051 didicerim,
1228 3988 1271 4041 si
1300 3986 1526 4041 facultas
1549 3986 1679 4040 mihi

102 4076 322 4131 daretur
346 4078 612 4133 secretius
635 4081 787 4135 vobis
811 4081 1083 4151 loquendi,
1108 4091 1312 4138 sancta:
1337 4080 1456 4135 ﬁdei
1486 4089 1681 4134 vestra:

102 4172 456 4226 uotilicaretn.
482 4169 637 4226 Licet
665 4174 809 4228 enim
834 4190 1060 4246 corpore
1086 4192 1115 4230 a
1141 4175 1291 4229 vobis
1313 4174 1677 4238 discesserim,

101 4264 353 4319 noveritis
397 4275 576 4319 tamen
607 4280 704 4334 pro
733 4277 883 4323 certo
917 4271 1061 4339 quod
1100 4267 1284 4333 fidem,
1319 4282 1481 4336 quam
1525 4265 1681 4320 vobis

102 4356 285 4422 debeo,
334 4356 446 4411 Deo
484 4357 734 4425 juvante,
788 4377 893 4416 non
950 4361 1182 4415 violabo.
1227 4358 1378 4413 Unde
1438 4367 1677 4413 vestrum

102 4460 150 4504 et
199 4454 353 4523 regni
410 4455 706 4523 honorem,
764 4455 816 4509 in
879 4456 1295 4525 quibuscunque
1358 4466 1576 4527 potero,
1631 4453 1677 4509 si

106 4558 200 4599 non
251 4548 603 4616 spreveritis,
659 4548 891 4602 ﬁdeliter
922 4562 1185 4616 quaeram,
1237 4548 1355 4617 ipso
1396 4556 1552 4611 teste,
1583 4545 1675 4616 qui
1709 4566 1754 4621 ι)

108 4642 443 4696 conscientiae
478 4658 610 4698 mea:
647 4642 795 4697 solus
829 4649 883 4696 et
929 4657 1088 4695 verus
1130 4643 1403 4709 inspector
1435 4650 1538 4696 est.
1569 4639 1676 4695 Nec

42 4742 49 4747 '
107 4729 212 4785 haec
257 4733 378 4787 dico
408 4735 550 4804 quod
595 4734 819 4787 nmltum
859 4732 1161 4788 desiderem
1192 4732 1248 4787 in
1290 4746 1454 4801 regno
1495 4741 1677 4786 vestro

104 4823 435 4895 episcopari,
494 4827 589 4881 sed
647 4836 826 4880 tamen
880 4825 1091 4880 tnallem
1143 4824 1461 4896 dignitatem
1518 4833 1676 4879 terra:

105 4927 289 4972 vestra:
340 4919 530 4990 augeri
586 4935 749 4988 quam
799 4920 1082 4973 minorari.
1134 4918 1401 4973 Praeterea
1464 4918 1676 4972 noverit

105 5005 366 5065 beatitudo
412 5021 594 5066 vestra
640 5012 781 5081 quod
821 5011 1125 5081 omnesqui
1176 5011 1399 5064 audiunt
1445 5010 1677 5080 qualiter

106 5098 313 5166 electus,
355 5116 644 5177 susceptus
670 5145 686 5171 ,
744 5114 798 5160 et
843 5103 1156 5174 pontiﬁcatu
1189 5103 1427 5167 saisitus,
1463 5110 1520 5157 et
1556 5102 1675 5159 loco

106 5197 360 5259 pontiﬁcis
411 5200 743 5255 substitutus
775 5195 887 5259 fui,
940 5211 1046 5271 una
1080 5195 1347 5250 sententia
1399 5206 1671 5260 asserunt,

107 5299 200 5339 nec
250 5305 331 5344 me
370 5290 520 5356 juste
560 5290 801 5359 potuisse
838 5287 1206 5357 episcopatum
1247 5286 1539 5351 dimittere,
1577 5300 1675 5340 nec

110 5372 255 5429 alium
310 5395 394 5433 me
450 5381 666 5434 vivente
711 5379 865 5448 juxta
925 5374 1095 5446 legem
1152 5375 1362 5429 Domini
1419 5375 1671 5429 substitui

108 5471 268 5527 Posse.
291 5467 398 5523 Nec
427 5469 573 5523 enim
602 5468 684 5520 vir
712 5481 932 5520 uxorem
961 5481 1136 5527 suam,
1181 5474 1275 5518 aut
1306 5480 1441 5517 uxor
1468 5466 1671 5529 virum,

112 5555 477 5627 utalii'nnbat,
506 5559 783 5613 dimittere
808 5557 1059 5628 regaliter
1087 5565 1279 5623 potest.
1308 5555 1417 5610 Sed
1445 5554 1674 5612 fortasse

114 5643 312 5705 dicitis:
368 5650 447 5706 Tu
500 5652 766 5705 dimisisti.
823 5650 1008 5704 Dimisi
1061 5650 1298 5718 quidem,
1339 5651 1469 5717 sed,
1528 5651 1670 5719 quod

115 5747 220 5790 cum
248 5754 375 5808 pace
397 5750 576 5796 vestra
606 5742 842 5805 dicatur,
873 5740 1015 5793 illata
1057 5739 1129 5802 vi,
1166 5740 1252 5793 cui
1281 5740 1550 5795 contraire
1578 5755 1671 5795 ne-

116 5826 262 5890 quivi.
292 5833 423 5888 Cum
445 5832 590 5887 enim
622 5847 816 5900 perpes
840 5832 1130 5896 discordia,
1163 5842 1215 5899 ct
1241 5821 1664 5893 interminabile‘

365 5927 639 5985 ΡΑτιιοι..
682 5924 894 5985 CLIX.

1796 1953 1975 2010 clesize
2000 1970 2112 2010 sua:
2140 1956 2444 2012 committo.
2489 1955 2608 2026 Ipse
2654 1957 2864 2021 videat,
2919 1958 3036 2030 ipse
3084 1960 3379 2029 dispenset,

1796 2044 1932 2115 ipse,
1965 2046 2108 2115 quod
2158 2046 2391 2116 quisque
2442 2055 2709 2114 meretur,
2756 2047 2811 2102 in
2862 2048 2966 2103 hoc
3014 2064 3113 2104 suo
3166 2051 3384 2121 negotio

1795 2138 1990 2207 cuique
2045 2138 2254 2193 reddat.
2287 2138 2399 2210 Ego
2437 2139 2705 2207 liberavi,
2759 2149 2819 2195 ut
2845 2141 3055 2196 aestimo
3080 2184 3095 2209 ,
3141 2143 3382 2203 animam

1796 2244 2002 2298 meam;
2051 2245 2173 2301 ego,
2208 2231 2288 2286 uti
2323 2232 2506 2299 debui,
2558 2249 2742 2290 coram
2782 2250 2849 2290 eo
2891 2236 3116 2305 exposui
3157 2251 3381 2294 causam

1794 2334 1994 2386 meam,
2022 2330 2246 2391 paratus
2282 2322 2337 2376 in
2374 2322 2629 2378 omnibus
2656 2323 2809 2393 sequi
2834 2323 3172 2381 voluntatem
3198 2342 3377 2385 suam.

1793 2407 1872 2465 Ne
1903 2419 2082 2471 tamen
2127 2412 2328 2480 putetis
2360 2427 2447 2467 me
2494 2414 2546 2467 in
2587 2413 2771 2484 aliquo
2804 2414 2941 2469 velle
2969 2416 3261 2489 quidquam
3293 2417 3384 2474 de-

1794 2517 1988 2570 rogare
2016 2504 2254 2559 libertati
2284 2506 2369 2560 vel
2403 2506 2650 2577 dignitati
2685 2508 2837 2579 regni
2884 2508 3194 2575 Scotornm,
3222 2526 3381 2566 secu-

1794 2610 1917 2649 rum
1939 2611 2039 2651 vos
2064 2610 2186 2652 esse
2214 2596 2355 2665 volo,
2385 2599 2513 2667 quia
2555 2601 2698 2669 quod
2724 2615 2757 2654 a
2800 2615 2888 2654 me
2914 2601 3170 2669 petiistls,
3200 2612 3254 2658 et
3277 2617 3379 2674 ego

1795 2695 1923 2740 tunc
1979 2686 2197 2757 quidem
2256 2689 2605 2758 acquiescere
2659 2692 2848 2758 nolui,
2894 2694 3175 2749 azstimans
3231 2695 3382 2752 aliud

1792 2793 1958 2848 quam
1993 2780 2292 2834 secundum
2325 2781 2467 2851 quod
2498 2784 2842 2852 postmodum
2878 2785 3077 2851 didici,
3106 2785 3380 2844 aestimare

1793 2870 2057 2927 debebam
2080 2913 2095 2939 ,
2136 2874 2202 2929 de
2234 2889 2359 2951 rege
2397 2875 2607 2931 scilicet
2639 2862 3079 2961 Anglorum,°de
3121 2881 3379 2950 pontiﬁce

1789 2964 2239 3031 Cantuariorum,
2290 2978 2345 3023 et
2395 2968 2461 3024 de
2513 2968 2888 3026 benedictione
2940 2973 3283 3037 sacerdotali,
3330 2975 3378 3031 si

1793 3054 2070 3123 hucusque
2120 3058 2413 3127 persistitis
2462 3059 2533 3128 in}
2559 3063 2826 3115 sententia
2876 3072 3078 3128 vestra,
3129 3080 3215 3120 me
3254 3079 3378 3121 am-

1792 3146 1932 3216 plius
1975 3149 2433 3205 contradictorem
2484 3167 2590 3207 non
2633 3152 2882 3220 habetis,
2923 3170 3024 3211 nec
3076 3156 3164 3210 illa
3216 3173 3304 3213 me
3339 3178 3375 3215 a

1790 3238 2012 3293 servitio
2052 3239 2145 3294 Dei
2177 3249 2232 3294 et
2275 3256 2460 3296 amore
2489 3251 2703 3309 vestro,
2756 3246 2887 3315 quin
2920 3249 3063 3317 quod
3094 3248 3374 3306 volueritis

1787 3328 2007 3395 faciam,
2039 3330 2148 3387 ullo
2182 3333 2342 3387 modo
2368 3332 2626 3388 divellent
2646 3375 2660 3399 ,
2706 3337 3081 3392 tantummodo
3119 3339 3221 3392 alia
3252 3355 3375 3409 qua:

1787 3423 2058 3492 pontiﬁcis
2078 3425 2271 3480 Sancti
2294 3426 2525 3483 Andreae
2556 3427 2666 3497 juri
2695 3439 3030 3497 competunt,
3056 3430 3187 3484 mihi
3210 3430 3374 3487 liceat

1787 3528 1908 3567 cum
1948 3523 2127 3570 vestra
2174 3516 2314 3572 bona
2349 3517 3049 3577 voluntateadministrare.
3084 3520 3211 3577 Haec
3236 3524 3370 3580 olim

1789 3604 1943 3659 vobis
1970 3606 2367 3675 insinuassem;
2411 3611 2503 3665 sed
2530 3612 2658 3680 quia
2693 3626 2880 3666 rumor
2905 3628 3122 3684 quaque
3159 3618 3371 3674 discur-

1787 3699 1937 3753 rebat
1968 3714 2064 3754 vos
2094 3700 2146 3754 in
2177 3701 2448 3772 Angliam,
2482 3706 2779 3775 postposita
2798 3708 2950 3763 omni
2992 3710 3367 3781 ambiguitate.

1786 3797 1914 3844 tunc
1950 3790 2037 3846 vel
2093 3802 2244 3858 tunc,
2294 3805 2388 3850 aut
2423 3807 2575 3851 certe
2609 3808 2736 3854 tunc
2786 3809 3097 3866 venturum,
3129 3804 3372 3861 scribere

1784 3883 1991 3949 distuli,
2037 3887 2180 3954 quod
2208 3888 2383 3959 magis
2426 3890 2685 3959 optabam
2730 3903 2947 3947 secreto
3003 3894 3158 3950 vobis
3203 3895 3369 3952 aﬁ‘atu

1784 3975 2081 4032 declarare.
2113 3976 2241 4033 Sive
2288 3980 2456 4050 igitur
2501 3981 2602 4036 ista
2656 3984 2989 4053 suscipiatis,
3037 3985 3153 4042 sive
3185 3986 3367 4043 altiori

1783 4067 2013 4123 consilio
2040 4070 2407 4139 postponatis,
2429 4087 2552 4143 ego,
2582 4075 2725 4142 quod
2754 4091 2874 4130 mea
2913 4075 3101 4139 refert,
3134 4093 3269 4147 pura
3313 4086 3371 4136 et

1782 4159 2015 4229 simplici
2046 4162 2387 4217 conscientia
2418 4163 2552 4230 feci,
2585 4165 2704 4235 ipso
2732 4176 2927 4223 cuncta
2963 4168 3282 4240 inspiciente
3312 4181 3368 4228 et

1781 4252 2148 4320 examinante,
2181 4254 2272 4323 qui
2304 4256 2455 4311 novit
2480 4257 2609 4328 quid
2642 4260 2840 4331 cuique
2873 4262 3184 4317 redditurus
3211 4280 3369 4335 teque

1783 4343 2151 4400 moderamine
2186 4345 2276 4401 sit.
2310 4345 2576 4414 Quoniam
2613 4366 2743 4422 ergo
2793 4351 2847 4406 in
2890 4368 3054 4407 manu
3082 4354 3201 4425 ejus
3240 4364 3369 4410 sunt

1781 4431 1947 4487 etiam
1978 4434 2145 4489 corda
2172 4436 2416 4491 omnium
2466 4454 2677 4509 regum,
2716 4441 2910 4497 intimo
2942 4446 3109 4498 corde
3149 4460 3278 4513 rogo
3307 4454 3368 4500 ut

1783 4524 1899 4595 ipse
1939 4538 2038 4580 cor
2068 4535 2331 4593 vestrum,
2356 4538 2415 4583 et
2449 4539 2606 4585 actus
2632 4544 2866 4599 vestros,
2895 4535 2960 4588 ad
2988 4551 3048 4591 se
3069 4553 3165 4592 sua
3193 4539 3368 4608 gratia

1780 4620 2000 4690 dirigat,
2046 4614 2325 4690 quatenus
2358 4631 2413 4676 et
2444 4623 2687 4680 Ecclesia
2735 4642 2834 4681 sua
2862 4669 2881 4696 ,
2937 4644 3059 4699 qua:
3108 4631 3161 4684 in
3199 4647 3367 4702 regno

1778 4721 1964 4767 vestro
2006 4716 2409 4785 peregrinatur,
2448 4724 2632 4770 vestra
2668 4731 2772 4787 ope
2818 4718 2872 4772 in
2912 4729 3096 4774 saneta
3135 4735 3367 4776 conver-

1778 4804 1989 4859 satione
2030 4807 2096 4861 de
2142 4809 2230 4863 die
2266 4808 2319 4863 in
2349 4809 2490 4863 diem
2537 4810 2808 4877 proﬁciat,
2838 4820 2895 4866 et
2938 4812 3134 4867 animae
3170 4824 3366 4869 vestrae

1780 4903 1903 4963 post
1937 4896 2076 4951 hanc
2098 4896 2264 4952 vitam
2298 4900 2652 4957 beatitudinis
2680 4909 2898 4955 aeterna:
2927 4915 3136 4956 merces
3169 4902 3365 4957 exinde

1778 4989 2086 5056 proveniat.
2138 4990 2332 5046 Amen.
2366 4991 2505 5058 Quid
2542 4994 2608 5047 de
2657 4993 2776 5048 istis
2805 4993 3141 5048 excellentia:
3170 5007 3365 5051 vestra:

1779 5079 2019 5147 placeat,
2049 5080 2302 5152 benigne,
2339 5099 2554 5152 qnatso,
2599 5084 2730 5138 mihi
2774 5085 2917 5140 ﬁdeli
2951 5098 3132 5143 vestro
3166 5087 3364 5146 litteris

1776 5171 1891 5227 suis
1930 5172 2212 5227 notilicare
2258 5175 2530 5245 dignetur.
2574 5174 2728 5232 Vale.
2760 5195 2779 5229 ο

1792 5378 1805 5390 ⁸
1848 5304 1993 5360 Misit
2022 5282 2208 5370 etiam,
2244 5307 2377 5377 Ipsis
2407 5307 2618 5376 diebus,
2650 5308 2971 5380 Radulphus
2994 5314 3362 5383 arcinepisco-

1773 5414 1877 5471 pus
1923 5408 1978 5454 et
2020 5398 2218 5456 fratres
2270 5400 2526 5458 Ecclesia:
2570 5403 2983 5463 Cantuariensis
3076 5412 3359 5480 epistolam

1774 5490 1875 5561 ipsi
1900 5493 2035 5563 regi,
2068 5495 2182 5548 inec
2208 5493 2349 5549 inter
2376 5494 2479 5550 alia
2501 5497 2894 5554 continentem.

1850 5648 1868 5681 ι
1907 5629 2214 5701 Alexandro
2264 5630 2457 5686 illustri
2507 5633 2617 5706 regi
2667 5634 2989 5707 Scotorum,
3042 5636 3359 5709 Radulpbus

1772 5722 2183 5778 Cantuariensis
2229 5723 2485 5780 Ecclesiae
2530 5727 2799 5795 minister,
2856 5738 2911 5783 et
2960 5727 3189 5785 fratrum
3216 5746 3357 5791 com

1773 5824 1968 5871 ventus
1992 5815 2217 5872 Domino
2250 5813 2466 5873 Christo
2499 5818 2552 5873 in
2583 5835 2646 5876 ea
2686 5819 3032 5884 deserviens;
3081 5836 3179 5878 per
3203 5820 3354 5875 illum

2974 5928 3109 6017 ,Π
