3904 6306
76 375 180 434 $25

1192 366 1260 429 IN
1302 370 1480 430 lllST.
1521 372 1681 430 NOV.
1723 374 2014 430 SELDENI
2040 373 2270 432 NOTE;

3239 374 3346 432 ΒΞὸ

75 499 258 546 nostra
290 487 642 560 confirmasse
661 482 721 560 ei
752 496 808 560 et
837 485 1148 560 lizeretlibus
1176 489 1288 543 suis
1312 489 1658 543 donationem
1691 494 1735 551 Α
1767 489 2023 560 diximus,
2063 498 2424 560 exspectaret.
2448 489 2676 546 Exstant
2711 489 2905 544 litterae
2932 487 3037 543 illae
3064 487 3116 542 in
3151 490 3347 547 tabulis

76 560 250 614 haeuli
305 558 596 630 pastoralis
626 558 859 613 abbatiae
889 560 956 612 de
996 557 1255 630 Nutelega
1307 576 1427 630 qua:
1467 569 1552 613 est
1605 560 1658 613 in

75 630 231 685 feodo
278 645 417 693 suo,
466 629 769 682 habendam
803 637 879 700 et“
909 629 1286 684 tenendantin
1327 629 1662 700 perpetuum

73 717 193 757 cum
245 701 502 754 omnibus
549 700 709 752 rebus
747 707 804 753 et
848 698 1192 754 libertatibus
1222 711 1278 755 et
1311 698 1497 755 liberis
1525 715 1660 754 con-

73 770 449 826 suetudinilius
483 770 549 823 ad
581 770 928 824 donationem
983 771 1159 824 baculi
1204 770 1494 839 pastoralis
1530 785 1659 839 per-

76 843 399 896 tinentibus.
439 841 626 911 Quare
652 839 897 911 volumus
944 851 1001 894 et
1052 839 1285 895 lirniiter
1315 842 1660 911 pnecipiuius

75 915 213 982 quod
242 913 535 979 pra-dictus
563 909 888 964 Willielmus
922 911 1296 978 marescallus,
1316 909 1387 966 et
1414 909 1660 966 haircdes

75 984 154 1038 sui
199 994 490 1052 postenm,
521 982 833 1052 habeantet
866 990 1084 1035 teneant
1110 983 1174 1035 de
1217 984 1372 1037 nobis
1404 991 1459 1036 et
1490 983 1659 1036 luere-

75 1050 227 1108 dibus
279 1052 480 1106 nostris
509 1050 820 1119 przedictaiu
861 1052 1206 1106 donationem
1247 1052 1420 1106 baculi
1449 1062 1656 1121 'pasto-

74 1125 200 1178 ralis
237 1125 399 1189 bene,
442 1134 497 1176 et
529 1123 581 1174 in
627 1137 780 1191 pace,
814 1122 1002 1186 libere,
1038 1123 1267 1192 integre,
1298 1123 1558 1190 plenarie,
1603 1131 1659 1176 et

78 1194 396 1251 liouorilice,
421 1208 542 1245 cttm
570 1192 822 1245 omnibus
861 1191 1200 1246 libertatibus
1238 1201 1290 1245 et
1317 1193 1499 1246 liberis
1522 1208 1656 1246 cou-

74 1264 448 1319 snetudinibus
479 1263 612 1316 suis.
646 1261 898 1316 Testihus
929 1262 993 1315 R.
1025 1263 1175 1317 Com.
1209 1260 1449 1317 Melleut.
1486 1271 1539 1317 et
1581 1261 1650 1316 ll.

72 1350 207 1389 com.
238 1333 447 1397 Cestr.,
487 1333 552 1386 li.
603 1347 743 1386 com.
805 1333 948 1387 Leic.
1007 1334 1125 1387 Dat.
1182 1347 1280 1402 per
1329 1349 1549 1387 manum
1593 1331 1651 1386 S.

74 1405 305 1460 Wellen.
333 1404 636 1457 archidiac.
676 1404 818 1472 apud
860 1403 1119 1474 Regulam
1152 1419 1245 1458 XVI
1274 1404 1360 1459 die
1401 1405 1652 1475 Augusti,

72 1491 210 1530 anno
236 1475 390 1542 regni
423 1475 592 1528 nostri
625 1476 880 1527 secundo.
916 1493 934 1525 ι

140 1547 331 1615 Neque
363 1547 502 1615 apud
531 1545 735 1615 Anglos
753 1545 928 1615 rviguit
951 1544 1215 1598 duntaxat
1238 1544 1326 1600 hic
1355 1561 1490 1599 mos.
1519 1543 1654 1599 Fre-

70 1614 414 1686 quens’ideni
445 1616 558 1683 ipse
588 1614 857 1683 reperitur
887 1625 998 1687 tum
1033 1616 1083 1669 iu
1120 1617 1348 1687 imperio
1381 1616 1647 1679 Romano,

73 1685 180 1742 tum
210 1689 265 1741 in
300 1687 595 1742 Galliarum
633 1701 817 1756 regno,
854 1685 1014 1750 alibi;
1070 1703 1174 1753 qua
1197 1685 1290 1742 'de
1337 1701 1416 1751 re,
1455 1696 1655 1755 praeter

70 1759 368 1814 Otlioncm'
402 1756 840 1826 Frisingensein,
903 1758 1244 1825 Sigei-crtum
1295 1767 1462 1825 atque
1517 1756 1650 1811 alios

72 1828 506 1899 quamplurimas
553 1827 1108 1899 historicosvctcres,
1143 1843 1237 1881 eos
1281 1829 1514 1899 maxime
1548 1828 1649 1899 qui

73 1897 155 1955 res
199 1897 420 1954 ll‘enrici
470 1898 814 1965 imperatoris
849 1897 936 1961 IV,
975 1907 1028 1950 et
1067 1898 1307 1967 ejusdem
1357 1897 1591 1952 nominis
1629 1897 1649 1952 l

72 1971 232 2040 regis,
255 1969 557 2040 Anglorum
588 1968 997 2040 conscripsere,
1033 1969 1348 2023 consulemli
1385 1968 1651 2039 imprimis

71 2038 189 2094 sunt
215 2038 476 2108 Sigonius
515 2038 590 2108 De
626 2054 791 2108 regno
818 2039 984 2092 Italiae
1021 2040 1112 2093 lib.
1165 2056 1239 2102 iv,
1272 2042 1326 2103 9,
1362 2040 1428 2093 10
1465 2038 1528 2093 et
1559 2040 1650 2104 11,

71 2107 335 2174 Βςιι-οιιιιιε
371 2122 504 2162 ιοιιι.
537 2107 582 2180 11
610 2107 752 2180 Anii.
783 2127 854 2180 in.
889 2125 1091 2180 t_.x.vvtt,
1125 2121 1181 2163 et
1210 2121 1396 2179 postea
1431 2110 1649 2180 szepius,

69 2182 412 2236 Clierubiuus
443 2181 510 2234 de
543 2178 733 2231 Nursia
785 2179 838 2232 in
894 2178 1111 2232 Bullarii
1167 2178 1296 2234 tom.
1341 2180 1378 2247 Ι,
1413 2178 1535 2249 pag.
1585 2180 1652 2233 16

71 2263 119 2320 et
165 2254 226 2307 l7
257 2268 274 2315 ;
327 2250 513 2304 Bittius
540 2249 748 2303 Concil.
776 2260 911 2303 tom.
945 2251 1002 2303 lll
1028 2291 1045 2316 ,
1088 2264 1228 2320 part.
1255 2267 1290 2305 ιι
1324 2251 1376 2305 ιιι
1413 2251 1650 2315 Urbano,

70 2319 286 2376 (Ialixto
333 2332 388 2375 et
441 2320 685 2374 Pasehali
736 2322 1015 2385 secundis,
1069 2319 1307 2378 [leuatus
1339 2321 1653 2391 Clioppinus

72 2394 143 2466 De
172 2391 703 2466 donianio-__l"raueize
742 2391 862 2466 lib._
883 2394 1056 2466 ιι,ῌιι;Ζ
1087 2392 1195 2466 l_,_§
1229 2393 1261 2446 6
1294 2403 1354 2466 et
1389 2409 1566 2462 seqq”
1599 2401 1654 2466 ςι

58 2465 142 2519 De
172 2480 335 2517 sacra
372 2462 554 2531 politia
585 2463 677 2516 lib.
719 2477 775 2524 t,
828 2463 909 2516 tit.
945 2461 1000 2526 7,
1033 2463 1060 2532 §
1093 2461 1252 2517 ﬂﬁ'et
1289 2462 1378 2529 ἳὸ,
1416 2461 1535 2516 cum
1576 2463 1656 2517 eis

74 2551 187 2604 quae
207 2535 397 2589 obiter
421 2535 500 2604 de
521 2535 620 2586 hac
656 2549 714 2587 re
743 2532 997 2602 leguntur
1027 2535 1167 2603 .tpttd
1201 2534 1413 2587 lvonem
1443 2533 1656 2588 Carno-

73 2603 282 2660 tenset‘n
317 2605 370 2657 ιιι
422 2603 704 2674 epistolis,
763 2604 1058 2659 Gullridum
1115 2604 1656 2674 Viudociuensetniin

72 2676 350 2744 opusculis
379 2685 434 2728 et
458 2671 727 2744 epistolis,
755 2683 918 2744 atque
950 2675 1003 2728 in
1027 2673 1248 2742 anacio
1281 2675 1346 2728 ad
1377 2671 1470 2728 lib.
1508 2689 1546 2727 ιι
1581 2673 1657 2728 De

71 2747 274 2811 feudis,
307 2747 390 2798 tit.
417 2745 472 2809 '5,
505 2747 620 2815 qui,
665 2746 1016 2815 episcopatus,
1049 2746 1241 2814 inquit,
1275 2745 1378 2798 imo
1403 2755 1450 2798 et
1479 2747 1656 2797 omnia

71 2818 228 2887 fetida
275 2818 492 2877 antiquo
524 2813 666 2870 inore
696 2813 905 2869 Gallico
947 2832 1039 2884 per
1067 2813 1322 2869 annulum
1350 2825 1401 2887 et
1431 2817 1655 2887 uirgam,

71 2886 204 2957 quid
233 2887 513 2940 dicebatur
535 2905 630 2954 par
653 2887 768 2939 rain
793 2896 839 2939 et
855 2903 952 2955 par
969 2887 1182 2957 _baston,
1225 2886 1656 2957 conferebantur,

74 2955 184 3012 rain
235 2973 334 3027 pro
369 2959 587 3019 annulo,
637 2967 693 3010 ut
747 2957 900 3009 hodie
950 2955 1229 3011 Germanis
1283 2960 1446 3025 reing.
1504 2956 1660 3024 Quod

71 3031 234 3083 etiam
273 3029 433 3098 plane
463 3029 841 3098 Anglicanutu
864 3036 948 3081 est
976 3027 1112 3096 ring.
1161 3027 1334 3098 Adde,
1382 3029 1425 3082 si
1459 3027 1657 3096 placet,

75 3097 320 3154 Gratiun.
384 3099 511 3152 dist.
566 3099 656 3163 65,
699 3114 748 3151 c.
786 3097 878 3162 22,
923 3098 1211 3153 Adrianus.
1241 3097 1401 3152 Plura
1451 3099 1518 3151 de
1559 3098 1661 3152 hoc

69 3171 182 3240 jure
216 3170 498 3240 adnotata
526 3171 692 3222 babes
721 3169 773 3222 in
819 3169 1148 3240 serenissimi
1202 3170 1353 3237 regis
1391 3169 1656 3240 paraenesi

1769 558 2030 615 Romanis
2060 558 2185 615 anni
2238 578 2294 615 ιχ
2322 571 2377 615 et
2404 577 2459 622 κ,
2491 561 2588 615 Ed.
2629 560 2712 624 Ill,
2740 577 2888 614 nutn.
2925 561 2958 616 5
2984 571 3034 616 et
3059 561 3114 616 4.
3149 562 3348 618 Doces-

1766 645 1948 701 soreﬁm
1995 638 2202 697 autem,
2234 648 2393 701 quem
2438 632 2706 699 intelligit,
2731 641 2880 701 puto.
2913 633 3002 687 hic
3031 633 3344 697 Edwardns,

1765 709 1848 772 est
1879 700 2117 756 Joannes
2137 700 2266 772 rex,
2302 703 2367 755 de
2393 717 2500 771 quo
2544 703 2685 765 vide,
2720 700 2762 756 si
2811 702 3004 772 placet,
3035 703 3346 760 Malthaeuni

1765 770 1943 845 Paris,
1985 787 2106 842 pag.
2134 769 2258 845 542.
2287 769 2425 826 ριιιιξ
2470 769 2846 845 Londineusis.
2881 775 3202 829 Recentiora
3226 792 3349 845 qua:

1765 841 1907 895 hanc
1931 857 2044 896 rem
2065 841 2305 895 attinent
2338 843 2584 895 consulto
2615 845 3096 910 przetermittimus.
3223 845 3228 848 ’

1838 910 2194 982 (ΞλΕα-εεμιίδ
2216 911 2419 982 duobus
2450 912 2968 982 episcopis,’Erneste
2997 916 3234 968 videlicet
3267 927 3349 969 at-

1763 998 1862 1052 que
1887 979 2236 1052 Guudulpho.
2270 979 2400 1052 Nam
2437 979 2738 1037 antistitum
2795 981 3125 1038 Bullensiqu
3157 988 3349 1040 subro-

1762 1051 2058 1121 gandorum
2087 1053 2175 1121 jus
2204 1060 2321 1106 erat
2349 1051 2477 1105 olim
2515 1068 2679 1120 penes
2729 1054 3163 1122 archiepiscopus
3209 1056 3350 1108 Cau-

1763 1124 2102 1193 tuarienses.
2135 1124 2276 1190 quod
2331 1122 2608 1190 singulare
2656 1124 2994 1193 privilegium
3034 1125 3180 1193 (jure
3203 1128 3346 1180 enim

1760 1192 2071 1258 communi,
2102 1194 2506 1263 episcopatuuni
2541 1202 2824 1262 patronus,
2863 1192 3010 1260 apud
3050 1192 3172 1255 nos,
3213 1197 3351 1250 duu-

1761 1271 1910 1316 taxat
1940 1278 2286 1334 rexsemper
2340 1263 2554 1318 habitus
2581 1268 2707 1331 est),
2747 1265 2945 1334 passim
2996 1266 3237 1319 occurrit
3294 1268 3348 1320 in

1758 1333 1992 1388 vetustis
2036 1332 2447 1388 Canmariensis
2503 1332 2759 1388 Ecclesiae
2812 1335 3032 1398 tabulis,
3060 1345 3113 1389 et
3153 1335 3352 1391 videsis

1757 1402 2090 1474 .loseelinum
2144 1406 2384 1474 antiquae
2441 1404 2697 1459 Ecclesia:
2743 1406 3066 1459 Britannica:
3122 1406 3172 1459 in
3230 1405 3348 1460 Vita

1755 1473 2077 1546 Glticheleii,
2129 1482 2184 1546 et
2230 1473 2420 1546 Cliarl.
2456 1475 2522 1546 16
2572 1491 2684 1546 reg.
2711 1474 2867 1529 Joau.
2918 1475 3145 1529 membr.
3195 1475 3250 1541 6,
3295 1488 3352 1532 et

1758 1544 1915 1598 Dors.
1945 1546 2000 1608 5,
2055 1545 2106 1598 in
2157 1545 2394 1599 Archivo
2450 1544 2654 1613 Regio;
2691 1555 2744 1598 et
2797 1546 3053 1600 Bracton.
3088 1547 3179 1600 lib.
3211 1562 3242 1598 v
3278 1549 3352 1601 De

1757 1613 2202 1687 Exceptionibus,
2255 1630 2375 1685 cap.
2407 1616 2462 1683 4,
2496 1616 2524 1687 §
2557 1616 2608 1671 8.
2640 1616 2692 1668 lu
2729 1617 2916 1670 codice
2958 1618 3084 1669 item
3115 1619 3348 1672 cmuobii

1758 1685 2167 1757 l_)unstaplensis
2211 1702 2312 1740 ms.
2364 1685 2635 1757 legimus:
2669 1689 2837 1757 Anno
2892 1687 3030 1742 “82
3085 1687 3351 1742 Walterus

1754 1755 2015 1825 Roﬂ'eusis
2041 1757 2310 1825 epist-Opus
2338 1755 2485 1822 obiit,
2517 1759 2602 1810 cui
2647 1756 2976 1812 Gualeranus
3017 1759 3320 1812 archidiaco

1757 1841 1854 1880 nus
1884 1827 2241 1889 substituitur,
2286 1829 2374 1896 qui
2422 1844 2514 1896 per
2563 1839 2762 1880 (erctum
2793 1827 3067 1894 Evangelii
3097 1828 3161 1882 de
3189 1844 3352 1882 manu

1755 1897 2135 1967 archiepiscopi
2163 1896 2448 1967 (Ricliardi
2483 1899 2764 1958 nimirum,
2797 1899 2885 1966 qui
2917 1899 3019 1950 sub
3046 1897 3281 1953 Henrico
3310 1899 3350 1952 ll

1757 1981 1885 2038 rege
1914 1968 2150 2037 prtefttit)
2203 1969 2531 2034 spiritualem
2583 1985 2796 2021 causam
2853 1969 3224 2035 episwpatus:
3262 1985 3355 2039 per

1755 2040 2016 2108 annulum
2050 2047 2248 2101 autem,
2277 2039 2530 2108 regalium
2555 2041 2931 2108 possessionem
2963 2040 3176 2107 accepit.
3207 2040 3352 2093 Lati-

1755 2107 2007 2178 tlavensis
2054 2109 2182 2161 item
2237 2107 2490 2164 Ecclesiae
2542 2107 2800 2178 patronus
2853 2108 2978 2160 olim
3009 2125 3190 2164 comes
3234 2119 3354 2165 erat

1753 2175 2086 2236 Glocestrize.
2120 2182 2262 2248 quod
2283 2181 2523 2234 occurrit
2543 2175 2602 2233 in
2629 2181 2750 2234 cod.
2779 2189 2880 2232 vet.
2913 2195 3012 2233 nis.
3039 2181 3092 2233 in
3125 2183 3351 2235 ari-bim

1757 2248 1927 2304 ﬁscali
1975 2249 2345 2318 diplomatum.
2399 2251 2605 2306 scilicet
2663 2251 3082 2320 pontiliciormn,
3117 2268 3168 2318 p.
3210 2254 3350 2314 166,

1756 2327 1920 2391 atque
1949 2320 2076 2374 alibi
2105 2335 2210 2373 non
2241 2322 2430 2376 semel.
2461 2322 2783 2375 Sodoreusis
2818 2321 2982 2375 etiam
3009 2323 3263 2391 episcopii
3299 2325 3352 2376 in

1761 2389 1976 2443 Manilia
2029 2404 2288 2460 patronus
2325 2392 2554 2446 habetur
2613 2393 2769 2446 hodie
2803 2391 3112 2446 Derbiensis
3148 2389 3351 2460 comes,

1738 2470 1970 2530 utpote,
1996 2461 2120 2530 jure
2144 2463 2311 2524 avito,
2345 2463 2530 2517 iusul:e
2560 2461 2832 2517 dominus.

1829 2532 1906 2600 (5)
1942 2532 2047 2584 Deo
2084 2534 2349 2602 sacrisque
2399 2535 2686 2587 caaonibus
2732 2533 3074 2587 contrarium.
3116 2531 3343 2588 Veteres

1739 2614 1895 2670 ~quos
1931 2602 2018 2656 hic
2047 2602 2298 2673 intelligit
2327 2620 2566 2658 canones
2594 2612 2737 2664 sunt,
2771 2616 2925 2673 puto,
2959 2620 3153 2658 canon.
3186 2606 3246 2658 51
3281 2621 3350 2660 ex

1761 2673 1827 2726 iis
1855 2674 1945 2740 qui
1975 2675 2231 2741 apostolis
2265 2675 2599 2740 trilmuutur,
2634 2686 2688 2728 et
2729 2676 3081 2728 (ecumcuicae
3108 2677 3354 2743 septima:

1760 2744 1970 2814 synodi,
2000 2760 2118 2813 qua:
2148 2743 2324 2798 Nirea:
2353 2745 2534 2799 habita
2561 2754 2664 2807 est,
2693 2760 2889 2799 canon.
2911 2746 2964 2807 5,
2999 2755 3192 2813 praeter
3217 2747 3354 2801 alios

1760 2815 2055 2882 superioris
2092 2815 2189 2868 aevi
2241 2820 2380 2882 apud
2418 2815 2736 2870 Gratianum
2788 2826 3031 2882 repertos
3087 2816 3214 2869 dist.
3249 2817 3350 2880 65;

1761 2884 1973 2958 concilii
2026 2883 2258 2958 Romani
2313 2887 2413 2940 sub
2443 2886 2706 2958 Gregorio
2739 2884 2820 2938 Vll
2852 2901 3116 2940 canonem
3161 2885 3229 2949 5;
3266 2901 3355 2958 sy-

1766 2955 1890 3008 nodi
1910 2955 2263 3010 AtttiOcltente
2289 2971 2554 3011 canonem
2578 2957 2667 3019 ‘25,
2691 2971 2812 3009 cum
2841 2972 3016 3011 causa:
3039 2973 3126 3009 xw
3157 2955 3350 3025 quaest.

1740 3043 1744 3049 ·
1765 3025 1816 3086 7,
1837 3041 1956 3093 cap.
1981 3026 2067 3079 16.
2091 3025 2196 3079 Alii
2217 3036 2342 3081 sunt
2360 3028 2687 3082 recentiores
2703 3029 2768 3078 de
2791 3027 2985 3095 quibus
3010 3042 3130 3080 mox
3155 3029 3354 3081 obiter.

1762 3097 1832 3149 At
1849 3111 1980 3150 vero
2003 3104 2275 3168 utcunque
2305 3098 2600 3151 canonibus
2622 3098 2817 3166 priscis
2846 3099 2979 3151 adeo
3000 3105 3216 3151 cautmu
3242 3097 3358 3152 fue-

1767 3168 1941 3232 rit,uc
1965 3168 2236 3236 principes
2256 3169 2538 3238 episcopos
2563 3179 2656 3221 aut
2679 3169 3043 3228 instituerent,
3076 3176 3170 3221 aut
3215 3168 3359 3223 desi-
3417 3199 3430 3218 .

74 3229 134 3294 ad
160 3241 442 3312 principes
462 3239 833 3312 Christianos.
865 3239 918 3292 ιιι
951 3241 1149 3312 ipsum,
1175 3229 1443 3312 quantum
1464 3238 1656 3293 saltem
1686 3229 1729 3286 C
1761 3229 2009 3312 guaren't,
2043 3229 2459 3312 aut'drsig'natos
2488 3256 2586 3294 seu
2624 3239 2826 3293 electos
2849 3239 2900 3292 in
2929 3239 3209 3312 dignitatis
3233 3255 3358 3308 pos-

75 3313 135 3383 ad
164 3311 309 3383 pedi
358 3311 698 3383 traditionem
733 3319 984 3383 _spectat,
1024 3311 1310 3383 dicendum
1338 3311 1658 3383 de_imperio

73 3379 354 3445 Orientis,
400 3384 542 3451 quod
606 3380 906 3451 lncnlcutcr
955 3380 1246 3434 ostendunt
1294 3391 1346 3435 et
1395 3379 1661 3449 Georgius

77 3454 353 3507 Phrames
401 3450 454 3505 ιιι
489 3452 741 3506 Cbronici
793 3450 1378 3519 Coustautiuopolitaui
1430 3451 1522 3503 lib.
1557 3467 1658 3515 ιιι,

76 3539 124 3577 c.
155 3524 253 3586 l9,
291 3533 346 3577 et
373 3522 618 3577 Malaxus
652 3522 1038 3590 Peloponesitts
1073 3524 1124 3575 in
1156 3521 1394 3576 Historia
1429 3523 1664 3590 patriar-

76 3595 325 3647 charum.
358 3595 492 3663 Cum
522 3595 666 3647 enim
699 3595 872 3647 electo
901 3594 952 3646 in
986 3593 1351 3663 patriarcliam
1383 3592 1664 3647 Gennadio

79 3665 388 3728 Scbolario,
430 3662 778 3718 Muliamedcs
810 3663 874 3726 ll,
904 3662 1206 3717 'l‘u'rcaruin
1239 3665 1553 3733 imperator.
1577 3679 1668 3716 su-

79 3751 168 3806 per
217 3741 360 3806 ritus
408 3737 459 3787 in
498 3736 736 3788 crcamlo
785 3733 1094 3804 patriarcha
1140 3734 1386 3789 adhiberi
1439 3733 1663 3798 solitos,

77 3805 265 3860 sacros
321 3805 480 3860 Urbis
537 3807 758 3858 ordines
816 3807 1115 3875 rogitabat,
1180 3819 1495 3873 resltoasum
1545 3813 1665 3870 est,

79 3876 240 3934 ἴδειδι
271 3883 360 3932 τοῦ
393 3876 418 3931 ὁ
459 3877 695 3936 Βασιλεὺς
737 3878 831 3945 (ita
882 3891 939 3929 se
972 3875 1172 3929 habent
1218 3876 1444 3928 barbara
1480 3891 1668 3928 recen-

80 3952 228 4020 tioris
248 3948 477 4020 Grauia:
507 3947 785 4020 vocabula)
805 3965 868 4018 με
892 3948 948 4001 τὸ
970 3949 1104 4020 χέρη
1133 3952 1224 4001 τοῦ
1244 3948 1301 4000 τὸ
1322 3946 1567 4020 dixerim,
1586 3950 1668 4020 και

79 4019 206 4092 {ego
235 4019 418 4075 ὗαϐεν
446 4022 471 4074 ὀ
497 4018 770 4078 Σουλτάνος
877 4021 936 4073 τὸ
968 4017 1101 4092 χέρη
1125 4025 1211 4071 τοῦ
1237 4023 1292 4092 fro
1322 4017 1564 4092 iit-navim,
1582 4019 1670 4072 καὶ

79 4091 342 4167 rii‘i'cioxzv'
362 4094 434 4152 εἰς
456 4092 512 4145 τὸ
544 4091 677 4163 χέρη
707 4097 797 4144 τοῦ
833 4089 1198 4167 ’πατριάρχοτὴ
1236 4089 1335 4140 ltoc
1370 4097 1483 4167 est,
1533 4090 1670 4140 Dare

80 4162 274 4214 solebat
309 4173 592 4229 nuperator
615 4162 673 4212 in
705 4163 1006 4221 patriarcha
1034 4162 1221 4210 manus
1259 4162 1546 4225 seipionem‘
1567 4173 1661 4211 seu

82 4236 267 4305 pedum
314 4234 478 4300 (quod
511 4234 743 4289 Δικανὶκη
771 4231 857 4305 hic
895 4241 950 4284 et
985 4229 1250 4305 interdum
1290 4229 1669 4305 aurpw’sztxav

81 4302 357 4359 δεκινίκιον
380 4312 621 4370 vocatur)
648 4313 802 4370 atque
842 4301 912 4353 ira
943 4300 1136 4366 accepit
1170 4315 1329 4352 manu
1371 4317 1467 4350 sua
1487 4300 1669 4370 'impe-g

87 4387 228 4426 rator
252 4373 468 4440 pedum,
511 4383 556 4425 et
589 4368 641 4425 in
669 4368 983 4439 patriarcha!
1032 4387 1246 4422 manuni
1286 4370 1526 4422 tradidit.
1564 4368 1670 4422 Sed

85 4439 284 4498 videsis
318 4447 566 4497 eumdem
614 4442 883 4494 Malaxum
933 4446 984 4494 in
1018 4440 1286 4495 llicrcmia
1339 4439 1666 4508 patriarcha.

87 4516 162 4567 Ad
193 4517 462 4569 vetustius
503 4515 629 4567 illud
667 4514 807 4582 apud
851 4512 1086 4581 majores
1121 4511 1668 4582 nostrosinvestitu-

1764 3309 2062 3380 sessionem
2093 3310 2394 3373 mitterent,
2420 3310 2472 3364 in
2502 3320 2730 3380 utroque
2759 3319 2936 3380 tamen
2967 3310 3216 3378 imperio.
3245 3320 3357 3366 tum

1763 3377 2073 3452 Occidentis
2119 3389 2231 3434 tum
2261 3379 2521 3444 Orientis,
2555 3377 2860 3435 Cit-sarculo
2885 3377 2995 3446 jus,
3036 3377 3110 3452 uti
3158 3383 3358 3452 Angloo

1771 3466 1910 3513 rum,
1946 3449 2223 3504 Gallorum
2251 3452 2402 3515 item,
2434 3452 2661 3505 aliorum
2709 3465 3017 3520 regnorum,
3065 3451 3180 3506 sive
3233 3449 3362 3505 san-

1766 3521 1976 3576 ctiones
2003 3522 2118 3575 sive
2140 3537 2317 3576 mores
2347 3524 2804 3588 adversabantur;
2838 3531 2892 3576 et
2919 3523 3191 3576 antistites
3218 3525 3360 3578 sacri

1751 3607 1809 3664 ἐι
1836 3593 2052 3664 regibus
2079 3593 2308 3647 instituti
2337 3603 2635 3649 occurrunt
2661 3592 3104 3664 frequentissimi.
3161 3593 3234 3649 De
3255 3592 3361 3649 Oc-

1767 3663 1980 3733 cidente
2011 3672 2174 3732 atque
2197 3664 2316 3718 aliis
2349 3665 2547 3733 regnis,
2578 3666 2711 3718 satis
2742 3666 2792 3716 id
2822 3674 3005 3716 notum
3053 3673 3152 3727 est,
3196 3680 3262 3719 ex
3291 3665 3358 3720 iis

1771 3732 1901 3786 locis
1919 3749 2049 3801 qua:
2073 3749 2235 3801 supra
2262 3732 2590 3788 adnotantur
2640 3738 2705 3788 de
2743 3734 3178 3788 investiturarun.
3226 3735 3357 3789 ritu.

1769 3802 1836 3856 Et
1891 3805 1956 3856 de
2006 3805 2249 3867 Oriente,
2307 3805 2627 3860 Theodorus
2691 3807 2998 3868 Balsamon,
3047 3805 3357 3874 patriarcha

1769 3873 2156 3946 Aulim-lienus,
2183 3874 2322 3942 juris
2347 3878 2726 3944 peritissimus,
2755 3877 2820 3928 ad
2853 3873 3352 3946 synoiliicarthagi‘

1773 3945 1975 4014 nicusis
2016 3962 2208 3998 canon.
2245 3947 2310 3999 16
2345 3965 2357 3999 :
2393 3957 2432 3998 0
2472 3948 2746 4008 Βασιλεὺς,
2785 3945 2988 4014 ittqttil,
3046 3945 3126 3999 ἐπ’
3183 3946 3360 4010 ἀδείας

1771 4013 1888 4084 ἔχει
1929 4018 2212 4076 ἐπισκοπὴν
2259 4020 2331 4078 εἰς
2371 4019 2674 4088 μητρόπολιν
2712 4013 2872 4089 ἆγεινξ
2895 4020 2979 4069 καὶ
3009 4018 3278 4080 ἀποξενοῦν
3305 4020 3360 4073 ἐκ

1769 4095 1870 4163 εςὼν
1901 4090 2108 4163 οἰκείωνγ
2145 4089 2809 4163 μητροπόλεωνιὼς-αὐτως
2848 4090 3049 4163 ἔνορίας-
3073 4089 3360 4163 ἀρχιερέων

1771 4155 2010 4231 διαίρειν,
2032 4162 2123 4231 κοιί⁸
2139 4155 2194 4212 ἔκ
2215 4155 2328 4214 uio-1
2353 4160 2665 4219 ἐπισκόπους
2689 4162 2770 4231 καὶ
2797 4155 3179 4231 μητρσπολίξάέ
3192 4155 3364 4215 κάθισ-

1771 4228 1887 4293 τᾶνζ
1910 4228 1959 4299 id
1979 4241 2079 4291 est,
2096 4229 2410 4299 Imperatori
2429 4231 2668 4298 competit
2675 4228 3163 4299 ⁸Ῑιιδζεριὲιγηηιιιιιιι
3183 4231 3233 4282 in
3253 4231 3362 4283 mc-

1774 4298 2014 4367 tropolim
2047 4311 2326 4372 ntutare,et
2355 4319 2386 4353 ιι
2413 4301 2624 4370 propria
2657 4298 2928 4367 metropoli
2959 4301 3210 4366 alienare,
3235 4303 3358 4372 quin

1773 4378 1820 4421 et
1856 4372 2097 4423 diteceses
2141 4370 2447 4440 pontiﬁcum
2497 4372 2878 4433 disterminnre,
2923 4378 3078 4440 atque
3129 4372 3192 4424 de
3230 4370 3360 4426 noro

1773 4441 2037 4510 episcopos
2075 4451 2121 4494 et
2181 4443 2534 4510 metropolitas
2565 4442 2893 4494 constituere.
2928 4439 3181 4502 Eumdem
3229 4442 3359 4497 item

1775 4509 2118 4566 'l'heodorum
2161 4509 2354 4566 vidcsis
2392 4513 2457 4568 ad
2496 4528 2619 4566 can.
2661 4516 2686 4564 t
2716 4509 2928 4567 concilii
2956 4510 3360 4568 Chalcedonen-

87 4599 294 4648 raruut,
336 4595 393 4637 ιιι
426 4580 713 4644 vocabant,
733 4583 822 4652 jus
868 4580 1074 4650 spectat
1104 4583 1153 4635 i'd
1185 4583 1324 4650 quod
1355 4580 1582 4634 habetur
1611 4581 1664 4634 in
1700 4580 1743 4634 D
1770 4582 1858 4634 sis.

91 4657 339 4710 lidWardi
385 4657 524 4725 regis
551 4654 613 4708 lll
649 4653 864 4725 litteris,
895 4656 968 4725 ad
1011 4655 1310 4706 Humanum
1351 4653 1660 4725 pootilicem

87 4735 140 4779 et
165 4723 588 4796 purpuratorum
627 4724 910 4794 collegium
941 4724 1104 4796 datis,
1128 4725 1324 4791 quibus
1352 4723 1462 4789 juri
1498 4725 1601 4778 sibi
1632 4737 1661 4775 a

87 4795 381 4866 majoribus
429 4795 745 4866 transmisso
809 4795 1091 4866 adversari
1128 4797 1321 4866 merito
1386 4799 1665 4866 asserebat

89 4872 226 4935 quod
270 4868 580 4937 episcopum
611 4865 846 4937 aliquem
881 4866 932 4918 in
960 4865 1146 4935 Anglia
1195 4865 1427 4937 electum
1459 4865 1664 4916 lionia-

92 4954 190 4992 tms
219 4935 467 5007 pontilett'
498 4938 667 4992 sueris
707 4935 1036 4989 solemnibus
1085 4939 1135 4989 ιιι
1175 4936 1435 5006 dignitate
1467 4936 1619 5004 prius
1645 4971 1663 5000 ν

88 5010 249 5061 etiam
283 5019 412 5063 tunc
444 5008 700 5078 temporis
728 5047 742 5070 ,
800 5008 1042 5078 liru‘iaret
1077 5022 1238 5076 quam
1284 5007 1463 5075 regius
1505 5020 1664 5078 acce-

90 5079 241 5132 deret
271 5081 519 5133 clectioni
555 5075 833 5131 assensus.
874 5075 1005 5130 Nam
1036 5075 1418 5146 progenitores,
1465 5077 1660 5144 ittquit,

92 5151 254 5203 nostri
279 5153 365 5219 qui
407 5148 936 5219 dudumrl'uudarunt
964 5157 1010 5200 et
1055 5148 1302 5200 dotarnnt
1348 5146 1661 5211 Ecclesium,

91 5217 322 5289 singulas
365 5218 692 5273 eat/ietlrales
733 5217 974 5270 ecclesias
1005 5219 1159 5289 .regni
1210 5219 1373 5270 nostri
1419 5229 1664 5271 vacantes

92 5287 216 5342 olim
245 5292 401 5344 libere
438 5289 768 5343 contulerunt
821 5289 959 5357 regio
984 5287 1110 5356 jure
1136 5304 1230 5340 suo
1279 5289 1444 5356 (quod
1488 5289 1664 5356 ipsum

90 5370 360 5414 vetustum
404 5361 741 5415 investiturtc
760 5360 871 5428 jus)
904 5359 992 5411 sed
1019 5359 1383 5427 postmodum,
1436 5360 1503 5410 ad
1545 5375 1668 5426 sup-

89 5431 418 5498 plicationem
461 5432 586 5482 cleri
617 5444 678 5481 ac
721 5431 1056 5498 reverentiam
1100 5439 1146 5480 et
1193 5438 1436 5498 rogatum
1474 5429 1667 5481 summi

91 5497 349 5568 pontiﬁcis
389 5504 478 5572 qui
539 5510 662 5552 tunc
707 5497 987 5572 universali
1035 5500 1343 5572 prrcsideoat
1391 5497 1665 5572 Ecclesiae,

93 5567 339 5638 concessit
369 5567 616 5625 dominus
642 5585 731 5622 rea:
760 5567 961 5637 Angliw
985 5571 1074 5638 qui
1110 5581 1230 5622 tunc
1264 5579 1374 5621 erat
1421 5569 1667 5637 capitulis

97 5637 451 5708 Ecclesiarum
475 5639 881 5702 cat/iedralium,
908 5637 1047 5708 quad
1064 5645 1273 5692 cedente
1295 5640 1370 5693 vel
1394 5640 1668 5694 decedente

97 5705 496 5782 locipontiﬁce,
533 5725 815 5782 sacrorum
853 5705 1142 5782 corporum
1190 5710 1328 5782 votis
1361 5710 1498 5765 alius
1528 5720 1670 5765 esset

98 5779 480 5849 designandus,
514 5781 607 5850 qni
639 5790 816 5835 tamen
844 5779 1158 5834 necessario
1185 5781 1480 5836 solemnem
1526 5781 1668 5850 regis

99 5861 397 5920 assensum,
429 5853 644 5908 tametsi
681 5866 786 5906 non
830 5850 1160 5906 investitum
1193 5851 1475 5906 formulam
1504 5867 1666 5922 quam

1840 4653 1916 4720 (4)
1970 4652 2264 4708 Wentanus
2329 4657 2619 4725 episcopus.
2693 4653 3088 4725 Wiutoniensis
3144 4667 3357 4722 nempe.

1771 4721 2042 4776 Wiutonia
2073 4727 2216 4777 enim
2245 4721 2531 4779 Ptoleuueo
2559 4737 2612 4777 et
2635 4727 2928 4786 Antonino,
2965 4724 3131 4778 Venia
3161 4725 3360 4778 dicitur

1769 4794 2080 4866 Belgarum,
2110 4795 2374 4866 hodieque
2408 4795 2723 4866 Caer-gnent
2784 4795 3355 4855 Cambro-llrilanuis:

1767 4873 1910 4918 unde
1939 4864 2213 4918 chtanus
2239 4878 2294 4918 et
2325 4864 2624 4920 Wentanus
2647 4867 2840 4931 srepius
2870 4867 3009 4934 apud
3037 4872 3206 4918 vctust
3234 4880 3360 4918 ores

1769 4937 2066 4990 monachos
2116 4946 2169 4990 et
2211 4938 2505 5003 depravare
2557 4951 2653 5004 pio
2710 4933 2917 4990 eodem
2956 4933 3246 4988 l'Venlattns
3304 4938 3354 4987 in

1767 5005 2049 5060 codicibus
2097 5007 2377 5075 impressis
2418 5007 2557 5060 Guil.
2596 5005 3085 5059 Malitieslmricusis
3118 5006 3187 5058 De
3216 5017 3355 5073 gest.

1768 5079 2103 5146 pontlicmn,
2134 5077 2226 5131 Μ).
2260 5095 2295 5142 ι,
2325 5095 2376 5145 p.
2408 5077 2507 5131 117
2541 5077 2588 5140 b,
2616 5093 2646 5130 e
2669 5079 2744 5129 lit.
2774 5075 3002 5129 Loudiu.
3214 5097 3221 5104 -

1959 5150 2090 5212 Qua:
2125 5165 2288 5219 usque
2317 5150 2370 5202 in
2410 5147 2757 5217 quadraginta
2806 5156 3185 5219 octo__tempore
3225 5148 3358 5214 regis

1774 5216 1993 5286 Edgari.
2043 5257 2056 5270 .
2101 5258 2113 5270 .
2160 5259 2171 5271 .
2200 5216 2230 5270 ⁷.
2275 5259 2287 5270 .
2331 5216 2473 5272 nocte
2506 5227 2862 5270 surrexerunt.
2913 5216 3063 5270 Exitu
3093 5234 3154 5270 us
3215 5235 3358 5272 cnam

1770 5291 2218 5342 eomobiorumet
2253 5290 2656 5342 instauratoret
2709 5297 2897 5340 auctor
2949 5288 3187 5357 litigat-us
3241 5305 3357 5345 rex.

1771 5371 1932 5428 atque
1965 5361 2028 5412 ad
2078 5361 2337 5414 Dunstani
2373 5362 2642 5430 hortatum
2697 5357 2981 5420 forinatus,
3041 5377 3225 5412 corum
3267 5363 3357 5430 qui

1773 5430 1896 5482 vita:
1919 5431 2178 5484 solitaria:
2207 5431 2423 5483 nomina
2453 5428 2731 5492 dederant,
2785 5432 3188 5484 amantissimus
3219 5428 3357 5496 crat,

1771 5502 2209 5571 presbyterorum
2239 5503 2354 5555 sive
2385 5501 2705 5554 clericorum
2737 5502 2964 5554 aliorum
2993 5504 3226 5558 canibus
3279 5506 3362 5558 ιιι-

1775 5573 1939 5625 tninm
1989 5572 2252 5644 infensus.
2305 5573 2560 5626 Gensulto
2619 5573 3040 5639 praetermittens
3099 5577 3360 5644 quidquid

1774 5645 1912 5712 apud
1940 5643 2114 5697 editos
2140 5644 2425 5696 historicos
2462 5644 2528 5694 de
2551 5659 2615 5695 ea
2647 5658 2704 5697 re
2751 5644 2967 5712 legitur,
2997 5643 3136 5698 haud
3169 5647 3362 5698 intem-

1773 5715 1980 5783 pestive
2004 5714 2091 5767 hie
2113 5716 2314 5768 adnoto
2340 5712 2704 5767 Institutiones
2743 5715 2811 5766 ab
2839 5717 3028 5769 eodem
3062 5731 3185 5784 rese
3228 5731 3363 5779 pro-

1775 5784 2042 5853 mulgatas
2070 5800 2189 5854 quae
2221 5786 2532 5840 monasticae
2563 5797 2656 5854 per
2701 5793 2866 5855 totam
2914 5783 3159 5855 Angliam
3188 5783 3366 5855 ieipuA

1773 5855 1926 5910 blicze
1959 5864 2083 5910 tunc
2129 5858 2386 5926 ten'iporis
2437 5862 2699 5926 reparatae
2738 5854 2851 5910 sive
2896 5854 3188 5914 sodalitas,
3225 5854 3366 5906 utri.”
