3904 6306
571 299 675 353 δδο

1609 299 1913 355 EADMEIKI
1946 300 2161 356 ΜΟΝΑ(

2281 302 2363 358 CA
2375 300 2839 359 Μωιυελδιε
3682 308 3748 363 5d)

554 422 872 477 Possumus,
905 422 964 465 ut
1004 410 1055 465 in
1096 410 1467 465 celsitudinem
1523 420 1683 466 tantte
1712 411 1948 484 Virginis
1976 423 2150 468 atteu-
2180 422 2224 476 Α
2258 415 2442 469 nescio
2465 416 2851 485 descendisse),
2900 429 3091 487 magna
3121 417 3365 486 ηυιιεάαω
3392 418 3542 489 8";ue
3572 413 3748 477 miranda

563 512 797 571 damus;
830 514 903 568 et,
955 519 1074 574 qua:
1111 504 1267 565 nobis
1299 504 1574 559 miseratio
1613 505 1709 560 lilii
1752 506 1872 574 ejus
1916 508 2155 562 revelase

561 590 780 667 dignata
812 592 998 657 fuerit,
1045 609 1144 663 pro
1198 594 1354 648 laude
1408 593 1523 662 ejus
1553 595 1910 665 proferamus,
1946 600 2153 671 prolata

570 688 900 744 ruminetnus
922 688 965 738 ".
1011 686 1126 741 Erit
1159 688 1304 741 enim
1344 686 1591 743 fortassis
1628 688 1729 743 hoc
1756 689 1929 759 ipsum
1959 700 2157 761 optata:

560 780 753 856 nobis'
782 794 945 835 eausa
974 796 1079 834 non
1118 795 1281 852 parva
1307 780 1517 847 salutis,
1542 790 1596 835 et
1622 764 1880 839 sauciatis
1901 798 1964 838 ex
1998 783 2155 837 vitio-

565 889 683 929 rum
730 873 1115 943 punctionibus
1168 874 1366 929 animis
1418 858 1683 929 medicina
1747 877 1998 932 salubris.
2056 878 2156 946 Qui

565 983 800 1038 namque
821 966 934 1021 fieri
983 975 1163 1036 potest
1194 976 1252 1021 ut
1282 982 1349 1021 ex
1382 970 1641 1023 memoria
1665 969 1839 1025 laudis
1866 971 1983 1042 ejus
2010 971 2159 1027 salus

559 1074 672 1114 oon
708 1060 990 1131 proveniat
1034 1059 1332 1129 peceatori,
1362 1059 1517 1128 cujus
1546 1071 1733 1118 uterus
1760 1062 1933 1118 factus
1958 1073 2041 1118 est
2070 1064 2156 1119 via

566 1153 693 1221 ipsi;
723 1153 791 1208 ad
823 1153 1128 1209 sanandum
1168 1166 1510 1224 peccatorem
1537 1157 1772 1211 venienti
1798 1160 1818 1192 ⁸
1847 1156 2160 1213 Salvatori?

564 1248 705 1313 Quid
733 1247 869 1315 dixi,
896 1247 1005 1309 via,
1025 1263 1147 1302 cum
1177 1247 1318 1302 idem
1355 1258 1542 1302 uterus
1582 1248 1847 1304 thalamus
1877 1252 1993 1315 Dei,
2038 1252 2158 1308 aula

569 1339 683 1405 ltei,
718 1339 772 1395 in
815 1355 921 1411 qua
968 1339 1257 1405 habitaret,
1282 1339 1354 1394 sit
1378 1340 1590 1394 factus?
1629 1356 1757 1395 vere
1786 1342 1984 1398 eteiiim
2010 1344 2161 1399 babi-

568 1431 701 1489 tavit
732 1430 896 1495 ineo,
941 1431 1196 1500 quoniam
1225 1430 1463 1501 seipsum
1512 1430 1626 1500 ipse
1658 1431 1710 1485 in
1760 1446 1847 1496 eo,
1898 1440 1951 1487 et
1986 1448 2052 1487 ex
2097 1449 2163 1487 eo

566 1521 709 1587 quod
766 1523 923 1592 prius
973 1538 1077 1577 non
1139 1532 1257 1577 erat
1299 1523 1445 1577 fecit.
1501 1523 1546 1579 Ο
1585 1524 1952 1580 habitaculum
2004 1527 2163 1580 mira-

566 1611 675 1668 bile
716 1615 792 1668 “!
827 1612 871 1670 Ο
915 1614 1159 1669 habitare
1192 1615 1497 1670 inell'abile!
1529 1632 1689 1687 quem
1720 1618 1843 1673 cceli
1874 1618 2160 1683 ccelorum,

566 1723 726 1775 quem
759 1722 948 1763 omnes
990 1724 1167 1762 rerum
1199 1718 1505 1763 creatarum
1556 1710 1824 1767 machina:
1851 1727 2044 1781 capere
2072 1728 2161 1766 ne-

566 1809 795 1868 queunt,
823 1801 1105 1872 virginalis
1130 1812 1317 1857 uterus
1346 1804 1517 1858 beatae
1542 1802 1724 1859 Maria:
1751 1804 1915 1875 cepit,
1947 1806 2164 1874 quando

566 1894 817 1949 eumdem
850 1896 1025 1965 ipsum
1055 1896 1122 1950 de
1158 1912 1217 1950 se
1247 1912 1436 1951 verum
1467 1907 1520 1952 et
1568 1897 1870 1967 perfectum
1914 1898 2080 1956 Deum
2111 1909 2166 1953 et

570 1987 841 2044 hominem
871 1988 924 2043 in
955 2004 1059 2044 una
1097 2005 1328 2059 pcrsona
1374 1992 1623 2060 concepit
1651 2001 1707 2047 et
1745 1991 2043 2062 generavit,
2082 1992 2164 2052 via

570 2089 748 2134 tamen
781 2080 893 2149 ipse
915 2090 1103 2136 uterus
1128 2082 1360 2145 exstitit,
1378 2083 1508 2152 quia
1538 2082 1810 2151 perilluus
1832 2083 1973 2139 Deus
2003 2084 2165 2138 homo

567 2171 746 2229 factus
769 2171 825 2227 in
864 2172 1125 2228 mundum
1158 2173 1383 2228 visibilis
1419 2174 1587 2235 venit.

1201 2266 1431 2322 CAPUT
1474 2267 1535 2322 il.

978 2360 1057 2415 De
1077 2362 1277 2429 origine
1306 2358 1539 2430 Virginis
1568 2359 1776 2415 Maria'.

639 2448 900 2518 Quamvis
925 2451 1088 2521 igitur
1115 2453 1218 2506 hoc
1253 2451 1424 2505 solum
1451 2451 1516 2506 de
1554 2460 1739 2507 sancta
1768 2451 1984 2523 Virgine
2031 2469 2169 2523 prat-

571 2541 764 2611 dicari,
794 2542 938 2613 quod
963 2544 1054 2597 Dei
1088 2544 1127 2575 “
1154 2553 1329 2598 mater
1358 2552 1459 2611 est,
1491 2543 1720 2599 excedat
1740 2560 1956 2601 onmem
1984 2546 2168 2599 altitu-

572 2633 757 2693 dinem
785 2650 903 2705 quai
935 2643 1061 2705 post
1104 2633 1272 2688 Deum
1305 2634 1412 2690 diei
1464 2634 1549 2689 vel
1602 2635 1825 2707 cogitari
1879 2643 2075 2705 potest,
2113 2644 2168 2688 et

570 2726 897 2782 altissimum
920 2727 1048 2797 quid
1078 2728 1277 2782 habeat
1304 2727 1355 2781 in
1389 2730 1489 2783 hoc
1508 2728 1575 2782 ad
1598 2729 2083 2800 contemplandum
2113 2737 2168 2783 et

570 2818 952 2873 ruminandum
984 2832 1137 2873 mens
1171 2820 1406 2874 humana
1449 2834 1569 2890 qua:
1607 2835 1673 2876 ao
1703 2837 1821 2876 eam
1856 2823 2073 2879 anhelat
2098 2825 2161 2889 ",

572 2919 751 2965 tamen
779 2909 1037 2979 quoniam
1071 2910 1204 2964 mihi
1232 2910 1378 2964 venit
1409 2910 1453 2942 "
1483 2910 1535 2965 in
1565 2925 1662 2966 cor
1690 2920 1747 2966 ut
1776 2912 1843 2967 de
1867 2927 1929 2966 ea
1959 2913 2163 2984 aliquid

568 3001 745 3057 dicam
773 3001 950 3071 primo
977 3003 1043 3057 de
1074 3001 1118 3035 “
1144 3000 1261 3073 ejus
1286 3002 1520 3075 origine,
1548 3018 1612 3060 ac
1649 3003 1929 3073 deinceps,
1962 3004 2007 3061 si
2036 3007 2164 3076 quid

570 3094 806 3149 tenuitas
833 3109 1028 3149 sensus
1056 3095 1160 3150 mei
1198 3095 1265 3151 de
1292 3095 1407 3173 ipsa
1440 3097 1582 3167 quod
1612 3096 1861 3170 dignitati
1888 3098 2031 3157 illius
2048 3099 2163 3163 esi-
2192 3117 2236 3177 α
2284 3154 2293 3161 _

569 3186 785 3240 stimem
836 3201 942 3240 non
975 3188 1250 3242 adversari
1282 3203 1476 3259 capere
1507 3189 1765 3259 potuerit,
1814 3190 1869 3244 in
1928 3191 2163 3246 medium

568 3278 817 3349 proferre
864 3280 1011 3337 libet.
1044 3281 1203 3336 Adsis
1228 3281 1414 3353 igitur,
1465 3282 1703 3345 domina,
1756 3291 1811 3336 et
1867 3298 1970 3337 non
2023 3298 2163 3349 mea,

569 3389 689 3442 quae
720 3388 996 3437 exsecror,
1026 3374 1119 3427 sed
1152 3382 1263 3439 tua,
1311 3389 1432 3443 qua:
1485 3387 1678 3442 precor
1721 3375 1789 3439 “,
1833 3375 2025 3429 merita
2062 3375 2166 3431 illis

569 3468 809 3537 digneris
837 3470 1140 3531 attendere,
1173 3483 1295 3538 qua:
1326 3482 1557 3522 veneror
1586 3468 1649 3523 ‘°.
1677 3468 1755 3521 Tu
1782 3468 2001 3537 quidem
2024 3470 2163 3523 nosti

572 3566 807 3611 mentem
838 3573 1014 3612 meam
1047 3558 1100 3611 in
1132 3559 1235 3612 hoc
1282 3571 1403 3612 esse
1454 3558 1596 3627 quod
1640 3574 1724 3612 me
1755 3559 1977 3613 omnino
2027 3560 2155 3613 indi-

573 3665 737 3718 gnum
764 3648 949 3719 judico
986 3648 1051 3703 de
1083 3657 1136 3703 te
1166 3647 1335 3718 loqui,
1366 3657 1461 3703 aut
1489 3649 1784 3719 quidquam
1825 3650 2066 3705 scribere
2098 3642 2160 3704 ‘7.

571 3741 701 3807 Sed,
742 3740 998 3810 quoniam
1051 3739 1225 3795 insitae
1272 3748 1377 3794 tute
1424 3740 1467 3772 ⁸⁸
1525 3740 1745 3810 pietatis
1794 3741 1952 3797 oculo
2002 3757 2167 3812 super

569 3834 774 3890 multos
804 3833 910 3888 mei
941 3831 1149 3888 similes
1191 3832 1308 3888 scio
1337 3841 1393 3888 te
1419 3831 1745 3903 respexisse,
1781 3833 1983 3903 aliquo,
2035 3834 2165 3889 licet

570 3922 820 3995 dignitati
877 3932 981 3978 tua;
1033 3922 1274 3992 indigno,
1343 3935 1479 3977 mea}
1539 3922 1845 3978 devotionis
1902 3924 2164 3994 obsequio

569 4013 762 4070 vellem
811 4028 972 4085 agere
1003 4013 1045 4044 "
1093 4027 1222 4082 erga
1269 4023 1342 4079 te,
1386 4021 1656 4083 quatenus
1713 4012 1830 4083 ipso
1890 4022 2164 4070 consuetae

573 4108 960 4162 misericordiae
1012 4116 1118 4163 tuae
1157 4106 1315 4163 oculo
1364 4107 1688 4177 quandoque
1723 4108 1966 4179 digneris
1994 4116 2048 4163 et
2072 4123 2164 4165 me

575 4198 867 4269 respicere.
891 4198 1097 4253 Tacitis
1124 4200 1304 4268 itaque
1330 4197 1437 4253 illis
1467 4214 1587 4268 qua:
1633 4198 1700 4255 ab
1729 4200 1882 4255 initio
1910 4200 1955 4231 ²⁰
1984 4198 2164 4255 omnis

574 4298 861 4359 creaturae,
892 4303 1061 4355 usque
1106 4290 1172 4343 ad
1211 4301 1460 4344 sanetum
1497 4290 1591 4344 lilii
1636 4291 1720 4345 sui
1753 4291 2044 4347 adventum
2090 4292 2158 4353 “.

573 4382 640 4432 de
664 4382 766 4435 hac
800 4378 1022 4452 Virgine
1056 4380 1379 4450 prophetata
1400 4390 1527 4436 sunt
1558 4393 1668 4435 tam
1700 4398 1798 4452 per
1842 4397 1936 4438 eos
1961 4384 2007 4414 ¹¹
2068 4384 2157 4453 qui

2257 506 2561 561 divinorum
2582 508 2859 577 signorum
2881 508 3079 562 iudicia
3110 509 3465 579 prazcurrisse.
3489 519 3599 580 Qua:
3618 525 3744 575 tamen

2259 596 2346 650 illa
2380 595 2597 664 fuerint,
2638 596 2784 652 solus
2817 598 2931 667 ipse
2960 598 3078 652 sine
3106 600 3358 668 scrupulo
3384 601 3538 663 novit,
3563 606 3635 671 qui
3666 623 3745 664 eam

2258 689 2360 744 sibi
2390 699 2683 761 antequam
2707 691 2754 722 ’³
2779 701 3117 756 nasceretur,
3143 691 3195 745 in
3220 700 3443 746 matrem
3470 694 3630 765 elegit;
3656 705 3749 767 quod

2258 794 2321 835 ea
2355 795 2412 835 re
2439 779 2506 845 ",
2532 790 2589 835 ut
2618 790 2860 846 autumo,
2889 791 2941 837 et
2970 800 3075 838 non
3106 784 3393 856 incongrue
3414 796 3575 839 actum
3600 788 3635 819 “
3654 794 3751 845 credi

2260 880 2459 942 potest,
2492 882 2763 944 quatenus
2790 890 2854 930 eo
2907 875 3080 946 major
3118 876 3396 931 veneratio
3430 876 3633 934 ﬁdelium
3653 884 3750 938 circa

2260 967 2378 1037 ejus
2409 979 2588 1024 ortum
2626 968 2906 1035 existeret,
2940 985 3051 1039 quo
3088 968 3469 1025 sublimitatem
3494 971 3536 1001 “
3558 981 3682 1027 tanta
3704 979 3750 1029 rei

2261 1060 2437 1115 altiori
2467 1070 2678 1116 secreto
2708 1062 2873 1116 celari
2902 1063 3131 1133 quisque
3155 1062 3752 1133 perpenderet.Neceniin

2263 1153 2505 1209 Ecclesia
2550 1155 2642 1210 Dei
2687 1155 3023 1211 inconcussa:
3082 1157 3422 1212 auctoritatis
3474 1157 3603 1213 ducit
3641 1161 3753 1228 ipsam

2264 1249 2624 1320 Scripturam,
2639 1266 2758 1319 qum
2779 1262 2958 1306 ortum
2978 1252 3124 1307 illius
3139 1252 3208 1306 ab
3231 1252 3418 1323 angelo
3430 1255 3752 1323 prteuuntiatun

2264 1341 2452 1397 refert.
2484 1341 2620 1396 Nam
2650 1342 2778 1399 licet
2811 1344 3004 1398 beatus
3030 1342 3412 1416 Hieronymus,
3437 1342 3573 1412 juxta
3594 1345 3752 1403 alterius

2264 1433 2541 1502 cujusdam
2570 1435 2862 1506 Scriptura:
2891 1435 3200 1503 materiam,
3218 1452 3379 1507 quam
3405 1437 3457 1491 in
3483 1437 3757 1495 adolescentia

2265 1542 2358 1581 sua
2390 1528 2603 1591 legisse,
2634 1538 2689 1581 et
2734 1528 2888 1596 cujus
2918 1538 3200 1583 auctorem
3251 1544 3312 1585 se
3358 1528 3544 1585 fatetur
3564 1534 3755 1603 ignorare.

2265 1634 2385 1674 eam
2412 1619 2598 1675 fecerit
2627 1621 2671 1651 ²⁷
2701 1637 2715 1686 ;
2747 1620 2877 1674 dicit
2915 1629 3095 1675 tamen
3139 1636 3247 1675 non
3295 1636 3360 1676 eo
3404 1632 3548 1692 pacto
3590 1639 3637 1678 se
3670 1625 3755 1679 scri-

2268 1709 2438 1777 psisse
2468 1708 2610 1778 quod
2648 1707 2889 1778 scripsit,
2915 1716 2975 1762 ut
3010 1709 3249 1778 aliquam
3280 1709 3551 1781 descripta:
3593 1711 3650 1764 rei
3683 1724 3755 1765 ter-

2275 1801 2555 1855 titudiuem
2601 1798 2859 1855 Ecclesiis
2912 1799 3074 1854 vellet
3133 1798 3378 1865 inferre,
3426 1802 3512 1855 sed
3566 1802 3646 1855 hoc
3684 1801 3757 1856 solo

2270 1900 2327 1947 ut
2358 1892 2672 1962 rogantibus
2700 1891 2892 1945 amicis
2921 1890 3245 1961 simpliciter
3292 1906 3489 1945 morem
3516 1891 3555 1923 ³⁸
3596 1904 3754 1961 gereret.

2273 1985 2446 2049 Unde,
2476 1984 2928 2054 quemadmodum
2979 1984 3113 2049 dixi,
3160 1983 3422 2054 scriptum
3468 1984 3578 2038 illud
3624 1988 3661 2037 in
3700 2002 3758 2037 au-

2272 2074 2579 2129 ctoritatem
2653 2072 2897 2128 Ecclesia
2982 2073 3266 2143 suscipere
3330 2073 3530 2137 noluit,
3586 2074 3757 2129 videlicet

2272 2167 2530 2222 indecens
2572 2179 2694 2222 esse
2744 2173 3004 2236 reputans
3046 2164 3114 2219 de
3162 2165 3321 2219 beata
3370 2177 3534 2220 matre
3562 2166 3635 2220 Dei
3676 2166 3756 2235 quid

2271 2256 2572 2313 dubitabile
2624 2258 2676 2313 in
2727 2255 2944 2312 laudem
2974 2255 3094 2325 ejus
3144 2257 3393 2321 recitari,
3450 2273 3557 2312 cum
3598 2273 3646 2311 ea
3684 2274 3758 2324 qua

2271 2352 2655 2407 incunctanter
2687 2351 2755 2406 de
2802 2351 2893 2406 illa
2922 2367 3049 2407 vera
3079 2349 3324 2405 existunt
3362 2358 3503 2404 tanta
3530 2348 3665 2404 laudis
3686 2364 3758 2402 nu-

2273 2446 2407 2499 teria
2451 2444 2562 2499 sint
2592 2443 2789 2499 referta
2840 2454 2919 2509 ut,
2955 2445 3263 2514 quicunque
3316 2443 3369 2497 in
3420 2442 3647 2496 laudando
3682 2456 3759 2493 tam

2270 2534 2473 2589 morari
2509 2532 2804 2598 desiderat,
2830 2548 3056 2590 necesse
3098 2534 3172 2589 sit
3206 2542 3266 2586 ut
3315 2532 3531 2588 facultas
3568 2531 3658 2600 ejus
3692 2546 3759 2583 mi-

2273 2624 2541 2694 gnitudini
2571 2624 2616 2657 ²⁹
2644 2632 2699 2681 et
2734 2624 2953 2679 veritati
2991 2625 3336 2681 succumbat.
3371 2625 3515 2682 Sicut
3544 2624 3656 2679 enim
3688 2622 3757 2676 sola

2268 2731 2382 2787 pra:
2432 2715 2644 2770 cunctis
2679 2715 2859 2770 meriti
2905 2714 3198 2785 singularis
3225 2715 3444 2781 enituit,
3485 2715 3550 2769 ita
3579 2713 3759 2782 quidquid

2268 2822 2391 2861 eam
2421 2805 2638 2871 attinet,
2668 2806 2890 2877 speciali
2931 2807 3167 2878 quadam
3200 2807 3446 2863 veritatis
3486 2805 3690 2860 ﬁrmitate
3706 2804 3758 2857 ili-

2268 2913 2433 2970 gnum
2466 2910 2548 2953 est
2578 2898 2808 2954 enitere.

2885 2991 3115 3051 CAPUT
3161 2993 3247 3049 Ill.

2659 3083 2737 3138 De
2766 3084 3168 3139 annuntiaiione
3207 3084 3462 3155 angelica.

2339 3173 2473 3227 Nata
2500 3173 2685 3245 igitur,
2706 3183 2762 3228 et
2785 3173 3060 3228 infautiles
3087 3189 3258 3229 annos
3286 3185 3469 3239 exuta,
3499 3187 3634 3244 quam
3661 3176 3757 3225 caste

2268 3282 2426 3336 quam
2452 3274 2657 3330 sancte,
2690 3280 2855 3334 quam
2902 3264 3013 3319 Deo
3046 3266 3205 3337 digne
3232 3266 3405 3319 vitam
3444 3262 3697 3322 instituerit,
3726 3267 3759 3312 et

2269 3358 2572 3413 institutam
2606 3358 2797 3429 egerit,
2827 3358 2951 3428 quis
2989 3357 3073 3411 vel
3101 3359 3368 3428 cogitatu,
3393 3372 3492 3412 non
3526 3357 3624 3411 dico
3645 3355 3759 3413 dictu,

2267 3460 2431 3522 queat
2468 3452 2776 3518 conjectare
2808 3451 2892 3503 ὀἳ
2925 3449 3065 3503 Nulli
3099 3450 3339 3521 denique
3370 3452 3570 3504 dubium
3595 3444 3761 3502 castissi-

2268 3560 2413 3599 mum
2434 3559 2632 3615 corpus
2658 3552 2714 3598 et
2752 3544 3155 3599 sanctissimam
3187 3547 3429 3598 animam
3468 3543 3571 3611 ejus
3596 3539 3760 3594 funditus

2268 3640 2336 3692 ab
2365 3637 2511 3691 omni
2552 3636 2718 3691 fuisse
2761 3637 2969 3691 macula
3003 3637 3231 3704 peccati,
3265 3638 3385 3707 jugi
3419 3636 3678 3705 angelorum
3698 3645 3758 3683 cu-

2266 3731 2442 3785 stodia
2498 3738 2801 3800 protectam
2835 3729 2903 3793 ",
2958 3738 3147 3798 utpote
3193 3730 3399 3795 aulam,
3444 3743 3587 3798 quam
3618 3730 3761 3779 suusct

2265 3822 2506 3877 omnium
2536 3832 2756 3876 creator
2788 3821 2928 3875 Deus
2950 3820 3317 3890 corporaliter
3345 3820 3702 3875 iubabitaturus,
3723 3822 3758 3864 et

2266 3930 2331 3971 ex
2369 3929 2473 3985 qua
2520 3914 2797 3970 hominem
2834 3914 2888 3968 in
2917 3930 3028 3969 sua:
3078 3929 3327 3983 persona:
3355 3914 3596 3969 unitatem
3619 3902 3762 3960 "inel-

2267 4005 2412 4060 fabill
2442 4003 2619 4061 fuerat
2644 4005 2960 4074 operatione
2997 4013 3338 4074 sumpturus.
3369 4004 3436 4060 Et
3460 4004 3573 4074 quid
3599 3994 3762 4055 miram?

2266 4097 2400 4154 Nam
2426 4105 2476 4152 et
2504 4096 2647 4152 inter
2677 4094 2721 4126 ³³
2768 4094 3017 4151 homines
3046 4112 3177 4150 usus
3205 4097 3444 4151 obtinuit
3483 4094 3543 4166 (si
3579 4101 3710 4146 tamen
3741 4101 3759 4136 ι

2265 4189 2580 4246 cmlestibus
2606 4188 2674 4242 ad
2708 4196 2923 4243 terrena
2964 4196 3142 4256 potest
3185 4203 3307 4244 esse
3356 4183 3652 4258 comparatio
3674 4178 3758 4239 ullil

2264 4294 2343 4350 ut,
2373 4299 2495 4339 cum
2526 4296 2846 4354 praeponens
2891 4280 3090 4351 aliquis
3118 4292 3173 4337 et
3198 4297 3432 4353 persona
3471 4280 3603 4334 dives
3638 4273 3757 4339 aliqua

2263 4375 2413 4430 vadit
2451 4375 2823 4444 hospitaturus
2869 4371 3095 4428 clientes
3120 4373 3165 4404 ³³⁵
3196 4380 3517 4444 percurrant
3556 4379 3604 4423 ut
3640 4366 3758 4418 locum

575 4480 703 4526 ante
740 4470 914 4544 legem
974 4487 1137 4541 quam
1178 4481 1232 4525 et
1287 4486 1384 4542 per
1435 4488 1529 4527 eos
1576 4473 1667 4543 qui
1715 4473 1816 4528 sub
1870 4473 1986 4545 lege
2026 4473 2153 4541 justi
2190 4479 2236 4538 ι)
2264 4469 2532 4533 muniant,
2564 4470 2847 4532 mundent.
2900 4473 3098 4521 ornem
3145 4474 3203 4521 el
3262 4465 3559 4521 Custodiam
3596 4467 3758 4528 'l"°"‘

570 4564 812 4631 fuerunt,
844 4563 972 4619 illud
1023 4562 1258 4632 conjicio
1309 4563 1448 4636 apud
1496 4579 1602 4628 me,
1658 4565 1996 4620 nativitatem
2040 4566 2157 4634 ejus

569 4661 757 4733 (quam
796 4656 1018 4732 quidem
1050 4671 1117 4711 ex
1161 4655 1303 4711 linea
1350 4657 1711 4729 generationis
1758 4658 2006 4716 humana:
2051 4676 2157 4717 non

2265 4563 2434 4620 nienti
2455 4560 2675 4616 domino
2697 4574 2797 4615 suo
2812 4567 2971 4630 aptus
2989 4558 3058 4613 ad
3077 4557 3485 4613 inhabitandam
3498 4564 3548 4608 et
3564 4556 3757 4639 congruo

2271 4661 2384 4713 liat.
2416 4654 2570 4723 Quod
2612 4654 2655 4709 si
2688 4653 2812 4708 talis
2839 4659 3131 4722 apparatus
3169 4651 3227 4705 fit
3253 4666 3351 4723 pro
3378 4650 3591 4704 adventu
3617 4646 3755 4695 term!

1844 4791 2075 4850 VARUE
2114 4794 2517 4853 LECTIONES.

639 4913 661 4944 "
685 4910 867 4983 Laude
883 4910 999 4979 ejus
1014 4906 1575 4983 pro.ata_ruminemu_s
1591 4925 1694 4963 mss
1712 4907 1869 4983 laude
1892 4908 2007 4983 eius
2023 4912 2605 4982 proferamus,prolata
2626 4913 2960 4970 ruminemus
3002 4912 3022 4945 ⁸
3035 4912 3237 4983 Optare
3252 4912 3407 4971 nobis
3426 4912 3754 4983 umorum!“

572 4984 657 5039 bis
718 4984 737 5015 '
757 4974 1132 5046 Peccatorum,
1157 4980 1310 5047 cujus
1335 4988 1521 5033 uterus
1535 4980 1708 5034 factus
1719 4982 1903 5052 estvia
1921 4974 1986 5052 ad
1999 4974 2298 5037 sanandum
2312 4974 2625 5051 peccatores
2638 4984 2871 5038 venienti
2884 5000 2989 5038 mss
3002 4974 3293 5052 peccatori,
3309 4985 3459 5052 cujus
3471 4974 3753 5052 uti-roscidi:

570 5054 796 5136 ctu-svia
814 5053 911 5133 ipsi
931 5053 997 5107 ad
1021 5040 1326 5136 Humidum
1343 5061 1682 5136 peccatorem
1702 5051 1937 5136 venienti
1999 5054 2056 5136 _‘_'
2067 5054 2116 5136 ρ
2133 5040 2494 5136 habitaculum
2523 5054 2883 5136 inirabilemss
2897 5040 3061 5108 omiil.
3143 5052 3185 5085 ει
3212 5040 3340 5136 Quae
3355 5040 3553 5136 Deira”
3567 5044 3675 5136 αιιριι

578 5124 622 5195 ξ’
648 5123 727 5195 Ad
762 5121 1045 5195 Dominum
1078 5121 1299 5176 anhelat
1323 5137 1429 5195 _mss
1458 5124 1523 5174 ad
1545 5135 1665 5176 eam
1688 5122 1905 5195 anhelat
1998 5124 2047 5161 “7
2062 5123 2330 5190 Quoniam
2358 5129 2516 5195 modo
2542 5125 2684 5178 venit
2714 5140 2819 5177 mss
2866 5133 3043 5195 tamen
3074 5127 3328 5195 quoniam
3376 5123 3500 5177 mihi
3534 5121 3652 5171 venit

573 5192 758 5264 Primo
780 5207 968 5264 parum
995 5193 1069 5264 de
1094 5209 1200 5247 mss
1229 5192 1400 5264 omitt.
1429 5206 1616 5259 parum
1694 5193 1736 5264 ἦέ
1767 5191 1878 5246 Tua
1905 5208 2027 5264 quas
2057 5209 2248 5264 precor
2274 5211 2353 5249 ms
2380 5193 2442 5247 Β.
2473 5204 2583 5258 tua,
2611 5210 2804 5264 precor
2878 5195 2921 5226 “
2953 5190 3296 5261 Qum'vereor
3325 5211 3427 5247 mss
3450 5206 3556 5261 quae
3592 5190 3750 5264 τεηςφῗ

576 5263 617 5295 ⁸⁷
650 5261 881 5333 Aliquid
900 5262 1270 5333 scriberemss
1292 5262 1581 5333 quicquam
1605 5261 1846 5317 scribere

573 5347 737 5399 agere
756 5330 771 5333 ’
844 5332 890 5363 ’⁸
921 5330 1028 5386 Illis
1051 5332 1119 5386 ab
1145 5332 1298 5386 initio
1318 5330 1431 5385 'mss
1456 5332 1558 5387 illis
1585 5348 1704 5401 quze
1733 5334 1801 5388 ab
1829 5332 1982 5389 initio

572 5489 635 5547 ge
705 5472 752 5507 ⁸⁸
778 5473 1075 5547 Incongrue
1097 5481 1275 5526 actum
1300 5489 1409 5547 _mss
1433 5472 1816 5547 ontiu.__aetuin
1893 5476 1939 5527 *⁸
1967 5472 2119 5543 Quod
2144 5484 2289 5532 enim
2321 5477 2428 5531 alio
2452 5478 2612 5532 modo
2636 5472 3022 5533 sublimitatem
3053 5472 3159 5531 mss
3188 5491 3292 5547 quo
3304 5474 3649 5547 sublimitatem

1594 5543 1639 5615 ὴὲ
1665 5540 1908 5615 Similem
1937 5540 2141 5607 morem
2173 5546 2320 5602 Edit.
2352 5548 2463 5601 Pie.
2498 5547 2754 5602 humilem
2779 5562 2982 5603 morem
3006 5562 3111 5602 mss
3140 5540 3448 5615 simpliciter
3469 5550 3640 5615 mergi“

572 5614 928 5687 Magnitudini
964 5613 1038 5670 rei
1066 5626 1183 5687 mag
1190 5609 1316 5687 ejus
1339 5613 1696 5687 magnitudini
1770 5615 1812 5647 3°
1840 5616 2211 5687 Nouidicamu

571 5546 706 5600 Eam
734 5543 987 5599 refecerit
1010 5557 1116 5596 mss
1142 5555 1262 5595 eam
1296 5542 1485 5597 fecerit

1959 5265 2000 5296 ”'
2023 5265 2204 5321 Insita:
2237 5266 2330 5319 tibi
2362 5281 2440 5319 ms
2487 5265 2552 5318 Β.
2586 5265 2760 5319 insita:
2801 5273 2905 5320 tum

3015 5265 3057 5296 ¹¹⁹
3092 5265 3257 5321 Velim
3306 5250 3479 5333 agere'
3506 5275 3595 5333 mss
3616 5250 3745 5333 πνοιῇ

2087 5337 2129 5367 ’³
2154 5336 2408 5391 Sanctum
2434 5336 2514 5390 sui
2548 5336 2835 5390 adventum
2874 5352 2980 5390 mss
3011 5345 3256 5391 sanctum
3296 5330 3388 5388 filii
3423 5334 3499 5388 sui
3534 5330 3745 5383 adventum

572 5404 620 5436 “
647 5402 800 5474 Sicut
832 5410 939 5457 tam
963 5416 1058 5471 per
1085 5417 1190 5456 mss
1220 5403 1387 5456 omiu.
1415 5403 1557 5474 sicut
1629 5403 1673 5434 ⁸³
1703 5403 1836 5458 Eam
1865 5415 2155 5474 antequam
2183 5423 2287 5461 eis:
2312 5422 2433 5460 eam
2463 5407 2566 5462 sibi
2595 5418 2885 5474 antequam
2960 5407 3005 5438 “

3032 5406 3185 5475 Quod
3216 5406 3266 5460 in
3294 5419 3357 5460 ea
3378 5420 3447 5485 re
3471 5391 3744 5485 maritimi;

2221 5656 2235 5672 .
2273 5618 2649 5687 conjecturare
2672 5634 2778 5673 mss
2802 5633 2909 5671 non
2936 5618 3122 5671 dico...
3145 5604 3441 5685 conjectare
3491 5609 3541 5687 ξ·

568 5676 691 5740 ηιεέ
709 5695 1011 5756 proiectam
1086 5682 1128 5716 ³’
1159 5676 1380 5741 Unitate
1408 5676 1513 5737 nisi
1543 5684 1801 5743 unitatem
1877 5688 1921 5721 ³³
1959 5686 2094 5744 Nam
2126 5689 2266 5745 inter
2290 5676 2394 5745 mss
2417 5703 2540 5745 nam
2569 5699 2625 5745 et
2662 5689 2801 5746 inter
2883 5687 2926 5721 ³⁸
2966 5676 3339 5757 Ποερὶιειιυῖιιε
3365 5694 3420 5740 ut
3458 5681 3642 5739 clientes
3669 5676 3738 5721 ³³³

569 5759 734 5812 omitt.
767 5766 825 5812 ut
868 5778 871 5781 λ
