3904 6306
84 376 187 431 581

1112 370 1237 425 LIB.
1273 371 1357 426 DE
1390 368 1869 427 EXCELLliNTlA
1912 370 1969 422 Β.
1998 369 2253 424 ΜΑιιιιΕ.

3243 371 3353 424 561

84 499 329 543 nonunts
350 495 403 541 et
432 493 822 541 momentancm
844 487 1144 554 potestatis.
1174 485 1349 555 qualis
1378 494 1668 555 apparatus
1699 488 1740 545 Α
1772 481 2202 547 substantialem,
2231 490 2581 549 coactcruum,
2609 482 3120 552 coomuipotentem,
3157 496 3221 536 ex
3250 497 3345 537 sua

82 580 268 634 munis
303 578 425 634 boni
484 585 735 646 putamus
780 577 944 632 ﬁebat
997 591 1095 645 pro
1146 578 1375 630 adventu
1431 576 1669 631 caelestis

82 671 251 739 Regis
282 680 337 725 et
364 670 551 724 aeterni
588 668 642 721 in
670 668 834 722 corde
863 668 1243 723 sacratissima:
1266 668 1520 740 Virginis,
1552 685 1670 738 qua:

80 759 238 811 illum
276 773 382 812 non
399 760 572 812 solum
595 768 713 812 erat
736 760 787 811 in
812 767 982 813 semet
1009 760 1288 813 transitive
1318 761 1665 830 bospitatura.

78 865 144 903 se
166 850 362 904 leti-am
379 866 444 903 ex
466 849 766 904 substantia
784 865 877 903 sua
896 849 1092 905 factum
1111 851 1378 906 hominem
1398 853 1670 919 paritura?

78 940 368 1007 Siquidem
391 939 476 992 ubi
497 940 630 993 venit
643 941 907 1009 plenitudo
926 944 1169 1012 temporis
1185 942 1326 1012 (Cal.
1341 959 1411 1007 tv,
1430 945 1505 1012 ι),
1527 946 1669 1013 quod

78 1046 188 1085 suo
214 1031 470 1084 adventui
501 1031 544 1062 ³⁸
576 1031 691 1101 ipse
720 1032 861 1086 Deus
891 1041 1015 1087 ante
1042 1042 1280 1103 tempora
1313 1035 1670 1102 praadestiua-

78 1120 185 1185 vit,
209 1120 364 1175 misit
390 1119 639 1190 angelum
670 1119 997 1186 Gabrielem,
1022 1138 1188 1175 unum
1216 1123 1281 1177 de
1308 1124 1498 1193 primis
1529 1125 1671 1194 prin-

76 1211 301 1279 cipibus
350 1211 497 1282 regni
532 1210 577 1241 ³⁸
620 1210 724 1276 sui,
764 1211 1017 1267 nuntiare
1072 1212 1207 1280 tibi,
1262 1228 1295 1267 o
1356 1214 1666 1268 beatissima

78 1300 441 1361 feminarum,
483 1299 687 1354 instare
713 1298 938 1354 salutem
967 1302 1183 1370 generis
1229 1302 1470 1367 humani,
1504 1312 1557 1355 et
1612 1318 1669 1356 se

76 1391 339 1444 eamdem
367 1389 595 1444 salutem
625 1401 995 1460 operaturum,
1047 1400 1101 1446 et
1145 1408 1211 1446 ex
1244 1403 1294 1447 te
1339 1394 1664 1454 castissima,

77 1497 184 1549 per
212 1482 449 1550 Spiritus
475 1482 649 1536 sancti
683 1485 1071 1551 operationem,
1109 1500 1294 1540 verum
1325 1487 1595 1540 hominem
1624 1487 1666 1519 ³⁷

77 1572 451 1626 nasciturum.
507 1574 700 1633 Audis.
747 1574 983 1640 domina,
1014 1590 1133 1644 qua:
1181 1575 1446 1641 feruntur,
1498 1587 1553 1631 ct
1600 1577 1667 1630 ad

77 1676 198 1713 rem
223 1675 373 1714 Olllnl
415 1662 611 1716 saeculo
637 1662 930 1716 inauditam
968 1678 1136 1733 paves
1177 1673 1232 1719 ct
1257 1664 1488 1719 miraris.
1516 1665 1668 1719 Nulla

79 1761 273 1807 tamen
323 1753 702 1807 incredulitate
748 1755 1013 1821 moveris;
1066 1770 1250 1810 verum
1304 1755 1667 1810 indubitanter

1771 583 1965 628 natura
2012 575 2129 629 sine
2162 575 2315 630 initio
2347 575 2487 630 Deus
2529 574 2694 629 Pater
2722 575 2940 645 genuit,
2977 582 3032 628 et
3075 589 3172 644 per
3222 589 3345 627 eum

1770 678 1961 718 omnes
2008 674 2290 720 creaturas
2338 664 2577 719 visibiles
2629 674 2683 719 et
2731 665 3026 719 invisibiles
3063 680 3125 718 ex
3180 664 3353 719 nihilo

1773 754 1919 809 fecit.
1950 754 2100 811 Hunc
2125 756 2288 825 igitur
2323 758 2424 813 sibi
2464 766 2568 813 tam
2606 758 2819 811 unicum
2865 773 3028 827 quam
3062 756 3349 813 dilectissi-

1773 862 1940 911 mum,
1971 847 2105 901 etin
2139 848 2389 903 omnibus
2412 849 2637 903 omnino
2672 850 2971 918 :equalem,
3003 864 3107 903 non
3154 864 3348 917 passus

1770 943 1853 987 est
1884 949 2171 990 remanere
2201 936 2538 992 solummodo
2570 954 2746 1003 sumn,
2772 938 2864 993 sed
2894 940 3142 993 eumdem
3176 938 3361 1006 ipsum.

1772 1025 1939 1080 voluit
1984 1026 2037 1080 in
2070 1026 2145 1082 rei
2178 1028 2408 1082 veritate
2447 1042 2567 1083 esse
2601 1030 2771 1083 beatae
2802 1028 2983 1082 Mariae
3009 1030 3245 1091 unicum,
3295 1038 3359 1081 er

1771 1118 2198 1183 dilectissimum,
2238 1126 2292 1173 et
2316 1120 2616 1173 naturalem
2647 1118 2835 1184 ﬁlium,
2864 1135 2964 1173 nec
3006 1120 3079 1174 ita
3130 1129 3190 1174 ut
3244 1120 3349 1174 duo

1771 1217 1971 1273 essent,
2000 1226 2139 1264 unus
2170 1209 2421 1265 videlicet
2449 1210 2617 1265 Filius
2646 1211 2761 1276 Dei,
2790 1210 2927 1266 alius
2963 1210 3104 1265 ﬁlius
3147 1210 3346 1275 Mariae,

1770 1302 1862 1354 sed
1894 1301 2032 1355 idem
2059 1302 2172 1370 ipse
2202 1302 2291 1370 qui
2321 1301 2489 1356 Filius
2539 1301 2656 1367 Dei,
2689 1303 2741 1356 in
2794 1316 2897 1357 una
2927 1316 3156 1372 persona
3208 1312 3351 1355 esset

1773 1390 1912 1444 ﬁlius
1944 1390 2143 1457 Mariae,
2182 1400 2237 1445 et
2264 1392 2353 1461 qui
2384 1391 2523 1445 ﬁlius
2554 1390 2757 1454 Mariae,
2791 1407 2929 1445 unus
2964 1400 3017 1444 et
3043 1392 3183 1443 idem
3208 1398 3351 1443 esset

1770 1483 1821 1537 in
1853 1499 1957 1538 una
2004 1498 2235 1553 persona
2273 1484 2441 1539 Filius
2481 1484 2595 1538 Dei.
2629 1483 2762 1550 Quis
2810 1483 2923 1537 haec
2980 1483 3205 1535 audiens
3244 1498 3348 1534 non

1769 1572 2116 1642 Obstupescat
2157 1574 2381 1643 etquod
2412 1573 2554 1627 Deus
2598 1572 2705 1626 tale
2748 1573 2876 1642 quid
2906 1570 3042 1625 velle
3090 1572 3348 1640 potuerit,

1771 1678 1876 1716 non
1906 1662 2045 1716 ultra
2075 1678 2238 1718 omne
2269 1664 2412 1733 quod
2442 1663 2547 1718 dici
2595 1673 2774 1733 potest
2800 1662 3117 1717 admirabile
3148 1661 3352 1717 ducat?

1772 1755 1954 1825 Puella
1986 1757 2051 1811 de
2077 1758 2372 1827 propagine
2400 1757 2571 1811 Adam
2600 1766 2748 1821 nata,
2782 1757 2845 1810 de
2876 1756 3176 1825 pcecatrice
3223 1770 3348 1826 pro-

77 1853 241 1896 tenes
276 1843 413 1914 apud
449 1855 501 1898 te
526 1845 851 1899 omnimodis
894 1845 1226 1915 impossibile
1255 1846 1369 1900 fore
1399 1862 1503 1900 non
1550 1848 1665 1902 ﬁeri
1699 1819 1745 1879 Β
1774 1824 1949 1918 genie
1975 1858 2115 1915 orta,
2176 1849 2353 1905 subito
2408 1864 2558 1904 versa
2612 1848 2729 1904 vice
2780 1849 3171 1904 maledictiouis
3228 1849 3351 1903 Eva:

75 1934 228 2002 quod
282 1934 503 2007 angelus
531 1935 665 1989 dixit
717 1934 953 1991 futurum
985 1951 1125 1992 esse.
1171 1935 1409 1992 Credidit
1440 1954 1569 2008 ergo
1615 1950 1669 1995 et

74 2023 394 2080 certissime
440 2025 699 2080 intellexit
732 2030 899 2082 Deum
932 2036 1037 2082 tam
1086 2014 1305 2091 bonum,
1343 2038 1447 2083 tam
1501 2010 1666 2101 pium,

78 2124 198 2169 tam
257 2116 435 2170 omnis
486 2118 873 2172 misericordia:
900 2119 1201 2174 visceribus
1246 2120 1461 2189 plenum
1492 2131 1548 2175 ut
1603 2123 1669 2177 ad

77 2215 269 2261 terras
294 2208 359 2260 de
393 2206 603 2262 cmlesti
635 2209 764 2263 sede
794 2210 1139 2275 descendere,
1183 2221 1234 2265 et
1267 2213 1427 2267 homo
1476 2212 1667 2278 factus,

75 2313 178 2367 per
211 2297 511 2353 indebitam
545 2300 643 2355 sibi
678 2310 928 2369 mortem,
956 2318 1122 2372 genus
1154 2304 1446 2360 humanum
1473 2320 1505 2361 a
1550 2322 1673 2376 per-

75 2402 245 2460 petua
285 2391 444 2445 vel'et
480 2402 654 2447 morte
681 2408 785 2463 qua
829 2397 1113 2451 tenebatur
1141 2399 1373 2468 eripere.
1428 2399 1666 2470 Respon-

75 2485 218 2537 dens
253 2497 384 2552 ergo
411 2485 601 2539 nuntio
628 2486 737 2539 ait:
773 2486 907 2541 Ecce
935 2490 1129 2544 ancilla
1166 2491 1395 2556 Domini,
1422 2493 1513 2561 ﬁat
1544 2495 1673 2557 mihi

74 2579 375 2629 secundum
427 2578 635 2631 verbum
687 2590 833 2633 tuum
876 2578 1028 2649 (Luc.
1061 2598 1098 2647 ι,
1147 2583 1258 2654 58).
1307 2584 1352 2639 Ο
1396 2583 1527 2640 ﬁdes
1564 2585 1671 2641 Deo

75 2672 357 2736 accepta!
414 2668 457 2725 Ο
512 2671 792 2726 humilitas
833 2674 1013 2743 grata!
1067 2673 1111 2729 Ο
1157 2676 1461 2730 obedientia
1524 2680 1668 2735 omni

76 2756 361 2813 sacriﬁcio
387 2757 679 2827 jucundius
731 2761 839 2816 Deo
892 2762 1106 2816 oblata!
1161 2764 1299 2829 Quid
1349 2780 1480 2837 ergo
1527 2769 1670 2838 quod

76 2852 363 2906 venientis
393 2853 487 2906 Dei
522 2852 709 2909 oculos
734 2853 1032 2910 oﬁ‘enderct
1059 2856 1110 2910 in
1143 2856 1229 2910 illa
1277 2867 1492 2928 poterat
1534 2862 1669 2917 resi-

76 2951 239 3014 dere,
299 2950 355 3004 in
389 2966 493 3020 qua
530 2961 801 3008 tantarum
850 2956 1113 3009 virtutum
1173 2954 1399 3025 insignia
1448 2955 1672 3009 veniens

78 3041 295 3095 invenit
326 3043 601 3099 redolere?
651 3045 812 3100 Certe
859 3046 972 3101 sola
1024 3046 1127 3101 ﬁde
1176 3046 1451 3101 Abraham
1502 3044 1673 3100 fertur

1771 1941 2056 1995 benedicta
2119 1942 2446 2011 praedicatur
2500 1958 2661 2012 super
2716 1958 2902 1997 omnes
2962 1942 3232 2010 mulieres,
3297 1954 3351 1997 et

1771 2030 2023 2099 Concipit,
2053 2040 2106 2085 et
2135 2032 2384 2100 parturit,
2438 2041 2491 2086 et
2524 2032 2664 2101 parit
2696 2032 2968 2086 hominem
3010 2032 3200 2097 Deum,
3229 2048 3349 2085 oui-

1772 2139 1869 2177 nes
1917 2124 2393 2191 prtevaricationes
2441 2125 2509 2178 ab
2553 2124 2681 2178 Adin
2716 2125 2838 2178 ﬁliis
2891 2125 3346 2193 propulsaturum,

1772 2227 1971 2280 eosque
2008 2213 2059 2266 in
2093 2213 2300 2267 caelesti
2334 2214 2379 2245 δ’
2415 2229 2582 2285 regno
2610 2229 2707 2270 suo
2744 2213 2844 2269 sibi
2877 2214 3187 2269 colmredes
3216 2230 3355 2269 cou-

1773 2302 2107 2358 stituzurum.

2369 2389 2598 2448 CAPUT
2657 2390 2746 2446 Ν.

2126 2487 2199 2536 De
2241 2501 2415 2539 amore
2460 2484 2684 2555 Virginis
2717 2485 2787 2537 ad
2808 2484 2997 2553 ﬁlium.

1846 2577 2016 2643 Quam
2042 2577 2306 2631 mirabilis
2328 2576 2509 2647 itaque
2523 2586 2577 2630 et
2604 2574 2885 2630 incili-bilis
2902 2577 3103 2632 amoris
3123 2575 3357 2632 allectus

1775 2668 1820 2698 “
1854 2666 2184 2721 considerari
2222 2674 2385 2736 queat
2436 2668 2579 2721 inter
2618 2666 2761 2721 lumc
2792 2667 2951 2723 talem
2985 2677 3141 2723 tanta:
3166 2670 3353 2722 matris

1776 2756 1968 2821 ﬁlium,
1992 2768 2045 2811 et
2067 2758 2207 2812 hanc
2237 2757 2393 2812 talem
2441 2758 2574 2812 tanti
2618 2756 2709 2812 ﬁlii
2744 2766 2992 2821 matrem,
3021 2762 3356 2829 perpendam

1776 2848 1828 2904 hi
1859 2848 2045 2904 saltem
2077 2864 2292 2919 quoquo
2319 2848 2477 2904 modo
2507 2849 2597 2918 qui
2624 2850 2782 2902 unico
2807 2848 3117 2904 dilectionis
3146 2850 3354 2905 fervore

1775 2957 1894 2996 sese
1924 2941 2240 2995 altrinsecus
2272 2950 2477 3008 amant,
2505 2952 2679 2996 mater
2706 2942 2911 2995 scilicet
2936 2942 3101 2996 ﬁlium
3130 2953 3182 2998 et
3215 2942 3355 2996 ﬁlius

1776 3041 2004 3085 matrem
2052 3029 2380 3101 Pcrpendat,
2422 3031 2669 3101 inquam,
2706 3032 2885 3102 aliqua
2918 3033 3054 3088 bona
3086 3044 3260 3089 mater
3311 3031 3355 3065 “

79 3132 197 3187 Deo
239 3134 548 3203 placuisse;
604 3145 660 3192 ει
689 3138 793 3193 ι,οο
822 3139 991 3192 8οιηη1
1037 3139 1161 3208 quia
1196 3138 1303 3193 Deo
1354 3139 1573 3194 credidi,
1603 3138 1671 3191 ad
1696 3154 1747 3210 η
1777 3139 1882 3192 quo
1926 3123 2119 3179 aﬁectu
2155 3134 2402 3180 teneatur
2426 3142 2549 3197 erga
2586 3126 2803 3180 unicum
2844 3134 2898 3181 et
2930 3127 3125 3183 bonum
3160 3127 3351 3192 ﬁlium,

68 3225 348 3293 justitiam
378 3225 459 3279 illi
504 3238 809 3296 reputatum
834 3228 1007 3284 fuisse
1051 3229 1193 3301 (Gal.
1244 3246 1327 3295 Ill,
1373 3230 1449 3301 6).
1507 3230 1675 3299 Super

75 3313 313 3368 humiles
355 3314 539 3372 autem
582 3326 629 3371 et
679 3319 900 3387 quietos,
936 3336 997 3372 ac
1048 3320 1201 3373 verba
1244 3336 1342 3372 sua
1400 3329 1673 3372 trementes

77 3403 244 3471 (lmi.
278 3420 428 3468 vat.
468 3406 548 3474 2).
586 3406 843 3477 Spiritum
876 3424 1031 3462 suum
1075 3408 1441 3478 requiescere,
1474 3416 1527 3461 et
1556 3408 1674 3461 obe-

78 3494 352 3547 dientiam
409 3509 467 3549 se
513 3512 621 3565 prae
652 3496 933 3551 sacriﬁciis
968 3496 1013 3528 “
1066 3496 1224 3551 malle
1286 3498 1480 3551 asserit
1534 3496 1673 3553 Deus

76 3583 125 3656 (Ι
157 3584 295 3654 Reg.
351 3602 443 3650 xv,
479 3587 595 3657 92).
650 3587 784 3643 Cum
820 3589 985 3660 igitur
1033 3589 1084 3643 in
1120 3589 1202 3644 his
1238 3604 1359 3659 quze
1395 3597 1673 3658 tantopere

75 3673 193 3728 Deo
222 3675 439 3743 placent
469 3688 657 3733 sancta
684 3680 836 3749 virgo
872 3679 1038 3733 Maria
1082 3688 1189 3732 tam
1237 3679 1564 3733 excellenter
1599 3678 1671 3733 illi

72 3762 314 3831 placuit,
343 3777 401 3819 ut
434 3782 775 3839 nequaquam
816 3768 1140 3823 crediderim
1172 3768 1339 3838 ipsam
1369 3768 1473 3821 ulla
1502 3766 1545 3798 ”
1582 3783 1674 3821 ra-

76 3855 230 3910 tione
274 3857 632 3912 excellentius
678 3858 891 3929 placere
919 3859 1183 3925 potuisse,
1221 3859 1480 3913 nimirum
1518 3866 1673 3913 tene-

73 3961 199 4001 mus
234 3945 367 4011 ﬁde,
401 3948 468 4001 ab
503 3948 673 4013 omni,
704 3948 749 4002 si
778 3949 907 4019 quid
956 3950 1135 4005 adhuc
1164 3950 1216 4004 in
1270 3948 1360 4003 illa
1392 3949 1673 4021 originalis

74 4040 189 4093 sive
234 4039 475 4093 actualis
526 4040 733 4110 peccati
764 4049 1067 4111 supererat,
1103 4042 1174 4095 ita
1225 4042 1675 4113 mundatumleor

75 4130 221 4184 illius
251 4138 453 4186 utvcre
474 4132 694 4201 super“
723 4147 841 4188 eam
874 4131 1109 4203 Spiritus
1134 4133 1250 4199 Dei,
1273 4133 1483 4187 scilicet
1512 4148 1675 4201 super

74 4219 345 4276 lnunilem
372 4231 427 4275 et
456 4224 693 4293 quietam
723 4234 779 4278 et
807 4234 1128 4280 trementem
1151 4225 1313 4279 verba
1341 4240 1438 4279 sua
1464 4233 1608 4279 totus
1628 4225 1671 4255 δ’

73 4313 476 4382 requiesceret,
509 4316 677 4385 ipsam
719 4316 985 4372 voluntati
1032 4317 1323 4372 Dominica:
1364 4317 1674 4372 castissima

73 4419 135 4456 ac
167 4404 413 4473 simplici
444 4407 608 4462 corde
639 4406 984 4463 obedientem
1012 4407 1160 4463 omni
1196 4408 1513 4463 holocausto
1552 4423 1676 4462 sua-

1778 3223 1831 3267 et
1877 3215 2051 3268 bonus
2087 3213 2228 3270 ﬁlius
2275 3216 2436 3271 simili
2492 3218 2651 3271 mo.lo
2680 3217 2977 3287 perpendat
3022 3234 3125 3287 qua
3157 3218 3356 3289 pietate

1777 3320 2058 3364 moveatur
2109 3322 2234 3376 erga
2291 3307 2487 3362 bonam
2520 3324 2582 3362 ac
2614 3308 2981 3363 dulcissimam
3032 3324 3185 3364 suam
3239 3326 3354 3364 ma-

1779 3410 1935 3465 trem,
1970 3410 2025 3456 et
2066 3401 2405 3469 aliquatenus
2449 3400 2747 3465 tentent“,
2793 3401 2836 3455 si
2868 3403 3139 3471 quomodo
3198 3402 3249 3455 in
3300 3418 3360 3456 se

1778 3491 2085 3561 conjectare
2109 3492 2346 3557 valeant,
2371 3508 2610 3547 amorem
2639 3494 2800 3564 hujus
2832 3496 2984 3549 bonae
3012 3495 3202 3550 matris
3230 3510 3355 3566 erga

1778 3598 1905 3637 vere
1928 3583 2127 3638 bonum
2170 3592 2224 3638 et
2249 3583 2464 3637 unicum
2499 3583 2667 3637 ﬁlium
2717 3600 2896 3648 suum,
2925 3593 2979 3639 et
3026 3586 3182 3639 istius
3232 3586 3357 3639 boni

1780 3672 1873 3727 ﬁlii
1906 3689 2035 3741 erga
2060 3689 2186 3728 vere
2207 3673 2403 3727 bonam
2427 3683 2479 3729 ct
2519 3675 2885 3729 dulcissimam
2925 3686 3150 3730 matrem
3180 3692 3353 3730 suam.

1776 3765 1844 3820 Et
1881 3768 2098 3836 quidem
2130 3782 2319 3822 oumcs
2346 3767 2593 3821 homines
2619 3783 2683 3820 ex
2716 3767 3097 3836 conjunctione
3128 3772 3363 3823 duarum

1775 3875 2152 3930 personarum,
2182 3860 2287 3914 hoc
2320 3868 2422 3925 est,
2450 3860 2617 3914 maris
2646 3867 2698 3911 et
2732 3859 2942 3913 femina:
2983 3869 3356 3927 procreantur,

1777 3960 1831 4006 et
1874 3964 2117 4007 amorem
2167 3966 2322 4005 suum
2350 3950 2566 4020 utrique
2617 3964 2883 4019 personae,
2921 3948 3087 4002 idest
3132 3949 3267 4018 patri
3303 3958 3361 4002 et

1777 4041 1934 4096 matri
1964 4039 2287 4094 naturaliter
2313 4038 2511 4094 debent
2542 4040 2632 4108 qui
2677 4038 2759 4093 sic
2801 4050 3151 4108 generantur,
3182 4036 3348 4106 ipsis-

1776 4147 1881 4202 que
1916 4130 2265 4186 nihilominus
2298 4145 2453 4184 suum
2485 4140 2740 4199 parentes
2804 4129 2849 4161 “
2892 4130 3071 4194 ambo,
3127 4128 3218 4198 qui
3262 4143 3361 4185 eos

1772 4232 2098 4295 genuerunt.
2153 4220 2288 4276 Cum
2338 4230 2515 4275 autem
2545 4222 3059 4291 "amorem,quem
3108 4230 3261 4293 pater
3303 4230 3360 4274 et

1779 4322 1953 4368 mater
1990 4312 2187 4384 singuli
2219 4312 2417 4367 debent
2448 4310 2558 4366 ﬁlio
2608 4327 2729 4379 suo,
2769 4311 2931 4367 debet
2986 4312 3103 4365 lucc
3162 4310 3364 4365 felicis-

1778 4403 1912 4457 sima
1947 4413 2183 4459 matrum
2217 4402 2329 4458 sola
2376 4401 2487 4457 ﬁlio
2537 4416 2654 4467 suo,
2697 4418 2935 4457 amorem
2983 4403 3171 4465 etiam,
3200 4416 3361 4471 quem

72 4494 194 4549 vius
237 4504 589 4564 acceptaret,
620 4499 931 4570 virtuteque
973 4500 1238 4555 Altissimi
1270 4500 1671 4567 obumbratam,
1714 4504 1754 4558 Ι)
1783 4495 1965 4562 debet,
2002 4494 2231 4568 quilibet
2271 4496 2417 4550 ﬁlius
2447 4494 2607 4550 simul
2655 4510 2754 4549 suo
2800 4495 2937 4565 patri
2974 4504 3027 4548 et
3066 4494 3242 4554 matri,
3274 4492 3361 4546 ille

71 4582 274 4639 Filium
325 4585 423 4641 Dei
461 4602 528 4643 ex
580 4590 671 4645 illa
706 4595 1100 4661 incorporaret.
1158 4590 1259 4647 llic
1302 4606 1361 4646 se
1396 4592 1673 4661 suberigat

74 4674 313 4731 intentio
332 4680 528 4734 mentis
553 4681 820 4747 humanm,
843 4692 920 4749 et,
950 4698 1050 4754 pro
1078 4698 1255 4755 posse,
1284 4684 1472 4756 paucis
1496 4685 1671 4740 inten-

74 4764 164 4818 dat
197 4767 392 4836 quanti
428 4769 675 4839 penderit
713 4773 1057 4843 omnipotens
1106 4774 1247 4829 Deus
1274 4774 1467 4829 merita
1510 4773 1669 4845 hujus

76 4857 411 4914 beatissima:
449 4859 701 4931 Virginis.
734 4863 1007 4931 lutendat,
1039 4865 1279 4935 inquam,
1328 4874 1384 4921 et
1429 4875 1670 4920 contem-

74 4950 285 5019 pletur,
314 4951 497 5008 videat
520 4963 575 5009 et
608 4955 911 5012 admiretur
956 4974 1121 5013 unum
1162 4957 1358 5012 Filium
1388 4957 1492 5013 sibi
1536 4972 1668 5012 eon-

1786 4587 1928 4642 ﬁlius
1973 4600 2101 4643 vere
2142 4588 2377 4660 Virginis
2421 4588 2700 4644 debctsua:
2722 4587 2818 4642 soli
2853 4584 3361 4641 matri.Nam-sicnt

1782 4678 1871 4735 alii
1897 4678 1989 4734 ﬁlii
2021 4691 2318 4735 nascuntur
2347 4694 2412 4734 ex
2444 4687 2596 4750 patre
2634 4688 2686 4733 et
2715 4687 2906 4743 matre,
2938 4678 3009 4731 ita
3059 4676 3202 4730 ﬁlius
3246 4672 3360 4741 ejus

1780 4783 1940 4829 natus
1966 4781 2050 4829 est
2079 4790 2143 4829 ex
2191 4789 2254 4828 ea
2287 4773 2397 4828 sola
2429 4782 2621 4828 matre.
2670 4771 2893 4826 Excedit
2944 4770 3126 4839 itaque
3174 4781 3361 4820 omnes

1781 4880 1997 4920 amores
2022 4874 2306 4936 parentum
2352 4867 2404 4919 in
2448 4865 2606 4929 ﬁlios,
2639 4873 2731 4917 aut
2764 4862 2994 4916 ﬁliorum
3027 4862 3078 4913 in
3111 4868 3361 4928 parentes

1778 4971 1935 5011 amor
1986 4956 2149 5011 istius
2198 4956 2390 5010 matris
2430 4956 2483 5010 in
2525 4955 2694 5010 ﬁlium
2743 4967 2903 5007 suum
2951 4960 3008 5007 et
3062 4950 3218 5005 istius
3265 4948 3363 5005 ﬁlii

1382 5154 1465 5209 VA
1476 5154 1611 5209 ῐὶΙᾸΞ
1652 5154 2054 5212 LECTIONES.

149 5315 196 5347 ³³
244 5313 361 5368 Suo
415 5315 648 5370 adventu
719 5332 823 5369 mss
883 5330 982 5369 suo
1022 5314 1274 5369 adventui

79 5400 199 5437 rum
228 5385 398 5439 Deum
430 5396 483 5439 ct
508 5387 779 5439 hominem
832 5402 938 5439 mu
968 5401 1154 5440 verum
1211 5386 1483 5440 hominem

1375 5314 1420 5347 ³⁸
1468 5313 1810 5389 Principibus
1853 5319 1967 5374 suis
2016 5320 2223 5375 scilicet
2257 5321 2402 5389 regni
2437 5337 2539 5374 mes
2584 5317 2917 5388 principibus
2954 5318 3103 5387 regni

1593 5387 1639 5419 ³⁸
1668 5387 1771 5440 Pro
1821 5391 2103 5445 sacriﬁciis
2150 5406 2256 5445 mss
2301 5387 2412 5462 prae
2446 5390 2748 5462 sacriﬁciis

3181 5318 3223 5350 ³⁷
3259 5316 3365 5372 Ve-

2864 5389 2910 5421 "
2950 5390 3207 5444 Crederet
3245 5389 3367 5458 quis

79 5454 234 5508 illam
261 5455 440 5580 aliqua
473 5473 577 5510 mss
608 5456 937 5510 crediderim
966 5457 1135 5527 ipsam
1164 5456 1268 5509 ulla
1342 5456 1388 5488 ⁸⁸³
1422 5456 1490 5511 Ut
1515 5472 1612 5512 nec
1642 5472 1805 5527 super
1831 5476 1939 5515 mss
1960 5473 2017 5515 ut
2047 5477 2176 5516 vere
2207 5454 2369 5532 super
2442 5460 2484 5493 "
2521 5459 2626 5515 Sua
2653 5470 2802 5514 ortus
2827 5476 2931 5513 mss
2959 5476 3053 5513 sua
3080 5468 3225 5512 totus
3263 5454 3277 5458 ⁷
3318 5456 3364 5491 ⁵⁸

80 5524 146 5579 Et
178 5527 324 5580 Daril
371 5528 627 5580 nominem
655 5527 821 5580 Deum
845 5542 1035 5580 omnes
1064 5527 1539 5580 praevaricationes
1563 5530 2026 5580 Dronnlsaturum.
2056 5548 2255 5580 omnim
2292 5532 2383 5580 oui
2427 5531 2527 5580 sibi
2585 5532 3023 5580 obtemperarent
3061 5531 3111 5580 in
3159 5528 3364 5580 ctrtesti

80 5524 146 5579 Ει
178 5527 324 5592 parit

371 5528 627 5602 io‘nii‘nem
655 5527 821 5581 Deum
845 5542 1035 5581 omnes
1064 5527 1539 5602 praevaricationes
1563 5530 2027 5602 propulsaturum,
2056 5527 2383 5602 eosque'qui
2427 5531 2527 5585 sibi
2585 5532 3042 5602 obtemperarent
3061 5531 3111 5602 in
3159 5528 3367 5583 ctrtesti

80 5612 191 5672 mss
225 5599 459 5672 ac_p_a_rit
491 5598 657 5672 Deum
691 5613 881 5653 omnes
901 5597 1379 5672 praavaricationes
1402 5601 1470 5672 ab
1502 5599 1631 5652 Adae
1662 5597 2212 5672 ﬁliisprnpulsuruni,
2240 5597 2437 5671 eosque
2466 5603 2516 5655 in
2546 5597 2781 5655 cmlesti'
2810 5600 2872 5672 7”
2898 5600 3153 5654 Mirabilis
3177 5610 3371 5672 natura

83 5675 152 5741 et
172 5664 466 5719 ineﬁ'abilis
488 5668 712 5741 επιξυρυς
741 5664 945 5723 amoris
972 5685 1075 5722 mss
1104 5668 1369 5741 mirabilis
1400 5670 1583 5738 itaque
1602 5680 1657 5724 et
1682 5664 1965 5728 ineﬁ‘abil'is
1996 5664 2450 5728 amoris'aﬂ‘ec'tus
2521 5674 2570 5705 θ’
2593 5673 2783 5741 Aliqua
2807 5671 2959 5725 bona
2989 5681 3162 5724 mater
3192 5668 3359 5741 nias.

86 5735 270 5814 aliqua
305 5746 478 5790 mater
552 5737 599 5769 “
626 5738 819 5794 Tcntet
844 5755 951 5814 ipsa
982 5747 1191 5794 tentent
1264 5739 1310 5771 “
1338 5735 1623 5811 Ipsumque
1652 5742 1997 5800 nihilominus
2018 5756 2257 5800 amorem
2296 5759 2450 5799 suum
2476 5735 2730 5814 parentes
2750 5758 2854 5797 om
2893 5741 3130 5812 ipsisque
3170 5738 3362 5791 nihilo-

88 5808 272 5859 minus
292 5822 447 5860 suum
478 5818 735 5877 parentes

844 5811 882 5841 '°’
913 5810 1045 5865 Cum
1074 5820 1251 5864 autem
1284 5828 1386 5864 mss
1416 5810 1545 5864 eum
1565 5820 1744 5865 autem
