3904 6306
580 272 685 332 507

1578 282 1881 342 E.\D.\fERl
1923 286 2232 346 .‘lONAClll
2272 288 2546 349 CANTUA
2560 292 2825 350 RiENSlS
3688 314 3759 377 εδδ

581 399 643 443 ιιι
673 403 733 444 ea
779 405 968 447 ecutos
1011 391 1228 462 pietatis
1274 394 1589 459 attendens,
1621 396 1745 451 dum
1779 407 1941 454 tanta:
1972 403 2163 457 matris
2192 408 2237 463 Α
2265 404 2423 458 batur
2456 406 2506 459 in
2532 407 2949 463 conversatione
2978 423 3162 465 secum
3191 410 3366 468 adhuc
3410 414 3461 470 in
3484 432 3624 477 carne
3657 440 3757 482 ωυτ.

578 483 948 548 gemebundus
984 483 1262 541 affectibus
1285 488 1634 557 compatitur,
1689 490 1761 561 pii
1793 494 1999 548 amoris
2027 493 2168 550 illius

584 574 763 629 fructu
809 576 1144 631 remunerari
1201 578 1492 647 aliquando
1539 591 1836 638 mereatur.
1877 582 2004 648 Sed,
2042 601 2166 640 cum

572 666 646 721 ad
667 666 836 735 ipsam
864 666 975 736 ejus
995 669 1301 738 passionem
1329 681 1547 727 ventum
1576 673 1788 739 fuisset,
1812 684 1865 729 et
1886 676 2001 746 ipse
2020 678 2166 734 cruci

581 754 773 812 afﬁxus
804 756 928 813 hinc
967 759 1139 830 ipsam
1172 770 1401 816 matrem
1429 777 1583 817 suam
1604 804 1619 830 ,
1652 765 1778 820 hinc
1822 766 2164 837 discipulum,

573 864 734 919 quem
783 851 1074 922 diligebat,
1132 871 1300 926 prope
1342 866 1583 915 astantes
1633 860 1858 917 intuitus
1891 874 2057 929 esset,
2095 883 2163 922 ne

573 953 807 999 matrem
842 947 1059 1014 penitus
1088 950 1337 1004 orbatam
1375 951 1733 1022 relinqueret,
1763 956 1809 1009 ei
1842 969 2161 1025 praesentem

574 1032 900 1104 discipulum
927 1037 975 1069 ⁸⁸
1013 1053 1112 1093 suo
1164 1038 1283 1095 loco
1330 1040 1383 1095 in
1434 1041 1603 1097 ﬁlium
1642 1044 1955 1117 subrogavit
1990 1068 2003 1103 :
2040 1049 2162 1103 Mu-

569 1119 692 1190 lier,
747 1124 945 1196 inquit,
979 1146 1097 1183 ecce
1124 1129 1269 1198 ﬁlius
1291 1141 1413 1186 tuus
1441 1132 1625 1203 (Joan.
1654 1151 1765 1203 nx,
1796 1138 1911 1209 26).
1944 1140 1988 1196 0
2013 1156 2162 1196 com-

574 1216 834 1272 mutatio!
870 1235 967 1289 pro
996 1230 1201 1277 aeterno
1247 1232 1303 1279 et
1333 1224 1756 1284 incommutabili
1811 1231 1920 1287 Deo
1958 1250 2157 1304 purmn

568 1312 627 1357 et
677 1310 1083 1379 corruptibilem
1141 1313 1437 1380 hominem,
1491 1333 1591 1388 pro
1635 1322 1868 1377 naturali
1910 1336 1965 1378 et
2000 1328 2159 1381 unico

569 1396 685 1452 ﬁlio
713 1414 931 1456 servum
968 1405 1175 1474 accepit
1217 1406 1268 1459 in
1316 1406 1506 1462 ﬁlium.
1535 1407 1579 1464 Ο
1608 1412 1848 1479 domina,
1878 1417 1989 1486 qui,
2031 1433 2155 1486 pre-

570 1504 693 1552 cor,
740 1494 1009 1565 cogitatus
1056 1496 1108 1551 in
1160 1508 1212 1554 te
1232 1499 1279 1531 °’
1305 1500 1407 1556 sibi
1461 1504 1847 1572 succedebant,
1881 1523 2003 1563 cum
2050 1520 2154 1564 tam

568 1581 1000 1644 inaestimabilem
1034 1594 1515 1651 commutationem
1544 1596 1613 1651 ab
1652 1581 1798 1668 ipso:
1807 1614 1966 1669 quem
1995 1617 2157 1672 super

566 1677 751 1731 omnia
792 1678 1075 1751 diligebas,
1110 1684 1202 1739 tibi
1235 1684 1349 1741 ﬁeri
1378 1688 1674 1744 audiebas?
1708 1691 1844 1746 Vere
1873 1702 2162 1763 pertrans-'

2272 496 2363 552 tali
2392 500 2637 570 degentis
2680 502 2836 558 istius
2852 503 2898 537 ”
2945 504 3038 558 ﬁlii
3086 506 3202 565 sui.
3243 510 3572 570 considerare
3614 520 3759 581 nitere.

2275 603 2399 641 ntnr
2444 591 2495 642 itt
2549 590 2666 659 ipso
2712 602 2901 647 nostro
2948 594 3140 649 adnisu
3170 597 3219 628 ”
3255 598 3560 667 defecimus,
3595 619 3641 663 et
3674 630 3758 669 eam

2269 675 2410 731 ultra
2439 693 2654 734 omnem
2687 682 2982 738 humanum
3014 684 3346 743 intellectum
3380 708 3604 764 magnam
3627 711 3669 754 et
3690 708 3757 757 mi-

2269 770 2490 823 randam
2536 786 2658 826 esse
2707 773 3057 830 advertimus.
3109 777 3165 833 Si
3197 794 3327 849 ergo
3367 792 3469 838 tam
3504 804 3663 858 magna
3696 794 3761 849 fuit

2267 868 2410 924 tum,
2441 876 2562 914 cum
2592 861 2766 930 ipsum
2808 864 2944 919 bene
2961 866 3126 920 sciret
3156 869 3314 938 paulo
3339 882 3458 942 post
3494 880 3757 947 moriturum,

2264 966 2385 1020 qua:
2416 951 2497 1005 vel
2522 962 2722 1021 quanta
2756 957 2991 1023 putatis,
3039 956 3143 1012 fuit
3169 975 3330 1027 nunc,
3371 979 3490 1019 cum
3532 966 3673 1035 ipsum
3701 975 3754 1026 vi-

2264 1042 2415 1095 deret
2451 1042 2564 1110 jam
2588 1044 2635 1076 “
2669 1045 2894 1101 calcatis
2950 1051 3145 1105 mortis
3188 1051 3393 1124 legibus
3446 1062 3758 1127 resurresissc,

2264 1149 2370 1189 non
2407 1135 2580 1190 solum
2628 1137 2683 1191 in
2730 1148 2994 1193 aeternum
3034 1142 3329 1211 victurum,
3375 1147 3466 1201 sed
3508 1157 3557 1202 et
3592 1152 3697 1205 ctelo
3725 1167 3759 1206 et

2264 1235 2421 1279 terrae
2450 1227 2707 1296 omnique
2730 1239 2994 1285 creatura:
3021 1234 3247 1301 perenni
3266 1235 3391 1304 jure
3415 1236 3760 1296 dominaturum?

2261 1312 2396 1368 Nolo
2432 1316 2572 1371 hanc
2602 1316 3023 1377 itnmensitatem
3056 1325 3241 1394 gaudii
3270 1323 3389 1394 ejus
3413 1338 3661 1397 penetrare
3681 1335 3760 1401 quis

2260 1406 2493 1475 laboret,
2519 1411 2806 1478 quoniam,
2852 1428 2973 1483 qua:
3007 1416 3140 1485 ipsis
3164 1419 3376 1489 angelis
3413 1420 3501 1475 Dei
3539 1431 3612 1476 est
3644 1425 3759 1481 adau-

2260 1499 2423 1553 randa
2459 1508 2513 1554 et
2557 1502 3008 1570 impenetrabilis,
3034 1523 3141 1563 non
3173 1507 3335 1565 facile
3358 1512 3758 1584 crediderimqu

2257 1592 2431 1647 cuivis
2466 1593 2671 1649 homini
2701 1598 2918 1653 mortali
2958 1601 3130 1668 possit
3152 1615 3273 1656 esse
3303 1604 3642 1673 penetrabilis.
3661 1607 3756 1661 Atti

2259 1683 2458 1754 aliquis
2500 1690 2818 1757 quteritcur
2843 1693 3191 1764 evangelista:
3237 1712 3347 1750 non
3389 1696 3607 1753 referant
3637 1700 3753 1769 ipsum

567 1766 667 1821 ivit
702 1771 935 1827 animam
985 1783 1130 1829 tuam
1163 1776 1374 1842 gladius
1404 1779 1633 1846 doloris,
1663 1782 1755 1853 qui
1786 1783 1879 1839 tibi
1912 1786 2143 1841 amarior

2260 1777 2562 1847 piissimum
2595 1780 2881 1837 Dominum
2905 1799 2934 1837 a
2968 1796 3143 1841 morte
3168 1800 3553 1860 resurgentem,
3572 1790 3671 1846 huic
3687 1808 3757 1847 sua

564 1861 776 1916 exstitit
822 1866 1075 1921 omnibus
1120 1866 1396 1927 doloribus
1445 1874 1687 1944 cujusvis
1731 1878 1998 1946 passionis
2039 1894 2157 1935 cor-

562 1968 774 2022 porum;
809 1958 1068 2029 quidquid
1094 1962 1239 2017 enim
1271 1964 1610 2022 crudelitatis
1642 1967 1903 2024 inﬁictum
1924 1979 2006 2028 est
2036 1986 2156 2027 cor-

563 2046 789 2114 poribus
816 2059 1117 2121 martyrum
1148 2054 1266 2109 leve
1310 2056 1429 2122 fuit,
1471 2068 1565 2113 aut
1591 2062 1773 2130 potius
1799 2063 1970 2132 nihil,
1999 2081 2153 2120 com-

562 2139 850 2205 paratione
903 2142 1074 2212 ipsius
1110 2154 1214 2199 tuze
1256 2148 1556 2216 passionis,
1583 2166 1704 2221 quae
1750 2154 2006 2209 nimirum
2054 2171 2149 2212 sua

560 2226 930 2287 immensitate
953 2234 1224 2289 transﬁxit
1244 2248 1435 2292 cuncta
1458 2242 1757 2309 penetralia
1783 2243 1858 2298 tui
1882 2246 2152 2316 benignis-

561 2316 917 2377 simi‘cordis.
948 2324 1015 2378 Et
1039 2325 1248 2395 utique,
1294 2328 1380 2398 pia
1410 2330 1650 2397 domina,
1685 2348 1789 2389 non
1825 2336 2147 2392 crediderim

562 2418 618 2461 te
648 2410 889 2478 potuisse
922 2412 1029 2468 ullo
1055 2424 1214 2485 pacto
1242 2418 1491 2475 stimulos
1524 2423 1655 2476 tanti
1688 2426 1985 2493 cruciatus,
2016 2428 2146 2496 quin

558 2498 726 2552 vitam
772 2502 1083 2569 amitteres,
1112 2507 1402 2577 sustinere,
1435 2511 1538 2566 nisi
1577 2512 1690 2584 ipse
1735 2515 1958 2585 spiritus
1991 2518 2143 2585 viue,

560 2590 782 2658 sp’ritus
809 2594 972 2649 totius
1004 2598 1413 2665 consolationis,
1439 2603 1664 2674 spiritus
1694 2606 1902 2663 scilicet
1944 2608 2145 2665 dulcis-

557 2680 681 2735 simi
708 2682 781 2736 tui
821 2684 1054 2755 ﬁlii,pro
1099 2704 1206 2759 quo
1251 2694 1519 2749 moriente
1546 2704 1824 2768 tantopere
1855 2701 2144 2770 torqueba-

555 2772 633 2826 ris
655 2772 723 2841 ὀ,
762 2781 815 2831 te
846 2778 1200 2848 confortaret,
1237 2793 1291 2839 te
1320 2786 1716 2856 consolaretur,
1750 2797 1805 2846 te
1854 2791 2000 2847 intus
2046 2793 2141 2848 do-

552 2876 695 2922 ceret
721 2884 827 2924 non
848 2886 969 2927 esse
1017 2885 1246 2931 mortem
1270 2893 1394 2933 cum
1421 2881 1817 2949 absumentem,
1844 2886 1936 2940 sed
1966 2888 2141 2956 magis

550 2956 878 3029 triumphum
925 2966 1106 3020 omnia
1158 2967 1209 3023 ei
1264 2969 1844 3042 subjicientem,quod
1905 2975 1960 3029 in
2020 2977 2139 3046 ipso

2260 1868 2585 1925 dulcissima!
2610 1873 2768 1927 matri
2793 1874 2862 1941 ⁷⁷,
2890 1884 2949 1929 ιιι
2969 1877 3087 1947 ejus
3111 1878 3331 1934 dolores
3362 1882 3757 1951 mitigaret,primo

2257 1976 2320 2015 ac
2362 1963 2629 2032 prmcipue
2670 1967 3017 2034 apparuisse,
3064 1968 3301 2024 dicimus
3342 1973 3480 2039 quod
3525 1988 3553 2027 a
3591 1977 3754 2042 quodut

2255 2056 2498 2122 sapiente
2525 2054 2590 2110 de
2612 2056 2713 2111 hoc
2740 2057 2856 2127 ipso
2876 2060 3223 2115 sciscitantes
3250 2064 3563 2119 audivimus.
3578 2063 3755 2133 Aitergo

2254 2153 2403 2199 tanta
2425 2161 2546 2201 esse
2571 2148 2741 2202 scitur
2772 2150 3072 2205 auctoritas
3095 2151 3143 2184 ⁸⁸
3165 2155 3498 2210 narrationis
3515 2157 3755 2225 evangelica

2252 2247 2313 2292 ut
2339 2238 2474 2292 nihil
2508 2239 2563 2293 in
2597 2255 2658 2295 ea
2690 2240 3035 2311 dependens,
3066 2243 3200 2298 nihil
3245 2245 3441 2309 inane,
3484 2246 3599 2301 nihil
3624 2262 3753 2315 supcr-

2250 2330 2416 2385 ﬁunm
2455 2333 2782 2402 reperiatur.
2814 2333 3001 2404 Itaque
3047 2336 3091 2390 si
3111 2336 3156 2368 ⁹⁹
3190 2339 3356 2391 matri
3390 2339 3601 2400 Domini,
3637 2340 3670 2393 si
3692 2340 3755 2393 do-

2253 2423 2413 2476 tuinze
2442 2424 2624 2477 mundi
2665 2424 2781 2495 ipse
2832 2425 2973 2480 ﬁlius
3013 2426 3132 2495 ejus
3185 2429 3254 2483 ab
3302 2430 3507 2484 inferno
3545 2447 3755 2500 resurgens

2254 2515 2607 2582 scriberetur,
2650 2518 2791 2573 sicut
2822 2518 2912 2572 alii
2954 2520 3200 2583 cuilibet,
3229 2523 3751 2592 apparuissc,eaznque

2252 2606 2322 2660 dc
2353 2621 2446 2660 sua
2483 2607 2883 2664 resurrectione
2922 2610 3193 2675 docuisse,
3240 2613 3372 2681 quis
3403 2628 3504 2666 non
3540 2614 3628 2666 tale
3666 2614 3756 2667 scri-

2248 2710 2407 2770 ptum
2440 2700 2769 2771 superﬂuum
2802 2703 3057 2758 duceret?
3088 2704 3333 2775 reginam
3360 2706 3590 2761 videlicet
3613 2707 3755 2760 cmliu

2247 2800 2434 2858 terrae,
2468 2793 2754 2863 omnisque
2787 2804 3072 2863 creaturae,
3103 2810 3421 2865 coazquaret
3447 2799 3546 2863 illi,
3581 2798 3647 2853 vel
3680 2799 3752 2857 illi.

2242 2887 2441 2956 quibus
2467 2888 2533 2919 ¹⁶⁹
2566 2888 2843 2959 apparuit,
2882 2890 2999 2944 viro
3048 2899 3141 2945 aut
3173 2892 3413 2946 mulieri.
3449 2890 3652 2961 Spiritus
3676 2892 3754 2957 ejus

2243 2975 2297 3031 in
2325 2977 2413 3031 illa
2443 2976 2599 3047 plene
2634 2985 2690 3031 et
2711 2977 2952 3047 perfecte
2995 2979 3322 3049 quiescebat
3342 3022 3356 3044 ,
3380 2982 3471 3050 qui
3500 2981 3590 3036 sibi
3612 2989 3753 3035 etesse

549 3045 664 3101 ﬁeri
712 3064 895 3106 coram
948 3059 1268 3114 moribunda
1289 3062 1331 3093 θι
1365 3063 1606 3120 videbas.
1652 3064 1898 3122 Mortuus
1938 3078 2021 3125 est
2043 3045 2137 3125 ita-
2167 3094 2209 3153 ο
2245 3067 2388 3122 illius
2416 3078 2470 3122 et
2492 3068 2633 3123 facta
2664 3067 2781 3136 ejus
2811 3069 2992 3124 omnia
3038 3070 3158 3127 luce
3207 3072 3415 3127 clarius
3442 3070 3694 3133 revelabat;
3718 3077 3753 3122 et

550 3152 696 3206 men,
720 3150 776 3196 et
808 3143 876 3198 ab
899 3147 1071 3203 oculis
1104 3150 1209 3204 tuis
1241 3161 1291 3206 te
1322 3152 1658 3223 inspectante
1687 3158 1937 3228 sepulcro
1961 3161 2138 3215 reclu-

546 3245 661 3284 sus.
698 3231 903 3289 Caetera
951 3238 1169 3295 silentio
1208 3257 1428 3311 premo,
1480 3247 1698 3314 penitus
1752 3249 2009 3319 ignorans
2044 3252 2132 3306 ubi

548 3320 636 3375 vel
674 3325 817 3380 unde
847 3326 1049 3398 aliquid
1083 3331 1373 3388 dicendum
1405 3350 1681 3392 assnmam
1717 3353 1783 3393 ex
1804 3348 1920 3409 “quo
1959 3341 2135 3398 luctus

548 3413 625 3467 ttti
676 3418 928 3484 modum,
965 3435 997 3475 ο
1045 3423 1398 3492 pudicissima
1454 3428 1643 3497 virgo,
1682 3430 2131 3490 considerandum

556 3506 717 3563 alicui
748 3510 794 3542 ’³
842 3528 1147 3583 proponere
1200 3532 1420 3587 queam.
1470 3519 1751 3591 Siquidem
1784 3538 1907 3579 cum
1946 3525 2130 3594 illum,

550 3614 713 3667 quem
744 3609 796 3657 le
821 3603 1083 3675 virginem
1123 3611 1469 3681 concepisse,
1511 3612 1777 3684 virginem
1833 3620 2129 3688 peperisse,

538 3697 593 3742 et
616 3699 736 3760 post
755 3702 971 3763 partum
1001 3699 1262 3769 virginem
1295 3718 1525 3758 noveras
1559 3708 1927 3774 permansisse
1953 3750 1969 3774 ,
1999 3727 2128 3766 nec-

543 3794 649 3834 non
699 3797 798 3852 per
830 3799 989 3854 quem
1021 3796 1071 3841 te
1105 3788 1443 3861 iutelligebas
1484 3791 1550 3847 ab
1596 3794 1741 3848 omni
1774 3798 2129 3865 generatione

540 3869 756 3928 beatam
806 3877 909 3932 dici
952 3881 1239 3947 meruisse,
1270 3884 1484 3941 videres
1507 3886 1553 3917 ”
1580 3885 1889 3957 iniquorum
1921 3891 2126 3946 smvitia

535 3973 647 4019 tam
675 3969 879 4024 crudeli
933 3986 1066 4028 nece
1112 3986 1451 4047 peremptum
1478 4020 1492 4045 ,
1544 3987 1654 4032 tam
1694 3980 1870 4035 subito
1902 3982 2007 4037 tuis
2036 3999 2127 4040 as-

532 4056 789 4121 pectibus
832 4061 1200 4132 abstractum,
1228 4074 1282 4120 et
1330 4068 1564 4138 sepulcri
1612 4079 1769 4126 antro
1812 4072 2119 4139 reclusum,

529 4146 659 4213 quid
685 4162 784 4220 ego
812 4154 995 4209 nescio
1034 4158 1157 4227 quis
1200 4159 1481 4227 haberem,
1508 4163 1598 4218 ubi
1633 4163 1715 4218 vel
1744 4164 1888 4220 unde
1910 4167 2123 4237 accipe-

534 4254 652 4294 rem
684 4254 826 4312 quod
858 4246 909 4299 in
939 4250 1428 4309 considerationem
1462 4256 1536 4310 tui
1567 4266 1741 4313 Status
1771 4258 1934 4313 animi
1963 4274 2122 4328 quem

534 4331 764 4401 gerebas
785 4350 851 4391 eo
876 4346 1117 4408 tempore
1139 4343 1359 4400 cuilibet
1380 4347 1703 4416 panderem;
1731 4350 1823 4404 sed
1853 4352 2123 4408 acerbitas

2241 3158 2585 3227 evangelista:
2628 3159 2932 3215 scriberent
2978 3171 3105 3215 tunc
3154 3161 3239 3216 vel
3291 3172 3418 3216 tunc
3463 3162 3530 3216 illi
3560 3161 3749 3215 talemac

2243 3249 2407 3303 talem
2443 3259 2616 3306 semet
2641 3251 2706 3282 ¹⁰¹
2740 3251 3073 3307 exhibuisse.
3121 3252 3219 3309 llis
3266 3254 3342 3307 ita
3378 3255 3444 3285 ¹⁰¹
3493 3253 3651 3323 paucis
3683 3251 3749 3303 ali-

2240 3342 2396 3413 cujus
2437 3340 2663 3397 forsitan
2708 3342 3087 3411 inquisitioni,
3152 3354 3319 3415 prout
3370 3345 3750 3415 accepimus,re-

2236 3434 2473 3504 Sponsis,
2502 3434 2678 3489 adhuc
2694 3434 2896 3505 aliquid
2926 3434 3105 3504 gaudii
3140 3435 3305 3506 hujus
3349 3436 3646 3491 beatissime
3669 3430 3750 3482 \"ir-

2236 3524 2378 3595 ginis
2421 3524 2610 3579 matris
2647 3523 2976 3595 speculando
3014 3541 3125 3595 pra:
3176 3526 3357 3581 oculis
3401 3529 3739 3582 constituamus,

2236 3627 2342 3665 non
2371 3627 2434 3667 ea
2464 3626 2558 3681 spe
2584 3622 2644 3666 ut
2681 3613 2897 3668 modum
2928 3613 3072 3668 illius
3119 3630 3217 3668 nos
3251 3615 3305 3669 in
3348 3618 3449 3670 hac
3489 3614 3741 3668 mortalitate

2234 3705 2477 3760 viventes
2506 3704 2746 3775 perfecte
2788 3705 3161 3761 intellecturos
3215 3706 3333 3762 fore
3363 3707 3637 3778 opinemur,
3684 3699 3746 3755 sed

2235 3806 2293 3849 ut
2345 3797 2468 3851 inde
2518 3797 2911 3867 aliquantulum
2978 3799 3321 3870 degustando
3379 3817 3481 3871 qua
3530 3809 3745 3870 possumus

2233 3887 2362 3940 illud
2411 3886 2699 3941 devotione
2732 3902 3077 3943 veneremur.
3124 3888 3215 3945 Sic
3249 3891 3400 3946 enim
3428 3890 3684 3959 inspectum
3710 3892 3745 3937 el

2231 3978 2568 4046 degustatum
2603 3993 2857 4049 magnum
2893 3979 2945 4033 in
2977 3978 3096 4048 ejus
3142 3995 3391 4035 amorem
3441 3976 3745 4053 anhelantibus

2230 4068 2369 4123 solet
2415 4084 2678 4139 generare
2726 4069 3028 4140 profectum
3059 4071 3145 4125 ¹⁰³.
3182 4071 3314 4137 Eia,
3355 4074 3398 4127 si
3443 4072 3660 4143 gaudium
3682 4067 3746 4119 ba-

2228 4161 2347 4214 buit
2378 4161 2494 4231 ipso
2537 4160 2647 4215 filio
2676 4176 2775 4215 suo
2806 4177 2992 4217 secum
3041 4162 3094 4218 in
3123 4178 3291 4218 carne
3323 4164 3559 4234 degente,
3586 4162 3621 4215 si
3656 4171 3743 4228 gau-

2227 4250 2377 4305 dium
2412 4250 2603 4306 ltabuit
2631 4251 2821 4307 eodem
2852 4268 2950 4306 suo
2981 4253 3090 4308 ﬁlio
3120 4255 3331 4310 calcata
3372 4266 3535 4309 morte
3574 4252 3629 4306 ab
3652 4246 3742 4303 infe-

2226 4343 2304 4397 ris
2339 4352 2675 4413 rcsurgente,
2723 4360 2849 4398 num
2898 4345 3092 4401 minori
3125 4348 3323 4417 gaudio
3373 4346 3632 4403 exsultavit
3667 4344 3744 4410 ipsi

528 4427 785 4481 maeroris
828 4439 951 4499 post
1008 4436 1462 4491 resurrectionem
1506 4437 1747 4507 ejusdem
1790 4441 1883 4495 ﬁlii
1939 4443 2013 4497 tui
2065 4445 2117 4498 in
2154 4440 2322 4499 DSUO
2353 4434 2461 4489 ίὶιίο
2510 4436 2564 4488 in
2610 4449 2673 4490 03
2718 4451 2905 4503 Came.
2943 4453 3107 4508 quam
3160 4440 3227 4494 de
3268 4456 3327 4495 se
3355 4449 3652 4507 ειεευιηνιδω
3680 4448 3742 4484 ¹¹Ψ

528 4512 774 4571 laetitiam
820 4534 976 4576 versa
1011 4534 1115 4578 est.
1152 4525 1218 4580 Et
1264 4527 1317 4582 in
1365 4545 1530 4600 quam
1561 4531 1845 4601 qualemve
1873 4535 2113 4592 laetitiam

525 4603 897 4677 intendamus,
923 4610 1120 4669 fratres
1149 4616 1276 4672 mei.

1137 4708 1368 4766 CAPUT
1420 4711 1504 4766 Vl.

947 4793 1024 4850 De
1046 4798 1241 4867 gaudio
1274 4804 1692 4857 resurrectionis.

592 4882 795 4954 Supra,
825 4887 951 4942 dum
986 4892 1167 4958 gaudii
1195 4891 1313 4961 ejus
1337 4895 1776 4962 exsultationem,
1804 4912 1906 4968 qua
1943 4900 2113 4968 reple-

2228 4534 2411 4594 verat,
2451 4542 2636 4584 coram
2669 4527 2843 4583 oculis
2868 4531 2980 4585 suis
3016 4530 3186 4586 cnalos
3210 4543 3527 4602 penetrante
3552 4525 3742 4593 ’θδῖιίυῖε

2226 4621 2330 4675 hoc
2358 4619 2582 4685 dixerit,
2612 4619 2721 4674 imo
2744 4620 2864 4689 quis
2887 4620 3143 4691 gaudium
3188 4622 3308 4690 ejus
3356 4622 3622 4682 omnibus.
3661 4628 3741 4683 qui!

2227 4710 2355 4765 illud
2409 4720 2825 4779 praecesserunt,
2882 4711 3095 4778 gaudiis
3153 4727 3261 4767 non
3334 4711 3605 4769 crediderit
3643 4703 3737 4760 etni-

2222 4802 2393 4857 ncre?
2431 4802 2588 4855 Bona:
2618 4810 2819 4857 matres
2850 4804 3026 4858 solent
3064 4807 3353 4874 magniﬁce
3398 4807 3448 4860 in
3487 4806 3576 4859 hoc
3596 4798 3737 4856 mundo

2220 4894 2543 4959 exhilarari,
2584 4909 2707 4948 cum
2755 4894 2939 4950 vident
3004 4894 3145 4951 ﬁlios
3190 4912 3317 4953 suos
3369 4897 3587 4953 terrenis
3619 4894 3737 4948 hono-

1846 5052 2084 5109 ΥΑΒΙᾸΞ
2124 5048 2527 5108 LECTIONES.

512 5188 560 5263 1,.“
585 5170 988 5263 :Llfﬁggmem
1011 5182 1396 5263 discipulqr,,m
1419 5203 1526 5242 nm
1552 5187 2216 5263 pmgmemdisgipulum
2272 5187 2318 5219 ⁸⁸
2340 5184 2474 5263 Qua:
2502 5199 2696 5254 precor
2721 5186 2773 5240 in
2801 5195 2850 5241 te
2880 5204 2957 5241 ms
2987 5188 3100 5263 qui,
3130 5205 3341 5259 precor.
3382 5192 3619 5261 cogitatus
3641 5187 3678 5239 in
3701 5194 3733 5263 te

512 5239 845 5341 rMoriente
889 5239 2806 5341 conquerebarisitantopere‘mrquebarisratssvitttoriEnte:laulopere
2848 5239 3192 5341 torqueberis

1508 5328 1557 5359 θ’
1587 5328 1765 5397 Virgo,
1787 5325 1952 5384 alicui
1985 5347 2090 5383 mss
2119 5331 2293 5410 virgo,
2321 5325 2786 5410 considerandum
2812 5325 2973 5410 alicui

1810 5398 1855 5430 ³⁵
1881 5398 2061 5455 Nostri
2087 5400 2251 5455 animi
2281 5399 2403 5453 nisu
2428 5412 2533 5449 mss
2556 5405 2754 5451 nostra:
2778 5398 2969 5453 annisu

508 5450 722 5507 tideret
737 5453 851 5535 jau:
928 5460 972 5492 ⁸⁷
1001 5459 1123 5544 Sua;
1158 5450 1985 5548 dulcissithdilectissimteque
1999 5450 2297 5525 inaniis“
2336 5464 2664 5548 dutlcissinne
2693 5483 2804 5548 suae
2826 5470 2986 5548 matr

508 5532 593 5609 erat
612 5525 878 5609 suscitata
906 5533 1203 5609 auctoritas
1225 5554 1330 5592 mss
1361 5525 1685 5592 audivimus.
1714 5539 1800 5592 Ait
1839 5525 1989 5609 er'go,
2017 5549 2162 5595 tanta
2193 5555 2314 5596 esse
2340 5540 2511 5609 scittg'
2537 5540 2833 5609 auctoritas

510 5589 580 5679 τες
609 5594 1042 5679 quinquereillis
1064 5589 1811 5679 quamsuggesserat;
1840 5589 2247 5679 ἓέῖῖῐιίἧῦῐιηῖέ

1286 5677 1353 5709 ¹⁰⁹
1381 5675 1689 5735 ProfeCtum
1727 5696 1830 5734 mss
1852 5675 2149 5751 proﬁcuum

515 5310 697 5382 bendo
725 5329 827 5367 mss
852 5310 1032 5375 coran't
1065 5310 1384 5382 moribunda

510 5379 561 5462 ’ξ
586 5380 1111 5467 pegcntihus‘isthius
1138 5379 1517 5467 mssﬁdegentis
1548 5379 1704 5453 istius

505 5659 604 5746 llis
636 5664 709 5746 ita
742 5659 858 5746 itus
878 5673 960 5729 his
989 5659 1171 5746 itaque

505 5739 859 5800 penetrante?

3334 5264 3377 5295 ⁹¹
3418 5266 3591 5318 Coram
3617 5273 3732 5313 mort-

3126 5332 3174 5366 ⁸³
3200 5331 3422 5387 Vldebas
3453 5350 3545 5385 mss
3573 5331 3727 5381 vitlem

3081 5401 3127 5473 ῨῨ
3158 5402 3330 5471 lpSnm
3348 5405 3457 5473 jam
3487 5417 3579 5455 mss
3600 5402 3727 5468 ipsum

3082 5470 3128 5502 ”
3153 5470 3468 5527 Audiviittus
3494 5474 3560 5526 sic
3587 5490 3596 5522 :
3622 5476 3725 5543 tanta

2946 5538 2991 5571 θ’
3037 5539 3112 5595 Ita
3146 5545 3283 5611 quod
3322 5546 3364 5597 si
3407 5561 3503 5596 mss
3528 5538 3723 5611 itaque?!

2362 5608 2426 5642 ¹⁰¹
2462 5606 2649 5686 Talem
2684 5618 2855 5686 semet
2881 5626 2984 5665 mss
3012 5605 3178 5666 taleni
3195 5627 3258 5666 ac
3281 5613 3435 5668 talem
3458 5605 3616 5686 semet
3663 5605 3723 5686 .'”

2264 5683 2329 5713 ¹⁰³
2359 5680 2477 5737 Non
2508 5678 2784 5733 minori...
2819 5691 3171 5752 penetrare...
3210 5699 3310 5736 mss
3354 5700 3475 5738 nunt
3516 5678 3717 5736 minori.»-
