3904 6306
25 385 143 442 δίει

1116 380 1239 438 LIII.
1271 384 1354 438 DE
1387 379 1867 438 EXCELLENTIA
1911 382 1971 437 Β.
2018 382 2275 439 ΜΑΠΙίΕ.

3235 386 3335 441 571³

23 502 196 557 ribus
231 484 513 554 suo-tmari
586 506 640 554 et
675 499 778 553 ista
819 507 1009 563 mater,
1046 499 1227 570 procul
1260 500 1424 555 dubio
1464 501 1625 562 bona,
1657 502 1705 559 Α
1730 498 2132 569 jucundabatur
2161 508 2270 553 tota
2300 499 2444 555 illius
2468 502 2796 557 substantia.
2840 497 2983 555 Nihil
3033 500 3176 553 enim
3229 504 3323 556 uti-

30 607 151 645 non
211 588 470 643 incll‘abili
536 587 731 658 gaudio
799 587 1111 654 laetaretur,
1164 588 1380 659 quando
1437 588 1632 644 Filium

29 697 203 739 suum
240 679 578 752 ttnigenitum
610 694 801 733 omnes
848 679 1014 733 cmlos
1041 678 1351 733 dominandi
1379 678 1500 747 jure
1544 693 1635 748 pe-

32 786 307 843 ttetrare,
339 790 401 830 ac
432 774 482 828 in
535 772 629 828 Dei
681 772 859 827 Patris
896 773 1279 843 omnipotentis
1315 773 1450 827 vidit
1501 788 1634 827 ροη-

27 883 257 923 cessum
284 852 618 920 ascendendo
644 864 979 935 pertingere?
1005 864 1114 919 Imo
1142 865 1268 934 quid
1296 865 1421 920 huic
1442 865 1638 932 gaudio

28 974 285 1029 ur.quam
330 958 432 1011 luit
470 956 711 1010 auditum
763 955 938 1011 simile
961 955 1072 1009 “5?
1112 956 1242 1026 quid
1298 956 1351 1009 in
1400 955 1636 1010 medium

28 1052 338 1120 prolatum,
361 1048 547 1104 salzem
587 1063 682 1120 per
711 1048 840 1102 illud
868 1047 1049 1119 aliquo
1077 1048 1238 1103 modo
1282 1047 1456 1117 possit
1486 1063 1640 1103 meus

30 1144 281 1195 humana
315 1140 367 1195 in
401 1140 542 1195 istud
576 1142 747 1194 aciem
781 1154 933 1196 suam
967 1140 1247 1210 dirigere?
1297 1138 1405 1195 Sed
1444 1149 1495 1195 et
1525 1140 1640 1195 hzec

31 1232 363 1302 gaudiorum
396 1246 616 1287 suorum
668 1232 984 1303 magnitudo
1034 1231 1279 1287 nonnihil
1318 1230 1639 1286 incrementi

34 1322 276 1391 accepit,
308 1330 452 1389 cum,
512 1321 835 1379 adveniente
883 1339 1046 1395 super
1093 1323 1385 1394 discipulos
1434 1324 1640 1394 Spiritu

33 1420 257 1473 s-mcto,
286 1425 409 1464 mox
439 1411 503 1464 ad
532 1410 971 1480 praedicationem
1005 1412 1217 1467 illorum
1253 1413 1414 1468 Iidem
1442 1412 1534 1467 lilii
1558 1413 1639 1468 sui

36 1512 213 1567 tanta,
231 1504 555 1567 sicutscitis,
572 1504 851 1558 hominum
872 1506 939 1536 ¹⁰⁶
958 1504 1246 1560 multitudo
1261 1506 1517 1575 suscepit.
1534 1505 1641 1560 Nec

35 1593 244 1647 mirum
275 1593 433 1649 alicui
462 1595 714 1649 videatur
759 1595 902 1665 quod
951 1595 1073 1650 dico
1120 1596 1372 1665 gaudium
1432 1596 1547 1664 ejus
1589 1595 1642 1649 in

36 1686 378 1741 credentium
404 1688 759 1743 conversione
777 1688 1012 1744 crevisse
1037 1688 1124 1743 ¹⁰⁷.
1152 1688 1224 1743 lbi
1249 1690 1393 1745 enim
1414 1697 1643 1757 excepto

36 1777 241 1844 gaudio
271 1777 413 1845 quod
459 1776 525 1831 de
565 1777 737 1831 salute
777 1778 991 1846 generis
1024 1779 1246 1833 humani
1305 1779 1357 1833 in
1412 1778 1639 1833 istorum

1736 581 1840 642 lius
1889 596 2011 656 post
2053 588 2220 643 Deum
2267 592 2525 644 memoria
2578 592 2770 647 matris
2823 589 2941 653 Dei,
2973 590 3107 644 nihil
3137 590 3340 645 solutam

1732 680 1848 735 rius
1872 678 2195 734 mediatione
2218 682 2289 749 pii
2320 683 2521 738 amoris
2550 698 2657 753 quo
2701 684 2953 739 fervebat
2996 682 3047 736 in
3079 685 3337 739 memoria

1734 780 1788 826 et
1808 770 2268 841 contemplatione
2306 772 2400 827 lilii
2457 775 2572 840 sui,
2610 775 2746 830 nihil
2801 775 3098 844 jucundius
3144 789 3339 845 sapore

1733 861 2073 932 prietractari
2108 863 2251 917 beati
2292 865 2612 934 gaudiiejus,
2671 882 2777 936 quo
2823 868 3196 939 multipliciter
3246 881 3339 936 pa-

1736 950 1994 1005 scebatur
2024 951 2075 1006 in
2110 951 2297 1008 eodem
2322 965 2376 1008 et
2398 970 2493 1026 per
2518 959 2765 1013 eumdem
2789 958 2955 1014 lilium
2974 976 3151 1017 suum.
3181 958 3345 1030 ςῶμα

1737 1044 1937 1114 quippe
1966 1044 2203 1099 vidimus
2232 1053 2287 1099 et
2315 1040 2623 1103 audivimus
2658 1049 2922 1118 plurimos
2955 1051 3233 1107 hominum
3273 1055 3328 1109 in

1738 1135 1851 1190 suis
1877 1136 2144 1205 periculis
2180 1137 2455 1192 recordari
2490 1140 2725 1195 nominis
2749 1142 2904 1197 istius
2939 1142 3094 1198 home
3125 1146 3328 1209 Mariae,

1739 1237 1794 1282 et
1819 1227 1888 1259 “"
1919 1230 2099 1285 omnis
2129 1229 2353 1298 periculi
2375 1230 2576 1286 malum
2608 1232 2752 1287 illico
2782 1234 3043 1289 evasisse.
3063 1235 3337 1290 Velocior—

1741 1335 1846 1389 que
1884 1333 1967 1378 est
2006 1334 2399 1391 nonnunquam
2447 1322 2593 1376 salus
2644 1321 2714 1354 ¹¹³
2769 1332 3068 1379 memorato
3119 1326 3343 1379 nomine

1740 1413 1859 1479 ejus
1890 1427 2049 1481 quam
2103 1412 2359 1467 invocato
2398 1413 2617 1467 nomine
2641 1412 2851 1468 Domini
2884 1413 3010 1468 Jcsu
3053 1416 3196 1469 unici
3239 1415 3339 1470 lilii

1749 1501 1885 1570 ejus.
1943 1501 2006 1553 Et
2044 1500 2096 1553 id
2137 1503 2355 1569 quidem
2406 1517 2511 1555 non
2559 1503 2680 1557 ideo
2710 1504 2769 1557 lit
2811 1507 2953 1573 quod
2985 1505 3100 1575 ipsa
3152 1502 3333 1571 major

1742 1602 1831 1647 aut
1851 1591 2123 1661 potentior
2148 1606 2213 1645 eo
2235 1593 2326 1657 sit,
2368 1608 2470 1647 nec.
2502 1595 2647 1648 enim
2681 1594 2796 1663 ipse
2834 1610 3062 1664 magnus
3108 1606 3204 1650 aut
3238 1611 3338 1665 po.

1747 1692 1864 1737 lens
1894 1692 1979 1737 est
2026 1697 2121 1751 per
2149 1698 2291 1748 eam,
2323 1683 2415 1737 sed
2476 1683 2566 1737 illa
2615 1698 2711 1752 per
2747 1685 2942 1753 ipsum.
2973 1685 3154 1751 Quare
3204 1701 3342 1755 ergo

1743 1772 2049 1841 promptior
2076 1772 2223 1827 salus
2262 1775 2314 1827 in
2360 1775 2733 1829 recordatione
2776 1774 2894 1842 ejus
2926 1792 3091 1846 quam
3127 1778 3220 1832 lilii
3250 1780 3337 1832 sui

36 1868 404 1922 conversione
437 1868 776 1939 concipiebat
805 1910 823 1935 ,
883 1869 1052 1923 lilium
1105 1885 1261 1925 suum
1306 1886 1411 1927 non
1468 1870 1632 1924 fuisse
1666 1861 1707 1920 Β
1736 1879 1877 1933 smpe
1904 1866 2251 1936 percipitur?
2293 1867 2474 1921 Dicam
2512 1868 2640 1937 quid
2674 1868 2874 1932 sentio,
2917 1868 3057 1923 lilius
3086 1869 3206 1937 ejus
3232 1870 3338 1923 Do-

41 1959 224 2029 gratis
262 1968 557 2021 mortuum,
583 1975 705 2014 cum
734 1970 841 2015 tam
860 1960 1153 2015 elllcaeiter
1174 1962 1387 2031 operari
1422 1960 1637 2014 videbat

38 2051 206 2105 tidem
255 2051 446 2104 mortis
476 2051 591 2120 ejus
630 2051 793 2105 etiam
830 2052 881 2106 in
916 2052 998 2107 eis
1022 2052 1112 2121 qui
1156 2061 1406 2105 auctores
1428 2051 1496 2082 ¹⁰⁸
1521 2048 1637 2119 ejus

33 2143 386 2197 exstiterant.
420 2141 686 2198 Gaudium
719 2144 901 2213 itaque
938 2144 985 2197 ei
1015 2152 1134 2197 erat
1164 2144 1215 2196 in
1264 2142 1403 2197 eo'lo
1428 2182 1444 2207 ,
1509 2156 1639 2207 gau-

37 2233 187 2287 dium
224 2233 281 2287 in
311 2244 481 2297 terra,
512 2233 766 2304 gattdinm
818 2234 1042 2303 insuper
1073 2233 1124 2286 in
1179 2233 1323 2286 oumi
1362 2241 1636 2286 creatura.

32 2323 312 2377 Gaudium
346 2323 397 2377 in
426 2324 586 2387 cwlo,
637 2322 765 2394 quia
808 2324 1017 2379 fructus
1044 2326 1251 2379 ventris
1276 2324 1357 2378 sui
1411 2324 1522 2394 jam
1559 2324 1639 2376 vi—

30 2427 152 2471 ctor
182 2418 382 2472 mortis
403 2427 457 2472 et
480 2417 629 2472 orbis
664 2417 717 2472 in
746 2416 884 2472 coelo
916 2416 1194 2485 regnabat,
1226 2429 1430 2485 suaque
1469 2415 1641 2469 vieto-

38 2510 117 2561 ria
151 2507 333 2573 Deum
391 2508 608 2563 Patrem
657 2509 1087 2579 omnipotentem
1145 2507 1481 2578 gloriﬂeabat
1514 2545 1529 2571 ,
1585 2513 1641 2560 et

34 2609 239 2654 cuncta
281 2600 349 2631 ¹⁰⁹
373 2601 611 2655 caelestis
639 2602 804 2655 curia:
844 2600 1059 2671 agmina
1110 2598 1469 2653 inrestimabili
1526 2613 1644 2650 Ina-

36 2690 733 2759 guilicentialaztiticabat;
777 2691 1031 2761 gaudium
1058 2691 1107 2743 in
1150 2697 1291 2744 terra
1322 2730 1338 2755 ,
1379 2690 1639 2758 quoniam

35 2794 151 2843 eos,
179 2797 289 2852 pro
319 2796 550 2849 quorum
597 2780 771 2837 salute
800 2791 1031 2836 matrem
1065 2780 1156 2835 Dei
1188 2795 1246 2834 se
1278 2779 1475 2834 factam
1503 2781 1643 2835 scie-

43 2876 152 2940 bat,
185 2873 409 2939 abjecto
432 2873 563 2944 jugo
590 2872 810 2937 diaboli,
844 2888 873 2926 a
903 2887 1009 2944 quo
1036 2874 1232 2944 captivi
1272 2874 1596 2929 tenebantur
1624 2914 1640 2932 .

34 2964 244 3019 liberos
272 2965 341 2995 “°
380 2966 431 3018 in
477 2966 647 3035 ipsam
679 2965 908 3020 salutem
946 2979 1169 3020 currere
1219 2966 1591 3036 conspiciebat
1623 2983 1638 3031 ;

42 3057 93 3110 in
129 3057 289 3110 omni
323 3070 537 3126 quoque
581 3064 832 3110 creatura
880 3057 1135 3127 gaudium
1166 3057 1373 3123 habuit,
1406 3073 1471 3112 eo
1499 3061 1643 3130 quod

38 3151 179 3206 illam
214 3168 243 3204 a
280 3150 509 3219 pristina
545 3150 899 3219 oppressione
928 3150 1067 3215 erui,
1101 3160 1260 3221 atque
1304 3151 1354 3205 in
1389 3151 1534 3206 illum
1575 3152 1642 3206 ad

1742 1958 1921 2012 minus
1947 1958 2275 2026 estetjudex
2300 1960 2565 2023 omnium,
2590 1960 2906 2016 discernens
2921 1962 3110 2014 merita
3135 1962 3329 2028 singu-

1742 2049 1955 2116 lorum,
2001 2052 2128 2105 dum
2163 2052 2327 2120 igitur
2348 2052 2459 2122 ipse
2488 2067 2516 2105 a
2553 2054 2744 2123 quovis
2784 2068 2884 2108 suo
2927 2054 3148 2107 nomine
3180 2055 3339 2107 invo-

1740 2149 1897 2195 catus
1924 2152 2030 2196 non
2077 2144 2260 2196 statim
2292 2144 2533 2206 exaudit,
2576 2146 2820 2213 proiecto
2862 2144 2914 2197 id
2942 2143 3092 2211 justo
3134 2143 3340 2213 judicio

1742 2232 1874 2287 facit
1904 2234 1990 2287 ιη.
2021 2234 2270 2288 lnvocato
2325 2244 2505 2287 autem
2560 2235 2778 2288 nomine
2821 2235 3011 2288 matris
3040 2248 3176 2298 sua},
3231 2234 3335 2287 etsi

1740 2324 1942 2377 merita
1971 2324 2275 2378 invocantis
2302 2339 2406 2378 non
2439 2335 2737 2390 meremur,
2778 2324 2971 2378 merita
3013 2331 3192 2378 tamen
3222 2338 3340 2376 ma-

1744 2414 1849 2468 tris
1877 2416 2218 2470 intercedunt
2248 2424 2306 2469 ut
2356 2413 2697 2469 exaudiatur.
2762 2413 2876 2469 Iloc
2926 2413 3159 2482 denique
3213 2426 3344 2469 usus

1745 2506 2016 2562 humanus
2047 2507 2285 2577 quotidie
2310 2508 2524 2576 probat,
2557 2521 2679 2560 cum
2705 2506 2852 2575 quis,
2882 2507 3162 2577 proposito
3180 2505 3340 2565 amici

1745 2605 1825 2657 sui
1854 2606 2095 2667 nomine,
2143 2602 2435 2657 cllicaciter
2466 2604 2535 2655 ab
2574 2604 2641 2634 ⁸³⁷
2692 2603 2784 2655 illo
2827 2602 3027 2671 aliquid
3087 2604 3343 2671 impetrat

1745 2697 1889 2766 quod
1916 2695 2236 2765 simpliciter
2290 2708 2384 2747 sua
2439 2708 2601 2763 prece
2655 2708 2998 2762 nequaquam
3051 2693 3345 2763 impetrare

1744 2786 1981 2841 valebat.
2022 2785 2208 2854 Itaque
2239 2784 2283 2839 si
2314 2792 2423 2838 tam
2457 2784 2602 2837 utilis
2625 2793 2711 2838 est
2763 2784 2815 2836 itt
2866 2783 3239 2837 subveniendo
3273 2780 3343 2814 “'

1748 2879 2016 2934 memoria
2054 2878 2287 2932 nominis
2319 2878 2511 2931 matris
2547 2877 2661 2939 Dei,
2685 2890 2793 2929 non
2820 2876 3018 2929 mirum
3050 2874 3092 2929 si
3132 2888 3341 2943 magna:

1749 2972 1944 3028 salutis
1997 2969 2189 3024 all‘eret
2229 2968 2463 3022 fructum
2516 2968 2773 3038 frequens
2828 2965 3111 3021 meditatio
3163 2966 3339 3021 sancti

1745 3064 1947 3119 amoris
1983 3062 2101 3128 ejus
2133 3102 2147 3125 ,
2187 3060 2231 3114 si
2279 3058 2492 3129 plenam
2552 3058 2948 3129 jucunditatcm
2998 3056 3149 3109 dabit
3200 3053 3343 3109 dulci

1747 3156 1927 3210 studio
1978 3155 2213 3228 cogitata
2264 3161 2322 3209 et
2377 3152 2676 3223 recogitata
2753 3148 3097 3205 immensitas
3165 3147 3343 3217 gaudii

38 3257 193 3309 quem
232 3214 376 3295 facta
426 3214 851 3295 litera-t‘statnm
901 3239 1082 3294 redire
1137 3214 1290 3297 vidit.
1345 3240 1639 3312 Postquam
1671 3214 1717 3274 ο
1747 3248 1885 3319 ejus.

40 3334 179 3386 enim
226 3333 396 3386 homo
425 3333 591 3386 Deum
623 3333 973 3402 contempsit,
1002 3341 1057 3387 et
1093 3333 1211 3403 ejus
1237 3332 1507 3390 mandatis
1557 3345 1642 3389 tu-

42 3426 214 3479 midus
250 3425 536 3481 contraire
561 3442 663 3481 non
693 3426 891 3490 timuit,
933 3426 984 3479 in
1008 3426 1151 3481 nulla
1182 3435 1450 3491 creatura,
1476 3441 1638 3497 quam

42 3517 180 3573 Deus
208 3520 281 3573 ad
313 3518 610 3572 subsidium
652 3518 769 3583 ejus
799 3518 1054 3580 instituit,
1104 3517 1250 3588 justo
1287 3518 1489 3588 judicio
1543 3516 1644 3572 ali-

40 3612 163 3679 quid
186 3610 340 3678 juris
371 3608 601 3679 amplius
629 3610 830 3664 habere
874 3610 1080 3664 debuit.
1128 3610 1262 3664 Cum
1294 3609 1454 3679 igitur
1484 3618 1542 3663 et
1589 3610 1640 3664 in

44 3704 393 3758 contumacia
424 3719 517 3759 sua
543 3713 735 3759 contra
760 3703 928 3758 Deum
972 3701 1215 3757 omnium
1252 3718 1429 3757 rerum
1460 3701 1641 3757 Domi-

43 3811 164 3849 num
198 3795 467 3865 perstitit,
491 3807 545 3851 et
572 3806 750 3851 tamen
791 3811 948 3850 usum
1006 3810 1189 3849 rerum
1238 3794 1291 3848 in
1342 3793 1639 3848 subsidium

50 3902 201 3941 suum
231 3898 557 3958 retorquere
604 3903 708 3942 non
736 3887 965 3952 destitit,
1000 3886 1078 3941 Do
1100 3887 1231 3941 uino
1275 3887 1381 3941 Deo
1433 3886 1644 3955 injusti-

44 3980 192 4047 tiam,
230 3992 292 4035 et
320 3980 418 4035 Dei
451 3991 717 4036 creatura:
757 3980 1065 4034 violentiam
1099 3980 1279 4034 intulit
1316 3990 1369 4033 ct
1420 3995 1643 4051 oppres-

43 4072 271 4128 sionem.
320 4077 387 4128 At
428 4090 588 4137 nunc,
615 4091 737 4131 cum
760 4073 875 4142 jam
907 4073 1292 4128 reconciliatus
1336 4073 1499 4127 homo
1546 4090 1643 4144 per

43 4176 279 4221 mortem
332 4166 426 4220 lilii
486 4166 551 4197 ¹¹¹
603 4165 763 4235 hujus
809 4163 1137 4220 beatissima:
1179 4163 1368 4217 matris
1404 4165 1543 4218 redit
1591 4164 1642 4218 iu

43 4259 277 4325 gratiaut
313 4256 428 4322 Dei,
460 4259 599 4312 redit
629 4260 794 4312 etiam
828 4258 879 4311 in
910 4254 1033 4325 jura
1065 4255 1355 4322 libertatis,
1386 4257 1452 4310 ad
1482 4271 1642 4325 quam

45 4349 177 4413 fama
210 4348 320 4402 t'uit
344 4358 590 4402 creatura
622 4350 733 4411 Dei,
784 4348 1081 4402 famulandi
1119 4347 1183 4379 η’
1218 4348 1427 4403 scilicet
1449 4348 1496 4403 ei
1546 4362 1643 4418 pro

46 4454 149 4506 quo
183 4454 248 4491 se
277 4438 578 4490 institutam
606 4454 726 4492 esse
756 4443 1031 4510 cognovit.

110 4530 262 4594 "me,
308 4529 675 4584 sacratissima
701 4530 947 4597 domina,
986 4530 1191 4595 vidisti,
1232 4529 1347 4584 bzec
1378 4526 1647 4584 intellexi-

42 4622 123 4681 sti,
159 4623 287 4675 tunc
320 4634 417 4689 per
465 4629 517 4675 te
578 4620 667 4675 tali
714 4621 871 4675 modo
928 4621 1143 4690 impleta
1179 4634 1299 4675 esse
1349 4617 1632 4689 magniﬁce

45 4714 224 4778 gavisa
294 4728 372 4766 es.
407 4716 535 4778 Ista,
564 4711 783 4779 fratres,
825 4712 1056 4767 dicimus
1082 4711 1236 4766 dulce
1277 4710 1556 4773 habentes,
1580 4718 1636 4761 et

45 4818 134 4857 vos
158 4806 321 4860 dulce
352 4806 557 4861 habere
582 4806 863 4874 cupientes
890 4819 1030 4873 sa‘pe
1058 4804 1337 4858 revolvere
1362 4811 1523 4872 atque
1553 4817 1640 4858 re-

48 4899 223 4955 colere
263 4899 317 4954 in
358 4898 428 4933 ⁸³⁸
463 4899 724 4953 memoria
778 4912 1020 4952 amorem
1059 4905 1115 4950 et
1167 4896 1420 4966 gaudium
1481 4893 1643 4961 hujus

46 4991 299 5057 eundum,
331 4992 529 5062 quibus
550 4992 663 5063 jugi
706 4990 1035 5046 exundantia
1075 4990 1130 5043 in
1162 4988 1330 5045 Deum
1358 4988 1502 5043 etde
1535 4987 1643 5043 Deo

2348 3357 2577 3415 CAPUT
2618 3355 2728 3413 VII.

1892 3484 1967 3541 De
1992 3486 2185 3555 gaudio
2226 3484 2390 3537 beatw
2430 3480 2619 3535 Maria:
2647 3482 2699 3534 in
2741 3478 2840 3548 ﬁlii
2881 3477 3199 3532 ascensione.

1815 3609 2158 3678 Quapropter
2215 3603 2391 3658 adhuc
2425 3603 2478 3657 iu
2537 3599 2963 3671 speculationem
3008 3595 3185 3666 gaudii
3222 3594 3341 3665 ejus

1749 3701 1918 3754 verba
1956 3709 2256 3760 vertamus,
2288 3704 2346 3751 et
2377 3703 2583 3750 mentes
2622 3701 2839 3747 nostras
2870 3688 3037 3759 ipsius
3061 3686 3346 3741 dulcedine

1747 3791 2141 3862 aliquantisper
2169 3789 2526 3843 enutriamns.
2555 3783 2960 3854 Perpendatnus
2989 3780 3192 3849 itaque,
3223 3792 3344 3837 cum

1748 3895 1893 3941 tanta
1928 3884 1995 3917 “°
2028 3881 2206 3953 gaudii
2233 3878 2549 3950 magnitudo
2601 3873 2908 3943 impleverit
2951 3871 3138 3925 intima
3167 3868 3346 3937 piissi-

1746 3994 1845 4032 ma'
1876 3977 2115 4031 Dominae
2150 3973 2330 4041 hujus,
2375 3986 2441 4025 ex
2470 3970 2554 4023 bis
2604 3982 2725 4037 qua:
2770 3965 2884 4033 jam
2935 3962 3207 4033 paululum
3262 3959 3345 4012 itt-

1748 4067 1967 4128 tueudo,
2001 4073 2056 4117 ut
2090 4062 2386 4131 potuimus,
2419 4055 2842 4128 pra'libavimus,
2876 4062 3056 4105 utrum
3082 4048 3131 4102 ei
3175 4060 3343 4117 supe.‘

1749 4157 1838 4212 illa
1883 4157 2059 4210 adhuc
2082 4153 2283 4223 aliquid
2316 4150 2495 4221 gaudii
2524 4146 2757 4215 adjicere
2794 4142 3052 4214 potuerit,
3087 4141 3138 4193 id
3190 4136 3337 4208 quod

1747 4248 2026 4303 revelante
2057 4245 2262 4314 Spiritu
2287 4251 2502 4305 sancto,
2530 4248 2738 4295 remota
2767 4238 2913 4297 omni
2941 4233 3296 4305 ambiguitate
3323 4271 3340 4296 ,

1746 4340 1953 4394 sciebat
1993 4351 2053 4391 se
2084 4336 2314 4389 decurso
2340 4334 2461 4388 vita:
2511 4330 2741 4385 labentis
2773 4331 2839 4361 ¹²⁰
2871 4330 3049 4400 Spatio
3076 4328 3128 4381 in
3160 4326 3331 4380 beati-

1748 4431 1986 4486 tudinem
2020 4427 2169 4496 regni
2199 4424 2441 4481 cmlestis
2488 4437 2881 4484 ascensuram,
2949 4419 3114 4473 lilium
3180 4432 3341 4470 suum

1748 4525 2105 4597 omnipotenti
2140 4524 2249 4577 Deo
2296 4521 2444 4576 Patri
2480 4521 2533 4575 in
2572 4536 2667 4575 sua
2710 4519 2913 4574 deitate
2960 4512 3291 4583 comqualem
3324 4550 3339 4572 ,

1745 4620 1887 4673 sicut
1917 4625 2025 4681 est,
2059 4612 2383 4669 indelicieuti
2413 4610 2866 4679 contemplatione
2889 4608 3147 4668 visuram,
3178 4616 3345 4671 seque

1745 4722 1873 4775 post
1906 4723 2031 4762 eum
2076 4705 2221 4760 onmi
2252 4716 2521 4759 creatura:
2560 4702 2884 4763 ctelestium,
2933 4695 3268 4751 terrestrium
3291 4700 3345 4744 et

1746 4781 2087 4858 inl‘ernorum
2116 4797 2339 4869 perenni
2373 4797 2497 4867 jure
2519 4795 2937 4850 dominaturam.
2967 4788 3039 4843 At
3069 4782 3344 4839 immotis--

1751 4906 1917 4950 tatem
1949 4895 2012 4927 ¹²¹
2040 4894 2216 4965 gaudii
2254 4893 2411 4960 hujus
2451 4892 2573 4960 quis
2604 4883 2990 4945 considerabit,
3023 4880 3112 4950 qui
3146 4894 3250 4931 non
3287 4877 3340 4930 in

1756 4990 1870 5060 ipsa
1921 4987 2359 5044 consideratione
2396 4985 2608 5056 penitus
2638 4982 2706 5035 ab
2743 4996 2805 5035 ea
2856 4972 3241 5047 opprimatur?
3278 4970 3345 5023 Et

1304 5118 1539 5176 νΑῐιιιΕ
1577 5119 1980 5177 LECTIONES.

132 5234 201 5265 ³⁸⁵
257 5232 381 5287 Fuit
435 5234 615 5288 simile
674 5252 777 5289 mss
842 5234 945 5291 fuit
999 5235 1241 5290 auditum
1309 5233 1483 5289 simile

1620 5236 1687 5267 ¹⁰⁶
1734 5236 1906 5291 Tanta
1970 5233 2247 5290 hominum
2310 5249 2415 5285 mss
2480 5237 2659 5292 tanta,
2721 5226 2859 5281 sicut
2923 5220 3104 5284 scitis,
3164 5218 3336 5292 homi-

50 5316 174 5376 num
255 5306 322 5335 ¹⁰⁷
350 5306 744 5359 Incrementum
769 5290 1063 5376 surripisisse
1091 5322 1197 5359 mss
1225 5306 1462 5359 crevisse
1538 5306 1607 5338 ¹⁰⁶
1634 5307 1819 5361 Fidem
1842 5306 2044 5361 amoris
2066 5304 2182 5371 ejus
2213 5305 2263 5357 iu
2296 5304 2374 5357 eis
2403 5302 2493 5376 qui
2517 5290 2921 5376 amatoresmrs
2960 5296 3116 5376 tidem
3151 5290 3341 5376 mortis

50 5373 159 5441 ejus
185 5375 353 5430 etiam
388 5378 440 5429 in
475 5378 553 5431 eis
580 5377 669 5445 qui
697 5362 949 5432 auctores
1023 5378 1091 5409 ¹⁰⁹
1122 5376 1338 5431 Ventris
1368 5376 1486 5444 ejus
1508 5377 1827 5433 benedictus
1844 5379 1954 5443 jam
1979 5362 2297 5431 erat'victor
2323 5362 2521 5445 mortis
2539 5382 2594 5445 et
2618 5371 2766 5423 orbis
2796 5369 2848 5422 in
2878 5367 3018 5421 C(BIO
3045 5362 3337 5445 regnabat,

50 5454 99 5497 et
125 5457 451 5501 cunctamss
479 5449 681 5502 ventris
702 5449 783 5502 sni
812 5448 923 5515 jam
953 5448 1127 5503 vietor
1156 5449 1346 5502 mortis
1377 5456 1432 5502 et
1453 5448 1619 5509 orbis,
1645 5459 1752 5502 etc.
1833 5450 1900 5480 “°
1929 5448 2193 5515 Quoniam
2221 5459 2480 5499 eorum...
2511 5448 2735 5497 liberam
2766 5456 2869 5493 mss
2892 5451 3149 5506 quoniam
3174 5448 3332 5515 eos...

53 5515 250 5570 liberos
362 5518 428 5548 ¹¹¹
459 5517 687 5572 Mortem
724 5518 847 5573 lilia:
873 5536 977 5573 mss
1001 5527 1231 5573 mortem
1261 5518 1351 5572 lilii
1446 5520 1514 5549 ³¹³
1540 5518 1783 5573 Gratiam
1820 5519 1908 5572 Dei
1941 5517 2230 5572 tumulandi
2261 5531 2368 5569 mss
2403 5514 2629 5583 gratiam
2662 5513 2751 5567 Dei
2780 5530 2791 5566 :
2824 5510 2963 5565 redit
2988 5509 3153 5562 etiam
3183 5519 3340 5569 tujus

52 5583 340 5666 libertatis,
360 5589 433 5666 ad
453 5604 625 5666 quam
652 5588 926 5666 laetafuit
951 5601 1199 5645 creatura
1233 5589 1326 5643 Dei
1359 5587 1672 5666 famulandi.
1732 5660 1741 5666 _
1784 5590 2363 5666 f“_b‘atpe_volvere_iu.

359 5659 426 5690 “‘
453 5658 749 5715 Recordari
803 5661 993 5715 horum
1045 5671 1102 5715 et
1146 5677 1251 5714 mss
1298 5659 1569 5714 recordari
1600 5660 1830 5714 nominis
1861 5661 2015 5715 istius
2042 5660 2197 5713 home
2232 5658 2417 5712 Mariae
2445 5664 2501 5710 et

640 5730 708 5801 ‘7“
735 5729 788 5784 Id
825 5731 971 5801 juste
1021 5730 1151 5785 facit
1180 5748 1285 5784 mss
1314 5732 1365 5785 id
1386 5730 1532 5801 justo
1552 5729 1762 5797 judicio
1790 5730 1920 5785 facit

53 5515 250 5570 liberos
362 5518 428 5548 ¹¹¹
459 5517 687 5572 Mortem
724 5518 847 5573 lilia:
873 5536 977 5573 mss
1001 5527 1231 5573 mortem
1261 5518 1351 5572 lilii

52 5654 161 5713 lere
188 5658 244 5711 in

57 5728 359 5796 promptior
388 5730 534 5785 salus

1833 5438 1900 5480 ίίο
1929 5447 2193 5515 Quoniam
2221 5459 2480 5499 eorum...
2511 5443 2749 5515 liberam
2766 5456 2869 5493 mss
2892 5438 3149 5515 quoniam
3174 5448 3332 5515 eos...

1784 5590 1853 5621 ¹¹³
1878 5590 2033 5658 ὃπῳε
2054 5590 2270 5642 volvere
2296 5590 2360 5658 in
2382 5582 2487 5638 nm
2521 5582 2960 5658 smperevolvere
2998 5587 3162 5658 atque
3191 5588 3339 5629 reco-

2622 5655 2690 5686 “'
2719 5653 2988 5723 Pmpitior
3029 5650 3188 5723 salus
3235 5660 3337 5723 una

2057 5730 2121 5761 ¹¹⁷
2154 5729 2433 5784 Dominico
2461 5727 2677 5782 nomine
2706 5728 2774 5780 ab
2804 5714 2908 5777 ritas
2937 5720 3094 5776 amici
3123 5714 3337 5784 nomine

55 5782 345 5854 Lacaena}
380 5782 585 5855 ab???"
624 5782 785 5856 Utilis
808 5782 1409 5870 ain'aai‘a‘atttumg
1434 5782 1993 5856 é.t*t'..t.‘.isve‘.*.ia.s.io
2065 5801 2130 5831 ἐν
2156 5782 2447 5855 ὶῖὲιήιιιίιιηιιί
2478 5816 2582 5854 om
2606 5814 2728 5854 eum
2761 5803 2908 5850 tanta
2989 5792 3054 5823 ’³ο
3078 5782 3336 5845 11.τι›υιιιίε

58 5876 177 5923 γιιιε
212 5886 311 5925 um
338 5872 459 5927 vitae
491 5870 719 5928 labentis
794 5874 855 5904 ¹¹¹
893 5874 972 5928 Ad
1001 5873 1415 5929 nnmeusitatem
1445 5888 1548 5927 mss
1588 5882 1643 5927 at
1670 5873 2090 5930 immensitatetn
