3904 6306
136 351 257 408 5ἷὸ
1220 351 1346 410 LIB.
1378 355 1466 409 DE
1493 352 1972 409 EXCELLENTIA
2000 353 2057 408 Β.
2090 351 2355 411 MAN/8.
2410 410 2411 413 η

3310 354 3412 412 δτι

132 470 247 529 eos
261 472 425 542 ""qui
444 474 584 528 cives
602 474 718 545 ejus
735 475 802 529 ab
820 458 971 531 initio
988 484 1251 531 creaturae
1263 492 1385 531 esse
1400 484 1728 540 meruerant,
1762 476 1807 534 Α
1837 485 1999 526 carne
2028 473 2258 528 viventis
2278 473 2556 529 aestimare
2577 472 2882 530 nullatenus
2905 472 3115 529 Sufficit.
3141 473 3217 528 Ne
3238 482 3414 530 tamen

130 562 303 618 solito
340 563 602 619 festiviori
631 564 1009 622 exsultationis
1032 566 1227 636 gaudio
1267 566 1461 632 induit,
1492 566 1583 635 qui
1611 579 1731 634 per

128 653 438 725 gloriosum
466 653 708 710 fecundae
729 641 1055 726 virginitatis
1094 664 1199 711 tua:
1223 656 1459 712 fructum
1504 656 1731 711 semiru-

128 746 460 801 tam'rident
484 729 759 802 civitatem
787 761 940 801 suam
973 748 1353 817 redintegrari.
1378 748 1532 803 'Vere
1563 747 1615 801 in
1639 756 1730 802 tuo

128 841 371 894 adventu
397 880 411 904 ,
436 856 533 911 per
558 856 720 911 quam
756 839 962 896 tantum
991 843 1193 898 bonum
1237 849 1570 903 meruerunt,
1599 855 1735 909 gau-

123 931 205 987 dii
243 932 327 986 sui
352 934 665 1003 magnitudo
698 933 820 1002 jure
870 935 1056 990 debuit
1106 936 1468 1005 augmentari.
1498 935 1727 989 Terram

120 1023 297 1077 etiam
319 1024 434 1079 dies
460 1024 803 1080 exaltationis
836 1034 959 1092 tuae,
990 1042 1023 1082 ο
1048 1026 1359 1082 beatissima
1382 1025 1726 1087 feminarum,

123 1115 270 1169 mira
311 1116 484 1186 gratia
518 1116 786 1188 irrigavit,
833 1119 980 1189 quia,
1007 1119 1133 1174 dum
1164 1128 1238 1186 te,
1272 1134 1432 1188 quam
1472 1118 1538 1173 de
1581 1131 1640 1172 se
1674 1126 1730 1172 et

122 1203 178 1257 in
209 1222 271 1260 se
297 1206 529 1262 aliorum
561 1208 842 1264 hominum
882 1210 1000 1287 lege
1046 1211 1383 1283 progenitam
1432 1209 1686 1281 cognovit
1710 1250 1726 1277 ,

120 1313 305 1367 usque
329 1301 395 1355 ad
422 1299 698 1357 Creatoris
746 1304 988 1358 omnium
1045 1303 1297 1358 thronum
1348 1303 1577 1359 exaltari
1631 1318 1726 1358 co-

118 1390 366 1457 gnoscit,
411 1392 647 1462 antiquae
665 1393 1053 1451 maledictionis
1072 1411 1305 1466 poenam.
1340 1412 1499 1466 quam
1530 1396 1581 1450 in
1605 1410 1729 1465 pec-

119 1488 250 1534 cato
283 1483 585 1551 primorum
641 1500 863 1540 suorum
897 1486 1126 1541 liliorum
1178 1501 1297 1543 sese
1344 1488 1538 1543 merito
1568 1503 1728 1543 exce-

119 1570 271 1636 pisse
304 1574 526 1639 sciebat,
555 1576 668 1646 jam
696 1593 792 1647 per
824 1586 986 1632 tantae
1005 1578 1399 1635 benedictionis
1424 1589 1527 1634 tum
1560 1579 1731 1633 abun-

118 1663 369 1717 dantiam
398 1679 520 1719 sese
557 1666 792 1721 evadere
847 1667 1222 1724 indubitanter
1255 1669 1530 1723 credebat.
1588 1668 1727 1736 Quid

117 1751 367 1821 amplius
419 1754 600 1810 dicere
645 1772 865 1827 possum
894 1799 909 1823 ,
974 1758 1245 1813 domina?
1305 1760 1723 1815 immensitatem

1835 561 2031 630 aliquis
2056 577 2240 616 eorum
2278 579 2399 633 quae
2417 564 2668 629 dicimus,
2702 565 2861 619 nimis
2896 564 2962 596 "°
2988 564 3224 618 insolens
3254 574 3414 618 autn-

1834 661 1943 706 met
1977 668 2076 707 nos
2101 654 2270 723 magis
2323 668 2475 708 more
2498 655 3147 729 indiscretelandantinm
3176 657 3277 711 ista
3329 654 3414 711 di-

1830 758 1955 799 cere
1978 759 2139 814 quam
2177 759 2315 810 rem,
2343 745 2483 800 sicut
2516 758 2618 813 est,
2643 748 3055 804 considerationi
3087 750 3323 805 ﬁdelium
3349 750 3413 782 '“

1830 849 2152 905 quocunque
2203 836 2364 893 modo
2420 840 2893 895 commemorando
2939 841 3073 895 velle
3102 842 3407 914 praefigere,

1832 924 2042 994 plenius
2065 941 2127 980 ea
2161 941 2280 996 qua:
2304 927 2553 982 humana:
2584 938 2791 984 natura:
2807 945 2903 999 per
2930 945 3052 985 eam
3105 932 3242 986 bona
3286 948 3410 1003 pro-

1830 1028 2028 1068 venere
2052 1016 2664 1087 commemorarejuvat,
2691 1033 2754 1072 ac
2781 1020 2859 1074 sic
2876 1020 3113 1089 qualiter
3138 1022 3202 1052 *δ’
3225 1037 3413 1077 attines

1830 1105 2057 1161 aliarum
2095 1124 2275 1163 rerum
2308 1109 2493 1165 form:e
2520 1126 2617 1181 per
2643 1092 2817 1181 ipsam
2846 1113 2954 1167 sint
2994 1110 3302 1170 reformatae
3322 1116 3410 1180 Μ,

1830 1196 2203 1263 nihilominus,
2237 1208 2397 1268 prout
2426 1200 2757 1271 poterimus,
2807 1201 2860 1255 in
2900 1203 3133 1257 medium
3174 1203 3416 1273 proferre

1829 1285 2081 1342 delectat.
2119 1288 2271 1356 Quod
2297 1306 2360 1345 ea
2410 1290 2627 1360 quidem
2659 1306 2717 1345 re
2760 1291 2941 1364 facere
2978 1292 3152 1362 placet
3201 1302 3260 1346 ut
3308 1309 3418 1363 pra:

1829 1381 2020 1446 oculis,
2053 1383 2395 1455 aliquatenus
2418 1386 2734 1443 deformatis
2759 1387 3121 1459 singularibus
3142 1386 3418 1441 beneﬁciis

1830 1473 1969 1543 ejus,
2003 1490 2163 1531 nemo
2199 1476 2533 1546 relinquatur
2558 1475 2714 1546 cujus
2743 1477 3106 1533 consideratio
3142 1476 3416 1531 immensi—

1832 1571 1941 1619 tate
1968 1567 2278 1635 promeritae
2302 1567 2476 1623 laudis
2516 1567 2661 1623 illius
2689 1584 2795 1623 non
2841 1569 3124 1637 obruatur.
3154 1566 3289 1621 Nota
3323 1567 3420 1637 igi-

1837 1664 1965 1724 tur;
1994 1658 2142 1712 omni
2171 1660 2367 1715 sazeulo
2392 1659 2604 1731 loquar,
2634 1660 2773 1716 etde
2792 1676 2900 1731 quo
2925 1661 2990 1716 ad
3023 1662 3150 1731 quid
3178 1662 3415 1731 provecti

1829 1746 1999 1803 simus
2037 1748 2194 1817 hujus
2250 1752 2482 1807 domina:
2537 1752 2744 1808 meritis
2769 1794 2784 1820 ,
2823 1767 2920 1821 pro
2962 1769 3139 1823 posse,
3182 1754 3413 1808 edicam.

116 1842 330 1913 quippe
358 1845 545 1916 gratim
597 1856 649 1902 ει
704 1847 889 1919 εισι-εει,
928 1858 1034 1904 tua,
1090 1851 1438 1906 considerare
1491 1846 1727 1922 cupienti
1764 1838 2019 1909 Bltaque
2051 1851 2245 1897 natura
2301 1852 2484 1899 nostra
2542 1844 2608 1877 “’“
2648 1845 2716 1899 ad
2765 1845 3167 1900 similitudinem
3215 1846 3307 1901 Dei
3362 1847 3414 1899 in

116 1950 321 1990 sensus
347 1936 546 2004 deficit,
579 1939 760 2008 lingua
793 1940 1013 1998 fatiscit.
1065 1942 1527 2011 Quemadmodum
1579 1945 1724 1999 enim

112 2026 333 2094 omnia,
360 2042 483 2096 qua:
520 2029 575 2083 in
603 2029 741 2085 caelo
783 2042 908 2086 sunt
939 2048 1035 2102 per
1079 2034 1527 2104 gloriﬁcationem
1578 2044 1723 2090 tuam

113 2116 578 2176 inmatimabiliter
603 2121 948 2192 decorantur,
995 2126 1089 2191 ita,
1122 2142 1217 2197 per
1263 2128 1509 2183 eamdem
1558 2127 1725 2197 glori-

112 2208 456 2277 ficationem,
489 2222 681 2268 cuncta
708 2229 828 2284 quae
856 2215 907 2270 in
942 2226 1083 2271 terra
1115 2220 1437 2284 subsistunt,
1470 2220 1720 2277 ineffabi-

110 2297 241 2353 liter
276 2300 653 2357 sublimantur.
681 2303 901 2375 Singula
928 2296 1121 2376 nempe
1148 2308 1200 2362 in
1236 2309 1512 2365 immensa:
1540 2309 1719 2380 digni-

110 2390 244 2443 tatis
280 2391 443 2445 decus
481 2392 851 2463 profecerunt,
906 2410 1029 2450 eum
1078 2412 1177 2467 per
1231 2408 1375 2453 tuam
1410 2401 1619 2455 beatam
1666 2411 1721 2456 et

108 2481 527 2552 integerrimam
576 2486 944 2557 virginitatem
1000 2489 1286 2545 Dominum
1340 2492 1504 2546 Deum
1560 2507 1716 2547 suum

105 2588 279 2641 quem
308 2590 415 2628 non
448 2587 838 2645 cognoverant,
866 2595 1157 2649 agnocere,
1195 2592 1249 2638 et
1275 2576 1516 2654 agnitum
1541 2586 1719 2641 colere

108 2672 161 2718 et
190 2679 389 2720 amare
411 2676 750 2723 meruerunt.
788 2668 961 2737 Quam
1002 2686 1165 2740 super
1189 2687 1380 2728 omnes
1407 2675 1576 2730 etelos
1629 2693 1717 2732 as-

106 2755 355 2811 cendere
377 2772 441 2811 ae
470 2759 522 2811 in
556 2759 778 2814 dextera
810 2754 1021 2816 Domini
1049 2761 1142 2817 Dei
1178 2763 1260 2817 sui
1307 2763 1401 2818 lilii
1439 2765 1514 2819 tui
1553 2767 1717 2822 bene-

104 2847 247 2903 dicti
290 2848 523 2905 exaltari
564 2862 957 2921 cognoverunt,
990 2854 1043 2909 in
1086 2869 1153 2910 eo
1194 2854 1359 2911 etiam
1408 2857 1716 2913 didicerunt

102 2956 159 2995 se
186 2942 375 2996 eidem
407 2942 518 2998 Deo
558 2958 658 2999 suo
705 2953 875 3000 totum
908 2946 1103 3002 debere
1128 2949 1269 3017 quod
1317 2959 1465 3016 sunt,
1497 2952 1714 3021 quando

105 3038 181 3098 tn,
219 3046 351 3101 quae
377 3031 520 3087 inter
544 3032 631 3087 illa
674 3036 822 3090 etde
854 3035 959 3091 illis
1015 3032 1145 3093 una
1177 3038 1368 3106 fuisti,
1402 3049 1606 3097 tantam
1645 3045 1713 3075 ³³⁸

102 3123 397 3191 dignitatis
421 3125 772 3180 eminentiam
815 3129 1082 3185 meruisti.
1123 3131 1268 3186 Nihil
1292 3133 1570 3203 igituraut
1597 3136 1712 3192 ido-

103 3215 168 3275 lis
192 3214 471 3279 homines,
505 3226 599 3271 aut
624 3216 746 3272 ullae
775 3217 894 3273 alia:
944 3235 1125 3276 rerum
1172 3224 1384 3292 species
1428 3226 1709 3283 intellexe-

107 3316 236 3361 runt
278 3307 549 3363 idolorum
586 3309 885 3366 cultoribus
924 3327 982 3368 se
1005 3314 1224 3382 debere,
1261 3317 1351 3371 ubi
1386 3328 1443 3373 et
1473 3320 1714 3389 singula-

105 3413 219 3453 rem
244 3400 550 3454 Auctorem
583 3401 686 3465 sui,
718 3416 785 3455 ex
828 3411 917 3457 tuo
945 3405 1254 3462 castissima
1279 3417 1436 3463 utero
1458 3410 1523 3464 ad
1551 3412 1714 3465 resti-

104 3493 379 3546 tutionem
422 3494 610 3561 prima;
640 3497 936 3551 creationis
959 3496 1093 3551 suae
1119 3500 1708 3569 progenitum,.susec-

102 3592 331 3656 perunt,
355 3593 411 3639 et
434 3593 504 3649 te,
530 3600 626 3655 per
663 3602 826 3656 quant
874 3590 1134 3646 amissam
1187 3591 1506 3663 dignitatem
1557 3611 1712 3651 suam

106 3693 529 3748 recuperavere,
558 3681 705 3735 omni
760 3692 1023 3739 creaturae
1075 3694 1183 3739 tam
1228 3685 1533 3743 sublimiter
1578 3704 1713 3758 pne-

102 3770 229 3838 poni
267 3783 552 3838 accepere.

713 3863 941 3921 CAPUT
989 3866 1080 3922 IX.

102 3954 383 4019 Quantum
406 3956 603 4025 profuit
630 3955 780 4011 beata
821 3956 974 4029 Virgo
1005 3959 1182 4015 Maria
1207 3973 1414 4016 natura:
1442 3962 1709 4018 humanm.

173 4042 332 4110 Quas
362 4043 543 4113 itaque
595 4044 781 4101 laudes
826 4063 1034 4117 quasve
1081 4051 1378 4121 gratiarum
1434 4054 1702 4122 actiones,

102 4152 206 4191 non
255 4137 435 4191 solum
468 4137 700 4193 humana
746 4151 960 4207 natura,
990 4145 1082 4198 sed
1109 4145 1287 4200 omnis
1307 4154 1558 4201 creatura
1586 4148 1714 4204 huic

103 4225 473 4281 sanctissima:
498 4227 705 4299 Virgini
734 4230 937 4286 debet?
961 4231 1102 4286 Pura
1152 4233 1298 4288 enim
1351 4237 1614 4291 sanctitas
1658 4247 1713 4293 et

97 4317 450 4396 sanctissima
482 4322 693 4389 puritas
728 4322 959 4392 piissimi
991 4326 1463 4394 pectoris"’ejus,
1492 4345 1710 4387 omnem

98 4422 292 4462 omnis
323 4400 588 4465 creaturae
602 4413 893 4481 puritatem
922 4416 1035 4471 sive
1058 4418 1401 4474 sanctitatem
1430 4429 1712 4479 transcen-

1826 1934 2091 2003 prineipio
2119 1945 2300 1990 creata
2325 1935 2448 2001 fuit,
2477 1947 2744 2005 quatenus
2774 1937 3142 1992 indesinenter
3164 1938 3280 2007 ipso
3306 1937 3417 1992 Deo

1825 2021 2123 2090 frueretur,
2151 2036 2204 2080 et
2233 2027 2350 2096 ejus
2402 2027 2572 2099 gloria
2624 2029 2743 2083 sine
2792 2029 2938 2083 omni
2970 2028 3316 2098 corruptione
3361 2037 3416 2081 ct

1825 2116 2186 2171 mutabilitate
2228 2118 2523 2188 aliquando
2565 2120 2849 2190 potiretur.
2902 2119 3015 2174 Hoc
3051 2130 3161 2173 tam
3212 2120 3416 2189 grande

1822 2207 2022 2262 bonum
2060 2218 2256 2264 natura
2285 2194 2470 2266 statim
2503 2213 2557 2267 in
2589 2214 2779 2284 primis
2807 2214 3117 2271 hominibus
3147 2213 3408 2285 perdidit,

1822 2307 1879 2354 et
1929 2300 1981 2353 in
2040 2301 2200 2373 hujus
2261 2304 2451 2359 mundi
2506 2305 2756 2360 miserias
2819 2306 3008 2361 infelix
3066 2315 3120 2362 et
3177 2320 3417 2376 prreceps

1822 2392 1970 2457 ruit,
2015 2393 2209 2451 dehinc
2262 2396 2315 2450 in
2371 2405 2603 2453 :eternas
2648 2399 2713 2430 ³³⁸⁸
2761 2398 3011 2453 miserias
3048 2398 3276 2454 decurso
3293 2397 3416 2452 vita:

1822 2483 2058 2539 labentis
2091 2487 2322 2543 articulo
2368 2489 2538 2545 multo
2600 2489 2871 2546 infelicius
2912 2491 3141 2544 ruitura.
3218 2488 3417 2543 Trans-

1822 2573 2001 2627 ierunt
2063 2575 2230 2630 multa
2288 2579 2527 2644 saecula,
2580 2588 2637 2633 et
2681 2579 3046 2634 damnationis
3108 2577 3265 2634 istius
3314 2578 3415 2634 im-

1834 2666 2074 2720 manitas
2115 2683 2277 2737 super
2303 2685 2495 2725 omnes
2546 2670 2685 2725 filios
2732 2670 3012 2724 hominum
3073 2684 3288 2739 semper
3330 2680 3417 2726 est

1804 2754 1875 2819 in
1907 2756 2151 2812 deterius
2185 2760 2461 2814 roborata.
2495 2758 2607 2814 Nec
2635 2761 2779 2813 enim
2822 2760 3018 2815 sunnni
3072 2760 3165 2814 Dei
3202 2762 3415 2830 sapien-

1822 2845 1891 2899 tia
1936 2846 2100 2902 ullam
2147 2848 2201 2902 in
2257 2864 2435 2905 massa
2484 2850 2778 2904 creationis
2822 2850 3071 2905 humana:
3118 2852 3258 2905 viam
3285 2866 3414 2905 coa-

1802 2939 1992 2999 stituit
2022 2939 2108 3006 ‘5‘,
2143 2956 2455 3011 perquam,
2505 2951 2564 2995 ut
2633 2942 3008 3011 disposuerat,
3046 2942 3100 2996 in
3153 2941 3411 2995 mundum

1827 3033 2051 3089 veniens
2098 3044 2205 3089 tam
2257 3034 2520 3090 luctuosa:
2571 3036 2857 3105 perditioni
2912 3034 3262 3099 subveniret,
3319 3033 3414 3088 do-

1819 3141 1918 3182 nec
1943 3128 2012 3183 ad
2050 3128 2206 3184 istam
2232 3170 2247 3195 ,
2283 3129 2352 3184 de
2376 3144 2483 3199 qua
2532 3129 2801 3198 loquimur
2832 3170 2847 3195 ,
2884 3127 3157 3197 Virginem
3192 3133 3410 3181 ventum

1814 3226 1982 3270 esset.
2024 3216 2129 3272 Sed
2161 3218 2278 3272 haec
2317 3233 2444 3272 mox
2474 3258 2490 3281 ,
2540 3217 2629 3272 ubi
2683 3218 2748 3249 “7
2783 3220 2836 3273 in
2868 3218 3126 3273 mundum
3167 3230 3264 3285 per
3316 3216 3413 3270 hu-

1818 3324 1989 3364 mana:
2016 3311 2387 3381 generationis
2424 3310 2625 3367 lineam
2668 3311 2855 3379 venit,
2910 3318 3059 3366 tanta
3093 3309 3272 3365 omnis
3311 3310 3411 3364 bo-

1816 3421 1872 3475 ni
1907 3422 2107 3479 virtute
2132 3432 2296 3494 atque
2328 3426 2633 3481 constantia
2693 3425 2763 3458 ’³⁸
2816 3424 3055 3495 perfecte
3081 3422 3412 3494 reSplenduit

1816 3524 1876 3568 ut
1897 3529 2014 3569 eam
2047 3516 2162 3585 ipsa
2194 3517 2461 3586 sapientia
2490 3518 2606 3581 Dei,
2638 3518 2715 3571 uti
2749 3533 2779 3571 a
2804 3517 3014 3572 srecnlis
3056 3515 3410 3585 praedestina-

1784 3616 1986 3672 ,\'erat,
2028 3622 2157 3662 vere
2189 3609 2256 3640 “9
2282 3609 2498 3679 dignam
2517 3609 2809 3678 jndicaret.
2837 3626 2934 3680 per
2952 3604 3199 3678 quamin
3229 3608 3408 3662 homi‘

1793 3704 1939 3750 ‘nem
1971 3697 2192 3752 veniens
2219 3740 2234 3765 ,
2291 3714 2397 3754 non
2440 3702 2600 3756 modo
2652 3709 2859 3755 reatum
2899 3702 3199 3770 primorum
3231 3701 3407 3755 homi-

1817 3804 1967 3854 num,
2000 3790 2092 3844 sed
2120 3799 2177 3845 et
2216 3792 2382 3846 totius
2412 3791 2596 3846 mundi
2624 3803 2849 3862 peccata
2880 3793 3104 3860 deleret,
3145 3801 3199 3846 et
3224 3791 3409 3846 diabo-

1815 3880 1924 3934 lum
1952 3881 2065 3937 suis
2100 3883 2280 3952 operis
2303 3884 2582 3938 inimicum
2612 3900 2734 3938 eum
2760 3885 2874 3938 suis
2915 3884 3141 3939 elideret
3173 3883 3240 3916 ¹⁸⁰
3266 3899 3280 3947 ;
3308 3897 3405 3936 nec

1818 3987 1924 4026 non
1948 3972 2144 4027 damna
2175 3974 2419 4029 caelestis
2444 3975 2651 4044 patriae,
2685 3976 2812 4029 illuc
2837 3976 3106 4029 hominem
3136 3975 3407 4029 deducen-

1817 4065 1906 4127 do,
1933 4065 2581 4136 redintegraret‘“.Quis
2601 4066 2765 4137 igitur
2792 4066 2890 4120 ista
2914 4067 3408 4136 perpendensaesti-

1788 4188 1791 4189 ν
1815 4170 1965 4209 mare
1992 4165 2277 4226 queatqua
2309 4157 2467 4211 laude
2492 4157 2652 4226 digna
2682 4160 2772 4224 sit,
2797 4173 2918 4227 qua:
2942 4166 3211 4213 tantorum
3241 4159 3406 4212 bono-

1816 4261 1934 4299 rum
1961 4245 2072 4300 sola
2097 4262 2208 4317 prae
2220 4247 2427 4302 cunctis
2440 4244 2576 4301 elIiei
2599 4247 2795 4301 meruit
2820 4247 3105 4301 mediatrix
3120 4248 3142 4301 ?
3160 4245 3402 4301 Liberati

1784 4373 1788 4377 ι
1815 4354 1945 4409 ergo
1973 4354 2003 4393 a
2035 4339 2152 4411 lege
2183 4341 2375 4396 mortis
2402 4356 2507 4411 qua
2538 4340 2932 4402 detinehamur,
2976 4340 3314 4409 resurgimus
3344 4340 3402 4395 in

1815 4430 2042 4501 gloriam
2073 4445 2236 4501 quam
2274 4431 2326 4485 in
2365 4432 2540 4502 primo
2568 4440 2795 4502 parente
2834 4430 3189 4500 perdidimus,
3214 4430 3321 4483 imo
3349 4430 3402 4483 in

95 4499 258 4564 dens,
307 4499 719 4572 incomparabili
767 4505 1104 4562 sublimitate
1156 4508 1259 4563 hoc
1304 4517 1607 4580 promeruit
1651 4527 1711 4571 ut
1744 4531 1790 4589 ι)
1820 4499 2161 4594 ampliorem,
2207 4499 2377 4594 quam.
2404 4524 2491 4579 vel
2548 4499 2663 4595 ipse
2702 4525 2756 4578 in
2810 4499 2890 4584 se.
2926 4522 3006 4577 vel
3062 4538 3159 4577 nos
3203 4539 3255 4576 In
3288 4523 3403 4591 ipso

96 4592 408 4660 reparatrix
456 4595 650 4663 perditi
674 4598 825 4651 orbis
852 4598 1168 4668 dignissime
1193 4599 1346 4656 fieret
1392 4604 1547 4660 Unde
1569 4608 1697 4676 quid

96 4682 285 4738 laudis
306 4700 404 4753 pro
444 4696 553 4741 tam
575 4688 834 4745 ineffabili
872 4690 1015 4745 bono
1046 4692 1161 4761 ipse
1185 4708 1284 4762 per
1312 4710 1434 4751 eam
1473 4711 1699 4768 repara-

100 4789 185 4832 tus
218 4778 458 4835 mundus
500 4780 549 4835 ei
574 4779 699 4851 jure
732 4782 931 4839 debeat
954 4797 1051 4839 cor
1083 4784 1322 4856 alicujus
1375 4788 1476 4844 sub
1518 4800 1696 4847 merta

1816 4615 2123 4671 amisimus.
2150 4614 2253 4682 Qui
2283 4616 2486 4670 etenim
2519 4615 2700 4669 adhuc
2730 4614 2893 4669 etiam
2920 4612 2971 4666 in
3002 4628 3166 4666 carne
3189 4612 3401 4664 mortali

1774 4730 1777 4731 ν
1813 4721 1913 4775 per
1957 4706 2118 4761 fidem
2151 4706 2217 4761 ad
2265 4707 2525 4761 amissam
2572 4705 2801 4776 gratiam
2835 4718 2929 4759 seu
2970 4703 3202 4773 patriam
3229 4701 3402 4756 tendi-

1818 4812 1963 4863 mus,
2006 4800 2059 4852 in
2102 4798 2416 4854 liliationem
2457 4798 2550 4853 Dei
2584 4812 2680 4868 per
2709 4796 3050 4851 benedictum
3103 4793 3272 4848 lilium
3308 4793 3400 4847 be-

1402 4948 1638 5005 V'ARIAZ
1676 4950 2081 5008 LECTIONES.

161 5058 231 5138 ξπ
264 5056 363 5111 'l'ui
387 5073 574 5149 eorulm
590 5075 695 5114 mss
711 5059 898 5143 tuieos
1021 5061 1155 5149 Quia
1175 5071 1341 5149 Igitur
1355 5078 1517 5134 super
1531 5079 1724 5121 omnes
1738 5067 1907 5149 melos
1922 5068 2173 5124 indextra
2194 5069 2445 5149 Domini“
2457 5107 2470 5121 .
2488 5067 2716 5149 exaltari
2735 5067 2913 5149 digne,
2929 5068 3315 5149 cognoverunt:
3330 5075 3398 5116 οἱ)

95 5127 566 5204 θιίςιιῐι.ᾲ..ᾼᾳῄιιίιηᾴο
578 5146 645 5204 ea
658 5132 932 5204 quaeinter
947 5132 1033 5186 illa
1048 5127 1185 5188 etde
1198 5127 1311 5188 illis
1327 5127 1436 5188 una
1447 5145 1651 5190 tantam
1666 5153 1772 5191 mss
1785 5138 1957 5204 Quam
1971 5155 2161 5195 omnes
2182 5142 2349 5196 cmlos
2360 5142 2675 5201 ascendere,
2695 5154 2760 5192 ac
2786 5127 2837 5192 in
2856 5127 3023 5191 tlexte
3022 5153 3075 5187 ra
3097 5134 3185 5188 Dei
3202 5132 3282 5187 sui
3302 5132 3395 5186 be-

96 5200 410 5278 nedictililii
439 5200 754 5278 tu_ie_x_a_ltari
776 5213 1160 5278 cognoverunt.
1187 5204 1244 5258 In
1271 5206 1515 5278 eojetiam
1536 5200 2101 5265 didicerun'tseeidem
2123 5212 2229 5265 Deo
2242 5227 2340 5265 suo
2354 5220 2521 5266 totum
2534 5200 2731 5265 debere
2758 5208 2898 5278 quod
2922 5218 3067 5278 sunt,
3086 5204 3299 5274 quando
3336 5212 3391 5278 tu

98 5268 251 5324 inter
278 5269 364 5323 illa
391 5279 444 5323 et
466 5271 532 5325 de
561 5271 667 5325 illis
690 5287 792 5323 una
819 5268 988 5335 fuisti,
1015 5282 1222 5328 tantam

1337 5276 1405 5358 3”
1430 5276 1678 5360 Piissimi.
1696 5282 1930 5360 pastoris
1958 5298 2062 5360 nias
2091 5282 2315 5360 piissimi
2339 5282 2576 5350 pectoris

2670 5280 2735 5311 ¹”’⁰
2776 5274 2839 5332 Et
2865 5277 2987 5346 jure
3015 5277 3208 5331 debeat
3237 5274 3390 5328 testi-

98 5354 255 5418 mare
278 5339 583 5423 nullatenus
609 5342 845 5427 sutlie-it:
874 5359 939 5397 ne
974 5354 1161 5427 tamen.
1182 5346 1379 5427 aliquis
1408 5339 1790 5427 eorutn_nimis
1819 5366 1923 5404 mss
1954 5352 2002 5407 ei
2043 5339 2410 5427 juretlebeat,
2442 5367 2539 5427 eor
2570 5350 2798 5427 alicujus
2841 5339 2939 5404 sub
2973 5346 3393 5427 mortalicarne

97 5408 336 5494 liventis
363 5411 637 5494 aestimare
661 5411 969 5494 nullatenus
992 5416 1208 5494 sufﬁcit.
1241 5408 1318 5494 [fle
1350 5427 1546 5494 tamen
1569 5419 1767 5494 aliquis
1794 5436 1983 5477 eorum
2011 5408 2131 5494 quze
2158 5408 2572 5478 dieimus'nimis
2648 5408 2886 5494 ‘f"Sieut
2916 5430 2999 5474 est
3026 5416 3389 5494 considerare:

100 5476 179 5533 Ne
204 5480 365 5559 igitur
390 5481 638 5559 videatur
665 5482 920 5559 cuiquam
960 5485 1089 5559 quid
1119 5488 1548 5543 considerationi
1578 5476 1813 5545 ﬁdelium
1838 5476 1944 5548 mss
1973 5476 2237 5559 sicutest,
2266 5476 2685 5549 conSiderationi
2722 5491 2958 5547 fidelium

99 5553 340 5616 qualiter
369 5570 445 5605 ms
477 5567 543 5605 ac
569 5554 613 5607 si
646 5553 908 5634 qn_al_iI_er_
935 5555 1025 5634 _“‘
1056 5555 1197 5611 Sunt
1225 5560 1630 5634 reparattesive
1662 5559 1971 5634 reformata:
2009 5553 2352 5634 manuscript.
2386 5567 2496 5619 sint
2524 5563 2829 5618 reformata:

100 5636 208 5691 nus
238 5631 427 5676 natura
454 5632 636 5677 nostra
666 5623 676 5624 “
714 5623 781 5656 ³⁵⁸
817 5625 1023 5681 Dehinc
1063 5623 1301 5683 aeternas
1337 5646 1444 5683 mu
1470 5630 1668 5686 dehinc
1689 5631 1742 5686 in
1762 5642 1995 5691 aeternas

109 5687 219 5744 Sed
246 5692 360 5749 haec
388 5708 514 5747 mox
543 5695 633 5749 ubi
659 5711 737 5749 ms
767 5693 836 5749 E.
866 5697 960 5752 sed
983 5697 1100 5753 haec
1129 5714 1256 5753 mox
1287 5710 1345 5753 ut
1371 5718 1449 5755 ms
1482 5698 1542 5754 S.
1567 5702 1663 5756 sed
1693 5687 1817 5757 moi
1843 5687 1911 5760 iii

106 5762 305 5817 stantia

106 5846 211 5901 mss
233 5834 338 5907 suis
362 5833 584 5891 elideret

439 5764 506 5849 ‘I"
531 5764 928 5849 Sapientia‘Dei
956 5783 1083 5824 vere
1103 5785 1207 5823 mss
1235 5771 1499 5849 sapientia
1530 5772 1645 5835 Dei,
1673 5774 1752 5828 uti
1785 5790 1815 5830 ει
1850 5778 2061 5833 είρριιΙίε
2084 5776 2583 5849 praedestinaverat,
2616 5790 2739 5831 vere

697 5838 762 5867 “”
788 5836 1198 5911 Redintegrarct
1229 5836 1331 5897 ιηδῖε
1362 5842 1695 5914 redintegret
1716 5887 1731 5903 .

3092 5488 3156 5519 ⁸⁸³
3193 5488 3300 5541 Aut
3342 5482 3393 5539 si

2940 5560 3007 5592 ⁸⁸⁸
3040 5558 3241 5613 Natura
3271 5570 3388 5608 mea

2105 5635 2173 5668 M
2207 5624 2357 5703 Viam
2386 5635 2668 5691 constituit
2692 5651 2793 5689 mss
2824 5633 2975 5703 viam
3008 5629 3211 5686 invenit
3323 5624 3389 5656 ἐτ

2019 5706 2085 5739 ³³⁸
2119 5705 2327 5761 Virtute
2367 5717 2422 5760 et
2465 5706 2763 5760 substantia
2800 5720 2903 5758 mss
2933 5702 3131 5755 virtute
3156 5707 3209 5752 et
3253 5712 3388 5750 eon-

2887 5774 2952 5804 ιεο
2984 5772 3107 5826 suis
3141 5767 3383 5824 cluderet
