3904 6306
96 317 204 370 577

1122 312 1249 369 LIB.
1289 311 1375 366 DE
1413 308 1679 366 EXCELL

1786 308 1887 363 TIA
1936 311 1995 364 Β.
2043 311 2281 367 ΜᾹΒΙᾸΞ
3261 318 3367 375 578

91 422 191 497 qui
216 429 386 482 Deum
410 442 569 481 suum
594 425 929 481 incessanter
949 422 1252 478 oﬂ'endebat
1272 422 1362 486 “7,
1382 420 1690 475 ministrare
1722 424 1766 479 Λ
1795 430 1911 476 cata
1965 423 2053 476 ³⁷³.
2104 423 2273 492 llujus
2308 424 2471 493 igitur
2502 433 2608 479 tam
2649 425 2825 497 magni
2858 426 2981 481 boni
3012 424 3261 482 eﬂeclum
3289 430 3364 484 illi

94 536 164 572 ac
198 517 357 571 subdi
388 517 505 571 sine
538 514 936 570 intermissione
965 512 1314 583 cogebantur.
1349 510 1569 566 Duravit
1596 525 1691 562 au-

96 619 211 661 tem
250 609 367 661 haec
391 607 444 659 in
476 621 655 660 rerum
681 603 998 671 substantiis
1026 603 1219 672 injuria
1243 616 1525 671 quousque
1547 599 1693 657 venit

95 702 153 754 in
184 715 408 754 carnem
443 699 553 762 illa,
587 698 651 752 de
676 713 780 767 qua
807 696 1095 766 loquimur,
1128 696 1283 749 beata
1312 694 1469 763 Virgo
1496 692 1686 747 Maria.

90 794 167 846 At
205 792 297 847 ubi
346 790 492 845 venit
550 791 686 860 ipsa,
720 797 777 842 et
806 788 857 842 in
891 802 949 843 se
989 786 1185 841 Filium
1232 786 1322 841 Dei
1374 786 1688 853 incorpora-

96 888 209 950 vit,
239 896 298 940 et
325 885 606 955 pristinam
639 882 955 952 dignitatem
979 880 1030 934 iu
1063 880 1190 943 Deo,
1225 880 1313 950 qui
1343 878 1687 942 nascebatur,

92 978 339 1032 humana
370 984 564 1031 natura
597 974 962 1042 recuperavit,
999 971 1132 1026 nillil
1164 970 1303 1026 ultra
1334 968 1682 1033 confusionis,

91 1079 194 1122 aut
221 1068 481 1137 iniuriam
506 1066 666 1120 alicui
698 1080 876 1120 rerum
907 1065 1105 1135 speciei
1133 1063 1350 1127 resedit,
1386 1062 1493 1117 imo
1516 1061 1685 1116 liber-

94 1170 271 1215 tatem
305 1160 491 1230 prima:
530 1158 820 1213 creationis
866 1156 936 1188 ³⁸⁸
973 1170 1085 1213 sua:
1120 1154 1403 1211 confestim
1443 1153 1688 1221 recipere

97 1252 332 1306 meruit.
367 1250 499 1304 Nam
533 1250 670 1320 ipsa,
699 1248 786 1304 cui
817 1249 970 1320 juxta
1001 1248 1169 1319 legem
1203 1262 1315 1301 suae
1362 1244 1688 1301 conditionis

86 1345 184 1413 jus
221 1341 490 1397 libertatis
541 1340 837 1394 maximum
877 1346 1011 1399 erat,
1062 1336 1389 1407 obsequendi
1436 1335 1686 1391 videlicet

94 1437 175 1489 illi
202 1449 365 1505 quem
404 1433 471 1487 ad
514 1432 610 1486 Dei
642 1432 932 1502 imaginem
964 1431 1242 1484 conditum
1277 1436 1517 1492 noverat,
1558 1441 1685 1482 cum

94 1530 281 1597 ipsum
335 1526 387 1579 in
437 1524 712 1579 Creatoris
762 1524 845 1577 sui
881 1522 1311 1585 similitudinem,
1361 1534 1520 1589 quam
1554 1534 1684 1588 pec-

89 1617 278 1671 cando
314 1617 367 1669 in
394 1630 452 1671 se
474 1624 811 1684 corruperat,
838 1628 934 1684 per
978 1614 1114 1669 bona
1147 1628 1311 1683 opera
1348 1613 1526 1667 redire
1549 1626 1682 1666 con-

92 1708 301 1776 spexit,
327 1722 431 1761 non
457 1707 652 1761 mirum
672 1706 716 1762 si
741 1707 994 1777 deinceps
1014 1706 1361 1777 obsequendo
1383 1705 1680 1760 dominatui

87 1805 239 1875 ejus,
272 1800 877 1872 contumeliosaejugum
908 1802 1190 1857 servitutis
1217 1798 1474 1855 excussit.

715 1891 942 1957 CAPUT
977 1892 1067 1947 XI.

745 1984 820 2037 De
846 1983 1045 2037 eodem.

172 2078 291 2132 Alio
314 2086 444 2132 item
473 2076 651 2140 modo,
693 2077 738 2129 si
783 2074 978 2145 placet,
1012 2074 1417 2130 consideremus
1452 2074 1684 2145 qualiter

93 2168 280 2224 omnis
309 2175 556 2222 creatura
587 2168 653 2220 ad
684 2165 966 2219 utilitatem
1003 2163 1236 2218 hominis
1284 2166 1354 2219 sit
1398 2176 1598 2230 creata,
1627 2174 1683 2220 et

94 2258 555 2330 quemadmodum
605 2257 796 2314 eadem
845 2255 1049 2311 utilitas
1075 2257 1144 2310 ob
1187 2268 1469 2325 peccatum
1521 2257 1681 2327 primi

94 2353 338 2407 hominis
381 2350 777 2421 quodammodo
811 2349 1112 2413 evanue’rit,
1160 2364 1335 2418 quove
1386 2360 1542 2419 pacto
1587 2365 1683 2420 per

89 2443 317 2497 beatam
358 2442 451 2496 Dei
482 2452 707 2496 matrem
737 2441 1003 2511 virginem
1038 2438 1283 2503 Mariam,
1315 2442 1543 2511 primam
1571 2456 1682 2496 suae

96 2535 353 2589 utilitatis
379 2534 695 2604 dignitatem
727 2531 1148 2603 recuperaverit.
1203 2531 1363 2586 Certe
1394 2533 1554 2587 homo
1586 2533 1678 2601 qui

96 2627 310 2682 mentis
347 2628 556 2681 ratione
602 2624 903 2680 subsistens
954 2623 1133 2678 carnis
1181 2622 1474 2692 fragilitate
1506 2621 1682 2693 depri-

97 2721 266 2773 mitur
295 2718 365 2771 ad
397 2717 499 2772 hoc
529 2715 775 2771 conditus
804 2722 921 2769 erat
950 2723 1009 2767 ut
1034 2712 1502 2782 contemplationis
1525 2712 1680 2768 oculo

96 2809 289 2863 l‘orma:
310 2807 391 2861 sui
414 2805 689 2861 Creatoris
704 2804 908 2875 jugiter
931 2801 1256 2859 intenderet.
1290 2802 1396 2857 Sed
1416 2803 1542 2872 quia
1568 2804 1680 2872 ipse

88 2901 365 2957 Conditor
388 2897 504 2967 ejus
532 2896 1033 2966 incircumscriptus
1060 2896 1282 2965 spiritus
1309 2904 1413 2961 est,
1445 2904 1501 2951 et
1522 2908 1681 2951 nemo

98 3006 340 3061 unquam
367 2991 551 3045 carnis
573 2988 1023 3061 corruptibilitate
1046 2988 1276 3045 vallatus
1305 2990 1357 3043 in
1382 2989 1448 3021 ¹⁶⁹
1474 2991 1681 3060 magni-

98 3085 303 3139 tudinis
334 3081 451 3153 ejus
498 3083 768 3151 notitiam,
801 3084 883 3139 vel
925 3084 1253 3139 admirandae.
1287 3084 1583 3140 divinitatis
1617 3085 1680 3138 il-

88 3178 204 3232 lius
229 3177 321 3241 ‘7',
353 3175 777 3245 speculationem
812 3177 903 3244 ¹⁷¹,
929 3178 1087 3233 sicuti
1116 3186 1219 3243 est,
1249 3178 1556 3249 pertingere
1582 3193 1675 3247 po~

88 3280 241 3333 test,
284 3270 561 3340 proposita
601 3268 678 3322 illi
719 3269 948 3324 aliarum
1005 3284 1183 3324 rerum
1235 3270 1522 3326 existentia
1573 3280 1677 3336 est,

84 3371 370 3431 quatenus
398 3373 586 3414 earum
616 3360 1047 3415 ronsideratione
1073 3360 1375 3416 sublimitas
1397 3360 1530 3429 ejus,
1560 3377 1681 3431 qua:

86 3468 197 3522 per
225 3467 287 3506 se
317 3453 502 3521 nequit
531 3454 702 3510 videri
734 3454 822 3519 η’,
853 3453 918 3506 ab
955 3453 1070 3521 ipso
1096 3453 1363 3507 intellecta
1397 3454 1679 3523 conspice-

88 3556 269 3601 retur.
303 3543 502 3599 Vernm
533 3547 623 3601 ubi
668 3555 791 3617 post
830 3528 1124 3616 primorum
1165 3545 1441 3600 hominum
1487 3562 1680 3616 pecca-

90 3649 213 3691 tum
271 3639 639 3709 generationis
695 3634 949 3692 humanm
1012 3652 1248 3707 propago
1303 3638 1357 3692 in
1413 3638 1673 3697 desideria

87 3727 283 3781 cordis
326 3727 410 3781 sui
463 3726 710 3797 prolapsa
752 3743 848 3798 per
891 3727 1018 3781 vitia
1067 3728 1299 3792 sorduit,
1354 3743 1460 3782 non
1506 3729 1680 3784 solum

85 3819 376 3875 Creatoris
433 3820 846 3890 contemplatio,
908 3820 1001 3874 sed
1048 3828 1101 3874 et
1138 3835 1318 3874 rerum
1375 3830 1676 3879 crealarum

86 3905 349 3960 miriﬁca:
397 3907 764 3976 dispositionis
820 3907 1100 3963 salutifera
1164 3909 1442 3966 meditatio
1492 3913 1559 3965 ab
1615 3926 1680 3967 ea

86 3998 290 4068 procul
343 4001 579 4054 evanuit.
631 3999 793 4055 Vides
841 4016 970 4070 ergo
1022 4002 1166 4071 quali
1215 4003 1371 4057 modo
1418 4004 1468 4059 in
1528 4004 1680 4075 lapsu

90 4089 342 4144 hominis
376 4090 484 4144 ruit
509 4090 742 4161 dignitas
768 4108 968 4146 rerum.
994 4092 1049 4146 lu
1078 4093 1508 4149 consideratione
1535 4096 1677 4150 enim

90 4182 317 4235 illarum
349 4182 511 4237 homo
541 4198 824 4253 resurgere
849 4184 1029 4239 debuit
1050 4185 1101 4239 in
1120 4186 1451 4254 agnitionem
1481 4187 1595 4253 Dei,
1627 4197 1683 4242 ct

90 4274 183 4327 sic
230 4273 387 4342 quasi
415 4274 631 4343 quidam
661 4277 711 4330 ei
760 4278 957 4345 gradus
988 4277 1100 4331 lieri
1146 4279 1449 4333 debuerunt
1479 4281 1682 4351 pertin-

86 4366 260 4435 gendi
305 4366 370 4419 ad
418 4366 729 4422 Creatorem
782 4368 947 4438 ipsius
994 4380 1048 4423 et
1083 4369 1195 4433 sui;
1245 4373 1339 4425 sed
1376 4371 1488 4426 iure
1519 4373 1570 4426 in
1601 4372 1679 4428 eis

86 4454 343 4524 dignitas
380 4456 564 4523 periit,
592 4457 809 4525 quando
836 4459 925 4525 qui
957 4473 1019 4511 ea
1045 4459 1204 4528 digne
1238 4471 1478 4516 uteretur
1504 4462 1680 4517 nullus

85 4546 333 4599 exstitit.
359 4544 467 4599 Nec
492 4546 780 4613 ullatenus,
804 4562 870 4602 ex
895 4563 1002 4617 quo
1030 4550 1235 4618 primus
1262 4552 1422 4607 homo
1450 4556 1677 4622 corruit,

90 4646 427 4705 receperunt
451 4639 706 4692 amissam
760 4639 1111 4694 eminentiam
1160 4642 1295 4696 tanti
1327 4643 1473 4710 boui,
1508 4646 1681 4702 donec

90 4728 186 4782 ille
215 4733 401 4797 Agnus
422 4731 509 4798 qui
539 4738 758 4799 peccata
786 4730 966 4785 mundi
997 4730 1207 4786 tolleret
1240 4733 1293 4788 in
1329 4749 1560 4804 persona
1585 4737 1678 4793 Dei

85 4830 150 4875 et
174 4820 415 4877 hominis
438 4823 639 4890 prodiit
660 4822 861 4877 mundo
891 4824 958 4855 ⁸⁷³
984 4838 1081 4894 per
1102 4824 1346 4880 Mariam.
1375 4825 1594 4892 Verum,
1624 4829 1676 4884 in

84 4913 461 4982 Cognitionem
501 4914 597 4969 Dei
621 4913 840 4970 homine
867 4929 963 4984 per
992 4914 1137 4971 hunc
1163 4918 1374 4988 Agnum
1404 4929 1677 4985 revocato,

84 5003 279 5057 omnis
309 5003 477 5057 etiam
502 5004 606 5058 alia
641 5014 890 5058 creatura
917 5005 970 5059 in
1004 5015 1201 5061 statum
1223 5023 1334 5062 suae
1355 5009 1680 5066 conditionis

86 5102 150 5147 et
197 5092 408 5150 honore
449 5094 653 5165 proprii
702 5095 1081 5166 congenitique
1135 5096 1349 5154 decoris
1392 5108 1477 5155 est
1524 5117 1681 5158 revo-

1792 515 2035 586 prol‘ecto
2051 530 2337 573 censemus
2358 518 2754 587 imputandum,
2779 535 2874 589 per
2888 518 3041 589 cuius
3061 521 3364 591 virgineum

1793 617 2006 663 uterum
2030 608 2075 662 is
2106 608 2255 662 venit
2295 609 2346 663 in
2380 610 2658 677 mundum,
2683 611 2773 681 qni
2804 621 2859 664 et
2886 611 3176 665 humanam
3208 621 3368 666 natu-

1791 714 1910 753 ram
1942 699 1994 753 in
2022 707 2248 763 tantam,
2273 700 2417 757 sicut
2436 700 3369 772 diximus,dignitatisexcellentiam

1776 798 1887 844 'sua
1914 788 2176 858 sapientia
2222 790 2515 853 revocavit,
2543 799 2599 844 et
2624 806 2836 846 omnem
2873 791 3033 846 simul
3063 802 3365 847 creaturam

1790 880 2073 951 privilegio
2101 880 2289 935 amissi
2311 881 2532 935 honoris
2554 881 2688 936 mira
2712 883 3112 953 dispensatione
3140 884 3371 939 redona-

1788 973 1884 1028 vit.
1912 971 2048 1039 Quid
2079 987 2210 1042 ergo
2233 972 2357 1027 huic
2386 972 2771 1029 sacratissime
2799 974 3029 1029 dominae
3051 975 3227 1031 omnis
3256 984 3366 1028 tam

1789 1066 2070 1122 rationalis
2104 1080 2265 1135 quam
2295 1065 2456 1123 etiam
2485 1064 2810 1120 irrationalis
2850 1075 3100 1120 creatura
3128 1064 3249 1133 jure
3275 1066 3368 1119 de-

1787 1158 1933 1222 beat,
1965 1157 2057 1228 qui
2096 1156 2257 1221 valet,
2309 1169 2376 1210 ex
2424 1155 2510 1210 liis
2538 1170 2658 1224 quae
2703 1155 2890 1225 paucis
2946 1156 3366 1224 perstrinximus

1787 1247 2012 1302 dilatato
2049 1261 2212 1302 sensu
2261 1246 2525 1301 advertat.
2577 1246 2774 1315 Utique
2811 1256 3029 1310 cuncta,
3081 1261 3199 1315 quze
3223 1245 3367 1299 Deus

1788 1340 1931 1396 bona
1961 1348 2015 1394 et
2040 1339 2242 1394 utiliter
2264 1339 2410 1403 fecit,
2436 1340 2486 1394 in
2513 1355 2576 1399 eo
2596 1350 2736 1396 statu
2758 1356 2864 1410 quo
2884 1340 3095 1397 comlita
3131 1340 3364 1402 fuerunt,

1789 1431 1930 1487 sicut
1980 1430 2357 1494 ostcmlimus,
2415 1444 2535 1485 esse
2582 1432 2926 1495 destiterunt,
2980 1438 3036 1484 et
3088 1446 3184 1498 per
3227 1429 3368 1483 hanc

1786 1521 2155 1581 beatissimam
2182 1521 2457 1591 Virginem
2490 1521 2542 1575 in
2574 1532 2773 1576 statum
2801 1520 3084 1589 pristinum
3114 1528 3364 1573 revocata

1788 1627 1912 1674 sunt
1940 1625 1995 1671 et
2025 1616 2292 1670 restituta.
2328 1616 2479 1669 Sicut
2523 1630 2653 1684 ergo
2688 1614 2829 1668 Deus
2863 1629 2957 1669 sua
3007 1611 3244 1682 potentia
3273 1626 3367 1679 pa-

1791 1710 1959 1763 ramlo
2012 1714 2209 1762 cuncta
2254 1704 2415 1761 Pater
2460 1713 2544 1759 est
2591 1713 2655 1781 et,
2684 1703 2941 1758 Dominus
2991 1702 3253 1766 omnium,
3292 1701 3366 1754 ita

1789 1802 1944 1856 beata
1986 1799 2154 1854 Maria
2194 1798 2307 1854 suis
2345 1797 2556 1853 meritis
2593 1806 2786 1851 cuncta
2839 1797 3140 1864 reparando
3192 1802 3367 1847 mater

1787 1901 1869 1946 est
1899 1900 1954 1945 et
1977 1890 2195 1944 domina
2232 1903 2449 1953 rerum;
2486 1888 2632 1943 Deus
2663 1887 2805 1942 enim
2842 1895 2925 1939 est
2966 1885 3225 1939 Dominus
3251 1898 3368 1937 om-

1787 1980 1956 2043 nium,
1990 1979 2199 2049 singula
2230 1978 2280 2032 in
2312 1993 2410 2033 sua
2442 1987 2633 2032 natura
2687 1976 2901 2046 propria
2948 1976 3192 2044 iussione
3231 1988 3366 2026 eou-

1785 2072 2092 2135 stituendo;
2123 2080 2177 2124 et
2207 2069 2375 2125 Maria
2419 2078 2500 2125 est
2528 2068 2743 2123 «tornina
2769 2082 2971 2130 rerum,
2998 2065 3205 2136 singula
3237 2080 3367 2118 con-

1785 2162 1982 2231 genitae
2042 2160 2292 2231 dignitati
2336 2173 2433 2230 per
2478 2158 2625 2212 illam
2675 2172 2837 2227 quam
2889 2158 3087 2213 meruit
3134 2156 3365 2225 gratiam

1786 2251 2143 2308 restituendo.
2161 2250 2225 2304 Et
2241 2249 2688 2320 quemadmodum
2707 2248 2922 2302 Deusex
2945 2262 3043 2301 sua
3064 2245 3365 2302 substantia

1785 2344 1969 2416 genuit
1995 2358 2121 2399 eum
2156 2358 2253 2413 per
2295 2357 2456 2413 quem
2486 2342 2697 2396 cunctis
2757 2340 3018 2409 originem
3072 2337 3237 2401 dedit,
3285 2337 3359 2389 ita

1786 2438 1954 2492 Maria
1981 2438 2047 2492 de
2076 2452 2172 2491 sua
2205 2448 2367 2489 carne
2403 2433 2470 2464 ¹⁷⁸
2500 2432 2707 2502 peperit
2738 2430 2884 2485 illum
2920 2428 3009 2497 qui
3038 2428 3087 2480 in
3116 2427 3364 2479 decorem

1786 2528 1973 2598 prima:
2003 2523 2297 2581 creationis
2330 2522 2573 2576 omnium
2597 2529 2789 2575 cuncta
2824 2516 3060 2573 restituit
3091 2514 3178 2566 ‘7‘.
3211 2513 3363 2574 ltem,

1780 2618 1927 2674 sicut
1961 2616 2103 2671 nulla
2133 2630 2312 2669 rerum
2339 2612 2570 2684 species,
2605 2611 2706 2665 uisi
2729 2624 2825 2678 per
2852 2608 2945 2662 Dei
2976 2607 3168 2662 Filium
3198 2602 3362 2666 facta,

1785 2709 2053 2771 subsistit,
2088 2707 2162 2761 ita
2191 2705 2276 2762 lex
2299 2705 2496 2760 debitae
2530 2700 2895 2756 damnationis
2919 2698 3189 2753 neminem
3213 2697 3366 2751 dese-

1786 2800 1874 2863 rit,
1893 2799 1996 2853 nisi
2019 2812 2178 2868 quem
2202 2798 2270 2852 ab
2290 2811 2351 2851 ea
2377 2793 2520 2848 titius
2544 2790 2727 2846 Maria:
2751 2790 3002 2845 absolvit.
3019 2788 3150 2855 Quis
3179 2787 3361 2856 igitur,

1785 2890 1887 2946 ista
1918 2898 2071 2944 recto
2097 2901 2258 2942 sensu
2288 2894 2344 2939 et
2372 2884 2538 2939 corde
2576 2883 2790 2941 sincero
2816 2881 3173 2950 perpendens,
3204 2877 3364 2947 plene

1784 2979 2071 3050 percipere
2106 2985 2270 3047 queat
2314 2973 2690 3030 excellentiam
2743 2972 2975 3027 domina:
3032 2969 3214 3037 hujus,
3266 2982 3364 3037 per

1783 3084 1947 3141 quam
1978 3078 2085 3123 tam
2132 3064 2387 3121 ineffabili
2419 3063 2617 3135 gratia,
2662 3077 2693 3116 a
2750 3070 2859 3115 tam
2887 3059 3189 3121 aestimabili
3219 3056 3365 3127 deﬂeo

1781 3164 1961 3219 ctione
1989 3161 2052 3192 ³⁷⁷
2084 3168 2303 3219 erectus
2330 3165 2415 3212 est
2457 3154 2723 3210 mundus?
2768 3154 2922 3221 Quis,
2973 3153 3214 3222 inquam,
3250 3160 3360 3205 tam

1780 3254 1996 3319 miram,
2025 3261 2081 3306 et
2107 3251 2252 3305 omni
2283 3263 2509 3320 prorsus
2557 3247 2635 3301 rei
2663 3255 2858 3316 prteter
2890 3245 3031 3298 lianc
3066 3241 3361 3295 inauditam

1780 3346 2008 3423 gratiam
2045 3342 2205 3412 hujus
2247 3339 2488 3395 mulieris
2516 3337 2673 3393 oculo
2707 3335 2901 3392 nientis
2931 3334 3221 3404 aspiciens,
3254 3348 3361 3388 nou

1780 3439 2144 3507 Obstupescat,
2176 3444 2231 3490 et
2279 3449 2384 3488 non
2426 3432 2585 3486 modo
2612 3429 2863 3499 elinguis,
2899 3442 3087 3482 verum
3132 3426 3295 3481 etiam
3328 3439 3362 3479 ει

1782 3537 1947 3585 tautae
1976 3527 2053 3583 rei
2089 3523 2574 3594 comprehensione
2603 3534 2825 3590 prorsus
2864 3517 3122 3574 immunis
3153 3516 3284 3571 llat?

2375 3615 2602 3673 CAPUT
2640 3613 2753 3668 ΧΗ.

1942 3716 2124 3772 Oratio
2153 3713 2223 3766 ad
2253 3710 2598 3765 beatissimam
2634 3706 2897 3777 Virginem
2941 3704 3194 3758 Mariam.

1852 3811 2195 3879 Quapropter
2221 3821 2284 3859 ea
2311 3818 2430 3872 quae
2459 3802 2613 3855 nobis
2644 3808 2770 3854 sunt
2808 3794 3236 3865 impenetrabilia
3275 3792 3363 3847 in-

1783 3903 2168 3964 termittentes,
2218 3895 2469 3967 precibus
2500 3892 2792 3962 impetrare
2834 3889 3071 3942 nitamur
3115 3894 3192 3949 ut,
3218 3887 3361 3953 quod

1782 3996 2052 4054 intellectu
2085 4005 2277 4060 capere
2308 3987 2616 4057 nequimus,
2669 3980 2892 4037 salutari
2936 3978 3124 4033 saltem
3167 3977 3362 4032 atl’ectu

1780 4088 2024 4146 obtinere
2056 4096 2381 4138 mereamur.
2412 4078 2687 4147 Rogamus
2714 4087 2843 4143 ergo
2874 4080 2945 4137 te,
2979 4071 3221 4135 domina,
3266 4085 3363 4140 per

1784 4182 1953 4250 ipsam
1993 4175 2227 4247 gratiam
2264 4186 2371 4240 qua
2398 4176 2450 4222 te
2485 4168 2605 4236 pius
2646 4172 2702 4219 et
2729 4162 3070 4232 omnipotens
3101 4161 3238 4215 Deus
3283 4160 3363 4215 sic

1783 4268 2065 4329 exultavit,
2103 4272 2159 4319 et
2186 4261 2366 4317 omnia
2398 4258 2491 4314 tibi
2522 4272 2710 4312 secum
2740 4252 3016 4324 possibilia
3042 4265 3166 4306 esse
3190 4252 3359 4306 dona-

1782 4365 1883 4429 vit,
1912 4369 2182 4432 quatenus
2210 4356 2260 4410 id
2299 4355 2438 4422 apud
2473 4352 2646 4422 ipsum
2679 4349 2834 4403 nobis
2862 4348 3132 4411 obtincas,
3157 4354 3214 4400 ut
3252 4344 3363 4414 ple-

1784 4459 1970 4515 nitudo
2012 4453 2200 4525 gratim
2224 4466 2385 4520 quam
2426 4445 2670 4502 meruisti
2713 4445 2765 4498 in
2814 4442 2969 4496 nobis
3007 4442 3084 4496 sic
3112 4449 3365 4509 operetur

1782 4564 1889 4621 quo
1922 4546 2269 4619 participium
2309 4541 2454 4598 beati
2486 4538 2693 4611 prmmii
2732 4535 2849 4607 ejus
2878 4534 3033 4589 nobis
3063 4532 3365 4587 miscricor-

1784 4620 1923 4698 diter
1951 4637 2273 4710 quandoque
2317 4635 2548 4690 donetur
2576 4629 2665 4682 ‘7'.
2722 4627 2804 4680 Ad
2852 4624 2956 4678 hoc
2994 4623 3190 4691 quippe
3223 4620 3363 4673 Deus

1784 4743 1968 4789 noster
2017 4747 2113 4803 per
2146 4739 2197 4783 te
2227 4727 2407 4782 lactus
2459 4732 2540 4778 est
2570 4721 2739 4775 frater
2769 4725 2956 4771 noster
2987 4722 3064 4776 ut,
3097 4710 3361 4781 quemad-

1782 4826 2000 4881 modum
2030 4825 2142 4894 ipse
2170 4822 2418 4891 dignatus
2449 4825 2532 4869 est
2558 4825 2781 4869 consors
2811 4809 2927 4863 ﬁeri
2953 4815 3151 4860 nostra:
3174 4804 3364 4856 buma-

1783 4919 1991 4982 nitatis,
2024 4916 2100 4970 sic
2131 4928 2231 4967 nos
2270 4922 2576 4966 mereamur
2603 4911 2884 4958 consortes
2922 4898 3041 4953 ﬁeri
3087 4912 3197 4951 suae
3226 4896 3364 4949 divi-

1785 5012 1991 5067 nitatis.
2023 5006 2242 5062 lutende
2276 5017 2421 5072 ergo,
2461 4997 2674 5055 domina
2703 4993 2967 5065 piissima,
3011 4999 3071 5043 ut
3100 4988 3253 5043 nobis
3293 4987 3363 5042 ad

1784 5104 2036 5161 eﬂ‘cctum
2066 5098 2133 5129 ³⁷³
2160 5094 2462 5167 proveniat,
2511 5098 2734 5161 propter
2754 5084 2897 5156 quod
2923 5083 3065 5138 Deus
3086 5088 3271 5135 noster
3292 5092 3362 5134 ex

1412 5233 1645 5294 VARUE
1670 5232 2069 5302 LECTIONES.

165 5343 232 5372 ⁸⁸⁷
265 5339 592 5417 Ostenderat
618 5359 721 5417 nisi
750 5343 1070 5417 ostendebat
1149 5344 1219 5376 ¹⁶⁸
1250 5344 1445 5402 Patriae
1470 5352 1761 5407 creationis
1783 5368 1887 5405 mss
1917 5347 2105 5417 prima:
2134 5341 2428 5417 creationis
2539 5330 3361 5417 "{Qarnisiq99rmpfilti‘1‘a‘e

84 5428 317 5489 pressus
342 5409 607 5465 ullatenus
631 5412 681 5465 in
702 5416 1002 5489 masc-aruis
1029 5402 1933 5489 corruptibilitatevullatenusth
1954 5416 2237 5489 Dignitatis
2265 5413 2407 5489 illius
2433 5428 2536 5489 mss
2567 5406 3033 5489 divinitatis-illitis
3225 5403 3361 5489 Spe-

86 5474 426 5561 culatiouern
480 5498 584 5535 mss
609 5484 913 5561 -spec_u_l_u_m
1026 5484 1095 5515 ¹⁷⁹
1138 5474 1321 5555 Neque
1351 5489 1517 5542 videri
1544 5474 1708 5546 msiS.
1740 5474 1924 5561 nequit
1966 5474 2132 5541 videri
2161 5502 2235 5538 ms
2259 5481 2566 5561 E:_oniitlit.
2601 5480 2765 5561 videri
2830 5549 2842 5561 .
2877 5477 2945 5509 ‘7’
2973 5474 3362 5561 Prodiitmodo

84 5570 195 5607 mu
228 5552 434 5633 prodiit
460 5545 683 5633 "Ill-Ildg-
767 5554 835 5586 ¹⁷¹⁵
853 5552 909 5608 ln
930 5550 1155 5633 statu...
1175 5545 1420 5633 revocata
1442 5575 1547 5614 mss
1584 5561 1635 5633 in
1665 5545 1877 5615 statin...
1919 5567 2174 5614 renovata
2284 5555 2351 5633 "f’
2380 5549 2934 5633 Carue_|mindissima
2961 5563 3071 5628 mss
3092 5545 3355 5633 omittunt.

89 5617 456 5704 rutundissim‘a
488 5623 588 5704 _"7‘
615 5624 943 5681 Deeorem...
973 5629 1183 5683 cunctis
1198 5629 1431 5683 restituit
1452 5647 1561 5704 me:
1588 5632 1639 5685 in
1662 5632 1910 5688 decorem
1927 5637 2186 5685 cuneta...
2214 5626 2459 5704 restituit
2519 5626 2586 5704 ξτξ
2619 5624 2889 5691 Perquam
2923 5631 3029 5673 tam
3060 5617 3357 5704 inaestima-

88 5694 223 5778 bili‘a
251 5694 394 5778 bona
416 5691 575 5778 habet
604 5710 779 5778 rerum
797 5707 1117 5778 t_tatilra,_per
1131 5713 1292 5778 quam
1323 5699 1841 5778 taminrenstimabilis
1860 5701 2030 5772 gratia
2049 5717 2077 5751 a
2105 5696 2799 5778 taminell'abil_i_dejeCtLOIie
2817 5708 2920 5745 mss
2950 5704 3043 5758 per
3066 5693 3354 5778 qugm'tani

88 5762 576 5833 inritabilisgratia
608 5780 635 5818 a
668 5775 772 5820 tam
807 5754 1380 5839 inell‘abi'lidejectmne
1441 5771 1506 5803 ³⁷⁸
1527 5754 2003 5829 candentiae:
2033 5772 2156 5823 bene
2183 5771 2409 5825 donetur
2461 5754 2996 5823 "’A'dcllectummss
3018 5754 3355 5816 ad'all'ectutn
