4002 6308
526 309 627 367 579

1554 306 1855 361 EADMEBI
1906 304 2102 361 MONA‘

2206 302 2209 357 ῐ
2243 299 2794 358 (ἈλΤυΑῐιιῐΞΝὸιδ
3022 290 3029 299 ‘
3691 302 3781 351 550

529 442 620 483 tuo
667 424 977 481 castissimo
1021 433 1173 478 utero
1216 422 1393 477 factus
1444 422 1603 476 homo
1660 423 1801 477 inter
1854 423 2097 477 homines
2128 427 2172 486 Α
2204 420 2358 473 nobis
2388 417 2600 474 miseris
2627 417 2769 469 ultra
2798 422 3033 478 eveniat,
3064 412 3249 483 gloria:
3284 420 3389 467 tuae
3409 410 3624 480 jactura
3650 417 3781 473 nulla

530 520 694 583 venit,
734 533 832 571 nec
872 520 967 579 eis,
1020 530 1349 584 qntesumus,
1409 524 1637 569 cxoratu
1681 513 1928 578 difﬁcilis,
1980 516 2105 585 quia

526 611 711 683 procul
746 608 909 663 dubio
938 608 1076 661 idem
1114 607 1535 677 benignissimus
1584 606 1723 661 filius
1752 616 1875 662 tuus
1904 607 2009 661 erit
2039 608 2107 661 ad

527 700 927 758 concedendum
967 700 1224 768 quidquid
1257 698 1403 752 voles
1435 708 1719 769 promptus
1749 708 1802 753 et
1830 700 2110 753 exaudihi-

530 796 615 849 lis.
648 792 1041 846 Tantummodo
1086 792 1269 860 itaque
1306 791 1439 845 velis
1478 790 1703 843 salutem
1744 800 2020 855 nostram,
2053 798 2108 844 et

525 901 652 941 vere
669 901 1005 955 nequaquam
1033 884 1164 938 salvi
1189 897 1309 938 esse
1330 897 1433 935 non
1459 883 1774 950 peteritnus.
1791 882 1927 948 Quid
1948 881 2107 950 igitur

525 978 755 1048 stringet
812 978 962 1047 larga
1009 973 1395 1029 misericordia:
1426 982 1529 1026 tua:
1585 974 1815 1038 viscera,
1866 974 2104 1039 domina,

524 1079 712 1122 contra
737 1084 857 1136 nos,
888 1079 946 1122 ut
975 1068 1116 1122 nolis
1156 1065 1353 1121 salvari
1400 1065 1533 1119 nos?
1569 1065 1727 1119 Certe
1756 1064 1897 1119 Deus
1922 1076 2107 1120 noster

525 1160 703 1227 (teste
753 1158 1063 1230 Propheta)
1116 1159 1487 1213 misericordia
1545 1168 1726 1210 nostra
1775 1166 1857 1209 est
1918 1157 2101 1225 (Paul.

523 1266 675 1312 uttt,
706 1251 816 1322 18),
846 1260 899 1305 et
926 1261 978 1305 tu
1008 1250 1249 1319 ejusdem
1278 1250 1488 1305 Domini
1514 1248 1917 1319 nostri‘absque
1945 1250 2106 1304 dubio

525 1358 648 1397 vera
689 1353 866 1399 mater
891 1360 971 1399 es.
1005 1344 1060 1398 Si
1106 1352 1159 1398 tu
1190 1358 1338 1413 ergo,
1379 1358 1499 1411 qua:
1524 1342 1614 1395 Dei
1645 1351 1819 1396 mater
1846 1358 1927 1408 es,
1958 1352 2009 1397 et
2040 1359 2104 1398 ea

530 1445 589 1484 re
618 1447 742 1486 vera
782 1434 1166 1503 misericordiae
1216 1442 1389 1485 mater
1416 1432 1480 1461 ’³ο
1512 1432 1747 1501 denegas
1791 1434 1943 1486 nobis
1974 1432 2105 1487 effe-

526 1530 672 1575 ctum
727 1524 1133 1586 misericordire,
1186 1522 1339 1589 cujus
1378 1531 1485 1574 tam
1517 1522 1839 1576 mirabiliter
1874 1522 2015 1577 facta
2045 1540 2105 1578 es

524 1619 717 1675 mater,
740 1613 866 1680 quid
891 1612 1171 1675 faciemus,
1197 1627 1319 1664 cutn
1347 1610 1486 1664 idem
1513 1610 1655 1664 filius
1681 1620 1802 1663 tuus
1824 1611 2105 1665 advenerit

526 1712 752 1757 cunctos
787 1703 1303 1773 mquojudieaturus
1343 1702 1588 1772 judicio?
1645 1702 1701 1755 Si
1725 1702 1926 1769 juidem
1978 1701 2103 1756 licet

2213 511 2337 564 inde
2389 507 2706 577 perveniet?
2773 505 2839 559 Et
2894 505 2997 559 hoc
3031 504 3251 574 quidem
3314 502 3567 559 fortassis
3615 504 3784 575 aliquo

2212 598 2394 661 modo,
2433 598 2573 653 bona
2608 596 2844 659 domina,
2884 594 2989 649 dici
3030 603 3234 663 posset,
3280 594 3326 649 si
3370 610 3470 664 pro
3510 595 3585 647 tui
3631 595 3786 652 solius

2208 689 2539 743 exaltatione
2567 696 2624 742 et
2665 687 2837 742 salute
2865 685 2933 717 “'
2958 694 3133 740 mater
3171 686 3264 740 Dei
3314 686 3456 741 facta
3496 684 3711 749 fuisses,
3743 688 3784 743 si

2210 781 2394 850 utique
2433 781 2499 818 ³⁸⁸³
2547 780 2703 843 Deus,
2730 780 2821 849 qui
2855 778 3129 833 hominem
3158 779 3452 847 assumpsit
3481 794 3547 833 ex
3581 786 3671 832 tua
3704 794 3785 833 ca-

2210 876 2657 938 stissima‘earne,
2692 874 2793 926 hoc
2825 870 2952 926 fecit
2980 886 3079 939 pro
3116 880 3205 924 tua
3220 874 3284 925 et
3311 880 3493 927 nostra
3519 875 3783 927 communi

2209 965 2381 1020 salute
2411 966 2497 1019 ⁸⁸⁷.
2538 966 2594 1019 Si
2637 981 2786 1034 ergo,
2820 980 2939 1034 qua:
2982 962 3137 1032 plena
3171 964 3344 1019 salute
3378 980 3437 1019 es
3464 964 3661 1033 potita,
3688 981 3784 1019 non

2210 1056 2443 1111 intendis
2478 1066 2536 1111 ιιι
2558 1059 2745 1111 eadem
2777 1058 2921 1112 salus
2952 1074 3048 1129 pro
3078 1054 3293 1112 modulo
3327 1066 3514 1110 nostro
3538 1056 3703 1109 etiam
3726 1057 3787 1111 ad

2209 1163 2308 1201 nos
2342 1164 2512 1219 usque
2544 1149 2837 1218 pertingat,
2863 1150 2975 1219 jam
3007 1160 3219 1203 tuorum
3257 1146 3529 1201 suﬂieicns
3557 1160 3789 1201 commo-

2206 1237 2424 1303 dorum,
2455 1248 2765 1293 nostrorum
2811 1239 3085 1309 negligens
3112 1254 3231 1294 esse
3261 1238 3555 1301 videberis,
3589 1246 3645 1291 et
3680 1253 3790 1306 qua:

2206 1344 2303 1397 pro
2336 1328 2499 1383 totius
2530 1329 2709 1383 mundi
2739 1328 3035 1383 salvatione
3064 1328 3308 1383 meruisti
3349 1327 3466 1383 fieri
3503 1336 3685 1381 mater
3706 1327 3788 1380 Αι-

2210 1419 2428 1483 tissimi,
2456 1434 2579 1473 cum
2605 1434 2704 1473 nos
2734 1420 3082 1489 proposueris
3113 1419 3201 1484 ⁸⁸⁸,
3234 1434 3372 1489 quos
3397 1418 3638 1471 ohvolvit
3680 1417 3789 1472 finis

2205 1512 2410 1574 sarculi,
2438 1512 2587 1581 quid,
2617 1527 2821 1581 quazso,
2856 1512 3098 1581 proderit
3142 1512 3298 1565 nobis
3330 1519 3415 1565 tua
3462 1510 3703 1579 gloriosa
3744 1519 3791 1563 ct

2206 1600 2335 1655 felix
2370 1602 2646 1664 exaltatio,
2680 1611 2735 1653 et
2767 1617 2926 1671 quam
2967 1602 3088 1656 inde
3119 1602 3186 1633 ⁸⁸³
3218 1600 3502 1664 habemus,
3533 1599 3791 1655 dulcis’et

2208 1693 2499 1747 all'ectuosa
2556 1693 2887 1749 exsultatio?
2921 1693 2988 1748 Ut
3036 1709 3167 1765 ergo
3217 1694 3387 1748 filium
3446 1702 3602 1747 tuum
3636 1694 3791 1749 totius

523 1795 635 1861 ipse
666 1794 805 1848 ﬁlius
831 1804 950 1847 ιιιιιε
976 1794 1048 1848 sit
1083 1809 1180 1862 per
1204 1802 1253 1847 te
1284 1793 1460 1848 factus
1488 1794 1658 1847 frater
1684 1802 1886 1855 noster,
1920 1792 2105 1861 miqme
2138 1798 2181 1857 Β
2211 1786 2393 1839 mundi
2441 1786 2795 1851 Salvatorem,
2836 1796 2890 1840 et
2920 1796 2973 1841 te
3002 1786 3117 1855 ejus
3151 1786 3649 1842 reconciliatricem
3681 1802 3791 1841 esse

521 1898 695 1937 tamen
728 1884 816 1937 ubi
850 1885 911 1914 "“
948 1884 1282 1938 voluntatem
1314 1892 1462 1938 tuam
1506 1885 1586 1938 sic
1611 1883 1856 1937 videlicet
1892 1883 1957 1913 ¹⁸¹
1986 1883 2101 1937 dul-

520 1973 745 2027 cissima:
798 1975 986 2028 matris
1035 1974 1209 2044 magis
1253 1981 1557 2044 porrectam
1592 1974 1907 2036 adverterit,
1955 1971 2097 2037 illuc,

518 2075 726 2119 servata
765 2066 1038 2135 aequitatis
1067 2066 1297 2131 ratione,
1345 2081 1376 2121 a
1418 2082 1523 2135 qua
1554 2076 1607 2121 te
1656 2066 1961 2120 nullatenus
1989 2067 2103 2120 dis-

517 2172 739 2226 crepare
780 2158 918 2213 velle
960 2160 1162 2214 videbit
1198 2159 1286 2224 ¹⁸³,
1317 2168 1372 2212 et
1410 2157 1599 2227 judicii
1639 2159 1720 2213 sui
1748 2159 2098 2223 sententiam,

516 2249 629 2303 sive
662 2250 726 2303 ad
757 2250 1186 2305 misericordiam
1229 2249 1570 2315 inﬂectendo,
1601 2265 1695 2304 seu
1738 2250 1803 2303 ad
1831 2244 2098 2319 justitiam

517 2342 864 2403 tntentlendo,
915 2343 1297 2414 promnlgabit.
1333 2342 1741 2413 Subvenicrgo
1779 2342 1953 2405 nobis,
2005 2343 2101 2396 do.

518 2430 695 2491 mina,
756 2442 808 2485 et
863 2449 970 2487 non
1018 2435 1357 2488 considerata
1407 2442 1753 2503 peccatorum
1794 2443 2098 2487 uestrorum

522 2519 891 2587 multitudine,
924 2523 1060 2578 velle
1088 2532 1233 2578 tuum
1272 2525 1337 2578 ad
1371 2524 1738 2580 miserendnm
1764 2523 1917 2578 nobis
1948 2522 2099 2578 inﬂe-

517 2619 623 2664 cte.
659 2611 872 2684 Cogita,
896 2630 1102 2685 quaeso,
1131 2625 1184 2671 et
1213 2618 1448 2688 recogita
1480 2618 1618 2686 apud
1656 2624 1709 2670 te
1739 2616 1864 2684 quia
1898 2630 2003 2669 non
2031 2616 2098 2670 ad

518 2700 905 2770 damnandum,
932 2707 1024 2761 sed
1047 2708 1113 2761 ad
1139 2709 1453 2762 salvandnm
1474 2716 1817 2779 peccatorem
1840 2708 2100 2762 Conditor

518 2798 705 2844 noster
734 2808 799 2847 ex
830 2803 882 2849 te
913 2794 1086 2850 factus
1110 2805 1191 2851 est
1234 2797 1416 2851 homo.
1455 2796 1565 2851 Cur
1600 2796 1779 2865 itaque
1809 2810 1916 2851 non
1943 2795 2099 2864 juva-

518 2880 601 2935 bis
627 2897 723 2937 nos
754 2896 1088 2952 peceatores,
1146 2889 1364 2958 quando
1409 2897 1633 2959 propter
1668 2903 1767 2943 nos
1804 2888 1855 2941 in
1893 2897 2096 2942 tantam

515 2970 887 3029 celsitudinem
927 2992 988 3032 es
1018 2979 1225 3034 elevata
1260 2990 1321 3035 ut
1363 2990 1414 3035 te
1456 2980 1732 3034 dominam
1787 2979 1857 3012 W’
1901 2979 2099 3036 haheat

516 3069 571 3114 et
593 3074 883 3121 veneretur
910 3070 1088 3125 omnis
1110 3071 1316 3141 pariter
1337 3079 1586 3126 creatura
1605 3071 1632 3126 τ
1654 3070 1735 3124 An
1766 3069 1887 3125 ideo
1914 3077 2092 3123 utrum

2207 1877 2474 1931 veraciter
2501 1878 2821 1942 sentiamus,
2849 1893 2914 1933 eo
2944 1893 3041 1933 nos
3069 1878 3403 1949 propensiori
3432 1880 3619 1933 studio
3645 1876 3788 1947 jura,

2204 1980 2511 2035 precamur,
2557 1977 2608 2021 et
2650 1966 2791 2032 fove,
2824 1983 2931 2037 quo
2968 1969 3021 2022 in
3068 1968 3292 2023 ftecibus
3318 1968 3505 2022 mundi
3550 1981 3711 2023 natos
3743 1982 3791 2023 et

2203 2057 2361 2113 alitos
2413 2060 2479 2090 ¹⁹⁰
2514 2060 2707 2128 potiori
2750 2059 3024 2114 ‘levamine
3072 2060 3341 2131 prospicis
3398 2060 3673 2131 indigere.
3719 2062 3792 2115 Ab

2206 2150 2361 2205 initio
2403 2153 2639 2221 denique
2684 2154 3051 2208 rcnovationis
3094 2154 3365 2221 humanm,
3401 2156 3670 2209 omnibus
3697 2159 3790 2208 suh

2208 2250 2355 2295 tuum
2389 2244 2695 2311 prtesidium
2725 2245 3160 2315 confugientibus
3204 2245 3484 2314 hucusque
3524 2246 3793 2300 succurri.

2204 2332 2298 2397 sti,
2327 2342 2383 2388 et
2408 2334 2610 2389 ideirco
2634 2350 2742 2404 pra:
2765 2338 2910 2388 omni
2942 2345 3214 2400 creatura,
3236 2336 3382 2389 omni
3418 2336 3579 2390 laude
3600 2336 3794 2405 dignis.

2203 2424 2339 2478 sima
2369 2424 2473 2479 dici
2500 2435 2556 2480 et
2579 2441 2699 2481 esse
2721 2426 2986 2481 meruisti.
3022 2426 3138 2490 Eia,
3174 2442 3429 2481 succurre
3460 2426 3649 2489 nobis,
3676 2442 3793 2481 ora-

2203 2532 2344 2581 mus,
2360 2526 2416 2571 ut
2438 2517 2579 2582 latts,
2594 2534 2755 2588 quam
2781 2534 2877 2587 per
2895 2528 2972 2573 tot
2991 2518 3186 2573 smeula
3211 2520 3371 2589 digne
3388 2522 3689 2590 possedisti
3707 2522 3787 2584 m,

2214 2608 2469 2661 continua
2505 2608 2600 2662 tibi
2638 2609 2792 2663 duret
2828 2610 2881 2663 in
2910 2610 3080 2681 gratia
3125 2610 3237 2679 ipsa
3276 2626 3380 2680 qua
3433 2612 3642 2665 mundo
3673 2626 3789 2681 per-

2203 2701 2317 2756 dito
2352 2702 2419 2732 ¹⁹⁸
2468 2700 2787 2755 subvenisti.
2845 2702 2962 2757 Tibi
3010 2718 3142 2773 ergo
3178 2718 3276 2757 nos
3311 2705 3788 2768 commendamus,

2204 2803 2257 2849 tu
2282 2808 2509 2864 procura
2531 2808 2601 2848 ne
2623 2808 2929 2864 pereamus,
2955 2794 3105 2849 eﬂiee
3129 2794 3309 2864 potius
3337 2802 3394 2848 ιιι
3420 2794 3571 2848 salus
3606 2806 3787 2848 nostra

2200 2885 2267 2940 de
2295 2885 2384 2939 die
2432 2884 2485 2938 in
2517 2883 2656 2939 diem
2702 2884 3112 2953 multiplicetur,
3158 2896 3215 2940 et
3268 2886 3378 2939 ﬁlio
3416 2896 3511 2939 tuo
3558 2885 3790 2939 Domino

2200 2982 2385 3029 nostro
2412 2971 2538 3029 Jesu
2572 2972 2790 3028 Christo
2817 2976 2924 3027 vita
2957 2984 3137 3029 nostra
3155 2974 3267 3045 jugi
3301 2975 3591 3031 devotione
3623 2976 3793 3029 famu-

2206 3065 2366 3120 letur.
2396 3064 2497 3132 Qui
2548 3080 2672 3120 cum
2720 3065 2830 3121 Deo
2879 3066 3059 3133 Patre,
3087 3076 3143 3122 et
3177 3066 3380 3137 Spiritu
3410 3078 3607 3122 sancto
3642 3068 3789 3133 vivit,

515 3163 823 3223 pereamus,
870 3157 1100 3228 amplius
1148 3174 1256 3215 non
1300 3159 1537 3227 curabis,
1564 3159 1690 3230 quia
1737 3159 1997 3231 quidquid
2032 3158 2098 3214 de
2125 3147 2167 3205 C
2200 3157 2514 3212 dominatur
2535 3166 2589 3213 et
2613 3170 2798 3229 regnat
2823 3174 2918 3230 per
2951 3158 3159 3215 intinita
3190 3158 3388 3215 smcula
3422 3158 3567 3215 Deus
3601 3159 3681 3191 ⁸⁸³

1801 3269 2032 3325 νΑΒΙᾸΞ
2073 3268 2474 3325 LECTIONES.

557 3353 816 3437 ff°yaler
830 3360 1089 3437 etgratia'.
1106 3379 1206 3416 mu
1222 3364 1459 3437 amittet
1474 3361 1659 3437 gratiae
1716 3341 1788 3394 ἷαι
1810 3359 2028 3437 Noster;
2053 3360 2270 3437 Ultimis
2288 3370 2475 3437 noster
2492 3362 2714 3437 antique
2730 3372 2906 3418 tamen
2917 3364 3017 3437 ubi
3054 3434 3063 3437 Α
3100 3363 3145 3396 ⁸³
3171 3364 3295 3419 Sua:
3310 3363 3559 3437 videlicet
3579 3382 3691 3418 mss
3717 3366 3791 3419 sic

516 3426 769 3502 videlicet
833 3426 1244 3502 “fiDiscrepare
1259 3434 1458 3487 videbit
1476 3426 1581 3487 am
1592 3432 1898 3502 discrepare
1921 3430 2055 3502 velle
2074 3432 2271 3486 videbit
2326 3432 2393 3463 ¹⁸⁸
2411 3432 2484 3487 Te
2499 3426 2720 3488 Domina
2737 3451 2838 3487 mss
2854 3443 2902 3487 te
2914 3434 3195 3489 Dominam
3267 3436 3411 3491 “'Et
3430 3436 3673 3490 utilitate
3694 3452 3794 3489 mss

517 3505 573 3549 et
604 3496 777 3552 salute

513 3580 684 3637 rropo

515 3636 673 3705 digne

886 3500 953 3533 ¹⁸⁶
984 3502 1089 3555 Sed
1115 3504 1299 3570 utique
1321 3520 1425 3557 mss
1460 3505 1503 3558 si
1535 3503 1715 3571 utique

688 3568 923 3644 sueris“
974 3571 1041 3644 ηῗ
1062 3572 1129 3625 Ει
1170 3568 1296 3644 quid
1327 3573 1449 3627 inde
1483 3590 1585 3627 mss
1615 3568 1667 3626 et
1692 3588 1853 3644 quam
1888 3573 2010 3644 inde

784 3638 849 3712 [ξ’
874 3638 1071 3712 Mundo
1098 3638 1309 3712 perdito
1336 3652 1439 3696 mss
1469 3644 1637 3696 omitt.
1669 3638 1879 3712 perdito

1824 3503 1889 3533 ⁸⁸⁷
1921 3501 2099 3556 Nostri
2122 3503 2360 3556 omnium
2387 3504 2560 3558 salute
2583 3520 2687 3557 mss
2718 3514 2902 3559 nostra
2935 3506 3111 3561 salute
3189 3507 3255 3538 ⁸⁸⁸
3276 3506 3666 3577 Postposueris
3691 3524 3791 3560 nm

1824 3588 1853 3625 ιι
1888 3573 2010 3626 inde
2143 3574 2209 3604 ¹⁹⁰
2231 3574 2403 3627 Alitos
2428 3592 2530 3628 mss
2557 3574 2695 3628 altos
2808 3575 2873 3606 ⁸⁸⁸
2914 3577 3084 3628 Diene
3124 3578 3409 3628 possedisti
3458 3594 3566 3628 mss
3620 3579 3790 3628 omitt.

1989 3588 2010 3625 Β
2143 3584 2209 3604 ""
2231 3584 2403 3627 Alttos
2428 3592 2530 3628 mss
2557 3584 2695 3628 altos
2808 3584 2873 3606 ‘"
2914 3584 3084 3647 Digne
3124 3584 3409 3646 possedisti
3458 3594 3566 3629 mss
3620 3584 3790 3630 omitt.

1989 3642 2056 3674 ¹⁹³
2081 3642 2165 3697 Hs
2196 3643 2351 3698 Corb.
2476 3645 2559 3717 10.
2591 3644 2822 3715 Explicit
2853 3644 3124 3717 Scriptum
3152 3647 3403 3703 Eadmeri
3435 3646 3693 3702 Monac-hi
3732 3651 3795 3701 de

2808 3575 2885 3647 "ﬁ
2914 3577 3084 3647 Digne
3124 3575 3421 3646 possedisti
3458 3594 3566 3647 mss
3620 3579 3790 3630 omitt.

514 3705 755 3774 piissima
784 3707 955 3764 Matre
982 3711 1075 3765 Dei
1101 3705 1268 3765 Maria
1296 3728 1373 3765 ms
1401 3712 1461 3767 S.
1495 3714 1582 3766 ϐξ.
1613 3705 1838 3783 ΕἱρΙίείι
1868 3712 2060 3769 Sermo
2096 3716 2161 3769 de
2189 3723 2375 3770 sancta
2404 3713 2595 3770 Maria.

516 3888 1989 3929 um

2001 3900 3781 3932 xm

880 4066 1133 4215 DE
1251 4061 2162 4247 QUATUOR
2274 4066 3430 4226 VIRTUTIBUS

1550 4330 1714 4398 ρυλε
1746 4330 2081 4390 FUEBUNT
2112 4330 2179 4387 IN
2214 4331 2439 4387 BEATA
2471 4332 2684 4388 MARIA
2708 4374 2724 4399 ,

1313 4515 1455 4630 Ε]
1480 4512 1742 4650 USQ
1761 4514 1931 4629 UE
2021 4512 2975 4630 SUBLIMITATE

1024 4882 1252 4940 CAPUT
1291 4881 1577 4940 PRIMUM.

894 4974 974 5029 De
1002 4976 1082 5029 Itis
1110 4975 1383 5029 uirtutibus
1410 4977 1713 5045 generatim.

585 5068 758 5134 Multi,
798 5067 1032 5123 domina:
1078 5076 1278 5141 sancta:
1320 5066 1503 5122 Mariae
1548 5069 1737 5128 laudes
1784 5070 1924 5140 stylo
1985 5070 2099 5125 for-

516 5178 664 5216 mare
688 5159 893 5226 conati,
940 5157 1170 5213 libenter
1214 5159 1449 5215 humano
1506 5162 1690 5231 generi
1742 5150 1841 5233 pro
1890 5162 2097 5217 viribus

513 5266 844 5325 proposuere
871 5258 1072 5321 quanta
1097 5250 1225 5307 olim
1254 5252 1307 5305 in
1337 5267 1456 5309 eam
1495 5254 1755 5309 confluxit
1792 5255 1945 5325 copia
1984 5253 2097 5307 vir-

519 5350 713 5406 tutum,
740 5351 795 5396 et
822 5349 1024 5410 quanta
1060 5357 1202 5396 nunc
1232 5340 1489 5399 facilitate
1527 5345 1940 5400 necessitatibus
1972 5358 2097 5398 suc-

514 5445 705 5490 currat
734 5432 1068 5511 mortalium,
1101 5443 1301 5503 quanta
1333 5444 1460 5491 tunc
1486 5436 1647 5491 fuerit
1677 5438 1942 5493 donorum
1974 5452 2099 5505 gra-

518 5532 591 5585 tia
623 5527 874 5582 sublimis
920 5536 977 5582 et
1025 5527 1306 5599 mirabilis,
1348 5540 1546 5600 quanta
1595 5544 1738 5585 nunc
1780 5529 1981 5600 pietate
2027 5528 2099 5583 sit

518 5629 768 5683 potenter
807 5619 1115 5689 singularis,
1167 5621 1513 5694 singulariter
1557 5622 1753 5679 dulcis.
1781 5619 1920 5679 Nam
1972 5636 2095 5677 cum

2126 4870 2177 4929 Ι)
2203 4897 2436 4959 quatuor
2470 4888 2691 4944 virtutes
2722 4904 2841 4946 esse.
2870 4890 3173 4962 philosophi
3215 4910 3320 4950 non
3362 4901 3669 4962 tacuerint.
3706 4904 3796 4972 ju-

2203 4983 2429 5050 stitiam,
2467 4983 2841 5052 prudentiam,
2896 4984 3291 5051 fortitudinem,
3343 4995 3796 5058 temperantiam,

2203 5090 2267 5129 ex
2293 5075 2509 5144 quibus,
2536 5076 2693 5145 quasi
2727 5090 2790 5129 ex
2822 5078 3019 5145 gaudio
3048 5077 3208 5149 [forte
3236 5081 3337 5149 leg.
3374 5085 3693 5159 quadrivio]
3728 5088 3798 5141 li-

2204 5165 2355 5229 mite,
2386 5180 2547 5219 omne
2587 5166 2847 5221 virtutum
2897 5183 3090 5239 agmen
3124 5182 3321 5228 emicet
3346 5214 3361 5238 ,
3393 5175 3523 5245 quia
3554 5181 3796 5249 majores

2204 5256 2371 5311 nostri
2422 5266 2651 5325 quatuor
2698 5260 2901 5329 primas
2931 5262 2981 5314 in
3026 5276 3091 5317 ea
3142 5278 3396 5336 regnasse
3446 5269 3794 5337 docuerunt,

2200 5355 2377 5401 certas
2408 5348 2731 5417 appendices
2762 5349 2814 5401 in
2849 5351 2965 5419 ejus
2996 5352 3178 5408 animo
3218 5358 3624 5426 conquadrasse
3661 5377 3796 5430 pcr-

2200 5438 2317 5493 leve
2343 5438 2443 5494 fuit
2466 5448 2524 5493 ut
2551 5440 2918 5498 ostenderent.

2273 5530 2338 5585 Et
2370 5530 2636 5601 justitiam
2678 5531 2892 5600 quidem
2935 5530 3053 5600 ejus
3099 5534 3178 5590 sic
3220 5549 3595 5603 asseruerunt,
3637 5540 3794 5609 qqu

2203 5619 2319 5689 ipsa
2357 5630 2500 5677 tanta
2529 5623 2819 5677 tenacitate
2841 5620 2932 5678 Dei
2964 5625 3246 5696 prteceptis
3271 5641 3368 5697 per
3398 5626 3573 5699 legem
3609 5628 3791 5683 iuba:-

2306 5785 2385 5796 we
