3904 6306
38 311 156 365 SIBI

30 516 259 585 gritate
293 515 640 586 progenerari
673 513 832 586 [forte
859 515 961 586 leg.
994 532 1154 586 posse
1195 534 1302 574 non
1342 518 1647 589 observari]

28 618 386 673 noscuntur,
413 606 563 662 verbi
597 622 783 673 causa,
807 608 1240 683 puriﬁcationem
1269 618 1391 679 post
1414 619 1650 679 partum.

28 714 151 765 pro
180 696 373 753 sobole
405 697 755 763 sacriﬁcium,
791 712 1030 751 annuum
1062 699 1128 752 ad
1174 701 1430 770 templum
1471 719 1655 758 ascen-

29 806 207 855 sum;
238 791 359 844 haee
386 789 533 843 enim
563 789 633 844 ab
662 802 728 844 ea
765 802 830 844 ex
862 787 1161 845 abundanti
1189 789 1332 845 facta
1364 792 1488 862 quis
1524 793 1653 847 ﬁde-

29 882 117 937 lis
142 881 424 951 ambigat?

115 973 502 1037 Prudentium,
537 981 595 1027 ιιι
628 974 799 1045 prima
829 973 1153 1028 feminarum
1192 974 1652 1030 animadverteret

29 1079 166 1119 rem
215 1079 342 1133 qua:
373 1064 597 1118 carebat
623 1063 891 1133 exemplo,
925 1078 1087 1132 quam
1111 1074 1325 1131 gratum
1368 1063 1480 1118 Deo
1502 1072 1650 1119 esset

29 1153 331 1224 pudicitia!
364 1152 689 1207 sacriﬁcium
725 1152 866 1223 quod
907 1152 1019 1221 ipsa
1050 1163 1271 1207 voverat
1316 1153 1465 1219 Deo,
1511 1153 1645 1223 legis

29 1243 345 1297 maledicto
382 1241 571 1295 relicto
594 1240 646 1295 in
675 1241 871 1296 medio.
906 1241 1195 1309 Prteterea,
1230 1251 1352 1311 post
1370 1242 1653 1298 salutatio-

32 1352 175 1389 nem
229 1336 408 1404 angeli
460 1350 622 1405 quam
668 1335 966 1405 prudenter
1021 1335 1221 1400 locuta,
1274 1352 1436 1406 quam
1492 1338 1650 1393 facile

32 1429 297 1483 credula.
332 1428 455 1482 Fuit
481 1427 626 1482 enim
654 1442 717 1481 ea
762 1426 897 1481 ﬁdes
937 1436 994 1482 et
1027 1428 1322 1482 credulitas
1348 1430 1650 1499 prudentia:

32 1520 323 1589 supellex,
376 1520 520 1588 quod
567 1518 800 1573 credidit
847 1533 1009 1589 posse
1070 1519 1186 1573 ﬁeri
1244 1535 1344 1589 per
1388 1521 1649 1590 Spiritum

36 1622 315 1666 sanctum
356 1620 417 1665 ut
454 1611 573 1665 sine
613 1610 894 1681 complexu
948 1610 1115 1665 maris
1160 1611 1365 1680 absque
1409 1614 1650 1682 periculo

30 1705 296 1775 pudoris,
337 1703 622 1760 exsulante
678 1704 853 1759 urtica
902 1703 1176 1769 libidinis,
1216 1706 1543 1773 produceret
1590 1708 1652 1760 ﬁ-

34 1800 201 1851 lium.

112 1889 523 1945 Fortitudinem
544 1929 559 1954 ,
590 1898 651 1943 ut
685 1903 806 1959 quae
844 1886 987 1957 juste
1032 1889 1229 1945 debere
1266 1889 1383 1943 ﬁeri
1414 1892 1651 1960 pruden-

34 1993 126 2036 ter
160 1982 523 2052 intelligebat,
549 1982 931 2037 incunctanter
962 1994 1208 2049 voverat,
1236 1991 1289 2037 et
1310 1979 1495 2038 votum
1521 2000 1646 2039 con-

43 2084 276 2130 stanter
313 2085 760 2146 persequeretur;
800 2075 1010 2145 justutn
1055 2085 1237 2130 autem
1286 2084 1370 2131 est
1418 2086 1478 2131 ut
1509 2079 1651 2147 quod

34 2165 347 2237 gratiosius
391 2174 447 2219 et
497 2166 795 2234 Speciosius
856 2166 1059 2222 habeas
1105 2168 1214 2221 Deo
1263 2168 1503 2224 omnium
1552 2171 1649 2223 bo-

33 2272 251 2311 norum
296 2255 544 2327 largitori
574 2257 641 2310 ad
681 2255 798 2325 ejus
840 2266 1029 2313 nutum
1064 2260 1281 2317 offeras.
1314 2263 1370 2318 Id
1412 2262 1651 2333 prudens

34 2348 218 2420 Virgo
248 2348 525 2419 sapienter
554 2348 815 2419 colligens
836 2392 851 2416 ,
900 2351 1269 2419 virginitatem
1312 2368 1466 2408 suam
1489 2394 1503 2417 ,
1539 2368 1648 2422 qua

36 2442 180 2495 nihil
218 2440 547 2505 amabilius,
590 2440 724 2495 nihil
766 2439 1057 2497 formosius
1096 2442 1353 2511 ducebat,
1397 2443 1508 2499 Deo
1548 2440 1654 2496 for-

36 2536 175 2588 titer
197 2535 353 2589 vovit
379 2543 435 2589 et
457 2533 759 2590 fortissime
788 2537 1047 2591 servavit.

110 2625 567 2695 Temperantiam
595 2667 611 2692 ,
646 2626 787 2697 quod
821 2627 1162 2698 supradictas
1202 2627 1433 2682 virtutes
1471 2626 1649 2681 studio

32 2718 372 2773 humilitatis
402 2719 818 2784 continuaverit,
846 2735 943 2790 per
967 2720 1117 2775 illam
1150 2720 1465 2776 custodiens
1496 2719 1652 2789 quid-

34 2812 174 2881 quid
205 2812 339 2867 boni
366 2813 567 2867 mentis
594 2812 841 2881 ingenua:
868 2812 1103 2881 devotio,
1134 2821 1187 2868 et
1212 2812 1650 2880 etelestisgratia

34 2914 514 2960 coacervaverant
542 2904 595 2959 in
618 2919 704 2960 ea.
729 2903 854 2959 Fuit
875 2919 1004 2975 ergo
1025 2903 1269 2974 iustitiae,
1295 2905 1438 2975 quod
1452 2905 1649 2959 bonum

36 2998 216 3065 fecit;
244 2997 549 3069 prudentia:
568 3040 585 3063 ,
616 2996 761 3068 quod
789 2997 1027 3067 qualiter
1052 2997 1359 3053 faciendum
1388 3006 1531 3054 esset
1564 2998 1649 3052 in-

38 3090 294 3154 tellexit;
337 3076 695 3152 fortitudinis,
742 3088 888 3158 quod
941 3089 1403 3160 perseveraverit;
1449 3098 1651 3160 tempe-

38 3181 265 3245 rautim,
297 3178 520 3249 quodin
551 3187 703 3235 tanto
730 3179 949 3251 fastigio
994 3179 1190 3248 locata,
1233 3179 1421 3236 humili
1467 3189 1648 3237 mente

38 3288 236 3329 casum
267 3272 434 3328 cavit.

682 3407 911 3465 CAPUT
953 3407 1012 3462 II.

402 3522 479 3577 De
510 3523 714 3580 iustitia
744 3533 792 3577 et
817 3523 931 3593 ejus
960 3520 1301 3585 appendiciis.

111 3635 336 3690 Habent
366 3652 526 3706 porro
570 3638 652 3692 hie
692 3640 919 3693 virtutes
947 3637 1103 3704 alias,
1138 3647 1197 3692 ut
1222 3637 1356 3702 dixi,
1389 3636 1650 3706 appendi-

39 3742 133 3781 ces
178 3737 240 3780 et
292 3728 541 3793 comites,
576 3728 777 3783 habent
804 3728 1156 3799 pedissequas
1193 3738 1248 3784 et
1283 3727 1646 3783 collaterales.

38 3807 293 3886 Quarum
321 3817 544 3881 effectus
572 3821 624 3874 in
662 3819 869 3874 Domini
922 3829 1099 3876 matre
1131 3821 1227 3885 ita,
1266 3820 1311 3875 si
1340 3820 1496 3876 bona:
1524 3817 1650 3873 ﬁdei

38 3912 375 3967 memoriam
407 3913 602 3979 habeo,
650 3914 986 3983 disposuere.
1033 3912 1342 3979 Justitiam,
1376 3913 1646 3983 inquiunt,

40 4004 351 4057 comitatur
402 4004 615 4073 religio,
663 4019 785 4073 quc
837 4015 921 4058 est
974 4004 1236 4058 munditia
1276 4004 1418 4067 vitae,
1458 4012 1515 4058 ut
1553 4018 1651 4072 per

43 4112 169 4149 eum
199 4096 322 4149 Deo
344 4093 655 4164 placentur;
686 4096 876 4165 pietas,
902 4109 1001 4164 per
1028 4110 1187 4165 quam
1216 4094 1453 4165 diligitur
1470 4093 1650 4164 proxi-

44 4201 199 4249 mus;
256 4184 459 4256 gratia,
502 4201 622 4256 qua:
673 4195 754 4240 est
796 4185 1041 4241 beneﬁcii
1096 4186 1304 4254 accepti
1356 4184 1645 4250 memoria;

40 4279 429 4352 obsequentia,
463 4292 582 4346 qua:
620 4279 938 4348 obsequitur
971 4278 1058 4333 cui
1090 4279 1250 4348 digne
1276 4277 1463 4344 debet;
1497 4278 1641 4332 veri-

44 4379 147 4436 tas,
177 4383 312 4439 qua:
337 4368 495 4422 docet
522 4368 707 4423 vivere
738 4385 837 4440 pro
868 4380 1060 4424 natura
1082 4412 1097 4438 ,
1132 4369 1273 4442 loqui
1304 4386 1403 4442 pro
1433 4384 1512 4427 re.
1542 4370 1650 4426 llas

43 4466 296 4516 virtutes
336 4470 411 4515 tta
456 4460 614 4516 beata
646 4461 860 4517 Domini
909 4471 1084 4518 mater
1116 4462 1265 4518 trivit
1294 4471 1354 4518 ut
1396 4463 1647 4535 religiosa
1680 4501 1725 4557 Β

40 4551 327 4605 munditia
350 4546 475 4605 viiw
518 4550 748 4606 Domino
774 4551 881 4607 Deo
908 4552 1166 4623 templum
1206 4553 1257 4607 in
1286 4568 1383 4608 suo
1416 4552 1651 4608 anliﬁca-

45 4654 126 4697 ret
157 4656 430 4712 corpore;
465 4643 666 4712 pietate
704 4644 1019 4714 proximum
1051 4644 1279 4710 coleret;
1328 4644 1647 4702 collatorum

44 4733 96 4787 in
134 4749 199 4789 se
237 4732 630 4788 beneﬁciorum
654 4774 669 4799 ,
708 4733 817 4789 Deo
846 4750 952 4788 non
988 4734 1199 4806 ingrata
1222 4775 1238 4801 ,
1270 4736 1374 4805 ipsi
1407 4736 1647 4791 vicissim

44 4825 295 4878 animam
331 4832 386 4878 et
420 4839 616 4895 corpus
647 4824 767 4879 viva
801 4825 915 4895 ipsa
948 4825 1122 4880 hostia
1156 4826 1381 4893 libaret,
1423 4827 1647 4896 obsequi

45 4912 359 4979 maioribus
398 4922 453 4966 et
497 4912 675 4982 dignis
701 4914 909 4979 sedula,
938 4915 1073 4969 adeo
1117 4922 1176 4968 ut
1211 4931 1333 4970 omn
1375 4918 1649 4986 praeconio

45 5004 305 5074 angelico
354 5013 584 5058 matrem
633 5019 694 5059 se
738 5006 833 5060 Dei
865 5005 982 5062 fore
1032 5008 1297 5074 audisset,
1330 5006 1563 5078 impigre
1594 5007 1648 5062 in

48 5108 314 5152 montana
362 5098 749 5153 conscenderet
795 5098 947 5170 (Luc.
999 5101 1196 5173 1,39),
1242 5116 1405 5156 anum
1449 5116 1650 5172 cogna-

50 5199 161 5243 tam
198 5190 484 5259 obsequiis
515 5191 581 5244 ad
607 5200 822 5260 partum
853 5192 1149 5248 dilinitura.
1179 5191 1437 5248 Veritatis
1475 5203 1651 5247 mater

46 5281 272 5336 veritati
319 5281 526 5346 innixa,
582 5298 683 5353 pro
734 5292 927 5339 natura
984 5285 1168 5341 vivere
1223 5295 1473 5350 asSueta,
1531 5301 1650 5354 qua}

51 5376 235 5443 ipsum
261 5381 472 5429 naturis
491 5375 739 5445 opiﬁcem
771 5377 996 5448 integris
1034 5378 1294 5449 baiulavit
1322 5378 1647 5433 visceribus.

50 5464 160 5519 I‘to
191 5483 251 5521 re
278 5466 429 5536 loqui
457 5482 561 5521 non
591 5469 795 5533 nescia,
835 5471 1178 5539 sponsionem
1212 5472 1385 5543 angeli
1408 5471 1648 5543 diligenti

53 5557 290 5610 talionis
322 5555 525 5611 trutina
550 5558 908 5629 examinavit,
958 5571 1015 5617 ut
1061 5562 1220 5633 plane
1250 5564 1522 5633 quomodo
1572 5562 1651 5617 fn-

54 5646 315 5699 ciendum
359 5654 505 5702 esset
529 5648 835 5705 addisceret
867 5653 1007 5721 quod
1043 5654 1156 5709 ﬁeri
1187 5668 1344 5723 posse
1374 5665 1427 5710 et
1456 5655 1653 5711 debere

57 5748 165 5788 non
193 5734 485 5791 dubitaret.

1194 312 1284 367 DE
1315 312 1377 367 IV
1421 302 1837 369 VIRTUTIBUS
1879 314 1938 369 Β.
1982 313 2244 369 .\l.-\RI.-E.

35 428 290 477 rebatut
311 422 517 478 necilla
544 421 857 479 dimittenda
889 433 1103 495 putaret
1133 440 1253 495 qua:
1280 428 1349 481 ab
1373 426 1489 496 ejus
1524 427 1660 481 inte-
1692 431 1738 488 Λ

1676 3149 1723 3211 C

3244 309 3310 367 ’53

3312 312 3349 365 2

2386 427 2611 483 CAPUT
2649 426 2729 482 lll.

2080 517 2156 571 De
2179 518 2458 586 prudentia
2481 530 2527 573 et
2549 519 2663 590 ejus
2693 518 3023 589 sequacibus.

1828 605 2172 661 Prudentium
2208 620 2509 677 sequuntur
2537 608 2898 678 providentia,
2937 622 3056 676 qua:
3084 608 3346 678 prospicit

1755 698 1900 767 quod
1926 698 1978 751 in
2010 696 2191 752 futuro
2221 699 2427 752 utiliter
2458 698 2581 763 ﬁat;
2615 698 2991 768 intelligentia,
3028 702 3148 767 qua:
3184 698 3347 753 intel-

1754 789 1872 860 ligit
1915 788 2044 859 quid
2094 789 2146 842 in
2196 791 2451 859 praesenti
2480 790 2687 844 utiliter
2730 789 2855 868 ﬁat;
2904 790 3193 856 memoria,
3225 806 3345 860 qua:

1752 881 1892 936 bene
1917 881 1996 935 vel
2022 896 2180 937 secus
2214 891 2335 937 acta
2378 881 2589 952 integre
2628 882 2851 953 colligit,
2889 892 2945 937 et
2971 884 3036 937 de
3068 884 3344 953 prazterito

1755 973 1921 1027 dicta.
1953 972 2145 1029 Nullus
2173 983 2353 1028 autem
2390 975 2494 1029 hac
2534 975 2753 1028 domina
2784 976 3185 1044 providentior,
3226 992 3346 1045 qure

1758 1076 2052 1134 antequam
2083 1074 2307 1120 voveret
2345 1066 2454 1120 Deo
2493 1065 2860 1136 virginitatem
2905 1072 3088 1130 suam,
3142 1067 3346 1136 perspi-

1752 1157 1955 1211 caciter
1978 1156 2211 1227 providit
2262 1165 2523 1227 quantum
2559 1156 2834 1227 prolectus
2882 1157 3010 1211 illud
3040 1168 3232 1211 votum
3265 1158 3346 1211 fa-

1753 1258 1899 1305 ctum
1930 1258 1985 1305 et
2015 1251 2153 1305 bene
2187 1250 2535 1304 observatum
2566 1249 2668 1305 sibi
2710 1259 2765 1304 et
2809 1249 2904 1304 toti
2948 1251 3150 1304 mundo
3182 1252 3343 1304 indu—

1753 1352 1924 1397 ceret.
1954 1341 2068 1398 Non
2097 1343 2240 1397 enim
2276 1359 2389 1398 rem
2424 1352 2647 1398 voveret
2693 1343 2985 1408 exoticam,
3030 1344 3132 1397 nisi
3162 1346 3345 1412 provi-

1756 1433 1908 1488 deret
1936 1434 2038 1488 sibi
2071 1443 2125 1489 et
2156 1433 2276 1488 aliis
2316 1435 2792 1503 incomparabilem
2844 1437 2967 1490 inde
3010 1436 3341 1491 aceumulari

1758 1524 2011 1594 gloriam.
2053 1524 2240 1579 Nullus
2278 1541 2341 1581 ea
2373 1526 2782 1596 intelligentior,
2825 1542 2965 1595 quae,
3012 1536 3068 1581 et
3094 1528 3346 1597 expedita

1756 1615 1955 1668 mentis
1983 1614 2100 1669 acie
2128 1624 2185 1669 et
2221 1615 2393 1684 ipsius
2426 1616 2647 1670 deitatis
2687 1618 2927 1681 conscia,
2954 1617 3110 1687 plene
3142 1618 3342 1671 intellis

1757 1715 1908 1777 geret
1960 1707 2013 1759 in
2065 1705 2275 1761 Domini
2325 1708 2629 1773 nativitate,
2683 1709 2956 1777 passione,
2996 1718 3052 1762 et
3100 1724 3346 1763 resurre-

1685 1793 1725 1851 Β
1756 1801 1956 1866 ctione,
1982 1811 2241 1870 quantum
2280 1810 2424 1858 esset
2464 1803 2517 1856 in
2548 1804 2801 1871 praesenti
2835 1804 3031 1857 bonum
3057 1845 3071 1870 ,
3112 1804 3256 1872 quod
3290 1804 3344 1856 in

1758 1892 1944 1948 futu'ro
1970 1903 2116 1948 esset
2147 1894 2638 1964 incomparabiliter
2667 1895 3026 1957 fructuosum.
3072 1892 3344 1950 lienteria:

1753 1994 1874 2039 erat
1906 1984 2108 2039 tenacis
2139 1995 2193 2041 et
2223 1986 2427 2052 unieze,
2460 1986 2641 2041 omnia
2680 2002 2801 2055 «pne
2829 1986 2941 2041 sola
2978 1986 3043 2039 de
3071 1985 3181 2040 tilio
3204 1986 3345 2040 scie-

1753 2076 1867 2140 bat,
1907 2078 2191 2132 seeretiori
2222 2079 2449 2135 consilio
2483 2079 2585 2134 sibi
2634 2081 3094 2147 tantum-cognita
3124 2093 3348 2131 coacer-

1752 2184 1890 2224 vatis
1915 2168 1967 2221 in
1996 2168 2294 2233 cumulum,
2325 2168 2670 2224 conscientiae
2703 2167 2995 2223 inculcavit
3041 2167 3340 2221 homin‘tm.

1756 2260 1908 2317 Unde
1944 2263 2007 2318 de
2030 2277 2094 2317 ea
2125 2261 2325 2316 dicitur
2351 2279 2364 2315 :
2394 2260 2569 2314 Maria
2599 2269 2773 2313 autem
2800 2261 3136 2313 conservabat
3168 2260 3345 2310 omnia

1752 2353 1906 2407 verba
1931 2354 2061 2414 ha’c,
2088 2352 2358 2422 conferens
2381 2351 2434 2404 in
2458 2351 2612 2405 corde
2632 2366 2728 2403 suo
2758 2348 2911 2417 (Luc.
2938 2364 2999 2413 ll,
3036 2348 3145 2416 l9).
3174 2347 3345 2401 Debet

1753 2456 1882 2511 ergo
1909 2442 1957 2497 ei
1985 2451 2132 2497 totus
2175 2441 2408 2496 mundus
2452 2439 2773 2495 salvationis
2812 2453 2923 2494 sua:
2950 2437 3163 2508 plenam
3194 2436 3339 2491 noti-

1756 2537 1904 2600 tiam,
1936 2551 2056 2605 quae
2102 2534 2429 2604 plenissima:
2459 2530 2786 2604 cognitionis
2812 2528 3070 2600 apostolis
3103 2544 3210 2582 non
3255 2527 3339 2581 in-

1755 2627 1952 2682 viderit
1974 2626 2278 2682 scientiam.
2301 2625 2643 2694 Quapropter
2666 2623 2791 2692 quia
2834 2622 2902 2676 ad
2933 2620 3191 2691 exiguum
3217 2620 3345 2673 boni

1756 2715 2061 2770 increscere
2086 2728 2377 2785 processus
2407 2711 2711 2781 Evangelii,
2762 2711 2864 2766 nisi
2917 2716 3346 2781 cognosceretur

1757 2818 1911 2863 tenor
1950 2807 2220 2878 principii,
2271 2806 2467 2860 merito
2503 2805 2594 2859 illa
2637 2804 2842 2859 dicitur
2878 2811 2933 2856 et
2973 2799 3343 2872 apostolorum

1754 2898 2019 2970 apostola,
2050 2906 2105 2954 et
2145 2896 2599 2969 evangelistarum
2645 2893 3003 2964 evangelista,
3053 2906 3149 2961 per
3174 2906 3342 2961 quam

1752 2989 2065 3062 principalis
2089 2989 2221 3061 ipsis
2245 2988 2369 3044 ﬁdei
2406 2985 2743 3059 principibus
2771 2983 2945 3040 illuxit
2971 2981 3238 3039 doctrina.

2361 3077 2590 3135 CAPUT
2630 3077 2719 3134 IV.

2041 3174 2116 3229 De
2142 3172 2453 3245 fortitudine
2476 3181 2525 3226 et
2565 3170 2679 3239 eius
2700 3165 3029 3236 sequacibus.

1824 3268 2146 3324 Fortitudini
2179 3268 2457 3320 numerent
2503 3261 2925 3333 magniﬁcentia,
2974 3271 3093 3329 qua:
3133 3256 3343 3328 magni-

1751 3360 1913 3414 ﬁcum
1962 3367 2189 3413 conatur
2232 3356 2488 3427 quiddam
2526 3355 2776 3427 aggredi;
2826 3349 3179 3415 conﬁdentia,
3220 3365 3342 3419 quae

1749 3451 2026 3523 splendide
2060 3450 2295 3521 cogitata
2334 3447 2653 3505 ﬁducialiter
2674 3447 2894 3518 arripit;
2916 3442 3339 3518 perseverantia,

1750 3561 1871 3616 quae
1902 3544 2100 3599 bonum
2131 3542 2445 3597 inchoatum
2483 3539 2757 3595 stabiliter
2806 3549 2999 3610 urget;
3048 3535 3338 3608 patientia,

1749 3653 1870 3708 quae
1907 3636 2159 3692 utilitatis
2208 3649 2373 3690 causa
2424 3632 2662 3689 diﬁicilia
2712 3633 2929 3688 tolerat.
2962 3631 3105 3689 Utile
3154 3637 3339 3684 autem

1748 3727 1893 3799 quod
1922 3727 2008 3782 hic
2033 3734 2089 3781 et
2112 3726 2362 3796 superius
2387 3724 2682 3787 nominavi,
2716 3739 2783 3781 eo
2806 3739 2970 3779 sensu
3014 3722 3138 3777 volo
3165 3719 3340 3789 accipi

1748 3818 2046 3877 secundum
2081 3818 2298 3873 beatum
2328 3816 2677 3872 Ambrosium
2722 3815 2798 3870 De
2827 3813 3050 3879 ciliciis,
3098 3820 3156 3866 ut
3196 3812 3339 3865 idem

1750 3909 1821 3963 sit
1849 3908 1979 3962 utile
2022 3907 2164 3977 quod
2197 3908 2506 3971 honestum,
2536 3915 2589 3959 et
2622 3905 2911 3959 honestum
2961 3902 3109 3974 quod
3157 3899 3328 3966 utile,

1748 3997 1998 4067 quamvis
2033 3996 2086 4050 in
2123 3994 2477 4049 saecularibus
2500 3993 2700 4048 scholis
2730 3992 2887 4048 aliter
2918 3990 3230 4046 deﬁniatur.

1827 4089 1895 4142 Et
1942 4086 2330 4159 permagniﬁce
2372 4085 2591 4155 quidem
2625 4084 2752 4138 felix
2783 4082 2959 4154 puella
3007 4082 3118 4154 egit
3149 4090 3207 4135 ut
3252 4082 3342 4136 bo-

1750 4197 1880 4237 num
1932 4181 2225 4234 rimaretur
2268 4177 2631 4232 inchoandum
2674 4176 2820 4246 quod
2871 4174 3212 4232 conﬁdenter
3252 4173 3340 4228 in-

1749 4274 1985 4337 choavit,
2017 4284 2071 4327 et
2100 4277 2513 4342 perseveranter
2533 4267 2781 4325 absolvit.
2816 4266 3135 4322 I‘atientiam
3159 4279 3257 4320 nec
3283 4265 3339 4319 in

1750 4368 1884 4433 suis,
1920 4380 2017 4420 nec
2047 4364 2099 4419 in
2128 4364 2218 4418 ﬁlii
2242 4360 2583 4418 contumeliis
2610 4360 2769 4431 rupit.
2797 4357 3208 4431 Magniﬁcentia:
3240 4355 3343 4411 fuit

1751 4459 1893 4530 quod
1952 4458 2089 4513 dixit
2136 4476 2150 4511 :
2208 4454 2517 4526 Magniﬁcat
2575 4456 2752 4509 anima
2806 4470 2919 4508 mea
2948 4451 3251 4518 Dominum,
3292 4459 3341 4503 et

1749 4552 2024 4607 exsultavit
2047 4552 2263 4623 spiritus
2293 4565 2438 4604 meus
2473 4549 2530 4603 in
2564 4547 2671 4601 Deo
2700 4545 2924 4601 salutari
2968 4559 3081 4597 meo
3110 4539 3262 4608 (Luc.
3296 4555 3335 4605 1,

1748 4646 1841 4714 46,
1869 4645 1996 4713 4ης
2042 4643 2382 4700 conﬁdentiae
2406 4660 2419 4696 :
2446 4641 2579 4695 Ecce
2604 4640 2741 4694 enim
2782 4654 2847 4692 ea;
2892 4638 2990 4689 hoc
3033 4635 3238 4687 beatam
3262 4646 3340 4685 me

1750 4739 1921 4792 dicent
1951 4754 2127 4793 omnes
2156 4753 2188 4806 g
2222 4733 2516 4789 iterationes
2539 4732 2715 4803 (ibid.,
2737 4731 2862 4802 48);
2889 4726 3339 4801 perseveramus:

1754 4830 1892 4897 Quia
1946 4830 2066 4899 fecit
2105 4828 2232 4881 mihi
2276 4843 2467 4898 magna
2506 4826 2595 4896 qui
2627 4834 2805 4893 potens
2856 4831 2954 4886 est,
3002 4831 3049 4874 et
3098 4818 3339 4873 sanctum

1752 4939 1938 4977 nomen
1966 4921 2101 4991 ejus,
2135 4930 2180 4974 et
2211 4908 2574 4973 misericordia
2601 4918 2713 4987 ejus
2742 4934 2773 4969 ιι
2797 4913 3040 4985 progenie
3067 4914 3119 4965 in
3159 4926 3328 4980 proge-

1752 5017 1861 5070 nies
1895 5015 2190 5068 timentibus
2232 5030 2348 5068 eum
2391 5012 2564 5083 (ibid.,
2608 5010 2712 5080 49,
2764 5008 2872 5076 51).
2921 5006 3092 5060 Porro
3127 5004 3193 5058 de
3247 5017 3334 5080 pa-

1753 5104 1940 5159 tientia
1969 5101 2085 5171 ejus
2132 5103 2334 5157 dictum
2374 5111 2456 5156 est
2509 5119 2522 5154 :
2574 5100 2641 5153 Et
2692 5109 2837 5152 tuam
2893 5095 3058 5166 ipsius
3106 5093 3338 5149 animum

1751 5195 2088 5268 pertransibit
2137 5193 2345 5265 gladius
2373 5193 2526 5263 (Luc.
2563 5208 2624 5258 ll,
2657 5190 2774 5262 55).

2377 5283 2604 5341 CAPUT
2639 5281 2706 5338 γ.

2043 5377 2119 5432 be
2148 5379 2486 5449 temperantia
2514 5388 2560 5431 et
2583 5377 2696 5447 ejus
2726 5374 3053 5444 sequacibus.

1826 5472 2221 5541 Temperantia:
2263 5480 2388 5526 sunt
2440 5470 2788 5525 conterminae
2839 5466 3194 5529 continentia,
3244 5480 3331 5535 pet

1753 5582 1916 5636 quam
1966 5565 2237 5635 pnecipua
2281 5563 2548 5634 cupiditas
2598 5561 2763 5616 animi
2814 5560 3019 5631 regitur
3070 5561 3310 5628 guberna

1757 5659 1903 5713 tione
1924 5657 2131 5713 consilii
2164 5674 2178 5721 ;
2232 5656 2555 5723 clementia,
2588 5670 2694 5725 qua
2722 5654 3029 5710 refrenatur
3056 5666 3230 5718 mens,
3264 5661 3322 5703 te-

1756 5764 1903 5806 mere
1932 5750 1981 5805 in
2006 5749 2232 5820 alicujus
2262 5751 2441 5806 odium
2468 5750 2771 5817 concitata;
2809 5746 3097 5812 modestia,
3127 5758 3230 5814 qua
3277 5742 3331 5794 ﬁt
