4002 6308
553 310 659 370 583

548 439 614 477 ex
645 438 675 474 ιι
691 434 917 488 .cunque
943 416 1211 488 superfluo
1237 413 1467 482 diligens
1494 419 1548 463 et
1570 418 1727 464 cauta
1763 408 1975 463 rccisio.
2013 405 2123 459 llas
2155 405 2199 462 Α

549 514 781 567 virtutes
808 511 1019 564 beatam
1055 508 1330 562 dominam
1360 503 1671 560 exercuisse
1702 500 1869 571 liquet
1920 498 2125 567 perspi-

547 616 683 663 ene,
743 615 863 655 cum
911 608 1123 653 constet
1182 613 1305 652 eam
1357 611 1456 652 nec
1499 595 1668 650 fuisse
1704 592 2124 647 incontinentem

545 692 774 760 alicujus
802 690 1090 761 voluptatis
1117 690 1353 755 stimulo,
1379 703 1477 743 nec
1507 685 1834 757 praecipitem
1858 683 2004 745 odio,
2029 696 2128 735 nec

545 785 924 839 immodestam
954 781 1154 836 animo.
1189 780 1469 846 Quomodo
1498 778 1639 833 enim
1674 774 1857 830 illicita
1883 771 2129 826 commit-

548 886 703 942 teret,
732 890 852 945 qua:
884 891 912 929 a
941 874 1103 928 licitis
1127 870 1501 941 temperabat?
1540 868 1817 924 Accedunt
1863 865 1928 917 ad
1955 862 2131 923 emiti-

548 969 742 1023 uentize
764 975 1030 1037 prmeepta
1064 979 1244 1019 mores
1266 977 1401 1032 quos
1426 961 1689 1030 virginem
1717 957 1917 1012 habere
1953 956 2126 1014 decet,

545 1066 686 1119 sicut
708 1063 1022 1118 Ambrosius
1058 1058 1312 1114 familiari
1348 1056 1418 1111 illi
1445 1070 1563 1119 suo,
1591 1062 1646 1108 et
1670 1052 1789 1107 aliis
1824 1046 2129 1103 initnitabid

545 1164 765 1210 nectare
794 1155 951 1208 docet
990 1170 1004 1205 :
1050 1150 1114 1206 Ut
1153 1152 1218 1204 sit
1250 1152 1420 1217 virgo,
1458 1160 1577 1216 quae
1611 1141 1755 1199 nullo
1788 1140 1897 1193 doli
1927 1137 2128 1189 ambitu

542 1250 805 1302 sincerum
853 1245 1106 1299 adulteret
1165 1242 1427 1312 cﬁ'ectum,
1474 1237 1629 1290 corde
1675 1230 1919 1292 humilis,
1964 1228 2128 1281 verbis

544 1336 750 1407 gravis,
796 1337 973 1388 animo
1015 1330 1274 1401 prudens,
1329 1325 1642 1393 uoluptatem
1704 1321 1941 1372 ciborum
1993 1315 2130 1368 dun-

544 1437 688 1481 taxat
715 1465 731 1491 ,
781 1427 826 1481 si
867 1442 970 1495 qua
1017 1424 1198 1492 fuerit,
1238 1434 1395 1488 parvo
1442 1415 1721 1476 redimens,
1767 1410 1946 1465 carnis
2002 1408 2129 1462 vitia

542 1519 755 1571 omnino
795 1530 1142 1585 compescens,
1188 1509 1428 1579 loquendi
1467 1505 1711 1575 parcior,
1760 1500 1963 1571 legendi
2018 1508 2128 1552 stu-

551 1609 768 1663 diosior.
797 1607 893 1660 Cui
917 1608 980 1659 sit
1010 1620 1111 1657 non
1143 1611 1314 1672 gestus
1332 1597 1571 1668 fractior,
1604 1610 1705 1649 non
1728 1593 1959 1645 incessus
1986 1588 2128 1642 solu-

542 1700 665 1762 tior,
713 1714 815 1752 non
843 1712 936 1750 vos:
970 1693 1308 1764 petulantior,
1339 1698 1393 1744 ut
1436 1688 1547 1757 ipsa
1575 1686 1766 1754 species
1798 1680 2030 1749 corporis
2058 1679 2125 1732 sit

1584 299 1667 350 EA
1680 295 1884 349 ωιιῑιιι
1906 291 2130 349 ΜΟΝΛ(

2240 282 2792 351 fiANTUAIiIENSlS
3714 272 3801 329 τινι

2828 390 3053 449 CAPUT
3106 389 3213 445 \'II.

2262 488 2384 544 Non
2417 488 2650 558 potuisse
2689 485 2854 541 Deunt
2886 500 2949 539 ea:
2975 482 3081 539 alia
3113 479 3309 551 virgine
3341 478 3603 531 nominem
3635 475 3778 543 elici.

2301 579 2456 636 Unde
2500 579 2631 635 mihi
2672 580 2923 634 videntur
2971 593 2999 631 a
3033 590 3161 630 vero
3206 570 3431 627 alienari
3500 565 3593 633 qui
3638 566 3809 622 dicunt

2230 672 2396 727 Deum
2425 674 2663 742 potuisse
2688 670 2915 729 salutem
2945 670 3232 724 humanam
3256 684 3550 739 procurare
3570 709 3587 733 ,
3613 667 3702 723 vel
3725 684 3809 737 per

2227 763 2387 817 aliam
2414 765 2696 834 virginem,
2722 762 2804 817 vel
2832 778 2928 832 per
2960 761 3102 831 aliud
3132 776 3292 830 quam
3320 776 3415 830 per
3442 760 3730 829 virginem.
3754 762 3812 817 Et

2230 854 2302 909 illi
2327 853 2540 923 quidem
2567 856 2657 925 qui
2684 856 2976 924 opinantur
3001 854 3238 925 potuisse
3270 854 3438 910 Deum
3484 854 3810 925 incorporati

2230 944 2282 997 itt
2307 944 2483 1013 aliqua
2513 944 2681 999 altera
2711 945 2943 1013 virgine,
2984 945 3283 1012 respondeo
3313 943 3639 1012 compendio
3667 961 3681 995 z
3710 942 3811 997 Imo

2231 1051 2335 1089 non
2373 1037 2565 1105 potuit,
2602 1036 2727 1106 quia
2757 1050 2862 1090 non
2892 1033 3076 1090 voluit.
3106 1036 3172 1089 Et
3193 1050 3223 1091 e
3249 1051 3540 1091 converso:
3578 1034 3699 1089 Non
3732 1050 3835 1089 ιο·-

2230 1126 2348 1192 luit,
2379 1128 2505 1197 quia
2531 1141 2639 1182 non
2679 1127 2872 1197 potuit.
2904 1126 3161 1193 Quamvis
3188 1126 3331 1180 enim
3356 1127 3706 1196 omttipomns
3728 1126 3812 1194 sit,

2230 1218 2393 1273 nmlta
2425 1228 2550 1273 sunt
2594 1227 2770 1273 tamen
2809 1233 2929 1286 qua:
2961 1218 3159 1273 dicitur
3194 1233 3301 1273 non
3331 1233 3525 1288 posse;
3552 1219 3699 1274 sicut
3724 1234 3814 1275 nec

2231 1311 2446 1365 mentiri
2490 1320 2688 1381 potest,
2738 1326 2838 1367 nec
2882 1311 3043 1374 mori,
3086 1310 3213 1380 quia
3261 1326 3366 1366 non
3414 1310 3547 1367 vult.
3594 1310 3733 1366 Nam
3776 1313 3813 1368 si

2229 1402 2387 1456 vellet
2411 1403 2623 1457 mentiri
2655 1403 2737 1457 vel
2773 1403 2931 1469 mori,
2961 1418 3066 1457 non
3106 1412 3250 1459 esset
3282 1405 3661 1475 omnipotens,
3696 1406 3811 1473 quia

2228 1494 2441 1547 mentiri
2474 1508 2577 1548 non
2613 1503 2696 1550 est
2738 1494 2996 1565 potentia,
3038 1496 3131 1550 sed
3175 1507 3260 1550 est
3297 1506 3606 1567 peccatum,
3647 1498 3702 1555 id
3744 1509 3817 1555 est

2227 1584 2352 1638 boni
2381 1584 2730 1654 impotentia;
2761 1594 2815 1639 et
2846 1585 2981 1639 mori
3024 1594 3105 1640 est
3136 1586 3368 1643 deficere
3398 1604 3429 1639 a
3453 1589 3728 1658 potentia.
3761 1590 3815 1644 Et

2224 1672 2348 1729 ideo
2383 1678 2447 1732 de
2488 1676 2597 1731 Deo
2630 1676 2860 1730 dicitur:
2894 1675 3087 1730 Omnia
3132 1694 3455 1749 quacunque
3502 1680 3667 1733 voluit
3704 1680 3815 1748 fecit

541 1790 885 1846 simulacrum
914 1763 1099 1842 mentis
1120 1795 1165 1840 et
1190 1784 1365 1855 ﬁgura
1388 1780 1684 1849 probitatis.
1709 1778 1838 1844 Qua:
1868 1775 1919 1829 in
1952 1781 2127 1828 matre
2160 1764 2201 1822 Β
2231 1763 2402 1831 (l’sul.
2434 1782 2587 1830 cxut,
2619 1767 2696 1836 3),
2742 1768 2869 1835 quia
2917 1768 3050 1821 nihil
3078 1768 3242 1823 voluit
3285 1769 3387 1824 nisi
3424 1774 3568 1841 quod
3619 1772 3812 1828 deruit.

541 1882 753 1936 Domini
796 1879 987 1943 fuisse,
1022 1892 1182 1933 nemo
1222 1872 1566 1930 Christianus
1608 1871 1707 1925 ibit
1744 1869 1975 1935 inficias,
2004 1882 2125 1922 cum

539 1971 654 2039 ejus
680 1970 791 2026 vita
813 1970 1034 2041 inclyta,
1068 1976 1128 2021 ut
1162 1965 1408 2029 canitur,
1434 1970 1662 2017 cunctas
1688 1957 1921 2014 illustret
1960 1966 2018 2014 et
2043 1956 2151 2023 in-V

542 2064 744 2119 formet
769 2062 1061 2117 Ecclesias.

1138 2148 1384 2221 (CAPUT
1425 2146 1511 2201 VL

610 2245 725 2300 llas
749 2254 947 2300 sancta:
978 2242 1167 2298 Mariis
1194 2242 1408 2295 virtutes
1442 2235 1677 2292 Christus
1705 2234 2052 2304 conﬁrmavit.

612 2357 750 2413 IIuic
778 2356 967 2427 puella:
994 2355 1072 2411 sic
1098 2354 1360 2408 virtutum
1387 2351 1686 2406 diademate
1722 2347 2007 2411 redimitae,
2042 2358 2124 2400 to-

540 2458 652 2502 tum
681 2464 739 2503 se
768 2446 962 2502 infudit
1004 2445 1096 2500 Dei
1134 2444 1323 2509 Filius,
1362 2442 1501 2497 bona
1542 2441 1628 2495 illa
1658 2439 1935 2512 virginalis
1959 2438 2123 2491 animi

540 2555 637 2593 suo
686 2538 1024 2607 potissimum
1068 2536 1297 2590 adventu
1339 2532 1673 2588 custodiens.
1723 2528 1969 2598 Namque
2013 2529 2126 2596 ipse

540 2647 645 2684 non
680 2629 852 2685 solum
894 2626 1096 2698 justus,
1127 2626 1221 2681 sed
1250 2635 1306 2681 et
1337 2624 1450 2693 ipsa
1481 2632 1564 2678 est
1589 2621 1828 2691 iustitia,
1866 2618 1957 2689 qui
1988 2619 2123 2672 dici-

542 2732 629 2774 tur
673 2720 725 2774 in
769 2719 1017 2789 psalmo:
1053 2715 1295 2771 Dilexisti
1310 2713 1575 2783 justitiam
1610 2722 1658 2766 et
1689 2711 1846 2765 odisti
1875 2709 2127 2778 iniquita-

538 2821 639 2864 tem
679 2808 851 2879 (Psal.
879 2822 1036 2873 ιιιν,
1064 2806 1142 2873 8).
1178 2805 1405 2859 Matrem
1437 2818 1568 2871 ergo
1602 2816 1753 2856 suam
1789 2799 1899 2869 jam
1922 2799 2125 2869 justam

539 2902 740 2956 iustitia
771 2900 865 2954 Dei
890 2909 1181 2970 penetrans
1210 2936 1226 2963 ,
1253 2897 1408 2950 unxit
1433 2910 1555 2950 eam
1586 2893 1705 2949 oleo
1726 2890 2121 2952 exsultationis,

539 2993 593 3047 id
637 3002 715 3047 est
762 2993 968 3062 Spiritu
1031 2999 1259 3054 sancto,
1311 3002 1421 3059 prae
1465 2986 1717 3042 omnibus
1770 2981 2124 3054 participibus

540 3082 675 3146 suis,
708 3083 757 3136 id
789 3092 871 3137 est
895 3082 1148 3135 omnibus
1172 3076 1490 3147 virginibus.
1521 3074 1925 3131 Fecunditatem
1964 3069 2121 3124 matri
2153 3107 2197 3164 Ο

541 3171 845 3231 conferens,
877 3170 1241 3239 virginitatem
1291 3182 1396 3221 non
1427 3165 1703 3228 auferens,
1742 3162 1857 3233 ipse
1882 3175 1987 3215 non
2035 3176 2122 3214 so-

542 3260 649 3314 lutn
685 3264 921 3331 sapiens,
951 3260 1044 3313 sed
1074 3259 1190 3328 ipsa
1232 3256 1324 3311 Dei
1352 3253 1621 3324 sapientia
1652 3261 1734 3307 est
1763 3259 1818 3305 et
1854 3250 1907 3304 in
1940 3265 2004 3302 eo
2036 3263 2122 3302 re-

544 3351 825 3417 quieScunt
851 3363 1040 3403 omnes
1074 3348 1314 3403 thesauri
1358 3344 1636 3415 sapientiae
1680 3342 1844 3395 ctiattt
1871 3354 2124 3408 corpora-

544 3440 683 3493 liter.
715 3439 995 3493 Inveniens
1023 3452 1152 3507 ergo
1176 3438 1475 3507 sapientem
1514 3431 1768 3504 puellam,
1802 3428 2126 3500 sapientiam

543 3533 777 3586 servavit
812 3531 903 3585 Dei
944 3531 1240 3599 sapientia,
1294 3528 1347 3583 id
1397 3536 1481 3582 est
1533 3524 1787 3581 mundam
1835 3523 2127 3578 custodivit

544 3623 707 3676 corde
732 3632 785 3677 et
812 3637 1058 3691 corpore.
1085 3620 1363 3690 Siquidem
1394 3618 1658 3686 scriptum
1691 3623 1777 3669 est
1807 3632 1820 3667 :
1861 3612 1929 3667 In
1958 3612 2123 3666 male-

543 3713 712 3765 volam
740 3714 971 3765 animam
1020 3727 1122 3764 non
1160 3708 1393 3762 introibit
1422 3705 1703 3775 sapientia.
1746 3719 1837 3757 nec
1872 3702 2123 3757 habitabit

541 3806 595 3856 in
624 3818 837 3870 corpore
864 3800 1071 3855 subdito
1112 3800 1335 3870 peccatis
1359 3797 1510 3867 (Sep.
1540 3812 1590 3863 t,
1615 3796 1693 3865 ι).
1734 3795 1851 3865 Ipse
1886 3805 1969 3854 est
2000 3806 2126 3850 tem-

543 3908 751 3962 perans.
785 3900 841 3946 et
871 3891 985 3960 ipsa
1015 3890 1373 3960 temperantia
1394 3930 1409 3955 ,
1434 3889 1577 3944 sicut
1599 3889 1733 3943 dicit
1756 3889 1809 3942 in
1837 3888 2079 3944 Canticis
2107 3903 2122 3941 :

543 3984 655 4052 Ego
684 3984 850 4038 lilium
882 3982 1196 4038 convallium
1229 3981 1409 4053 (Cant.
1439 3996 1499 4048 It,
1532 3982 1619 4051 1).
1667 3980 1720 4034 id
1768 3990 1853 4036 est
1893 3980 1992 4035 llos
2028 3982 2127 4035 Itu-

544 4075 767 4129 milium.
818 4075 1071 4144 Idemque
1112 4076 1169 4129 in
1202 4073 1493 4143 Evangelio
1521 4086 1539 4127 :
1566 4071 1760 4126 Discite
1809 4089 1843 4125 a
1879 4088 1960 4126 me
2001 4074 2127 4142 quia

549 4167 689 4219 ntitis
710 4182 824 4220 sum
840 4176 885 4219 et
907 4166 1117 4220 humilis
1134 4167 1289 4221 corde
1310 4163 1527 4232 (Matth.
1554 4178 1631 4230 at,
1662 4163 1775 4233 29).
1806 4162 2127 4232 Dignatioue

544 4273 672 4327 ergo
701 4272 799 4310 sua
839 4257 1193 4312 humilitatem
1241 4255 1464 4325 virginis
1508 4264 1817 4324 acceptans,
1858 4254 2015 4323 plena
2046 4254 2129 4308 di-

544 4349 770 4402 vinitate
797 4350 849 4403 in
880 4350 995 4419 ejus
1021 4349 1233 4405 influxit
1257 4350 1548 4418 gremium,
1577 4358 1636 4402 ut
1661 4348 1793 4403 dicit
1822 4348 2082 4417 propheta
2108 4365 2120 4400 :

546 4438 715 4507 Super
739 4456 889 4510 quem
932 4442 1249 4510 requiescam
1300 4439 1403 4493 nisi
1445 4455 1601 4510 super
1631 4438 1878 4492 humilem
1914 4449 1961 4492 et
1984 4438 2128 4507 quie-
2164 4479 2207 4537 ο

544 4531 694 4589 tum?
741 4531 893 4600 (lsai.
944 4546 1090 4593 vat,
1141 4530 1219 4599 2.)
1264 4528 1505 4597 Itemque
1554 4528 1666 4597 ipsa
1708 4527 1760 4581 in
1803 4526 2127 4596 Evangelio:

548 4624 688 4689 Quia
716 4625 934 4693 respexit
966 4624 1313 4681 humilitatem
1343 4621 1554 4681 ancilla:
1584 4637 1699 4687 sua:
1730 4619 1882 4690 (Luc.
1931 4636 1971 4683 ι,
2017 4618 2128 4689 48).

546 4717 663 4786 Ipse
709 4718 872 4771 etiam
919 4727 1003 4771 est
1048 4731 1154 4770 non
1192 4716 1362 4773 solum
1401 4714 1582 4779 fortis,
1632 4714 1725 4768 sed
1771 4720 1827 4767 et
1874 4711 2133 4779 fortitudo

548 4809 664 4874 Dei,
693 4824 789 4880 per
810 4824 968 4878 quem
996 4808 1125 4862 fecit
1153 4808 1289 4862 Deus
1315 4807 1477 4862 Pater
1503 4807 1685 4862 omnia
1720 4819 1787 4859 ex
1829 4803 1992 4858 nullo.
2032 4805 2131 4871 Qui

545 4897 703 4955 fortis
724 4898 919 4953 diaboli
960 4897 1148 4951 fortior
1181 4898 1567 4967 superveniens
1603 4894 1922 4963 exspoliavit
1964 4895 2130 4960 atria,

546 5001 600 5045 et
627 4990 805 5046 divisit
827 4991 993 5060 spolia
1028 4989 1179 5060 (Luc.
1209 5005 1285 5055 tu,
1315 4989 1427 5059 22).
1456 4988 1575 5044 Non
1603 5003 1731 5054 ergo
1762 4985 2132 5062 fortitudinem

549 5085 740 5138 matris
768 5098 1021 5138 enervem
1054 5082 1302 5148 reddidit,
1350 5084 1443 5138 sed
1473 5096 1567 5136 sua
1598 5079 1838 5149 potentia
1879 5078 2134 5132 sublima-

550 5174 646 5238 vit,
674 5182 730 5227 ut
761 5182 905 5228 esset
943 5175 1225 5243 imperiosa
1263 5182 1527 5230 creatura:
1565 5172 1731 5226 totius
1756 5171 1883 5225 hera
1905 5210 1920 5236 ,
1954 5169 2135 5224 conci-

552 5264 691 5319 lians
719 5276 770 5320 et
802 5264 1110 5320 demulcens
1150 5280 1396 5335 superos,
1427 5264 1720 5321 deturbatis
1755 5271 1808 5317 et
1853 5270 2135 5316 exterrens

552 5357 774 5411 inferos.
806 5358 935 5412 Eam
954 5372 1196 5415 scratans
1216 5359 1378 5414 corda
1407 5368 1454 5412 et
1484 5374 1627 5412 renes
1668 5356 1808 5410 Deus
1840 5353 2011 5427 (Psal.
2034 5369 2130 5419 vn,

553 5448 665 5518 10),
695 5464 762 5504 ex
808 5453 1057 5506 omnibus
1088 5452 1406 5522 virginibus,
1433 5466 1572 5521 quas
1596 5449 1843 5519 capiebat
1870 5446 2132 5509 mundus,

549 5542 711 5613 elegit
736 5552 790 5599 et
810 5546 1186 5609 sanctificavit,
1211 5554 1269 5598 ut
1291 5545 1557 5601 habitaret
1586 5544 1639 5597 in
1664 5558 1726 5599 ea
1758 5539 2132 5609 corporaliter,

550 5647 713 5704 quam
754 5633 866 5702 jam
898 5635 1104 5703 plenam
1138 5634 1345 5703 pridem
1376 5633 1700 5703 supradictis
1731 5629 2017 5684 virtutibus
2059 5628 2135 5684 fo-

551 5726 710 5783 vebat
739 5736 788 5780 et
822 5725 1362 5797 circamplectcbatur
1389 5725 1755 5796 Spll‘lltlttliICI‘.

2230 1856 2429 1911 Eodem
2478 1858 2637 1913 modo
2673 1858 2793 1914 dico
2834 1875 2957 1915 eum
3003 1877 3103 1916 nec
3156 1864 3394 1932 patuisse
3428 1880 3528 1919 nec
3569 1866 3815 1933 debuisse

2230 1950 2378 2004 nasci
2416 1964 2478 2005 ex
2504 1948 2610 2005 alia
2637 1952 2866 2021 virgine.
2907 1952 2971 2007 Et
3002 1964 3307 2024 propterea,
3335 1965 3392 2010 ttt
3417 1956 3554 2023 dixi,
3584 1974 3697 2013 non
3727 1976 3813 2029 po-

2230 2041 2352 2108 tuit,
2382 2042 2505 2113 quia
2542 2043 2733 2097 noluit.
2778 2041 2960 2100 Noluit
2989 2062 3171 2116 porro,
3203 2051 3331 2118 quia
3368 2051 3507 2106 ratio
3552 2068 3665 2106 non
3703 2053 3813 2108 fuit.

2232 2130 2395 2185 Deum
2425 2143 2572 2188 certe
2601 2136 2826 2190 rationis
2857 2146 3131 2203 auctorem
3170 2150 3358 2195 contra
3397 2144 3667 2197 rationem
3694 2146 3816 2203 nihil

2231 2223 2386 2289 Velle,
2419 2224 2551 2278 nihil
2577 2224 2785 2290 facere,
2805 2228 2933 2281 nihil
2960 2232 3327 2300 etiamposse,
3353 2233 3405 2287 in
3436 2247 3697 2305 promptu
3724 2248 3812 2299 est.

2230 2316 2360 2382 Quis
2384 2331 2514 2372 vero
2558 2333 2664 2372 non
2709 2319 2889 2373 videat
2921 2319 3086 2376 Deum
3124 2338 3155 2379 a
3195 2324 3405 2380 ratione
3435 2328 3751 2393 resilnisse.
3775 2332 3815 2385 si

2228 2422 2348 2461 cum
2370 2423 2558 2463 omnes
2587 2409 2807 2464 omnino
2835 2410 3062 2467 feminas
3090 2412 3227 2469 infra
3265 2417 3618 2483 sanctitatem
3651 2421 3818 2483 beaten

2230 2497 2413 2551 Maria:
2464 2509 2732 2565 cerneret,
2782 2502 2883 2555 alia
2930 2504 3171 2572 qualibet
3213 2504 3266 2559 in
3324 2516 3555 2562 matrem
3614 2509 3813 2576 electa,

2230 2591 2398 2660 ipsam
2428 2594 2738 2662 sperneret?
2768 2593 2941 2663 Ipsam
2972 2606 3151 2650 autem
3184 2612 3374 2653 omnes
3402 2601 3665 2656 mulieres
3695 2619 3815 2665 sau-

2229 2681 2413 2735 ctitate
2446 2681 2806 2751 pra‘celluisse
2856 2693 2985 2754 puto
3034 2685 3177 2755 quod
3231 2688 3482 2759 intelligit
3532 2695 3628 2758 qui
3667 2706 3816 2761 supe-

2232 2774 2375 2827 riora
2433 2773 2832 2830 animadvertit.
2889 2775 3025 2833 Nam
3066 2778 3184 2834 alia:
3230 2782 3448 2851 quidem
3495 2794 3684 2851 partes
3712 2802 3815 2855 gra-

2231 2868 2422 2921 tiarum
2452 2878 2722 2936 metuere;
2760 2870 2873 2940 ipsa
2903 2881 3083 2929 autem
3110 2872 3269 2946 plena
3313 2876 3490 2947 gratia
3528 2878 3603 2934 ab
3630 2879 3818 2951 angelo

2228 2963 2512 3018 salutatur.

2299 3056 2563 3126 Amplius,
2612 3055 2704 3127 qui
2754 3053 2885 3110 dicit
2932 3055 3100 3111 Deum
3150 3057 3400 3114 debuisse
3439 3060 3523 3115 vel
3570 3063 3813 3130 potuisse

2227 3148 2383 3202 aliter
2410 3164 2572 3220 quam
2607 3165 2703 3220 per
2727 3158 2943 3221 partum
2984 3150 3211 3219 virginis
3244 3151 3373 3207 Adae
3416 3169 3683 3224 reparare
3704 3171 3817 3226 pec-

2226 3251 2428 3304 catum,
2482 3240 2620 3294 idem
2664 3249 2745 3295 est
2773 3240 2929 3309 quasi
2976 3241 3022 3295 si
3072 3241 3277 3297 diceret
3332 3244 3526 3315 melius
3573 3262 3705 3300 eum
3748 3246 3819 3301 fa-

2226 3345 2352 3386 cere
2404 3331 2671 3395 debuisse,
2728 3330 2809 3385 vel
2870 3340 2976 3385 tam
3010 3331 3146 3387 bene
3185 3332 3344 3388 aliter
3370 3336 3633 3404 potuisse.
3671 3337 3816 3402 Quod

2225 3423 2271 3480 si
2320 3420 2512 3476 melius
2559 3422 2751 3477 fecisse
2802 3422 3011 3488 debuit,
3056 3424 3137 3479 vel
3168 3433 3278 3479 tam
3332 3426 3471 3482 bene
3520 3427 3691 3483 aliter
3726 3446 3818 3499 po-

2228 3523 2360 3579 ttut,
2391 3522 2447 3570 et
2476 3521 2653 3570 tamen
2684 3528 2790 3570 non
2819 3512 2966 3581 fecit,
3008 3513 3090 3573 vel
3123 3514 3314 3581 noluit,
3346 3516 3428 3573 vel
3476 3519 3735 3575 nescivit.
3764 3520 3817 3575 Si

2227 3606 2418 3662 melius
2471 3606 2644 3661 noluit
2686 3605 2904 3673 facere,
2941 3624 3064 3663 cum
3109 3610 3415 3679 potuisset,
3466 3612 3692 3668 invidus
3738 3614 3817 3669 vel

2227 3697 2451 3768 ignavus
2492 3699 2612 3755 fuit.
2665 3699 2722 3756 Si
2776 3702 3004 3758 nescivit
3054 3704 3245 3760 melius
3290 3704 3508 3771 facere,
3554 3723 3691 3763 cum
3737 3710 3820 3764 de-

2226 3788 2457 3856 buisset,
2492 3791 2712 3862 ignarus
2760 3792 2884 3847 fuit.
2932 3792 3201 3861 Quantum
3243 3796 3388 3850 enim
3418 3813 3450 3852 a
3491 3798 3591 3854 Dei
3624 3802 3820 3857 natura

2229 3879 2560 3936 abhorreant
2591 3882 2793 3937 invidia
2816 3922 2831 3948 ,
2862 3882 3106 3955 ignavia,
3140 3885 3464 3957 ignorantia,
3493 3886 3704 3944 fatetur
3732 3890 3819 3959 qui

2228 3971 2373 4025 videt
2396 3987 2556 4041 quam
2586 3973 2892 4041 pudendum
2930 3974 3003 4029 sit
3030 3974 3146 4030 haec
3170 3976 3301 4029 vitia
3331 3975 3553 4034 euthbel
3590 3980 3818 4035 honesto

2227 4064 2428 4121 homini
2458 4065 2753 4119 ascribere.
2786 4066 2977 4123 Restat
2999 4081 3127 4137 ergo
3157 4069 3333 4138 utqui
3378 4070 3495 4125 haec
3538 4071 3653 4125 Deo
3694 4073 3818 4135 assi-

2226 4170 2393 4225 gnare
2437 4157 2728 4222 erubescit,
2771 4173 2872 4213 nec
2910 4160 3201 4229 praedictas
3241 4160 3691 4218 ratiocinationes
3742 4180 3817 4218 re-

2228 4247 2395 4315 spuit,
2443 4247 2678 4302 fateatur
2705 4248 2849 4317 quod
2896 4249 3037 4305 Deus
3064 4267 3170 4306 non
3206 4251 3309 4305 nisi
3353 4268 3447 4322 per
3474 4254 3743 4323 virginem
3772 4264 3819 4308 et

2228 4354 2325 4408 per
2357 4340 2494 4394 hanc
2523 4340 2863 4409 potissimam
2910 4341 3169 4412 virginem
3210 4343 3468 4397 mundum
3509 4354 3817 4401 restaurare

2234 4428 2425 4497 potuit.
2458 4426 2574 4484 Non
2603 4430 2778 4500 potuit
2829 4428 2989 4485 aliter
3029 4431 3157 4502 quia
3204 4447 3311 4486 non
3362 4434 3567 4501 voluit;
3626 4420 3819 4498 noluit,

2234 4520 2360 4587 quia
2389 4521 2525 4575 ratio
2554 4536 2663 4576 non
2694 4522 2813 4577 fttit.
2840 4523 2909 4577 Et
2936 4522 3061 4593 quia
3102 4525 3241 4581 ratio
3270 4540 3377 4580 non
3426 4526 3550 4592 fuit,
3582 4543 3695 4583 non
3730 4530 3819 4583 de-

2234 4609 2368 4664 buit.
2396 4612 2566 4678 Quam
2598 4615 2968 4683 gradationeut
2994 4617 3037 4670 si
3064 4617 3186 4685 quis
3212 4618 3488 4688 reciproce
3509 4630 3821 4682 convertat.

2236 4720 2341 4758 non
2373 4707 2523 4759 irrita
2554 4708 2657 4762 erit
2688 4708 2787 4762 hoc
2822 4708 2982 4764 modo
3010 4725 3023 4761 :
3056 4708 3172 4765 Non
3208 4711 3393 4777 debuit
3415 4714 3576 4768 aliter
3609 4714 3820 4769 salvam

2234 4810 2404 4867 genus
2449 4798 2763 4864 humatmm,
2795 4800 2921 4869 quia
2970 4800 3109 4857 ratio
3132 4817 3237 4857 non
3269 4802 3395 4869 fuit;
3429 4814 3484 4858 et
3514 4805 3641 4873 quia
3690 4806 3821 4857 ratio

2236 4907 2340 4945 non
2379 4890 2509 4955 fuit,
2558 4890 2756 4958 noluit;
2801 4901 2856 4949 et
2884 4894 3012 4963 quia
3055 4896 3248 4961 noluit,
3301 4912 3409 4953 non
3461 4900 3660 4966 potuit,
3697 4899 3820 4967 quia

2235 4992 2425 5035 contra
2453 4980 2714 5047 rationem
2738 4983 2917 5039 facere
2952 5000 3052 5041 nec
3079 4987 3253 5055 potuit
3272 5027 3289 5053 ,
3320 5002 3421 5043 nec
3447 4988 3635 5043 voluit.

2496 5062 2499 5067 ’
2823 5077 3049 5143 CAPUT
3095 5077 3223 5133 VHL

2487 5166 2797 5233 Sublimitas
2827 5168 2990 5223 beatte
3031 5167 3257 5239 Virginis
3289 5169 3603 5238 explicatur.

2309 5255 2570 5313 Sensibus
2595 5260 2942 5327 antiquorum
2970 5258 3187 5313 Patrum
3219 5260 3285 5314 de
3322 5261 3618 5315 virtutibus
3649 5261 3819 5316 beat:

2237 5346 2420 5401 Maria:
2468 5348 2705 5402 breviter
2747 5348 3021 5403 defloratis
3050 5357 3106 5402 et
3142 5348 3197 5402 in
3244 5364 3406 5403 unum
3457 5350 3819 5415 coacervatis,

2239 5458 2380 5496 nunc
2416 5442 2480 5495 ad
2525 5441 2910 5495 sublimitatem
2960 5440 3076 5508 ejus
3113 5442 3625 5507 commendandam,
3655 5458 3825 5511 quant

2237 5544 2459 5603 propter
2491 5534 2718 5601 gratiam
2750 5533 3003 5585 virtutum
3020 5540 3102 5585 est
3119 5533 3334 5601 adepta,
3358 5533 3602 5603 vigilabit
3620 5534 3820 5588 oratio.

2236 5626 2315 5678 Ad
2341 5627 2481 5694 quod
2518 5625 2881 5695 perspicacius
2912 5623 3323 5685 enucleandum,
3365 5639 3605 5680 amorem
3639 5625 3734 5679 filii
3768 5625 3822 5678 in

2240 5726 2467 5772 matrem
2500 5728 2553 5771 ct
2580 5718 2768 5772 matris
2800 5717 2850 5770 in
2882 5716 3047 5769 filium
3079 5731 3398 5786 proponam.
