3904 6306
48 318 162 387 585

1181 327 1264 386 DE
1300 325 1369 386 IV
1404 325 1828 390 VlRTUTIBUS
1868 334 1929 389 Β.
1970 334 2228 394 ΜΑΒΙᾹΞ.

3221 356 3329 415 586

120 448 272 502 Deus
288 442 458 501 Filius
479 445 957 501 consubstantialis
979 455 1032 502 et
1053 456 1352 504 coaeternus
1379 458 1433 504 et
1457 463 1641 504 coom—
1671 453 1722 512 Α
1750 450 1895 505 vium
1940 465 2160 508 suorum
2187 455 2313 511 olim
2344 470 2442 527 per
2481 472 2760 529 peccatum
2790 462 3113 521 diminutum
3145 483 3335 528 nume-

46 540 310 611 nipotens
344 536 514 605 Patri,
560 538 740 593 editus
776 554 843 594 ex
881 538 1045 594 Patre
1081 551 1210 595 ante
1254 549 1495 610 tempora
1527 542 1645 597 sine

45 640 252 696 matre,
280 629 451 686 voluit
478 630 628 685 nasci
658 631 724 685 de
749 641 921 686 matre
943 632 1060 686 sine
1076 641 1229 702 patre
1251 632 1349 687 sub
1378 641 1646 703 tempore,

43 721 327 791 elegitque
348 720 487 775 hanc
503 719 734 789 puellam
758 731 854 791 pro
875 734 1061 775 amore
1082 735 1243 790 quem
1266 720 1497 775 habebat
1518 735 1646 791 erga

42 826 195 875 eam,
226 811 280 864 in
310 824 472 880 quam
503 818 613 864 tota
648 809 903 865 divinitas
941 809 1211 875 inﬂueret,
1234 819 1289 866 et
1315 826 1435 881 quae
1460 811 1553 865 Dei
1592 822 1648 867 et

44 901 293 957 hominis
317 898 560 973 genitrix
587 900 760 955 fieret.
785 899 1006 956 Amavit
1028 915 1159 973 ergo
1182 917 1327 968 eam,
1353 916 1645 976 antequam

41 1009 109 1049 ex
145 1006 213 1048 ea
244 1001 587 1055 nasceretur,
616 998 675 1045 ut
708 1000 852 1047 esset
886 991 954 1047 de
985 1006 1089 1063 qua
1119 993 1281 1064 digne
1304 1007 1639 1052 nasceretur.

39 1083 364 1153 Parvusque
402 1083 491 1139 hic
530 1097 683 1139 amor
708 1090 877 1140 estut
902 1082 1108 1140 faceret
1137 1100 1205 1141 ex
1240 1085 1349 1141 lilia
1388 1097 1641 1157 matrem,

42 1192 104 1233 cx
134 1180 390 1231 creatura
418 1171 701 1231 Creatoris
728 1175 1090 1247 genitricem?
1131 1176 1245 1233 Nec
1271 1186 1391 1248 post
1418 1190 1636 1249 partum

46 1283 203 1324 amor
228 1266 458 1332 defecit,
490 1283 599 1323 imo
640 1266 1061 1338 incomparabile
1095 1284 1448 1341 augmentum
1487 1288 1646 1329 acce-

43 1364 138 1434 pit.
167 1362 327 1418 Sicut
348 1362 495 1417 enim
542 1375 736 1417 omnes
762 1360 1029 1431 homines,
1058 1378 1124 1420 ex
1159 1375 1393 1437 utroque
1420 1376 1644 1439 parente

44 1453 230 1525 geniti,
260 1452 641 1523 departiuntur
670 1464 913 1510 amorem
936 1452 991 1509 in
1022 1467 1311 1528 utrumque
1338 1468 1642 1529 parentem,

44 1548 114 1601 ita
135 1545 405 1611 Dominus
428 1543 587 1602 Jesus
607 1560 673 1602 ex
697 1556 869 1603 matre
892 1548 1103 1618 genitus
1132 1550 1249 1605 sine
1274 1560 1448 1622 patre,
1474 1554 1645 1623 patris

42 1646 94 1692 et
140 1638 339 1692 matris
388 1636 488 1693 soli
539 1637 700 1692 matri
751 1638 935 1693 debuit
968 1646 1023 1693 et
1074 1640 1338 1710 persolvit
1379 1657 1641 1698 amorem.

42 1729 196 1797 item,
234 1729 347 1786 duo
368 1738 524 1785 erant
550 1729 602 1786 in
625 1728 862 1801 Virginis
890 1730 1092 1797 animo,
1121 1731 1379 1788 invisibili
1408 1733 1503 1789 sed
1520 1745 1643 1789 ma-

1750 557 1890 605 rum,
1940 558 2085 600 nune
2121 558 2217 616 per
2258 548 2477 606 beatum
2529 551 2645 621 ejus
2691 564 2905 625 partum
2946 558 3329 631 redintegrati.

1748 631 2070 691 Gaudebant
2093 647 2147 692 et
2183 639 2422 709 gaudent
2446 643 2717 710 homines,
2756 646 2883 716 quia
2913 650 3056 718 quod
3097 667 3193 721 per
3227 654 3331 723 pri-

1747 741 1894 781 mam
1916 728 2222 784 amiserunt
2255 730 2535 800 feminam,
2564 738 2909 809 eentuplicati
2941 743 3100 812 pretii
3126 744 3339 803 frenare

1749 819 2019 890 recipiunt
2052 835 2148 890 per
2188 822 2432 879 Mariam.
2474 826 2808 886 Corruerunt
2848 836 3011 901 servi,
3049 852 3339 912 resurgunt

1748 908 1946 967 fratres
1988 924 2044 967 et
2083 914 2210 980 ﬁlii;
2250 914 2451 972 fratres
2474 919 2708 987 Domini,
2755 923 2938 982 Maria:
2997 928 3114 984 filii.
3178 908 3336 998 ῥυοά

1746 1003 2002 1073 gaudium
2066 1005 2118 1060 in
2174 1006 2604 1078 incomparabile
2651 1028 2986 1075 crementum
3027 1022 3334 1094 pullulabit,

1747 1108 1870 1149 cum
1894 1094 2108 1151 illorum
2138 1102 2431 1168 praesentia
2458 1104 2710 1173 praesenti
2730 1106 2978 1165 fruentur
3002 1113 3055 1167 in
3084 1116 3222 1172 coelo
3243 1117 3336 1173 lte-

1747 1184 1889 1251 titia,
1917 1200 2015 1256 per
2052 1203 2188 1257 quos
2219 1199 2369 1246 tanta
2408 1198 2684 1253 consecuti
2724 1205 3086 1272 suntgaudia.
3126 1206 3337 1266 Gaude-

1746 1276 1840 1332 bat
1884 1286 1940 1332 et
1978 1280 2178 1349 gaudet
2218 1284 2396 1339 omnis
2447 1296 2721 1355 creatura,
2760 1293 2885 1360 quia
2932 1311 3050 1364 qua:
3079 1297 3132 1351 in
3180 1300 3335 1357 initio

1744 1368 1932 1423 mundi
1964 1384 1992 1423 a
2038 1370 2150 1425 Deo
2189 1373 2255 1426 ad
2297 1375 2616 1447 obsequium
2646 1380 2882 1438 hominis
2918 1384 3080 1453 facta,
3116 1394 3335 1459 quando

1746 1472 1804 1514 se
1828 1459 1989 1516 homo
2028 1477 2059 1516 a
2088 1463 2404 1533 cognitione
2428 1475 2481 1522 et
2509 1470 2733 1526 servitio
2772 1471 2867 1528 Dei
2900 1486 3223 1544 removerat,
3257 1480 3334 1536 illi

1745 1549 1839 1618 qui
1890 1548 2139 1606 Creatori
2187 1567 2286 1609 suo
2330 1555 2547 1612 rebellis
2584 1569 2735 1627 erat,
2778 1562 3031 1634 degeneri
3072 1567 3335 1627 famulatu

1746 1638 2019 1695 substerni
2050 1641 2288 1699 dolebat.
2312 1644 2428 1712 illa,
2461 1644 2702 1717 inquam,
2736 1650 2958 1709 homine
2988 1670 3085 1724 per
3116 1657 3337 1716 beatam

1748 1730 1979 1788 Mariam
2007 1734 2239 1804 salveto,
2284 1737 2337 1793 in
2378 1740 2663 1811 antiquum
2706 1742 2873 1799 decus
2912 1748 3109 1813 evasit,
3136 1749 3190 1804 in
3220 1752 3333 1820 pri-

42 1836 143 1890 gno
166 1821 549 1877 concertantia
571 1819 776 1891 praelia,
801 1808 1145 1893 Virginitatis
1166 1838 1342 1887 amor,
1373 1833 1425 1879 et
1448 1823 1637 1895 legalis
1672 1806 1714 1861 Β
1748 1824 1953 1879 stinum
1981 1826 2329 1897 splendorem
2357 1806 2606 1897 renituit,
2640 1833 2765 1889 dum
2795 1834 2874 1892 illi
2905 1806 3200 1895 famulatur
3220 1806 3333 1912 ⁸(ιιιί

43 1912 446 1969 maledictionis
486 1913 668 1969 timor.
704 1914 1090 1971 Verumtamen
1121 1914 1321 1971 librato
1347 1914 1439 1971 diu
1489 1915 1639 1971 mul-

49 2012 268 2073 tumque
292 2004 552 2070 consilio,
592 2004 725 2060 vicit
766 2018 920 2060 amor
944 2004 1035 2077 qui
1076 2006 1545 2077 pmponderabat,
1586 2015 1643 2063 et

46 2094 187 2151 dedit
218 2104 376 2167 terga
417 2095 599 2153 timor.
628 2094 728 2152 llic
752 2098 995 2154 occurrit
1022 2097 1118 2154 Dei
1155 2097 1441 2164 auxilium,
1468 2099 1559 2167 qui
1585 2098 1638 2155 ei

42 2196 96 2243 et
130 2189 277 2260 quod
310 2188 538 2244 timebat
567 2187 822 2259 eriperet,
853 2200 910 2246 et
949 2192 1093 2263 quod
1140 2191 1358 2247 amabat
1388 2191 1538 2247 salvo
1564 2191 1640 2247 si-

47 2280 273 2349 gnaculo
308 2295 417 2337 non
452 2279 712 2337 auferret.
737 2279 894 2337 Dedit
921 2282 970 2338 ei
994 2296 1125 2354 ergo
1150 2293 1208 2338 nt
1233 2291 1377 2339 esset
1401 2290 1459 2339 et
1486 2280 1638 2354 prole

44 2370 234 2428 fertilis
259 2382 320 2429 et
357 2373 643 2444 virginalis
670 2376 851 2432 damni
884 2375 1161 2431 immunis.

112 2464 251 2533 Quid
279 2465 414 2522 illa?
438 2465 635 2524 Nonne
672 2469 835 2524 tantis
876 2469 970 2524 filii
1029 2468 1304 2526 beneficiis
1339 2470 1503 2542 digno
1544 2486 1636 2528 re-

52 2559 354 2627 spondebat
379 2574 588 2627 amore,
610 2560 767 2632 plena
800 2561 1002 2633 Spiritu
1023 2570 1235 2626 sancto,
1258 2562 1349 2633 qui
1376 2572 1469 2619 est“
1480 2579 1637 2620 amor

46 2648 231 2717 Patris,
274 2658 339 2707 et
381 2651 555 2722 prolis
590 2667 746 2708 amor
770 2654 953 2710 suavis
986 2663 1045 2709 et
1087 2653 1289 2720 dulcis;
1343 2670 1499 2710 amor
1526 2672 1633 2711 non

44 2742 326 2808 volaticus,
353 2744 451 2799 sed
483 2745 763 2800 :rternus?
786 2745 976 2800 Nonne
1007 2760 1130 2801 eum
1162 2746 1377 2802 amabat
1398 2748 1489 2817 qui
1512 2763 1634 2804 eam

48 2830 165 2888 fecit
198 2835 386 2890 omnis
413 2845 679 2892 creatura:
704 2837 1001 2902 dominam,
1025 2836 1149 2893 caeli
1195 2846 1249 2893 et
1278 2846 1439 2894 terrae
1484 2828 1639 2909 regi;

47 2936 183 2985 nam,
236 2922 603 2991 fertilitatem,
659 2934 719 2981 ut
764 2925 910 2992 dixi,
954 2925 1223 2993 tribuens,
1269 2927 1631 2998 integritatem

47 3028 142 3069 non
180 3016 479 3071 minuens?
507 3017 620 3073 lmo
662 3034 790 3074 vero
826 3018 955 3074 totis
975 3019 1244 3087 medullis,
1275 3022 1401 3077 totis
1428 3020 1633 3078 viribus

1744 1914 1993 1974 Creatori
2016 1935 2115 1975 suo
2140 1929 2196 1976 et
2225 1921 2409 1979 fide'et
2446 1938 2611 1996 Opere
2637 1928 2976 1999 obsequitur.
3008 1930 3169 1990 Sicut
3200 1951 3331 2008 ergo

1744 2008 1886 2065 Deus
1913 2020 1999 2067 est
2036 2010 2200 2069 Pater
2228 2022 2284 2070 et
2313 2014 2546 2074 Creator
2589 2021 2831 2077 omnium
2859 2061 2875 2090 ,
2906 2023 2981 2079 ita
3028 2026 3143 2083 haec
3164 2026 3330 2101 Virgo

1740 2110 1824 2157 est
1853 2113 2030 2159 mater
2065 2114 2123 2161 et
2180 2109 2480 2166 recreatrix
2516 2112 2782 2168 omnium.
2828 2113 2971 2183 Quia
3005 2117 3149 2175 sicut
3194 2121 3331 2178 nihil

1735 2195 1943 2259 existit,
1976 2198 2079 2254 nisi
2109 2201 2251 2270 quod
2279 2202 2423 2259 Deus
2453 2203 2608 2272 facit,
2634 2205 2708 2261 ita
2736 2208 2871 2264 nihil
2893 2221 3195 2281 recreatur,
3217 2214 3328 2272 nisi

1737 2288 1882 2359 quod
1908 2288 2051 2347 filius
2080 2302 2281 2348 sanctae
2310 2293 2493 2351 Mariae
2513 2298 2751 2354 redimit.

1810 2378 2087 2437 Ascendat
2114 2398 2247 2454 ergo
2283 2381 2460 2443 fidelis
2506 2389 2687 2443 anima
2732 2390 2784 2446 in
2817 2396 3014 2450 mentis
3052 2397 3326 2467 speculam

1736 2477 1813 2534 et,
1839 2480 2104 2540 quantum
2135 2482 2334 2544 potest,
2369 2476 2550 2533 videat
2600 2479 2652 2534 in
2687 2495 2851 2551 quam
2897 2484 3117 2541 sublimi
3144 2484 3325 2544 locata

1736 2561 1810 2615 sit
1839 2561 2057 2617 domina
2082 2563 2272 2618 Maria.
2302 2565 2497 2623 Omnis
2535 2577 2731 2635 natura
2754 2588 2783 2626 a
2812 2570 2925 2628 Deo
2962 2583 3044 2629 est
3071 2575 3235 2644 facta,
3267 2587 3324 2635 et

1736 2650 1880 2709 Dens
1902 2665 1987 2710 est
2012 2656 2185 2712 factus
2212 2672 2279 2712 ex
2309 2657 2498 2714 Maria.
2535 2660 2678 2717 Deus
2702 2664 2944 2721 omnium
2970 2665 3145 2723 factor
3162 2682 3224 2726 se
3252 2685 3323 2727 ex

1735 2743 1907 2798 Maria
1936 2743 2083 2809 fecit,
2110 2758 2166 2802 et
2202 2747 2285 2803 sic
2320 2758 2517 2804 cuncta
2550 2750 2758 2805 refecit.
2788 2752 2889 2819 Qui
2932 2757 3107 2824 potuit
3134 2760 3321 2815 omnia

1735 2851 1804 2890 ex
1831 2836 2001 2893 nihilo
2020 2837 2220 2903 facere,
2238 2838 2410 2894 noluit
2432 2854 2497 2895 ea
2524 2840 2719 2895 violata
2743 2841 2860 2898 sine
2881 2842 3050 2900 Maria
3074 2846 3316 2905 reﬁcere.

1734 2926 1882 2984 Deus
1906 2938 1990 2984 est
2020 2929 2186 3001 igitur
2210 2929 2373 2986 Pater
2394 2945 2574 2986 rerum
2605 2941 2935 3002 creatarum,
2961 2944 3019 2991 et
3046 2936 3213 2993 Maria
3236 2948 3320 2996 est

1734 3028 1913 3073 mater
1950 3033 2133 3075 rerum
2178 3028 2570 3076 recreatarum.
2625 3021 2765 3075 Deus
2808 3022 2954 3077 illum
2994 3026 3182 3095 genuit
3218 3042 3317 3097 per

46 3107 93 3160 in
114 3107 223 3178 ejus
251 3124 503 3164 amorem
528 3126 789 3182 suspensa
814 3120 952 3177 erat,
980 3126 1330 3183 amoremque
1356 3129 1517 3184 quem
1536 3129 1633 3185 pa—
1658 3154 1705 3217 C
1736 3123 1897 3177 quem
1951 3119 2076 3164 sunt
2112 3111 2293 3165 omnia
2322 3108 2461 3217 facta
2480 3149 2495 3176 ,
2526 3118 2581 3164 et
2613 3110 2777 3217 Maria
2815 3112 2965 3217 illq‘m
3006 3117 3192 3186 genuit
3219 3133 3319 3188 per

46 3208 118 3253 ter
160 3211 214 3257 et
244 3210 432 3256 mater
463 3202 637 3258 soboli
687 3219 798 3259 suac
831 3203 1047 3270 debent,
1100 3204 1212 3261 sola
1246 3205 1347 3261 ista
1375 3206 1547 3261 dulcis
1574 3216 1629 3261 et

48 3300 248 3347 terrena
288 3303 467 3350 mater
497 3294 722 3351 domino
754 3302 809 3351 et
852 3296 963 3351 lilio
994 3311 1093 3352 suo
1122 3296 1486 3367 impendebat.
1518 3296 1630 3354 Nec

46 3392 120 3437 est
155 3384 343 3455 aliqua
382 3385 613 3441 scientia
653 3402 775 3456 qua:
812 3387 982 3456 possit
1026 3398 1335 3458 penetrare,
1372 3404 1473 3446 nec
1516 3388 1629 3445 elo-

48 3478 257 3542 quentia
289 3490 411 3545 quaa
446 3476 617 3555 possit
638 3477 956 3546 praedicare,
985 3487 1186 3549 quanta
1207 3479 1505 3537 dulcedinis
1534 3495 1626 3537 se-

47 3566 253 3623 dulitate
312 3568 597 3638 parvulum
635 3569 864 3641 foverit,
902 3580 1106 3641 quanta
1151 3571 1431 3643 diligentia
1469 3572 1628 3629 obse-

46 3659 267 3728 quioque
320 3659 716 3716 adolescentem
741 3670 799 3716 et
839 3662 892 3715 in
927 3662 1092 3718 robur
1125 3663 1300 3718 astatis
1336 3663 1625 3719 vadentem

46 3753 374 3819 provexerit,
405 3762 606 3823 quanta
640 3752 823 3809 laetitia
847 3754 1102 3824 juvenem
1133 3754 1392 3811 miracula
1420 3755 1624 3810 facien-

46 3852 139 3898 tem
153 3856 419 3902 eteorum
440 3845 608 3917 gloria
626 3846 892 3903 famosum
910 3832 1160 3915 audierit,
1184 3848 1395 3913 viderit,
1419 3855 1622 3917 quanta

45 3937 299 3993 uitestitia
338 3937 639 4009 patientem
688 3949 745 3995 et
787 3940 1108 3995 morientem
1154 3938 1526 4009 suspiraverit.
1555 3938 1624 3993 Et

45 4028 145 4085 haec
176 4030 432 4100 profecto
480 4040 632 4087 tanto
672 4032 828 4088 nobis
872 4042 999 4088 sunt
1049 4045 1186 4101 pene
1224 4029 1617 4100 incogitabilia,

46 4132 233 4188 quanto
260 4123 503 4179 insueta.
541 4122 660 4179 Jam
688 4138 820 4179 vero
849 4131 1224 4192 resurgentem
1244 4129 1301 4175 et
1322 4120 1619 4176 ascenden-

48 4220 328 4285 temquam
374 4214 512 4271 lanis
540 4215 714 4272 oculis
753 4216 916 4287 Virgo
964 4212 1089 4269 felix
1143 4212 1355 4275 intuita,
1411 4218 1618 4279 quanto

47 4299 265 4371 tripudio
300 4304 467 4359 beata
510 4306 867 4361 movebantur
912 4303 1140 4366 viscera,
1162 4299 1461 4371 praesertim
1490 4313 1613 4355 cum

43 4389 139 4459 iam
174 4393 505 4466 intelligeret
531 4395 586 4452 in
615 4394 860 4450 etinctum
888 4395 1104 4464 prodire
1132 4408 1251 4463 quze
1298 4401 1447 4449 tanto
1481 4407 1612 4463 par-

1736 3213 1901 3268 quem
1928 3206 2053 3254 sunt
2081 3200 2260 3254 omnia
2298 3198 2499 3254 refecta
2526 3208 2581 3254 et
2618 3200 2844 3255 salvam.
2892 3201 2996 3258 Per
3040 3204 3138 3260 has
3183 3221 3318 3279 ergo

1731 3290 2175 3348 ratiocinationes
2209 3290 2548 3362 impossibile
2587 3300 2672 3347 est
2708 3300 2766 3346 ut
2812 3292 3009 3364 aliquis
3050 3297 3216 3355 homo
3242 3301 3313 3356 ad

1728 3396 1851 3439 eam
1892 3398 2193 3441 conversus
2236 3394 2292 3439 et
2325 3385 2393 3441 ab
2423 3400 2486 3441 ea
2519 3392 2795 3455 respectus
2838 3386 3147 3445 damnetur.
3176 3390 3314 3448 Nam

1728 3476 1855 3545 quia
1878 3477 1995 3547 ipsa
2019 3476 2201 3547 genuit
2224 3492 2348 3533 eum
2372 3491 2472 3546 per
2503 3490 2664 3547 quem
2699 3486 2914 3533 mortua
2953 3481 3311 3552 reviviscunt,

1726 3582 1826 3638 per
1853 3584 2011 3639 quem
2034 3567 2282 3623 homines
2308 3581 2377 3622 ex
2392 3574 2616 3637 peccato
2641 3567 2938 3639 salvantur,
2953 3571 3077 3642 quia
3100 3588 3205 3629 non
3228 3583 3316 3636 est

1719 3658 2053 3728 justifieatio,
2097 3660 2199 3715 nisi
2242 3673 2404 3728 quam
2443 3658 2559 3728 ipsa
2586 3659 2640 3715 in
2687 3668 2844 3718 utero
2867 3660 3024 3733 fovit;
3078 3682 3185 3723 non
3227 3676 3313 3724 est

1726 3752 1893 3817 salus,
1916 3751 2017 3805 nisi
2066 3764 2229 3819 quam
2274 3750 2390 3819 ipsa
2436 3752 2666 3821 peperit.
2708 3752 2845 3825 Ipsa,
2869 3763 2954 3812 est
3003 3772 3137 3828 ergo
3191 3774 3312 3816 ma-

1725 3850 1809 3895 ter
1856 3838 2207 3906 justiﬁcantis
2250 3846 2303 3893 et
2340 3837 2797 3911 justifieatorum;
2846 3843 2962 3915 ipsa
3009 3856 3094 3903 est
3130 3855 3310 3904 mater

1722 3929 1984 3987 salvantis
2029 3940 2087 3986 et
2118 3930 2473 3988 salvatorum.
2503 3933 2673 4004 Igitur
2700 3943 2877 3992 mater
2901 3937 2995 3993 Dei
3037 3938 3129 4009 qui
3158 3939 3305 4000 solus

1723 4023 1964 4090 damnat,
2002 4023 2095 4093 qui
2126 4023 2274 4080 solus
2305 4026 2498 4092 salvat,
2532 4040 2695 4095 quem
2732 4028 2907 4084 solum
2943 4029 3218 4098 timemus,
3246 4032 3305 4088 in

1720 4128 1827 4183 quo
1858 4113 1974 4169 solo
1996 4128 2297 4185 speramus,
2325 4125 2410 4171 est
2434 4123 2610 4170 mater
2648 4124 2852 4173 nostra.
2881 4115 3056 4174 Judex
3085 4127 3141 4175 et
3177 4118 3301 4176 Sal-

1719 4216 1875 4262 vator
1916 4218 2121 4273 noster,
2158 4216 2241 4262 est
2272 4206 2443 4261 frater
2472 4217 2680 4263 noster.
2732 4206 3014 4274 Quomodo
3053 4225 3183 4282 ergo
3205 4210 3301 4267 de-

1717 4312 2020 4370 speremus,
2046 4312 2170 4353 cum
2197 4297 2365 4363 salus,
2388 4297 2503 4353 sive
2524 4296 2801 4353 damnatio
2836 4306 3044 4369 nostra,
3076 4314 3144 4353 ex
3173 4299 3304 4355 boni

1718 4388 1906 4445 fratris
1927 4397 1982 4445 et
2012 4388 2113 4460 piae
2134 4388 2324 4444 matris
2355 4388 2588 4459 pendeat
2608 4388 2871 4445 arbitrio?
2902 4388 3152 4460 Nunquid
3177 4403 3304 4448 sus-

50 4489 378 4543 turiebantur
411 4488 684 4559 tempore?
724 4486 906 4542 Genus
949 4488 1242 4542 humanum
1266 4486 1335 4541 ad
1380 4486 1609 4543 salutem
1648 4518 1693 4574 Β
1722 4481 1911 4574 tinebit
1954 4483 2133 4538 bonus
2178 4481 2350 4574 frater
2376 4480 2789 4574 puniri-fratres
2815 4496 2943 4538 suos
2984 4498 3121 4554 quos
3147 4482 3304 4574 rede-

48 4578 214 4633 vocari
248 4593 355 4650 per
380 4578 651 4649 apostolos
689 4578 933 4646 videbat,
976 4577 1129 4649 cujus
1171 4578 1249 4634 rei
1293 4578 1470 4647 gratia
1513 4577 1611 4635 Dei

48 4664 223 4726 Filium
262 4672 337 4727 de
369 4685 429 4726 se
458 4671 861 4742 incorporatum
891 4681 945 4727 et
971 4672 1025 4726 in
1051 4686 1212 4728 cruce
1237 4685 1460 4742 passum
1486 4680 1616 4728 ante

49 4758 397 4819 intellexerat.
428 4763 769 4836 Quapropter
807 4763 1090 4821 laetabatur
1124 4766 1265 4834 quod
1306 4764 1419 4835 spei
1450 4779 1613 4835 quam

48 4859 161 4907 ante
184 4864 550 4924 conceperat,
583 4856 834 4926 quodque
857 4855 1097 4912 salutare
1122 4854 1218 4911 toti
1266 4855 1469 4911 mundo
1497 4853 1615 4910 fore

48 4954 107 4995 ex
130 4952 251 5001 voto
275 4946 607 5018 virginitatis
631 4962 743 5002 suae
778 4954 1116 5018 speraverat,
1146 4945 1261 5015 jam
1295 4947 1348 5001 in
1376 4960 1492 5001 rem
1524 4959 1616 5001 ve-

48 5047 152 5092 tant
174 5038 463 5095 transibat.
491 5037 810 5097 Gaudebant
831 5049 885 5096 et
913 5038 1090 5109 angeli
1119 5039 1210 5110 qui
1246 5038 1504 5095 videbant
1533 5038 1613 5093 ci-

298 5854 566 5920 PATRDL.
597 5853 817 5916 CLIX.

1723 4572 1845 4640 mit,
1877 4573 2018 4629 bona
2053 4580 2230 4629 mater
2263 4571 2512 4628 damnari
2553 4570 2694 4628 ﬁlios
2734 4587 2863 4628 suos
2917 4586 3147 4643 quorum
3185 4572 3299 4642 ip~a

1722 4666 2136 4738 Redemptorem
2162 4665 2382 4737 genuit?
2411 4663 2596 4721 Dulcis
2625 4672 2799 4720 mater
2842 4661 3054 4735 rogabit
3086 4660 3303 4717 dulcem

1724 4760 1895 4816 lilium
1927 4775 2106 4826 suum,
2142 4759 2288 4829 pium
2337 4756 2561 4814 fratrem
2592 4766 2867 4843 nostrum;
2902 4754 3081 4843 filium
3107 4767 3208 4843 pro
3236 4751 3305 4807 li-

1722 4851 1833 4916 liis,
1869 4850 2205 4923 unigenitum
2248 4864 2347 4920 pro
2395 4844 2849 4919 adoptatis.
2897 4844 3038 4899 filius
3070 4842 3303 4898 libenter

1723 4943 1906 4999 audiet
1928 4951 2154 4997 matrem
2184 4954 2284 5010 pro
2340 4938 2482 5004 ﬁliis,
2512 4937 2832 5008 Unigenitus
2890 4951 2989 5006 pro
3049 4934 3117 4991 iis
3171 4945 3303 5005 quos

1723 5035 2021 5106 adoptavit.
2041 5033 2427 5103 Dominus'pro
2456 5031 2522 5088 iis
2546 5043 2683 5100 quos
2712 5027 2980 5085 liberavit.
3318 5028 3319 5031 “

2789 5844 2863 5903 19
