3904 6306
100 306 206 365 589

94 538 284 580 mnore
312 529 627 574 (cternorum
672 513 913 583 impediri
950 530 1051 567 non
1080 513 1515 583 pertimescerent,
1562 526 1683 580 pro-

96 616 234 685 fecto
250 611 541 682 jucundius
557 609 612 662 in
635 608 763 677 ipsis
788 622 944 678 quant
972 605 1025 658 in
1059 621 1239 658 eorum
1271 602 1552 657 contrariis
1576 618 1687 656 sese

93 706 443 760 deducerent.
479 700 579 755 His
611 702 685 754 ita
710 698 1019 770 prtelibatis,
1044 695 1251 765 singula
1280 709 1398 764 qua:
1420 692 1687 764 proposui.

92 813 213 850 inus
245 795 467 847 breviter
492 802 791 856 tractemus,
822 798 871 844 et
895 786 1122 859 qualiter
1148 785 1251 839 illis
1278 794 1390 851 post
1412 798 1687 852 corporum

92 896 403 940 nostrorum
437 884 867 937 resurrectionem
898 877 1252 950 perfruemur,
1305 883 1461 946 prout
1506 873 1689 928 Domi-

90 995 195 1032 nus
218 977 441 1042 dederit,
470 974 806 1046 explicemus.

394 1126 395 1129 η
621 1062 850 1121 CAPUT
888 1060 1181 1118 PRIMUM.

331 1161 410 1217 De
446 1158 837 1232 pulchritudine
861 1170 1137 1225 corporum
1164 1150 1453 1206 beatorum.

166 1256 360 1327 Itaque
387 1250 733 1325 pulchritudo
765 1250 968 1305 bonum
992 1244 1272 1316 quoddam
1304 1250 1391 1297 est
1436 1247 1492 1296 et
1537 1238 1685 1311 quod

90 1346 423 1404 naturaliter
452 1361 483 1399 a
521 1342 731 1400 cunctis
763 1339 954 1397 haberi
988 1345 1225 1393 amatur.
1284 1334 1343 1389 In
1394 1332 1482 1388 illa
1523 1332 1690 1404 igitur

90 1442 207 1496 vita
236 1436 587 1511 pulchritudo
627 1432 900 1503 justorum
945 1430 1077 1486 solis
1125 1424 1551 1500 pulchritudini,
1594 1423 1687 1493 qui

91 1529 528 1603 septempliciter
558 1540 720 1596 quam
750 1525 914 1580 modo
960 1523 1030 1578 sit
1081 1519 1381 1592 speciosior
1413 1517 1554 1583 erit,
1592 1516 1689 1571 ad-

90 1622 426 1692 aequabitur,
441 1617 897 1689 quemadmodum
914 1614 1093 1668 divina
1118 1611 1398 1680 Scriptura
1417 1614 1645 1664 testatur
1668 1624 1682 1661 :

92 1712 425 1783 Fulgelmnt,
451 1708 724 1779 inquiens,
747 1706 906 1776 justi,
935 1705 1068 1759 sicut
1088 1702 1169 1758 sol
1197 1703 1253 1756 in
1280 1709 1561 1770 conspectu
1590 1697 1687 1753 Dei

1170 296 1294 353 LIB.
1338 296 1425 352 DE
1465 292 1926 351 BEATITUDINE
1965 294 2307 351 C(I‘IlESTl.

95 432 156 485 in
191 410 364 483 Deum
404 422 641 479 contrahi
673 434 819 492 posse
851 427 991 473 certo
1019 418 1286 483 sentirent,
1310 417 1388 474 vel
1424 433 1479 473 sc
1515 418 1578 470 ab
1618 417 1682 447 ¹⁰⁷
1710 447 1757 503 Α

3258 301 3364 358 590

1798 416 1991 484 quippe
2023 416 2300 469 oeuluruul
2341 422 2647 470 nostrorum
2701 415 2753 470 iu
2782 415 3153 473 sublevatione
3184 420 3367 489 palpe-

1789 507 2011 583 brarum
2039 506 2234 562 ccelum
2264 507 2765 578 usque'pertingit,
2810 516 2865 563 et
2920 510 2972 564 in
3010 509 3119 565 ictu
3175 524 3367 565 earum

1793 608 1938 655 totus
1968 600 2021 654 in
2044 609 2244 666 semet,
2274 616 2339 655 ac
2367 602 2572 671 integer
2622 602 2781 657 redit.
2843 603 3093 673 Amplius
3145 614 3370 660 constat

1790 692 2007 762 quidem
2036 692 2242 746 animas
2272 703 2600 755 sanctorum,
2619 709 2737 763 quae
2758 695 2868 765 jam
2895 697 3135 752 etelestia
3159 707 3368 762 tenent,

1791 783 2021 839 necdum
2052 782 2207 853 plena
2227 784 2485 839 felicitate
2512 783 2638 850 frui,
2660 785 2829 841 donec
2858 786 3371 857 incorruptibilitate

1790 891 2078 944 corporum
2131 891 2350 932 suorum
2395 877 2691 946 potiantur.
2750 878 2923 945 Quam
2981 895 3105 935 cum
3162 882 3370 950 adepta:

1789 967 1992 1023 fuerint
2023 969 2115 1035 ὀθ,
2147 984 2253 1023 non
2280 968 2385 1023 erit
2408 970 2549 1038 quod
2573 970 2804 1038 amplius
2827 971 3013 1035 velint.
3044 970 3168 1027 lleec
3192 972 3371 1041 itaque

1787 1075 2021 1131 corpora
2049 1062 2096 1115 si
2125 1076 2217 1116 eas
2245 1076 2273 1114 a
2302 1074 2395 1115 sua
2424 1060 2706 1116 velocitate
2740 1061 3008 1117 tardiores
3042 1070 3133 1115 aut
3158 1063 3371 1132 gravio-

1790 1165 1880 1206 res
1906 1150 2117 1205 ellicere
2139 1152 2418 1214 deberent,
2436 1151 2687 1205 nimirum
2730 1151 2909 1221 potius
2936 1166 3121 1206 eorum
3154 1168 3371 1216 conson

1790 1241 1924 1295 tium
1951 1239 2307 1295 abhorrerent
2343 1256 2503 1311 quam
2533 1249 2865 1311 appeterent.
2898 1239 3065 1311 Igitur
3113 1254 3175 1293 ea
3209 1256 3370 1310 quam

1788 1329 2021 1385 dicimus
2048 1328 2337 1384 velocitate
2371 1327 2783 1400 perfungemur,
2816 1343 2936 1383 cum
2981 1327 3033 1381 in
3076 1342 3204 1380 vera
3263 1328 3371 1381 vita

1792 1418 2074 1475 fuerimus.

2395 1513 2622 1569 CAPUT
2662 1512 2747 1567 lll.

2365 1606 2444 1660 De
2469 1606 2796 1675 fortitudine.

1824 1716 1827 1719 λ
1861 1698 2110 1755 Posthas
2133 1697 2531 1754 nominavimus
2561 1697 2955 1763 fortitudinem,
3011 1710 3172 1767 quam
3216 1696 3376 1767 pleri-

91 1804 321 1873 (Hattli’.
347 1818 475 1865 xm,
499 1801 615 1869 l5).
637 1799 720 1855 Ad
746 1800 883 1865 haec,
916 1810 1121 1867 corpus
1154 1793 1495 1849 Dominicum
1523 1791 1687 1848 clari-
1714 1808 1763 1869 Β
1791 1804 1896 1860 que
1924 1804 2113 1859 perosa
2145 1788 2515 1844 imbecillitate
2544 1788 2836 1857 plurimum
2885 1796 3090 1841 amant.
3145 1785 3377 1841 Praesta-

91 1898 196 1951 tati
220 1895 356 1951 solis
377 1893 668 1965 praelucere
690 1890 876 1947 nescio
906 1889 1141 1957 aliquem
1194 1900 1354 1957 posse
1388 1884 1684 1954 ambigere.

86 1988 163 2044 Et
189 1988 240 2043 ei
272 1985 495 2048 similes,
529 1990 817 2037 attestante
838 1977 1115 2050 Apostolo,
1146 1977 1368 2040 erimus,
1389 1973 1481 2043 qui
1510 1972 1642 2028 dicit
1667 1989 1680 2023 :

90 2078 431 2149 Reformabit
459 2091 649 2145 corpus
690 2070 1003 2126 humilitatis
1053 2078 1245 2123 nostrae
1298 2066 1685 2134 conﬁguratum

90 2176 311 2240 corpori
332 2168 594 2224 claritatis
626 2181 736 2220 sua:
765 2162 934 2233 (Phil.
972 2176 1054 2226 ιιι,
1081 2160 1195 2229 21).
1224 2157 1329 2212 Ista
1362 2155 1562 2210 fatetur
1585 2167 1685 2207 au-

89 2264 352 2328 ctoritas,
385 2262 471 2316 cui
501 2257 876 2316 contradicere
933 2254 1106 2310 scitur
1157 2264 1281 2305 esse
1328 2248 1503 2303 nefas.
1562 2244 1687 2300 llaec

93 2360 285 2411 taliten
314 2356 358 2409 si
384 2355 508 2425 quis
536 2352 638 2407 sibi
669 2349 803 2405 velit
831 2347 1042 2403 ratione
1070 2342 1319 2416 probari,
1350 2338 1515 2395 credo
1555 2336 1686 2391 nulli

90 2448 305 2505 debere
326 2442 641 2501 incredibile
669 2440 838 2495 videri
860 2440 1035 2508 justos
1064 2431 1526 2506 pulchritudinem
1556 2427 1688 2484 solis

90 2541 147 2595 in
173 2538 272 2595 illa
300 2539 439 2602 vita,
479 2537 571 2591 ubi
621 2532 850 2591 mortale
900 2532 1003 2586 hoc
1053 2524 1437 2582 absorbebitur
1489 2536 1521 2574 a
1575 2520 1687 2574 vita

92 2631 183 2701 (II
209 2630 340 2685 Cor.
370 2645 422 2694 v,
446 2628 526 2699 4),
557 2627 761 2689 sortiri,
784 2638 907 2679 cum
929 2634 1058 2676 vere
1078 2617 1327 2673 dicantur
1339 2620 1396 2668 et
1422 2609 1530 2667 sint
1558 2617 1689 2665 tem-

89 2727 246 2797 plum
277 2732 337 2780 et
364 2723 520 2779 sedes
549 2721 668 2785 Dei,
697 2718 839 2789 quod
866 2726 1133 2785 nusquam
1172 2709 1228 2764 in
1256 2705 1440 2763 divina
1487 2701 1687 2775 pagina

89 2820 162 2877 de
186 2818 308 2875 solo
338 2818 445 2874 isto
471 2814 669 2871 visibili
710 2809 1055 2867 meminimus
1092 2801 1219 2875 legi.

720 2900 947 2960 CAPUT
991 2897 1054 2954 ll.

703 2995 781 3051 De
810 2992 1103 3049 velocitate.

169 3093 471 3157 Velocitas,
498 3105 618 3163 quae
638 3084 1042 3159 pulchritudine
1084 3094 1193 3135 non
1228 3076 1406 3133 minus
1448 3078 1683 3139 amatur,

92 3198 254 3245 tanta
285 3204 388 3243 nos
419 3182 771 3241 comitabitur
817 3187 877 3232 ut
936 3176 1066 3246 ipsis
1123 3170 1328 3243 angelis
1382 3166 1478 3221 Dei
1534 3179 1687 3235 atque
1719 3180 1765 3241 ο

89 3281 314 3337 celeres
337 3278 533 3341 simus,
564 3273 655 3344 qui
681 3287 712 3325 a
751 3269 890 3326 caelo
917 3268 983 3322 ad
1017 3276 1211 3328 terras,
1256 3270 1312 3317 et
1343 3275 1374 3314 a
1404 3255 1569 3313 terris
1632 3255 1687 3310 in

89 3374 303 3428 cretum
352 3370 501 3424 dicto
546 3366 706 3421 citius
734 3362 1087 3418 dilabuntur-
1134 3354 1266 3423 Quae
1314 3349 1589 3413 celeritas,
1644 3348 1688 3403 si

87 3473 286 3517 utrum
314 3461 386 3515 sit
420 3460 472 3513 in
508 3456 713 3527 angelis
740 3451 960 3524 probari
995 3462 1217 3505 necesse
1240 3452 1386 3500 esset
1408 3444 1693 3509 “ﬁerem-

90 3553 165 3624 pli
204 3552 404 3623 gratia,
428 3549 534 3603 dici
558 3546 785 3600 forsitan
812 3547 997 3612 posset
1019 3537 1316 3603 hominem,
1356 3535 1570 3590 mortali
1596 3532 1692 3587 ad-

93 3648 216 3701 huc
246 3636 415 3700 carne
443 3647 749 3709 gravatum,
782 3650 906 3691 mox
939 3648 970 3687 a
993 3629 1175 3686 Judzea
1207 3642 1304 3698 per
1327 3625 1580 3697 angelum
1636 3625 1689 3680 in

88 3735 418 3793 Chaldteam
442 3729 699 3793 delatum,
726 3726 984 3796 indeque,
1017 3720 1220 3775 tradito
1264 3716 1496 3787 prandio
1546 3716 1692 3786 quod

93 3824 414 3889 deferebat,
447 3822 567 3877 sine
599 3831 749 3873 mora
787 3816 1036 3872 relatum.
1065 3810 1208 3880 Ergo
1245 3823 1368 3863 cum
1420 3805 1540 3862 istis
1576 3820 1687 3861 om-

90 3920 227 3973 nino
270 3929 374 3986 par
398 3912 654 3967 velocitas
696 3908 803 3963 illis
821 3906 956 3973 erit,
985 3903 1216 3974 quibus,
1243 3899 1387 3954 sicut
1426 3896 1694 3966 promissa

92 4022 202 4077 est,
239 4011 464 4065 illorum
488 4004 770 4075 atqualitas
799 4000 982 4057 inerit.
1028 3993 1319 4069 Apostolus
1346 3990 1511 4044 etiam
1534 4029 1550 4055 ,
1602 3989 1695 4059 qui

92 4115 340 4173 corpora
357 4106 566 4162 nostra,
585 4102 1005 4164 quantacunque
1026 4088 1268 4143 locorum
1286 4079 1697 4153 intercapedine

90 4202 360 4267 separata
385 4188 727 4246 membratim
756 4184 977 4248 fuerint,
1021 4181 1135 4237 sive
1174 4179 1440 4249 dispersa,
1488 4176 1549 4267 in
1588 4173 1697 4267 ictu

91 4262 242 4340 oculi
279 4280 336 4352 (Ι
368 4278 495 4334 Cor.
526 4293 617 4345 xv,
647 4275 739 4347 52)
763 4274 961 4330 asserit
1002 4277 1382 4326 resurrectura
1405 4305 1420 4331 ,
1450 4262 1585 4319 satis
1618 4262 1698 4317 in-

92 4378 219 4432 nuit
247 4388 416 4443 quam
438 4370 781 4426 velocitatem
803 4366 993 4422 eadem
1017 4377 1243 4433 corpora
1280 4361 1392 4430 jam
1435 4360 1692 4415 incorru-

92 4466 320 4538 ptibilia
359 4464 470 4517 sint
491 4462 768 4516 habitura.
797 4455 1148 4527 Corruptibile
1181 4453 1367 4523 quippe
1405 4450 1522 4514 hoc,
1554 4448 1696 4503 sicut

1793 1878 2124 1949 bnntigitur
2145 1878 2373 1943 viribus,
2408 1878 2717 1948 quicunque
2772 1877 3021 1945 supernis
3074 1877 3377 1930 meruerint

1794 1969 2005 2024 civibus
2033 1968 2314 2035 associari,
2350 1969 2401 2022 in
2430 1977 2636 2023 tantum
2668 1976 2725 2022 ut
2750 1968 3055 2022 nullatenus
3096 1967 3200 2022 illis
3231 1967 3376 2023 obsi-

1793 2070 1939 2117 stere
1964 2061 2262 2131 quidquam
2292 2061 2502 2128 valeat,
2533 2062 2577 2115 si
2619 2062 2885 2117 movendo
2941 2070 3036 2116 aut
3079 2062 3376 2116 evertendo

1793 2154 2062 2208 voluerint
2086 2153 2213 2223 quid
2239 2168 2270 2206 a
2311 2168 2408 2209 suo
2424 2162 2565 2209 statu
2595 2149 3083 2224 quomodocnnque
3104 2152 3377 2207 divertere

1794 2244 1920 2312 quin
1955 2243 2096 2298 illico
2125 2245 2303 2303 cedat.
2341 2243 2451 2301 Nec
2482 2245 2536 2301 in
2586 2259 2653 2301 eo
2701 2244 2847 2315 quod
2892 2243 3126 2300 dicimus
3178 2242 3375 2312 majori

1795 2345 1989 2391 conatu
2017 2334 2337 2392 laborabunt
2361 2348 2523 2408 quam
2572 2351 2672 2391 nos
2720 2335 2879 2390 modo
2909 2335 2962 2389 in
2996 2344 3141 2391 motu
3193 2334 3378 2391 oculo-

1795 2441 1912 2480 rum
1942 2426 2010 2458 ²⁰¹
2040 2437 2369 2482 nostrorum.
2404 2427 2501 2495 Ne,
2538 2442 2722 2498 qtneso
2743 2467 2759 2492 ,
2810 2427 3023 2482 excidat
3074 2427 3254 2482 animo
3284 2428 3378 2491 ’°’,

1795 2531 1955 2587 quam
2000 2517 2364 2588 adipiscentur
2391 2518 2705 2589 angelorum
2734 2517 3049 2583 similitudo,
3084 2526 3371 2588 quatenus,

1794 2610 1840 2666 si
1871 2611 1958 2665 hic
1985 2610 2056 2642 ²⁰⁸
2082 2619 2177 2665 aut
2201 2611 2254 2666 in
2279 2612 2344 2666 iis
2372 2626 2492 2681 quae
2509 2611 2701 2666 dicturi
2732 2625 2920 2667 sumus
2947 2611 3163 2680 aliquod
3192 2627 3380 2666 exem-

1794 2702 1943 2775 plum
1966 2719 2073 2759 non
2096 2704 2418 2769 occurrerit,
2464 2703 2580 2773 ipsa
2609 2712 2888 2768 occurrat,
2914 2704 3152 2773 atquein
3181 2703 3380 2773 quibus

1796 2792 2015 2865 angelos
2040 2793 2224 2848 valere
2250 2792 2573 2856 constiterit,
2601 2799 2655 2845 et
2678 2807 2776 2847 nos
2799 2807 2954 2861 aeque
2978 2790 3156 2865 valere
3187 2793 3381 2861 probet

1796 2894 1845 2939 et
1876 2894 2102 2940 asserat.
2125 2883 2405 2940 Neminem
2431 2894 2613 2940 autem
2639 2884 2729 2954 qui
2752 2884 2955 2939 dubitet
2983 2864 3218 2939 existere
3246 2872 3380 2955 puto

1796 2975 2016 3045 angelos
2040 2990 2103 3029 ea
2127 2991 2232 3046 qua
2260 2974 2447 3029 volunt
2472 2974 2786 3030 fortitudine
2812 2973 3102 3045 fungi.Sed
3131 2973 3378 3030 fortassis

1795 3070 2002 3130 quaeret
2030 3060 2224 3131 aliquis
2254 3060 2383 3130 quid
2416 3061 2571 3115 nobis
2602 3058 2690 3113 illa
2721 3058 2979 3113 fortitudo
2995 3067 3234 3128 praestet,
3254 3075 3376 3115 cum

1796 3150 2025 3221 singulis
2049 3158 2153 3203 tam
2173 3151 2577 3216 convenienter,
2592 3159 2648 3203 ιιι
2664 3148 3378 3218 convenientiusnequeant,

1799 3241 1997 3310 ubique
2021 3240 2461 3310 dispositis,nihil
2495 3239 2836 3305 mutandum,
2866 3239 3000 3293 nihil
3030 3239 3379 3295 evertendqu

1796 3334 2041 3402 nihilque
2070 3332 2325 3385 standum
2359 3333 2426 3386 sit
2458 3332 2511 3386 iu
2547 3347 2654 3402 quo
2687 3332 2830 3386 vires
2850 3345 2978 3385 suas
3010 3331 3185 3400 quivis
3223 3346 3381 3385 exer-

1794 3434 1936 3480 ceat.
1980 3424 2080 3492 Qui
2105 3426 2221 3480 haec
2256 3423 2404 3489 dicit,
2424 3424 2611 3494 paucis
2646 3423 2923 3477 nobiscum
2956 3422 3082 3492 quid
3113 3423 3164 3477 in
3197 3424 3380 3495 hujus-

1794 3516 1936 3571 modi
1969 3516 2164 3572 habeat
2189 3531 2318 3571 usus
2347 3514 2613 3569 humanus
2645 3514 2910 3579 attendat,
2940 3522 2995 3567 et
3018 3514 3223 3569 videbit
3252 3517 3379 3586 quia

1795 3594 1900 3659 non
1924 3622 2139 3677 semper
2163 3604 2416 3661 omnibus
2459 3620 2581 3675 qua:
2614 3606 2881 3662 habemus
2911 3615 2967 3662 et
2997 3620 3117 3677 qua:
3144 3620 3244 3659 nos
3282 3606 3380 3661 lia-

1794 3698 1925 3753 bere
1955 3714 2059 3753 non
2085 3713 2275 3769 parum
2304 3698 2600 3770 gaudemus
2631 3707 2756 3753 actu
2791 3699 3016 3765 utimur,
3040 3699 3199 3765 sicut,
3228 3698 3381 3753 verbi

1796 3807 1958 3848 causa
1981 3834 1995 3857 ,
2024 3792 2141 3847 visu
2174 3792 2324 3862 ipso,
2348 3800 2616 3862 potestate
2661 3790 2863 3861 aliqua,
2921 3781 3148 3847 scientia
3196 3804 3380 3844 rerum

1797 3884 2177 3938 nonnullarum
2203 3892 2259 3939 et
2286 3883 2472 3938 multis
2501 3884 2553 3939 in
2580 3884 2724 3939 hunc
2754 3883 2992 3938 modum.
3025 3882 3116 3938 Sic
3147 3892 3203 3938 et
3226 3892 3376 3949 tunc,

1798 3976 1863 4029 de
1895 3992 2000 4046 qua
2034 3977 2212 4047 agitur
2232 3976 2329 4042 ω,
2354 3964 2616 4033 fortitudo
2635 3976 2759 4030 erit.
2792 3974 2918 4029 Sola
2970 3990 3206 4045 namque
3247 3992 3377 4045 pos-

1798 4067 1971 4122 sessio
2018 4068 2132 4135 ejus
2159 4076 2313 4136 grata
2338 4067 2496 4121 nobis
2545 4065 2682 4131 erit,
2711 4073 2765 4120 et
2816 4064 3108 4120 exsultatio
3160 4068 3382 4137 grandis

1796 4160 1919 4221 erit,
1944 4158 2071 4213 licet
2095 4174 2439 4229 nequaquam
2461 4157 2532 4213 sit
2586 4156 2824 4212 nobisin
2858 4166 3005 4226 actu,
3050 4160 3283 4227 cunctis,
3320 4170 3382 4217 ut

1798 4251 2002 4307 dictum
2046 4258 2150 4316 est,
2178 4249 2230 4304 in
2290 4262 2391 4304 suo
2446 4255 2600 4302 statu
2663 4247 2959 4303 collocatis.
3013 4249 3137 4305 llaac
3191 4250 3383 4310 eadem

1797 4342 2048 4417 quaestio,
2082 4342 2126 4397 si
2155 4350 2247 4395 aut
2284 4341 2350 4395 de
2381 4339 2689 4405 velocitate,
2722 4348 2816 4394 aut
2840 4341 2904 4395 de
2960 4340 3142 4412 aliquo
3192 4358 3383 4401 eorum

1798 4452 1917 4511 quae
1969 4435 2038 4492 ob
2101 4434 2366 4506 propositi
2415 4433 2484 4464 ²⁰⁵
2536 4432 2719 4504 operis
2770 4431 3127 4490 intentionem
3185 4435 3383 4492 dicturi

93 4523 217 4628 ipse
260 4561 515 4618 testatur,
546 4523 1011 4617 incorruptionem,
1040 4553 1088 4599 et
1113 4540 1334 4597 mortale
1384 4539 1562 4593 induet
1588 4538 1691 4591 int-
1721 4549 1772 4607 ι)
1798 4542 1983 4628 sumus
2008 4525 2305 4628 quemlibet
2348 4532 2549 4628 movet,
2590 4538 2732 4628 eam,
2765 4536 2871 4593 qua
2914 4523 3002 4580 hic
3056 4524 3230 4580 soluta
3277 4537 3382 4589 est,

92 4651 487 4708 mortalitatem
539 4645 727 4718 (ibid.,
755 4643 870 4713 5'5).
912 4638 1083 4709 Hujus
1121 4650 1336 4709 quoque
1389 4631 1695 4687 velocitatis

90 4740 416 4812 exemplum
444 4739 500 4793 in
528 4737 679 4791 radio
701 4733 831 4790 solis
853 4732 977 4786 licet
995 4729 1219 4792 intueri,
1238 4730 1328 4798 qni
1352 4729 1536 4784 statim
1572 4733 1693 4780 orto

92 4832 302 4888 solein
341 4827 500 4899 plaga
549 4823 825 4887 orientali,
855 4820 1116 4892 pertingit
1176 4819 1232 4873 in
1284 4818 1469 4873 ultima
1524 4816 1693 4887 plaga:

90 4918 463 4976 occidentalis
488 4917 576 4981 η’,
621 4924 680 4969 ιιι
712 4917 764 4969 in
795 4929 861 4969 eo
887 4910 1287 4980 perpendamus
1310 4923 1416 4962 non
1444 4922 1565 4963 esse
1593 4906 1694 4960 im—

92 5010 369 5083 possibile
404 5008 547 5079 quod
576 5006 645 5063 de
676 5015 861 5061 nostra
895 5005 1131 5060 dicimus
1170 5000 1353 5057 futura
1382 4999 1688 5063 velocitate,

91 5100 413 5172 przesertim
440 5115 562 5153 cum
597 5097 760 5155 rebus
782 5096 1041 5151 animatis
1072 5093 1245 5150 soieat
1281 5092 1456 5148 inesse
1520 5090 1691 5158 major

89 5188 368 5245 velocitas
409 5202 572 5257 quam
598 5186 931 5243 inauimatis.
966 5184 1102 5241 Huic
1143 5180 1472 5243 radiosolis
1513 5180 1691 5234 simile

92 5276 411 5332 velocitatis
474 5273 778 5344 exemplum
813 5275 1076 5331 habemus
1146 5273 1201 5326 in
1262 5271 1435 5326 nobis.
1486 5269 1689 5323 Radius

1798 4619 2142 4686 solutionem,
2176 4618 2220 4674 si
2254 4618 2581 4689 apertiorem
2598 4617 2667 4649 ’°‘
2687 4634 2795 4676 non
2830 4619 3103 4684 habuerit,
3131 4619 3384 4690 accipere

1798 4710 1961 4767 valet.

2404 4798 2631 4855 CAPUT
2658 4799 2747 4856 Ν.

2397 4891 2476 4946 De
2504 4892 2756 4948 libertate.

1870 4989 2030 5054 Hinc,
2066 4986 2359 5045 secundum
2394 4982 2536 5054 quod
2592 4988 2977 5056 proposuimus
3004 5031 3019 5056 ,
3052 4989 3243 5046 ordine
3281 5005 3384 5048 suo

1798 5080 2021 5136 libertas
2041 5078 2305 5147 sequitur,
2329 5092 2450 5147 qua:
2477 5076 2849 5146 superioribus
2879 5093 2985 5134 non
3042 5080 3223 5135 minus
3257 5079 3378 5135 dili-

1799 5169 1965 5241 gitur.
1990 5168 2313 5237 Quicunque
2344 5169 2509 5239 igitur
2536 5166 2849 5237 angelorum
2873 5167 3075 5223 fuerint
3122 5160 3379 5237 similitu-

1800 5262 1979 5335 dinem
2009 5259 2266 5327 assecuti,
2289 5273 2477 5315 eorum
2500 5275 2712 5331 quoque
2742 5259 3044 5315 libertatem
3068 5263 3379 5319 necessario

1372 5424 1375 5427 λ
1412 5400 1497 5455 VA
1511 5399 1644 5455 “LE
1702 5394 2102 5453 LECTIONES.

174 5526 249 5560 ""
288 5524 359 5581 Ut
381 5525 465 5579 vel
507 5538 566 5581 se
588 5540 693 5579 mss
724 5524 893 5579 omitt.
921 5531 981 5577 ut
1076 5520 1144 5557 ³⁸⁸
1173 5516 1398 5575 Probari
1432 5528 1657 5569 necesse
1684 5521 1767 5584 est
1798 5530 1902 5569 mss
1930 5512 2148 5584 probari
2178 5526 2405 5584 necesse
2425 5519 2571 5568 esset
2668 5510 2735 5584 ’ξ’
2766 5508 2943 5580 Plagae
2978 5509 3268 5584 Orientalis
3294 5528 3374 5567 ms

96 5596 277 5667 plaga:
296 5595 659 5652 Uccidentalis

765 5594 837 5626 ²⁰⁰
862 5594 1053 5662 Adepti
1086 5592 1285 5662 fuerint
1312 5604 1415 5662 mss
1442 5583 1873 5662 adeptgfucrint
1933 5581 1945 5584 ’
1973 5584 2040 5616 ²⁶¹
2071 5583 2653 5662 Motuoculorunlmss
2686 5581 2921 5662 in__motu
2948 5582 3226 5662 oculorum

98 5650 326 5721 Ῑέιέἰίεί
347 5650 530 5721 animo
548 5681 657 5720 mu
684 5665 900 5721 excidat
925 5650 1106 5717 adimo
1139 5662 1143 5667 ’
1216 5659 1285 5691 ²⁰³
1310 5650 1586 5723 Quatenus
1617 5654 1704 5729 hic
1734 5670 1838 5711 mss
1860 5665 2127 5729 quatenus
2157 5655 2202 5712 si
2228 5654 2317 5711 hic
2410 5654 2479 5688 ³⁸⁸
2503 5654 2842 5711 Fortitudine
2868 5668 2945 5706 ms
2976 5650 3229 5721 fortitudo
3301 5652 3375 5687 ¹⁰⁸

98 5738 394 5808 Praepositi
432 5753 537 5793 mss
562 5736 821 5809 propositi

930 5734 1002 5768 ὀι
1022 5730 1302 5801 Aptiorem
1332 5743 1437 5784 mss
1461 5725 1782 5798 apertiorem
