3904 6306
486 271 499 293 λ’
575 306 674 364 sat

1611 294 1918 351 EADMERI
1951 290 2264 349 MONACHI
2292 290 2854 351 CANTUARIENSIS
3681 305 3749 361 591

572 423 955 487 assequentur.
982 412 1165 482 Itaque
1192 410 1333 466 sicut
1364 406 1570 479 angelis
1596 406 1734 463 nihil
1779 404 2029 470 obsistit,
2063 410 2168 460 'nec
2197 406 2246 467 A
2276 408 2388 461 sint
2434 404 2809 477 experimento
2854 404 3160 461 didicerunt
3218 406 3273 463 in
3324 422 3409 475 se,
3447 418 3499 464 at
3533 416 3650 482 quod
3685 432 3749 477 ηε

574 508 779 580 aliquid
811 521 905 563 eos
936 503 1197 574 impedire
1240 501 1327 557 vel
1353 500 1729 570 constringere
1791 506 1972 568 potest
2012 495 2166 567 quin,

573 615 675 672 pro
705 596 842 653 velle
869 610 990 661 suo,
1022 602 1222 649 cuncta
1250 590 1531 647 liberrime
1552 596 1881 659 penetrem;
1942 586 2014 641 ita
2060 599 2168 642 non

572 693 676 748 erit
705 687 1044 747 obstaculum
1077 685 1243 741 ullum
1274 683 1418 755 quod
1445 698 1543 738 nos
1566 682 1841 747 retardet,
1874 695 1980 734 non
2010 679 2166 735 clauc

573 797 701 839 sura
726 796 849 851 quze
882 794 982 836 nos
1005 776 1269 843 detineat,
1296 789 1404 831 non
1432 773 1764 829 elementum
1819 771 1962 841 quod
2004 769 2164 825 nobis

575 876 643 931 ad
668 873 803 930 velle
826 852 1073 943 pervium
1099 869 1323 926 omnino
1345 881 1454 922 non
1484 872 1675 921 exstet.
1702 862 1946 933 Exempli
1976 876 2162 929 causa,

575 977 729 1024 certe
762 965 1101 1021 Dominicum
1132 976 1349 1032 corpus.
1376 959 1466 1015 cui
1519 956 1906 1028 conﬁguranda
1934 966 2166 1025 corpora

574 1068 766 1117 nostra
782 1059 986 1115 Paulus
1003 1052 1471 1127 testatur(Phitip.
1488 1066 1568 1111 tn.
1581 1051 1775 1119 ‘21),et,
1788 1063 1950 1119 supra
1975 1046 2168 1102 memi-

568 1155 777 1219 nimus,
800 1152 986 1209 clauso
1011 1147 1260 1222 sepulcro
1282 1162 1311 1202 a
1339 1145 1567 1202 mortuis
1594 1144 1925 1205 surrexit,at:
1949 1141 2162 1195 demum

577 1246 648 1302 ad
680 1245 982 1316 discipulos
1025 1241 1293 1299 obseratis
1337 1239 1521 1309 ianuis
1575 1235 1904 1308 palpandum
1958 1231 2165 1288 introiit

575 1337 762 1409 (Ialm.
790 1354 882 1404 xx,
904 1336 994 1402 ‘26,
1022 1337 1139 1407 27),
1163 1334 1427 1402 nobisque
1458 1332 1509 1385 in
1553 1330 1657 1386 hoc
1679 1327 1943 1384 libertatis
1964 1325 2165 1380 futurae

574 1431 958 1488 documentum
984 1428 1187 1499 grande
1214 1424 1455 1507 reliquit.

1196 1513 1427 1571 CAPUT
1458 1514 1523 1569 γ.

1094 1610 1167 1664 De
1197 1605 1635 1678 impossibilitate.

2268 515 2434 557 sensu
2464 500 2707 571 percepi,
2738 515 2841 556 nec
2883 500 2953 556 ab
2984 500 3093 556 ullo
3122 501 3213 572 qui
3243 505 3559 574 perceperit,
3594 518 3643 565 ut
3660 512 3749 581 dixi,

2271 592 2488 663 accepi,
2517 607 2622 646 non
2649 592 2838 647 eodem
2880 591 3060 649 modo.
3093 592 3512 651 Credere‘tam'en
3550 608 3597 653 et
3618 599 3747 658 ἱιιαιι.

2271 689 2505 749 ctanter,
2538 691 2597 737 ut
2639 696 2758 737 mea
2780 680 2998 751 quidem
3050 681 3158 737 fert
3204 683 3406 754 opinio,
3435 694 3640 745 astruere
3668 692 3749 748 licet

2274 772 2564 830 sanitatem
2590 773 2719 830 vita
2743 773 2940 830 futurae
2969 774 3042 830 ita
3058 774 3238 846 iugem
3277 787 3331 831 et
3355 777 3749 839 incommutabilem

2269 874 2435 937 atque
2469 862 2833 923 inviolabilem
2854 864 2980 923 fore
3013 876 3071 927 ut
3112 867 3369 926 ineffabili
3400 872 3603 940 quadam
3642 885 3750 947 atque

2268 957 2509 1013 sensibili
2536 958 2820 1014 suavitatis
2837 958 3120 1015 dulcedine
3145 966 3317 1016 totum
3339 962 3750 1037 ltominetnrepleat.

2269 1059 2323 1104 et
2344 1064 2505 1105 omne
2530 1051 2672 1119 quod
2699 1051 2928 1121 alicujus
2973 1053 3026 1108 in
3059 1069 3120 1108 se
3147 1055 3543 1123 vicissitudinis,
3590 1062 3752 1117 mutabi-

2270 1139 2469 1203 litatis,
2509 1151 2601 1196 aut
2638 1141 2875 1198 ltesionis
2904 1145 3270 1215 suspicionem
3304 1152 3610 1217 praetendere
3629 1164 3748 1220 queat,

2264 1232 2454 1302 procul
2487 1238 2675 1288 arceat
2698 1240 2863 1305 atque
2884 1220 3139 1304 repellat.
3173 1235 3298 1291 Haec
3338 1236 3407 1291 de
3438 1236 3748 1295 'sanitatedirta

2264 1321 2394 1377 sint.

2868 1409 3097 1467 CAPUT
3158 1410 3249 1467 Vl.

2871 1502 2949 1558 De
2970 1504 3256 1575 voluptate.

2329 1587 2475 1653 Hinc
2496 1610 2561 1652 eo
2590 1594 2783 1651 ordine
2799 1610 2909 1664 quo
2940 1596 3154 1669 singula
3187 1598 3255 1653 de
3291 1598 3485 1669 quibus
3510 1598 3747 1655 instituimus

648 1705 821 1777 Super
848 1704 965 1761 haec
998 1702 1286 1757 sanitatem
1319 1697 1490 1753 amari
1525 1700 1592 1753 ab
1652 1695 1964 1752 hominibus
2015 1692 2162 1750 dixi-
2194 1773 2227 1777 μ
2264 1697 2506 1745 tractare
2571 1687 2953 1759 proposuimus
2976 1726 2993 1754 ,
3045 1689 3386 1760 voluptatem
3450 1690 3747 1763 subiunximns,

571 1773 808 1856 mus.'Et
827 1796 893 1851 de
924 1796 1026 1851 hac
1049 1794 1177 1864 quid
1208 1794 1400 1850 melius
1428 1790 1532 1847 dici
1570 1789 1770 1860 poterit
1816 1803 1978 1857 quam
2010 1789 2155 1856 quod
2191 1773 2235 1833 Β
2264 1794 2428 1853 quam
2463 1778 2573 1835 alio
2600 1779 2818 1835 nomine
2859 1793 3256 1849 corporeorum
3309 1795 3552 1836 sensuum
3594 1780 3748 1838 delecta-

574 1888 868 1947 Psalmista
899 1888 1067 1952 canit,
1083 1885 1264 1952 Salus,
1286 1883 1557 1955 inquiens,
1574 1882 1839 1952 jttstorum
1863 1878 2162 1933 aDomino?

572 1978 750 2053 (Psal.
775 1995 973 2043 xxxw,
1006 1976 1121 2048 '59.)
1156 1975 1361 2045 Quibus
1404 1983 1583 2027 autem
1632 1969 1795 2025 fuerit
1844 1985 1873 2024 a
1930 1968 2159 2026 Domino

570 2086 702 2127 vera
733 2071 960 2135 sanitas,
983 2084 1105 2139 qua:
1130 2068 1415 2138 subripere
1452 2063 1653 2121 valebit
1682 2061 2003 2117 inﬁrmitas?
2049 2060 2160 2117 Ve-

570 2178 693 2219 rum
722 2161 789 2215 de
820 2162 921 2215 ista
950 2161 1203 2226 sanitate,
1241 2174 1404 2228 quam
1434 2159 1489 2212 in
1511 2156 1692 2211 futuro
1714 2153 1911 2210 sarculo
1939 2153 2160 2210 habebi-

573 2266 719 2316 mus,
745 2252 889 2322 quod
939 2250 1247 2320 exemplum
1295 2247 1495 2303 afferre
1548 2262 1765 2317 queam,
1818 2254 1879 2299 ut
1922 2262 2046 2317 quae
2092 2246 2163 2303 sit

573 2342 925 2413 intelligatur,
965 2357 1071 2397 non
1097 2341 1277 2404 video,
1309 2340 1436 2409 quia
1477 2338 1610 2394 nihil
1631 2338 1908 2403 sanitatis,
1947 2338 2089 2407 quod
2110 2338 2160 2394 ei

574 2450 897 2506 comparare
925 2434 1148 2505 possim,
1181 2441 1273 2487 aut
1300 2446 1401 2504 ego
1432 2432 1485 2487 in
1532 2447 1647 2499 me,
1679 2441 1774 2488 aut
1819 2432 2015 2504 aliquis
2062 2432 2161 2490 sub

572 2526 788 2582 mortali
820 2541 984 2582 carne
1021 2527 1221 2595 degens
1249 2525 1422 2580 sensit
1450 2525 1503 2578 in
1541 2539 1618 2581 se.
1669 2523 1768 2581 Hic
1791 2526 1991 2582 etenim
2047 2536 2160 2581 tum

572 2617 733 2672 nobis
754 2615 872 2671 sani
896 2618 1160 2682 videmur,
1185 2630 1307 2671 cum
1357 2615 1488 2670 nihil
1538 2615 1591 2670 in
1621 2615 1775 2671 nobis
1805 2617 1948 2687 quod
1981 2617 2161 2673 doleat

573 2711 855 2766 sentimus.
883 2709 1142 2765 Fallimur
1167 2720 1347 2768 tamen
1374 2726 1760 2781 nonnunquam
1782 2712 1835 2767 in
1868 2713 1993 2769 hoc.
2024 2711 2160 2767 Nam

572 2798 887 2872 frequenter
936 2802 994 2859 in
1031 2801 1207 2872 aliqua
1233 2811 1388 2873 parte
1414 2802 1656 2873 corporis
1688 2802 2161 2873 inﬁrmamnr,nec

570 2901 757 2949 tamen
790 2894 890 2949 hoc
922 2895 1098 2965 ipsum
1125 2896 1230 2950 nisi
1260 2904 1355 2951 aut
1383 2906 1533 2950 motu
1560 2896 1837 2966 corporis,
1876 2911 1969 2952 aut
2013 2906 2160 2953 tactu

570 2986 754 3058 aliquo
781 2987 890 3042 ullo
918 2997 1079 3059 pacto
1101 2989 1431 3059 experimur.
1474 2986 1545 3041 At
1575 2988 1640 3043 de
1670 2989 1736 3044 iis
1783 2986 1873 3058 qui
1933 3004 2033 3043 nec
2083 2988 2158 3043 ita

571 3078 944 3144 infirmantur,
977 3080 1071 3135 sed
1095 3080 1244 3134 omni
1282 3096 1349 3135 ex
1381 3090 1535 3150 parte
1557 3080 1660 3136 sibi
1687 3081 1803 3135 sani
1833 3096 1955 3135 esse
1978 3080 2163 3135 viden-

2264 1873 2466 1928 tionem
2489 1869 2842 1942 appellamus.
2869 1866 2935 1922 Et
2961 1870 3077 1924 haec
3106 1870 3329 1939 quidem
3357 1885 3641 1942 magnopere
3659 1872 3747 1926 solet

2262 1965 2460 2032 amari,
2488 1965 2613 2035 quia
2641 1960 2838 2031 singuli
2890 1962 3135 2033 corporis
3161 1956 3235 1995 m
3260 1978 3455 2018 sensus
3504 1963 3550 2018 in
3588 1965 3640 2018 iis
3674 1970 3747 2035 qua

2264 2056 2369 2113 sibi
2449 2058 2733 2113 commoda
2809 2046 3056 2129 iudicant
3115 2054 3477 2111 delectantur.
3533 2056 3747 2111 Delectatur

2262 2151 2485 2222 quippe,
2522 2158 2601 2215 ttt,
2634 2151 2782 2206 verbi
2811 2147 3007 2222 gratia,
3034 2147 3228 2216 paucis
3249 2148 3463 2203 dicatur
3484 2146 3747 2210 "’,odorate

2262 2243 2523 2300 odoribus
2549 2242 2738 2308 variis,
2784 2251 2841 2298 et
2869 2251 3061 2312 gustus
3088 2256 3275 2296 rerum
3314 2241 3614 2296 diversarum
3646 2253 3746 2307 sapa

2262 2332 2415 2391 ribus
2438 2334 2671 2390 diversis
2690 2375 2705 2399 ,
2735 2344 2906 2390 necne
2935 2327 3134 2403 singuli
3170 2332 3267 2387 alii
3322 2340 3505 2388 sensus
3550 2331 3607 2362 ἠ
3630 2329 3689 2383 bis
3712 2338 3745 2381 et

2260 2423 2389 2490 illis,
2419 2423 2575 2494 juxta
2604 2422 2747 2493 quod
2780 2423 2974 2492 cuique
3040 2421 3147 2477 fert
3172 2423 3243 2453 ἰι
3278 2420 3528 2476 naturalis
3543 2420 3745 2490 appetitus.

2262 2516 2383 2573 Ista:
2408 2526 2589 2572 tamen
2620 2515 3005 2571 delectationes
3034 2529 3139 2570 non
3163 2529 3383 2584 semper
3408 2512 3653 2573 delectant,
3689 2508 3747 2562 sed

2239 2610 2388 2666 'suis
2433 2599 2648 2680 quoque
2673 2606 3012 2663 amatoribus
3059 2607 3142 2662 sui
3200 2620 3571 2675 nonnunquam
3599 2602 3746 2656 taedium

2266 2702 2552 2771 ingerunt;
2596 2702 2924 2758 transitorite
2948 2714 3183 2770 namque
3206 2706 3341 2754 sunt
3364 2706 3415 2753 et
3439 2696 3662 2752 bestiales.
3684 2694 3747 2746 tlte

2264 2807 2417 2859 vero,
2453 2809 2573 2862 quae
2596 2793 2647 2848 l'n
2678 2792 2860 2849 futuro
2894 2793 2965 2825 ³³³
3000 2791 3197 2847 saeculo
3227 2790 3391 2860 plene
3429 2787 3573 2857 iustis
3594 2784 3747 2841 adtuinz-

2271 2884 2592 2939 strabuntur
2612 2894 2861 2955 perpetes
2886 2892 3012 2939 sunt
3033 2892 3088 2938 et
3119 2881 3487 2938 rationabiles.
3525 2876 3661 2946 Quare
3682 2888 3744 2927 non

2263 2974 2420 3029 video
2443 2982 2501 3028 ut
2525 2975 2757 3044 qualiter
2780 2974 3152 3045 intelligantur
3178 2974 3353 3044 pessit
3376 2972 3525 3036 edici,
3539 2964 3744 3041 praesertim

2265 3079 2406 3127 cum,
2455 3065 2510 3119 in
2560 3064 3019 3120 delectationibus
3071 3064 3196 3119 vitae
3252 3062 3543 3134 praesentis,
3572 3072 3653 3128 quo
3689 3068 3747 3109 est

571 3181 683 3239 tur,
707 3172 835 3242 quid
865 3173 1127 3238 dicemus,
1165 3183 1224 3229 ttt
1251 3182 1433 3228 utrum
1460 3175 1570 3230 sint
1592 3176 1678 3230 vel
1728 3189 1833 3230 non
1890 3175 1998 3229 sint
2039 3174 2157 3229 sani

2271 3156 2614 3227 designemus
2635 3155 2885 3226 exemplo
2914 3166 3154 3227 nequeat
3180 3156 3441 3212 inveniri.
3468 3148 3746 3208 Delectation-

569 3264 898 3334 prttbemus?
914 3263 1158 3334 Pr0pone
1174 3266 1266 3321 tibi
1289 3267 1525 3337 aliquem
1542 3266 1886 3323 sanissimum
1910 3282 2156 3339 corpore,

572 3363 630 3411 et
652 3357 720 3411 de
745 3357 976 3413 sanitate
1004 3357 1145 3413 illius
1186 3359 1488 3424 sciscitare,
1517 3374 1679 3414 sanus
1705 3368 1790 3415 est
1817 3344 2158 3428 suoiudicio.

563 3445 675 3504 illic
703 3447 824 3504 talis
850 3448 1009 3519 paulo
1043 3449 1231 3505 durius
1280 3458 1564 3520 tangatur,
1597 3459 1693 3505 aut
1734 3450 1788 3505 in
1839 3451 2017 3521 aliqua
2075 3449 2157 3507 sui

572 3541 822 3611 corporis
869 3551 1025 3612 parte
1062 3543 1267 3598 arctius
1314 3543 1751 3612 constringatur,
1783 3552 1837 3598 et
1863 3542 2049 3598 statim
2076 3542 2162 3597 vi-

572 3628 732 3707 clebis
761 3631 887 3700 quia
932 3631 1234 3688 clamabit:
1272 3631 1444 3699 Sine,
1504 3633 1656 3688 laedis
1704 3648 1824 3699 me,
1864 3649 2030 3689 vexas
2055 3648 2158 3689 tne.

571 3722 714 3791 Quid
737 3723 978 3780 esthoc?
1006 3722 1197 3780 Nonne
1222 3725 1372 3794 prius
1388 3740 1447 3780 se
1470 3740 1590 3781 esse
1612 3740 1803 3781 sanum
1830 3725 2083 3781 dicebat?
2104 3732 2162 3779 et

574 3828 706 3871 tunc
730 3816 941 3873 medice
968 3824 1166 3882 tectus,
1200 3816 1273 3871 ita
1306 3815 1552 3872 dolenter
1605 3815 1926 3871 succlamat.
1980 3815 2160 3871 lstene

573 3907 668 3962 tibi
712 3921 880 3963 sanus
937 3906 1192 3962 videtur?
1237 3906 1355 3962 Non
1405 3914 1560 3977 puto.
1622 3905 1973 3976 Nequaquam
2031 3920 2160 3975 ergo

571 3996 720 4053 salus
745 3997 1053 4067 huiusmodi
1082 3997 1241 4053 nobis
1266 3998 1505 4063 dabitur,
1535 4011 1764 4067 quorum
1795 3994 1941 4051 salus
1977 4011 2006 4049 a
2055 3994 2155 4051 Do«

570 4088 721 4142 mino
746 4088 923 4143 futura
951 4102 1071 4144 esse
1092 4088 1399 4159 specialiter
1424 4089 1841 4161 repromittitur.
1863 4086 2004 4141 Nam
2038 4086 2159 4141 abs-

573 4188 732 4248 terget
752 4179 891 4234 Deus
933 4196 1135 4235 omnem
1179 4182 1467 4252 lacrymam
1513 4182 1577 4235 ab
1614 4180 1779 4235 oculis
1827 4180 2154 4246 suorum'",

572 4276 624 4324 et
639 4268 756 4337 jam
790 4286 892 4324 non
921 4272 1017 4325 erit
1053 4271 1277 4341 amplius
1302 4288 1463 4344 neque
1506 4271 1701 4338 luctus,
1732 4288 1895 4342 neque
1936 4270 2155 4338 clamor,

571 4374 738 4429 neque
778 4358 918 4413 ullus
946 4354 1116 4425 dolor,
1140 4362 1386 4430 quoniam
1414 4362 1591 4429 priora
1625 4362 1941 4415 transierunt
1969 4361 2153 4433 (Apoc.

570 4463 693 4514 ιιι,
725 4447 849 4520 54);
880 4457 928 4503 et
969 4464 1071 4503 non
1095 4449 1349 4515 esuriant,
1378 4465 1543 4521 neque
1573 4451 1746 4504 sitient
1784 4450 2038 4519 amplius,
2063 4465 2157 4504 nec

2264 3244 2365 3301 bus
2391 3247 2592 3302 etenim
2621 3246 2724 3302 illis
2752 3262 2860 3315 quo
2882 3247 3054 3315 magis
3079 3246 3321 3318 quisque
3367 3254 3555 3304 utetur.
3592 3256 3641 3297 eo
3677 3237 3745 3293 ler-

2263 3338 2477 3393 ventius
2503 3338 2620 3392 illas
2643 3338 3024 3409 amplectetur,
3066 3339 3194 3410 quia
3225 3354 3296 3394 ex
3331 3353 3510 3395 earum
3551 3332 3745 3391 saturitate

2265 3426 2470 3481 nullum
2522 3426 2805 3482 fastidiunt
2849 3426 2939 3482 ulli
2989 3436 3231 3483 creatur.
3275 3425 3421 3495 Quas
3463 3421 3746 3480 delectationes

2263 3517 2539 3573 neminem
2565 3517 2619 3571 in
2651 3517 2757 3573 hac
2780 3517 3113 3573 mortalitate
3140 3518 3418 3574 viventem
3446 3527 3552 3573 esse
3569 3498 3745 3586 putatel

2262 3607 2453 3674 fuisse,
2486 3609 2580 3680 qui
2622 3610 2862 3667 senserit
2904 3610 2996 3675 ³³³,
3041 3610 3126 3665 vel
3163 3611 3486 3681 gustaverit,
3528 3618 3577 3661 ttt
3605 3607 3745 3663 illarum

2262 3713 2513 3768 saporem
2575 3698 2663 3753 vel
2692 3698 3067 3755 habitudinem
3098 3700 3318 3756 caneris
3349 3700 3575 3770 digerere
3619 3692 3744 3765 possit-

2262 3793 2408 3848 Duas
2451 3794 2597 3849 enim
2626 3795 2994 3851 beatitudines
3022 3835 3037 3860 ,
3081 3806 3138 3850 et
3203 3795 3336 3851 item
3394 3794 3609 3850 miserias
3646 3789 3746 3850 duas,

2264 3883 2528 3951 majorem
2574 3885 2828 3942 videlicet
2890 3896 3055 3957 atque
3098 3886 3372 3942 minorem
3413 3900 3524 3941 esse
3560 3880 3745 3938 novimus.

2262 3973 2519 4044 Maiorem
2594 3974 2988 4032 beatitudinem
3018 4018 3037 4043 ,
3092 3990 3322 4048 regnum
3385 3977 3512 4042 Dei;
3564 3975 3746 4029 minorem

2262 4068 2494 4124 dicimus
2517 4084 2665 4135 esse,
2697 4070 2750 4124 in
2803 4085 2911 4139 quo
2945 4070 3117 4125 Adam
3154 4071 3336 4141 primo
3385 4069 3572 4141 positus
3616 4063 3744 4119 fuerat.

2261 4160 2514 4231 gaudium
2547 4162 2803 4231 paradisi.
2826 4162 2957 4217 Item
2981 4162 3242 4231 majorem
3275 4162 3746 4224 miseriampetermtn

2263 4255 2441 4326 ignem
2464 4256 2754 4324 gehennaa;
2781 4256 3045 4311 minorem
3077 4256 3337 4322 fatemur,
3353 4271 3481 4328 quas
3504 4256 3745 4309 incessat!!!

2259 4347 2497 4417 patimur
2513 4362 2782 4401 aerumnas
2797 4347 3083 4417 praesentis
3097 4349 3240 4403 vita).
3256 4347 3615 4404 Beatitudinetn
3630 4350 3745 4394 autem

2261 4447 2511 4494 neutram
2541 4438 2831 4509 aliquando
2860 4441 3073 4510 experti
3111 4456 3321 4496 sumus.
3368 4438 3510 4509 Quod
3555 4435 3591 4490 si
3619 4430 3744 4487 Saltem

571 4538 723 4595 cadet
745 4518 905 4609 super
931 4536 1049 4593 illo:
1081 4537 1181 4604 sol,
1209 4552 1370 4609 neque
1408 4518 1547 4594 ullus
1593 4549 1751 4594 aestus
1795 4518 1953 4609 (καὶ.
2006 4554 2153 4610 thx,

2263 4528 2404 4584 illam
2434 4544 2658 4599 parvam
2682 4530 3273 4601 beatitudinetn,qttatn
3306 4530 3473 4584 Adam
3507 4528 3553 4580 iu
3574 4518 3746 4594 paradiso

569 4629 669 4696 1ος
698 4630 864 4696 Apoc.
894 4644 991 4697 vn,
1022 4629 1150 4700 16);
1180 4628 1395 4683 dextera
1432 4630 1567 4683 enim
1595 4646 1691 4683 sua
1720 4628 1858 4683 Deus
1891 4639 2023 4701 teget
2049 4647 2156 4697 eos,

567 4729 618 4776 et
641 4719 853 4775 brachio
896 4729 1083 4774 sancto
1134 4718 1505 4794 suogdefendet
1534 4719 1651 4774 illos
1680 4718 1837 4790 (Sap.
1884 4719 2010 4788 νβ,
2044 4722 2154 4793 17).

571 4809 712 4879 Quid
734 4811 919 4882 itaque
948 4810 1029 4865 eis
1058 4824 1257 4865 nocere
1300 4809 1513 4880 poterit
1547 4809 1744 4879 quibus
1790 4813 2014 4868 dextera
2061 4812 2156 4869 Dei

563 4913 907 4977 segmentum
931 4904 1074 4960 erit?
1120 4902 1306 4972 Qualis
1345 4913 1526 4959 autem
1557 4905 1630 4959 sit
1649 4904 1852 4961 sanitas
1874 4906 1985 4973 illa,
2010 4915 2157 4981 certe

569 4996 688 5053 seio
717 5013 804 5054 me
825 5012 927 5053 nec
952 5011 1074 5053 meo
1103 5010 1202 5053 nec
1224 4994 1453 5065 alicujus
1482 5010 1645 5051 sensu
1681 4995 1765 5050 vel
1788 4998 2159 5066 experimento

570 5089 873 5159 accepisse.
904 5089 981 5145 De
1009 5089 1239 5145 febrium
1271 5103 1403 5145 vero
1429 5096 1483 5143 et
1508 5087 1843 5144 diversarum
1877 5088 2163 5145 infirmita-

572 5187 689 5237 tttm
717 5180 1000 5250 qualitate,
1040 5182 1083 5236 si
1113 5181 1415 5251 cuiusmodi
1442 5180 1550 5235 sint
1573 5180 1749 5250 quivis
1775 5180 2159 5251 interrogaret,

573 5268 733 5325 facile
759 5269 942 5345 forsan
970 5272 1348 5343 intelligendas
1370 5286 1717 5342 exponerem,
1743 5287 1866 5327 cum
1897 5273 2022 5342 quia
2059 5286 2158 5344 ego

572 5358 694 5414 illas
740 5358 795 5414 in
824 5374 929 5423 me,
961 5370 1070 5414 tum
1092 5362 1348 5430 quoniam
1371 5361 1439 5415 ab
1461 5361 1541 5415 eis
1563 5360 1748 5430 accepi
1775 5360 1875 5435 qui.
1907 5376 2001 5416 eas
2036 5376 2157 5431 qua:

2260 4618 2712 4694 positusltabuit,
2759 4623 2973 4694 experti
3014 4640 3275 4687 essemus,
3344 4623 3478 4678 forte
3522 4634 3603 4691 per
3638 4615 3745 4669 halm

2260 4714 2408 4769 illam
2457 4712 2718 4782 majorem
2784 4717 2967 4785 aliquo
3018 4717 3180 4772 modo
3263 4713 3596 4782 coniectando
3628 4707 3747 4761 videre

2270 4820 2573 4876 possemus,
2630 4808 2773 4862 sicut
2802 4824 2947 4864 nunc
2992 4810 3046 4863 in
3074 4809 3270 4864 ntinori
3302 4809 3513 4863 miseria
3544 4801 3650 4864 nati,
3684 4804 3746 4849 ιιιιο

2262 4898 2374 4954 triti
2411 4908 2467 4955 et
2494 4899 2695 4965 adulti,
2748 4900 2915 4954 multa
2968 4901 3035 4956 de
3088 4901 3278 4971 majori
3325 4899 3561 4958 tttiseria.
3601 4888 3745 4962 quoii“

2262 4992 2535 5061 volumus,
2562 4994 2776 5048 edicere
2801 5003 2854 5048 et
2881 4994 3177 5063 explanare
3206 4994 3461 5049 valemus.
3502 4989 3649 5056 Itaque
3664 4990 3743 5033 cum

2262 5084 2575 5152 delectatio,
2611 5085 2677 5142 de
2701 5101 2808 5156 qua
2835 5087 3073 5156 agimus,
3098 5096 3309 5143 constet
3340 5100 3455 5142 esse
3501 5096 3589 5137 una
3624 5071 3743 5146 Ροηίθ

2261 5192 2472 5248 magna}
2532 5177 2909 5245 beatitudinis,
2949 5194 3060 5249 quo
3110 5178 3249 5233 illam
3291 5177 3447 5233 modo
3482 5169 3738 5240 explicemus»

2260 5276 2320 5323 ut
2351 5269 2617 5339 capiatur,
2649 5285 2753 5325 non
2793 5269 2968 5333 video,
2999 5269 3101 5324 nisi
3129 5269 3270 5324 forte
3295 5270 3345 5323 id
3380 5276 3579 5338 agamus
3619 5252 3740 5316 alii”

2260 5362 2535 5417 contraria
2586 5361 2943 5419 similitudine
2998 5376 3207 5434 magna:
3266 5360 3488 5415 miseriae
3546 5352 3738 5421 quantm

1869 5469 2104 5527 VARIE
2142 5472 2546 5531 LECTIONES.

644 5560 715 5596 '°'
758 5560 1078 5617 Sanctorum
1124 5574 1342 5615 suorum
1372 5578 1477 5615 mss
1501 5563 1768 5617 omittunt.
1822 5571 2132 5617 sanctorum

571 5630 643 5664 ’”
672 5630 928 5686 Dicentur
951 5649 1056 5688 mss
1082 5632 1295 5688 dicatur

1546 5563 1768 5644 mittunt.
1822 5571 2164 5644 sanctorum_
2240 5564 2313 5644 ὀξ
2330 5565 2539 5644 Aptari.
2570 5566 2958 5644 Corporjsmss
2980 5568 3169 5644 amari.
3200 5565 3333 5634 ρυῑε
3364 5539 3737 5644 είὲ¹ε¹¹έίέίξφθῖξ

1402 5632 1472 5706 "°_
1501 5633 2096 5706 Singuli,sens_tts_mss.
2123 5634 2315 5706 singuli
2347 5636 2437 5690 alii
2468 5651 2661 5693 sensus

2769 5622 2838 5710 “7',
2864 5622 3069 5710 cuique
3092 5622 3325 5696 fcrcittss
3344 5622 3521 5700 cuique
3543 5622 3624 5677 ΐθα

574 5701 718 5760 Vero
744 5702 798 5758 in
818 5701 1001 5758 futuro
1032 5719 1134 5758 mss
1163 5715 1292 5757 vero
1314 5716 1434 5770 qute
1462 5703 1516 5757 in
1541 5701 1720 5760 futuro
1794 5703 1883 5757 ,³η
1917 5703 1984 5759 Ει
2012 5704 2101 5775 qui
2128 5701 2361 5763 senserit
2385 5723 2490 5765 mu
2520 5709 2612 5779 qui
2639 5709 2871 5766 senserit
