3904 6306
79 360 196 416 593

1151 364 1273 422 LIB.
1318 364 1906 425 DE'BEATITUDINE
1941 366 2303 427 CleLESTl..

78 473 288 529 minori
311 473 703 544 conjectamus.
742 476 826 532 Sit
859 477 1020 549 igitur
1070 489 1196 536 ante
1243 481 1431 537 oculos
1489 482 1671 537 cordis
1700 482 1746 539 Α
1775 479 1878 537 illis
1925 480 2138 537 delictis
2190 482 2297 537 tuis
2325 479 2431 536 “7?
2460 481 2527 537 Et
2558 482 2699 539 unde
2722 488 3113 559 gratiasages,
3147 491 3198 545 si
3229 491 3363 551 nihil

81 562 321 632 positus,
360 565 593 635 exempli
612 580 800 632 causa,
837 568 1000 623 homo
1034 570 1235 641 aliquis
1261 612 1275 637 ,
1308 574 1400 644 qui
1455 583 1565 628 tam
1616 574 1671 629 in

80 656 223 726 ipsis
252 657 531 713 oculorum
576 674 800 715 suorum
830 663 1051 732 pupillis
1080 680 1245 734 quam
1274 666 1404 720 etin
1446 665 1673 736 singulis

80 744 349 803 membris
381 747 583 803 ferrum
608 751 833 820 ignitum
865 762 918 807 et
942 755 1183 811 candens
1205 755 1429 811 infixum
1451 757 1685 827 habeat,»

80 838 253 892 itaut
275 854 377 893 nec
407 840 674 907 medullae,
712 858 813 897 nec
842 843 1237 911 intestina,nec
1258 848 1480 903 omnino
1514 849 1673 919 quid-

78 944 250 997 quem
278 930 329 984 in
364 939 474 986 toto
497 932 615 1003 ipso
640 935 916 991 cruciatus
948 938 1089 994 illius
1127 940 1468 996 immanitate
1494 951 1668 1009 vacet,

76 1019 165 1074 vel
190 1032 317 1074 eam
364 1020 536 1078 levius
594 1026 833 1095 qnamin
856 1028 1028 1086 oculis
1056 1029 1397 1101 aliquatenus
1450 1033 1668 1089 sentiat.

77 1112 225 1181 Quid
251 1115 465 1170 dicam?
490 1117 866 1189 Angustiatur.
895 1121 1027 1190 Quis
1055 1125 1199 1181 hunc
1228 1124 1505 1183 existimet
1525 1141 1672 1187 sana:

80 1206 288 1262 mentis
318 1206 465 1263 inter
484 1210 632 1266 ista?
677 1211 881 1269 Eodem
912 1216 1095 1283 modo,
1143 1216 1237 1275 sed
1278 1218 1499 1288 penitus
1542 1234 1673 1276 con-

80 1295 255 1353 traria
286 1299 749 1370 consideratione,
782 1303 839 1358 in
870 1304 961 1359 illa
1004 1306 1186 1361 futura
1221 1308 1329 1365 vita
1382 1309 1671 1368 inell‘abilis

77 1379 379 1447 delectatio
405 1393 654 1462 quaedam
696 1394 870 1452 bonos
920 1398 1234 1463 inebriahit,
1286 1411 1341 1456 et
1386 1403 1670 1459 dulcedine

76 1482 157 1536 sui
187 1490 453 1541 totos-eos
492 1486 860 1545 inaestimabili
884 1492 1215 1547 exundantia
1267 1495 1506 1550 satiabit.
1561 1495 1664 1564 Qui

77 1574 190 1631 dixi
226 1577 412 1632 totos?
466 1578 634 1647 oculi,
666 1596 846 1645 aures,
894 1598 1079 1651 nares,
1105 1600 1187 1651 os,
1216 1601 1432 1655 manus,
1483 1590 1668 1657 pedes,

76 1674 291 1737 guttur,
318 1682 434 1737 cor,
452 1666 623 1738 jecur,
655 1671 861 1742 pulmo,
883 1689 1027 1741 ossa,
1053 1677 1315 1740 medullae,
1353 1689 1479 1735 exta
1501 1680 1667 1736 etiam

76 1760 228 1824 ipsa,
270 1768 326 1812 et
374 1770 570 1816 cuncta
620 1762 941 1834 singulatim
970 1807 984 1831 ,
1037 1766 1359 1839 singulaque
1425 1772 1668 1827 membra

1777 585 1987 635 eorum,
2035 571 2176 626 unde
2229 571 2347 626 illas
2394 572 2518 642 jure
2572 573 2796 641 debeas,
2844 576 2896 630 in
2945 584 3032 631 tua
3098 582 3362 639 memoria

1776 659 1979 716 babes?
2021 660 2091 717 Ut
2122 660 2287 731 igitur
2327 661 2380 715 in
2425 661 2569 718 illius
2616 663 2863 721 laudibus
2902 668 3235 725 zeiernaliter
3272 672 3364 743 ju-

1775 751 2052 815 cunderis,
2104 768 2318 823 semper
2357 754 2425 811 de
2463 766 2662 826 quanta
2696 759 2772 815 sis
2812 759 3031 817 miseria
3054 772 3261 831 erutus,
3301 773 3362 822 ut

1774 854 1928 915 pulo,
1969 859 2155 899 coram
2207 844 2452 902 habebis.
2498 848 2632 903 Cum
2675 865 2807 920 ergo
2854 850 3189 922 singulorum
3232 868 3362 909 con-

1775 938 2017 995 scientiae
2054 938 2561 1010 singulispateant,
2607 943 2766 1001 fateri
2814 944 2989 1001 audeo
3035 960 3100 1001 ea
3144 959 3365 1021 quoque

1775 1031 1986 1089 cunctis
2006 1040 2214 1103 patere,
2246 1046 2345 1102 pro
2371 1047 2606 1103 quorum
2638 1037 2920 1091 curatione
2946 1047 2998 1090 tu
3028 1036 3136 1092 Deo
3157 1037 3360 1110 jugitee

1776 1125 2054 1193 gratiosus
2098 1124 2322 1193 existes,
2383 1141 2494 1182 non
2538 1126 2604 1182 ad
2655 1135 2801 1183 tuam
2830 1129 3223 1192 confusionem,
3262 1130 3361 1186 sed

1774 1217 1843 1272 ad
1878 1231 2131 1289 magnam
2164 1215 2260 1273 Dei
2290 1215 2743 1287 glorificationem
2776 1228 3042 1289 tuamque.
3070 1229 3361 1290 congratee

1775 1307 2055 1363 lationem.
2104 1305 2214 1363 Nec
2233 1307 2389 1379 enim
2427 1316 2555 1364 tunc
2583 1324 2683 1381 pro
2707 1310 2948 1381 peccatis
2978 1310 3083 1367 tuis
3114 1320 3165 1366 te
3188 1311 3363 1379 major

1775 1401 1955 1456 cordis
1981 1400 2227 1468 angustia
2273 1409 2488 1471 premet
2533 1401 2913 1474 scelerumque
2960 1412 3173 1457 tuorum
3205 1416 3361 1474 mage

1775 1492 1993 1562 pudebit
2049 1507 2213 1560 quant
2268 1490 2543 1560 aliquem,
2600 1492 2814 1562 magnis
2867 1492 2996 1547 olim
3048 1491 3362 1547 vulneribus

1773 1580 2015 1637 saucium
2057 1579 2278 1651 jamque
2314 1582 2462 1637 omni
2520 1596 2585 1636 ex
2638 1590 2789 1651 parte
2840 1590 3115 1649 sanatum,
3168 1581 3365 1639 abolit't

1774 1669 2046 1740 languoris
2090 1670 2334 1725 molestia
2374 1671 2595 1740 premit,
2641 1670 2724 1726 vel
2752 1686 2941 1725 eorum
2976 1686 3098 1742 qum
3126 1672 3180 1726 in
3213 1686 3360 1727 cuna

1775 1762 1984 1833 positus
2013 1762 2082 1793 ²¹⁸
2137 1761 2315 1817 infans
2359 1772 2547 1834 egerat
2596 1777 2739 1817 nunc
2777 1762 3125 1833 grandaevum
3171 1764 3358 1833 pudet.

74 1861 271 1901 eorum
315 1850 375 1931 in
400 1867 712 1920 commune,
762 1862 877 1909 tam
927 1856 1163 1914 mirabili
1194 1860 1578 1919 delectationis
1610 1872 1666 1920 et
1694 1847 1741 1909 Β
1768 1854 1921 1931 Tunc
1942 1854 2139 1926 quippe
2163 1870 2284 1910 cum
2317 1855 2523 1927 integra
2548 1856 2778 1921 sanitas,
2804 1856 3042 1927 perfecta
3068 1857 3361 1923 munditia.

75 1938 388 1997 dulcedinis
412 1956 577 1999 sensu
603 1946 1026 2016 complebantur
1054 1960 1123 2012 ut.
1154 1965 1283 2006 vere
1332 1961 1478 2015 totus
1509 1955 1673 2010 homo

76 2040 322 2087 torrente
349 2032 641 2106 voluptatis
657 2037 751 2093 Dei
776 2047 1015 2108 potetur,
1028 2049 1085 2095 et
1116 2040 1183 2098 ab
1208 2030 1457 2101 ubertate
1481 2045 1672 2105 domus

76 2119 194 2197 ejus
226 2123 544 2191 inebrietur
571 2126 747 2200 (Psal.
772 2146 938 2198 xxxv,
971 2132 1050 2203 9).

682 2218 910 2278 CAPUT
949 2222 1059 2279 VII.

610 2308 690 2364 De
710 2312 829 2366 vitae
857 2314 1167 2370 wternitate.

140 2398 255 2467 Qui,
270 2414 407 2470 ergo
436 2402 551 2457 hzec
596 2405 737 2458 bona
766 2404 929 2459 fuerit
964 2407 1230 2477 adeptus,
1262 2426 1369 2467 non
1422 2414 1675 2491 intelligo.

74 2491 137 2545 ad
175 2491 313 2560 quid
371 2508 479 2563 pro,
521 2495 809 2551 commodo
865 2498 1117 2567 corporis
1154 2516 1286 2557 suus
1332 2503 1405 2535 ἰδ
1438 2504 1669 2565 ulterius

75 2583 398 2653 porrigatur
444 2584 689 2643 affectus.
751 2587 1104 2647 Solummodo
1154 2592 1299 2649 adsit
1353 2611 1444 2662 ei,
1499 2613 1665 2667 quam

74 2683 304 2729 cunctos
335 2686 592 2747 appetere
621 2679 875 2746 diximus,
904 2682 1233 2740 diuturnitas
1255 2686 1399 2743 vitae.
1428 2688 1534 2747 Sed
1562 2692 1665 2748 ista

74 2766 146 2820 illi
177 2769 409 2825 minime
431 2771 623 2839 deerit,
676 2775 804 2844 quia
844 2776 982 2846 justi
1046 2778 1100 2833 in
1153 2793 1459 2850 perpetuum
1501 2787 1665 2841 vivent

74 2865 207 2921 sicut
237 2866 530 2939 Scriptura
555 2871 685 2927 dicit
714 2872 865 2945 (Sap.
908 2893 957 2943 ν,
1004 2877 1113 2946 16).
1151 2877 1291 2933 Sunt
1318 2880 1483 2935 etiam
1531 2880 1660 2948 alia,

74 2971 190 3029 qua:
212 2959 453 3028 quidem,
507 2962 603 3028 iis,
655 2981 775 3037 qua:
814 2966 1139 3038 digessimus
1168 2971 1281 3039 m,
1327 2987 1435 3027 non
1486 2973 1665 3029 minus

75 3058 357 3116 amantur,
389 3052 482 3107 sed
518 3055 586 3108 ad
607 3057 866 3121 animam,
898 3059 1038 3113 sicut
1065 3060 1155 3115 illa
1195 3062 1262 3116 ad
1291 3078 1490 3134 corpus
1511 3104 1527 3128 ,
1579 3079 1664 3118 re-

75 3138 347 3197 feruntur.
405 3145 535 3211 Qua:
567 3147 945 3214 nihilominus,
978 3150 1032 3205 in
1067 3154 1382 3223 septenario
1434 3170 1662 3211 numero

1774 1944 1933 2015 plena
1981 1945 2256 2012 remissio,
2299 1960 2492 2001 secura
2520 1947 2760 2002 omnium
2796 1945 3151 2003 offensionum
3184 1947 3360 2016 impu-

1772 2038 1916 2093 nitas
1942 2038 2038 2095 tibi
2069 2047 2220 2095 certo
2249 2039 2515 2104 arriserit,
2549 2039 2787 2110 cognitio
2813 2055 3025 2107 eorum,
3059 2039 3150 2110 qui
3182 2039 3359 2108 magis

1770 2130 1985 2187 horrori
2020 2131 2113 2187 tibi
2143 2146 2265 2188 esse
2289 2131 2491 2188 valebit
2514 2147 2676 2202 quam
2709 2140 2791 2188 est
2832 2132 2990 2187 modo
3036 2132 3355 2188 beatissimo

1772 2222 2137 2295 apostolorum
2161 2224 2393 2295 principi
2412 2224 2574 2281 Petro
2594 2240 2699 2295 qua
2720 2224 2994 2280 Christum
3041 2225 3111 2256 ²¹⁹
3139 2225 3361 2295 negavit

1770 2311 2039 2382 abjuratio
2067 2329 2189 2382 sua,
2240 2313 2398 2369 beato
2422 2314 2590 2370 Paulo
2631 2330 2736 2384 qua
2781 2323 3098 2385 persecutus
3126 2323 3212 2370 est
3250 2314 3353 2369 im-

1769 2406 2003 2463 manitas
2046 2422 2165 2470 sua,
2205 2407 2378 2462 beatae
2414 2406 2596 2463 Maria:
2620 2406 2951 2478 Magdalenae
2981 2417 3202 2477 peccata
3230 2422 3351 2471 sua,

1768 2502 1822 2550 et
1848 2495 2031 2551 multis
2062 2496 2182 2551 aliis
2212 2498 2405 2564 multa,
2431 2514 2551 2569 quae
2578 2500 2827 2555 sciuntur
2849 2497 2963 2573 jam
2992 2498 3211 2564 donata,
3242 2498 3353 2554 cri-

1769 2584 1915 2638 mina
1955 2586 2100 2639 sua?
2142 2587 2340 2643 Verum
2383 2603 2548 2658 super
2574 2589 2690 2644 haec
2722 2590 2919 2660 agnitis
2943 2588 3178 2658 delictis,
3206 2588 3357 2647 velut

1767 2677 1979 2734 enormi
2013 2692 2075 2736 ac
2111 2679 2254 2735 [teda
2285 2680 2605 2737 infirmitate
2654 2692 2775 2749 tua,
2817 2682 3008 2752 pietas,
3064 2683 3241 2739 virtus
3287 2696 3355 2738 ac

1769 2773 2032 2842 sapientia
2084 2772 2310 2835 medici,
2356 2773 2447 2842 qui
2481 2781 2532 2826 te
2561 2772 2795 2837 sanavit,
2849 2773 3136 2828 sublimius
3164 2788 3194 2827 a
3219 2787 3355 2828 cun-

1767 2864 1873 2919 clis
1910 2863 2292 2929 admirabitur,
2343 2862 2671 2926 laudabitur,
2719 2862 3191 2932 magnificabitur;
3232 2862 3357 2917 laus,

1768 2965 1951 3012 autem
1982 2965 2037 3011 et
2068 2955 2466 3025 magnificentia
2511 2954 2696 3024 gloriae
2741 2954 2853 3018 Dei,
2888 2962 2999 3021 tua,
3031 2954 3077 3008 si
3114 2953 3252 3009 bene
3276 2954 3348 2986 "°

1769 3047 2025 3113 advertis,
2056 3045 2224 3117 gloria
2248 3055 2350 3101 est.
2382 3044 2488 3101 Sed
2513 3045 2698 3100 dices:
2735 3044 2801 3100 Et
2828 3044 3044 3114 quidem
3071 3043 3354 3099 consentio

1769 3120 1982 3197 laudem
2012 3140 2104 3196 Dei
2131 3120 2357 3210 gloriam
2387 3152 2562 3207 meam
2613 3152 2755 3193 esse.
2804 3137 3006 3193 Verum
3055 3150 3177 3191 cum
3224 3136 3355 3192 hinc

74 3232 517 3299 constituta,non
547 3238 816 3291 modicum
842 3238 1057 3307 placent
1079 3242 1244 3297 menti
1279 3257 1398 3313 quae
1425 3243 1662 3313 ipsorum

1771 3231 1895 3287 inde
1918 3239 1997 3286 tot
2020 3239 2077 3285 et
2112 3240 2210 3294 tot,
2254 3229 2322 3284 ad
2366 3227 2831 3299 comparationem
2871 3226 3001 3292 mei,
3038 3226 3357 3282 innocentes

75 3319 227 3377 fuerit
254 3338 461 3395 sapore
506 3326 732 3383 imbuta.
789 3328 929 3385 Sunt
974 3342 1155 3389 autem
1187 3335 1333 3401 haec,
1374 3335 1665 3406 sapientia,

77 3414 343 3489 amicitia,
372 3420 683 3487 concordia,
712 3429 972 3492 potestas,
999 3424 1193 3491 honor,
1226 3427 1510 3497 securitas,
1538 3444 1666 3500 gau-

73 3508 239 3575 dium.

668 3606 900 3664 CAPUT
947 3609 1077 3666 Vlll.

674 3701 754 3757 De
783 3705 1061 3774 sapientia.

139 3789 431 3862 Sapientia
481 3794 669 3865 igitur,
706 3810 870 3867 quam
899 3813 1093 3854 omnes
1120 3808 1176 3853 et
1206 3799 1257 3854 in
1289 3800 1390 3855 hac
1420 3801 1531 3857 vita
1558 3817 1666 3859 non

78 3882 317 3940 viriliter
359 3894 568 3951 amant,
614 3896 763 3953 tanta
812 3891 865 3945 in
914 3888 1092 3946 futura
1133 3891 1251 3955 vitaw
1292 3892 1447 3953 bonis
1479 3894 1584 3950 erit
1608 3902 1668 3953 ut

76 3988 254 4031 eorum
310 3990 432 4046 quae
476 3977 620 4036 scire
646 3980 922 4041 voluerint
953 3982 1089 4039 nihil
1119 3985 1189 4039 sit
1215 3985 1357 4054 quod
1383 3985 1664 4057 ignorent;

79 4069 247 4123 scient
296 4070 448 4125 enim
493 4081 689 4129 cuncta
717 4089 837 4145 quae
865 4077 1083 4132 scienda
1116 4077 1245 4132 fecit
1271 4079 1435 4143 Deus,
1464 4087 1572 4135 tam
1600 4095 1665 4141 ea

78 4175 191 4233 qua:
236 4163 521 4233 praeterita
564 4180 727 4235 quam
760 4182 879 4237 quae
907 4167 1066 4236 hujus
1086 4167 1268 4224 saeculi
1305 4178 1434 4225 sunt
1461 4168 1661 4225 futura.

79 4252 148 4307 lbi
182 4271 212 4309 a
237 4254 474 4327 singulis
499 4270 712 4323 omnes,
746 4258 821 4312 ibi
846 4258 915 4313 ab
938 4256 1193 4315 omnibus
1226 4258 1427 4329 singuli
1460 4273 1664 4329 cogno-

78 4357 316 4414 scentur,
352 4362 452 4403 nec
477 4364 807 4421 quemquam
834 4350 1055 4407 omnino
1085 4350 1293 4416 latebit,
1326 4366 1433 4421 qua
1463 4352 1673 4422 patria,

79 4451 176 4504 qua
210 4448 402 4509 gente,
432 4455 536 4509 qua
566 4440 735 4510 stirpe
770 4442 894 4511 quis
923 4442 1103 4499 editus
1126 4441 1309 4509 fuerit,
1338 4441 1424 4497 vel
1448 4442 1578 4513 quid
1607 4442 1663 4521 in

80 4530 179 4584 vita
207 4529 432 4593 fecerit.
460 4532 560 4588 Hic
590 4533 842 4595 fortassis
871 4534 948 4595 ait
978 4533 1174 4606 aliquis
1201 4553 1215 4592 :
1244 4534 1386 4604 Quid
1415 4544 1500 4592 est
1526 4536 1666 4593 hoc?

1768 3322 2051 3392 prodeant,
2080 3312 2195 3391 qui,
2224 3319 2582 3375 consideratis
2604 3319 2728 3373 vitae
2750 3332 2883 3373 mete
2903 3317 3352 3381 obscenitatibus,

1769 3428 1856 3469 me
1901 3414 2148 3479 omnino,
2191 3413 2333 3467 sicut
2376 3424 2590 3483 aequum
2620 3410 2687 3442 ³¹¹
2714 3410 2842 3475 erit,
2893 3408 3108 3464 horrori
3147 3408 3359 3464 baben-

1769 3505 1895 3561 dum
1931 3503 2196 3575 judicent,
2224 3503 2352 3573 quid
2382 3499 2835 3557 dicam?.|ustitia
2867 3514 3061 3572 nempe
3084 3513 3268 3565 suum,
3298 3508 3357 3556 et

1768 3611 1926 3651 suum
1962 3593 2224 3664 injustitia
2254 3592 2538 3671 prtemium
2559 3592 2748 3663 exigit.
2773 3591 2830 3648 In
2859 3592 2966 3658 his,
2996 3592 3192 3658 frater,
3222 3590 3365 3647 nolo'

1773 3688 1993 3753 timeas;
2026 3686 2183 3742 aliter
2207 3686 2313 3742 erit
2340 3700 2503 3757 quam
2539 3685 2842 3739 existimas.
2873 3683 3027 3739 Illum
3050 3683 3358 3755 siquidem,

1767 3796 1931 3859 quem
1956 3789 2011 3835 tu
2042 3779 2134 3835 tibi
2177 3788 2554 3849 comparatum
2588 3777 2804 3848 judicas
2837 3777 3051 3846 penitus
3093 3776 3357 3839 innocen—

1770 3885 1899 3940 tem,
1927 3888 2034 3928 non
2057 3872 2129 3929 ibi
2158 3872 2398 3943 reperies
2421 3873 2488 3928 de
2513 3882 2585 3939 te,
2613 3870 3067 3942 quemadmodum
3089 3869 3353 3935 aestimas,

1769 3968 2116 4024 sentientem.
2148 3965 2394 4035 Namque
2437 3964 2629 4020 videns
2679 3974 2731 4019 te
2781 3963 2889 4029 ille,
2934 3963 3001 4017 de
3047 3977 3157 4035 quo
3210 3962 3350 4033 agis,

1768 4062 1925 4133 plane
1972 4059 2232 4130 intelliget
2252 4058 2322 4091 ¹²¹¹
2348 4066 2398 4113 te
2446 4071 2787 4133 nequaquam
2842 4069 2935 4122 se,
2985 4054 3083 4111 sed
3148 4055 3350 4121 Deum,

1768 4154 1984 4227 quando
2006 4152 2266 4224 peccaSti,
2300 4149 2610 4209 offendisse.
2639 4149 2775 4203 Cum
2799 4162 2929 4217 ergo
2956 4147 3154 4203 viderit
3181 4146 3355 4203 Deum

1768 4249 1865 4304 tibi
1917 4262 2014 4303 sua
2050 4245 2233 4301 debita
2282 4242 2525 4299 funditus
2571 4240 2864 4307 dimisisse,
2914 4257 3013 4297 nec
3041 4241 3096 4295 in
3125 4254 3222 4296 cor
3250 4240 3355 4295 sibi

1769 4339 2026 4397 ascendet
2072 4345 2135 4394 ut
2174 4346 2227 4394 te
2269 4336 2395 4392 inde
2432 4334 2503 4377 ﬁ“
2529 4334 2871 4404 aliquatenus
2907 4333 3134 4406 judicet.
3164 4332 3222 4388 ln
3254 4333 3361 4388 hoc

1770 4432 1917 4491 enim
1968 4432 2085 4502 ipso
2131 4429 2302 4486 Deum
2352 4443 2409 4485 se
2450 4427 2721 4484 offendere
2767 4434 3143 4498 cognosceret,
3188 4426 3234 4481 si
3284 4434 3359 4489 te.

1773 4525 1886 4581 Deo
1927 4538 2026 4595 per
2073 4523 2257 4580 omnia
2314 4521 2748 4587 reconciliatum,
2801 4535 2900 4591 pro
2945 4520 3011 4576 iis
3057 4535 3179 4589 qua:
3227 4518 3357 4576 olim

80 4634 295 4689 peccata
323 4640 449 4693 qua,
471 4624 799 4691 {consciam
824 4597 1143 4685 omnese-ad
1165 4597 1352 4686 1,0,},
1378 4629 1661 4688 confessus
1693 4597 1745 4659 θ
1768 4618 2002 4685 feceras,
2043 4616 2314 4672 ullatenus
2363 4608 2824 4672 contemnendum
2862 4615 3145 4686 cogitaret.
3180 4612 3354 4680 Magis

80 4729 189 4769 sum
220 4726 282 4773 ut
313 4716 652 4785 delerentur,
704 4729 763 4775 ut
790 4719 1263 4787 obliviscerentur,
1294 4731 1354 4779 ut
1383 4723 1515 4779 nulli
1540 4738 1658 4779 am-

80 4807 212 4875 plius
258 4810 658 4880 penderentur.
712 4812 887 4880 Bene;
943 4813 1037 4870 sed
1084 4830 1207 4870 cum
1251 4823 1307 4871 tu
1339 4816 1393 4871 in
1417 4816 1507 4872 illa
1546 4816 1663 4887 glo-

82 4900 154 4953 ria
184 4902 255 4934 m
279 4903 355 4960 ab
383 4904 532 4961 omni
578 4907 827 4963 criminis
875 4908 1036 4963 sorde
1074 4917 1337 4980 purgatus
1363 4909 1532 4964 vultui
1564 4909 1662 4965 Dei

83 5005 318 5057 praesens
379 4997 659 5064 astiteris,
709 5000 1028 5071 ingratusne
1076 5000 1126 5056 ei
1178 5015 1298 5057 esse
1336 5001 1541 5072 poteris
1563 5017 1666 5073 pro

85 5090 222 5141 tanta
256 5088 633 5149 misericordia
665 5106 831 5162 quam
878 5092 971 5147 tibi
1019 5091 1171 5159 fecit,
1200 5093 1447 5149 remissis
1475 5093 1582 5150 illis
1613 5102 1668 5150 et

1770 4718 1954 4766 autem
2002 4705 2273 4780 gratiosus
2318 4705 2675 4760 admirabitur
2722 4698 3189 4758 inetfabilem-Dei
3231 4698 3349 4755 cle-

1771 4802 2055 4868 mentiam,
2084 4816 2192 4857 non
2218 4799 2390 4857 solum
2416 4800 2468 4855 in
2498 4808 2571 4865 te,
2599 4799 2694 4855 sed
2723 4806 2780 4854 et
2815 4798 2869 4853 in
2902 4812 2961 4853 se
2988 4815 3001 4851 :
3028 4798 3083 4854 in
3115 4805 3188 4866 te,
3222 4797 3352 4868 quia

1772 4897 1840 4952 de
1871 4910 1979 4955 tam
2009 4893 2278 4967 profundo
2326 4893 2631 4963 iniquitatis
2665 4892 2863 4962 eripuit
2896 4899 2985 4955 te;
3018 4890 3071 4945 in
3109 4905 3189 4957 se,
3220 4888 3361 4961 quia

1777 4990 1887 5046 sola
1917 4989 2089 5061 gratia
2106 4986 2243 5057 ejus,
2264 5002 2331 5041 ne
2355 4986 2405 5040 in
2432 4986 2570 5041 idem
2593 4983 2919 5057 profundum
2944 4991 3147 5050 rueret,
3182 4982 3356 5037 tenuit

1773 5096 1835 5139 se
1889 5079 1980 5135 ³³⁸.
2030 5077 2324 5134 Laudando
2369 5076 2532 5149 igitur
2580 5073 2951 5146 magnificabit
3005 5074 3061 5129 in
3115 5082 3186 5140 te,
3235 5080 3371 5145 post,

1388 5247 1618 5303 VARUE
1657 5242 2064 5302 LECTIONES.

151 5382 219 5414 ’“
262 5384 518 5452 Corporis
565 5384 647 5441 sui
706 5385 1107 5454 mssrcorporis
1156 5398 1286 5440 suus
1385 5384 1466 5454 7'"
1503 5382 1548 5451 Ω

86 5466 255 5525 usque
298 5454 617 5525 digessimus

724 5454 794 5486 ²¹⁸
824 5453 929 5509 Sed
960 5441 1081 5510 cum
1112 5465 1167 5509 tu
1207 5455 1296 5509 illa
1347 5441 1652 5524 gloriawmss
1704 5441 1769 5508 'S.
1794 5452 1865 5506 62
1910 5461 1957 5524 et
2004 5441 2107 5506 6οΒ
2153 5441 2401 5524 εεᾴῖῳιη
2431 5445 2563 5524 tuin
2593 5441 2878 5524 illagloria

1554 5398 1633 5437 uae
1685 5382 1901 5452 quidem
1946 5380 2028 5452 iis
2052 5394 2171 5452 quae
2195 5376 2524 5452 digessimus
2542 5389 2644 5452 ηερε
2669 5369 2729 5426 S.
2746 5369 2842 5452 _62_
2859 5368 3363 5452 mequidem-huc

2984 5440 3052 5472 ἰτ
3092 5437 3367 5495 Remissis.

91 5507 191 5579 illis
234 5507 489 5581 vdeleuctisi
519 5507 623 5582 tuis
669 5543 745 5581 ms
792 5507 1378 5581 SifSBWremissisqei’
1409 5507 1524 5579 illis
1571 5507 1800 5579 delectis
1851 5522 1957 5576 tuis
2002 5532 2058 5575 et
2098 5538 2177 5576 ms
2219 5520 2323 5575 605
2352 5515 2596 5573 remissis
2645 5507 2749 5569 illis
2779 5521 2834 5569 et
2873 5510 2977 5582 illis
3002 5510 3216 5567 delictis
3244 5507 3350 5564 tuis

90 5592 154 5624 ¹¹³
180 5594 236 5650 In
261 5596 344 5650 via
377 5598 580 5667 positus
599 5614 677 5651 ms
704 5597 766 5653 S.
790 5596 860 5651 62
884 5606 931 5649 et
962 5596 1067 5652 605
1100 5598 1151 5651 in
1178 5612 1315 5651 cuna
1341 5598 1551 5665 positus

1660 5595 1731 5627 ¹¹⁹
1755 5593 1890 5662 Quia
1918 5592 2190 5647 Christum
2220 5608 2296 5662 nis
2318 5605 2421 5662 qua
2447 5586 2719 5662 Christum

2830 5582 2898 5615 ”°
2922 5580 3065 5638 Laus
3090 5589 3268 5635 autem
3298 5588 3353 5632 et

92 5649 488 5737 magnificentia
503 5649 506 5650 ν
522 5649 942 5737 b-eogloriaitua
968 5649 1018 5723 si
1036 5649 1169 5721 bene
1187 5649 1299 5722 hii.
1328 5649 1477 5721 bans
1497 5649 1675 5722 autem
1697 5649 2168 5737 ctmagnificcntia
2186 5649 2373 5737 gloria:
2398 5658 2629 5737 Qei,httia
2650 5656 2696 5712 si
2721 5655 2859 5712 bene
2883 5654 2999 5737 L’"
3024 5649 3115 5737 §i¢
3137 5662 3355 5737 εξδςιυέξξιξ

91 5748 169 5790 itu
195 5737 336 5792 sicut
355 5755 563 5809 aequum

424 5757 563 5820 [nunt
674 5740 742 5771 ¹²⁹
782 5738 1032 5812 lntclligit
1055 5755 1159 5795 mss
1182 5740 1439 5811 intelliget

93 5818 277 5871 rueret
301 5818 464 5869 tenuit
487 5827 544 5868 se

1549 5739 1616 5770 ’⁸³
1645 5737 1720 5792 Te
1748 5733 1937 5792 deinde
1968 5750 2072 5788 mss
2104 5742 2153 5788 te
2186 5733 2308 5787 inde

2415 5729 2483 5761 m
2514 5728 2721 5784 flueres
2754 5724 2922 5783 tenuit
2950 5721 3128 5797 potius
3152 5733 3213 5775 se
3244 5732 3363 5777 mu.
