3904 6306
589 363 693 423 ωε

1621 358 1925 416 EADMEBI
1963 359 2272 420 MONAClll
2312 365 2590 426 CANTUA
2600 369 2867 430 RIENSIS
3679 394 3746 451 593

589 477 821 549 gratiam
847 473 960 537 Dei,
987 471 1092 526 vim
1121 477 1284 542 atque
1324 471 1686 556 constantiam
1727 463 1925 544 quibus
1962 476 2176 535 enitens
2205 479 2250 542 Α
2291 479 2444 544 tiant,
2485 463 2659 541 tibi'in
2691 487 2906 542 cunctis
2935 501 3032 559 pro
3067 489 3293 550 veritate
3334 495 3534 556 rationis
3565 501 3744 568 Isonem

587 568 909 640 voraginem
945 564 1078 620 tanti
1111 563 1237 620 mali
1265 564 1496 622 viriliter
1517 553 1759 632 evasisti,
1795 571 1980 640 quam,
2013 567 2173 639 juxta

587 658 734 728 quod
773 657 889 728 ipse
931 654 1322 719 considerabit,
1369 655 1416 711 si
1466 655 1758 712 derelictus
1790 673 1820 712 a
1855 661 1966 715 Deo
2010 661 2174 719 simili

588 749 754 804 modo
803 741 1143 813 incurrisset,
1173 763 1282 804 non
1314 747 1388 804 ita
1418 743 1649 805 forsitan
1681 752 1966 808 evasisset.
2009 753 2174 812 Vides

583 837 753 907 igitur
777 853 942 908 quam
978 839 1112 895 nihil
1143 840 1459 912 improperii
1506 842 1722 914 vulgata
1776 846 2018 916 cognitio
2045 862 2172 917 pec-

583 931 690 986 cati
751 931 849 997 tui,
901 932 1014 988 imo
1058 947 1221 1004 quam
1275 927 1503 991 multum
1554 937 1731 994 laudis
1773 948 1828 994 et
1872 940 2172 1012 gratiarum

583 1024 805 1096 cognita
853 1025 1107 1082 remissio
1139 1027 1220 1082 sui
1253 1029 1558 1098 generabit.
1587 1030 1695 1101 lpsi
1717 1031 1885 1086 etiam
1915 1032 2092 1104 angeli
2129 1033 2173 1089 si

587 1127 644 1171 te
667 1117 940 1184 societate
983 1119 1066 1173 sui
1105 1129 1328 1190 propter
1358 1130 1451 1176 tua
1494 1131 1716 1194 peccata
1761 1123 2040 1195 indignum
2066 1125 2177 1181 vel-

583 1209 700 1264 lent
728 1208 1003 1278 judicare,
1036 1210 1269 1266 haberes
1307 1213 1540 1282 qualiter
1580 1214 1650 1245 ¹¹²⁵
1683 1223 1872 1270 contra
1922 1231 2017 1271 eos
2051 1217 2175 1284 jure

583 1309 641 1355 te
677 1301 856 1371 possis
886 1299 1190 1358 defensare.
1222 1300 1490 1372 Quonam,
1521 1307 1724 1378 inquis,
1781 1309 1978 1363 modo?
2010 1309 2174 1364 Audi.

584 1392 838 1464 Propone
865 1396 1178 1463 angelorum
1209 1396 1465 1468 aliquem,
1500 1401 1655 1469 quasi
1689 1401 1816 1456 talia
1847 1401 1942 1457 tibi
1971 1402 2175 1473 impro-

585 1496 914 1556 perantem:
946 1487 1024 1541 Tu
1052 1488 1214 1543 homo
1263 1489 1328 1543 de
1376 1490 1600 1560 pulvere
1653 1491 1850 1557 factus,
1905 1501 1960 1560 tu
2002 1493 2176 1564 pulvis

587 1581 912 1650 quandoque
953 1577 1188 1646 futttrus,
1245 1591 1436 1637 contra
1464 1583 1633 1639 Deum
1669 1595 1720 1641 te
1747 1587 2014 1652 extulisti,
2046 1602 2194 1643 con-

587 1677 673 1725 tra
722 1677 992 1740 praecepta
1043 1667 1160 1738 ejus
1210 1681 1260 1728 te
1287 1673 1340 1727 in
1367 1688 1586 1730 ctennm
1636 1677 1816 1732 omnis
1862 1679 2070 1750 peccati
2122 1685 2177 1735 et

586 1757 948 1818 immunditite
973 1763 1214 1818 tumidus
1236 1763 1504 1844 deiecisti,
1529 1775 1584 1823 et
1610 1783 1752 1823 nunc
1775 1769 1948 1824 nostri
1981 1768 2174 1825 similis

2279 569 2549 639 deferant,
2574 577 2872 646 perpende,
2909 580 2954 636 si
2997 581 3168 650 vales,
3197 598 3351 654 quam
3389 597 3524 656 grata
3547 591 3603 623 ’³⁸
3625 596 3746 656 sua.

2278 661 2482 732 pientia
2529 664 2656 732 ista,
2695 682 2800 737 qua
2853 678 2909 724 tu
2960 671 3040 727 sic
3073 672 3143 728 ab
3167 675 3411 732 omnibus
3433 677 3512 746 '3',
3537 679 3602 738 sic
3623 699 3748 746 omnes

2279 745 2646 825 agnoscentur
2670 775 2701 814 a
2736 770 2787 816 te
2814 760 2867 816 in
2891 761 3001 816 vita
3033 763 3142 819 illa.

2479 871 2482 874 ι
2897 853 3132 930 curer
3167 857 3256 914 ιιι.

2885 945 2962 1000 De
2993 947 3254 1002 amicitia.

2350 1025 2539 1084 Nonne
2562 1043 2957 1102 consequenter
2990 1051 3054 1090 ex
3086 1037 3186 1093 ista
3217 1055 3334 1109 qua:
3355 1045 3546 1100 cunctis
3567 1047 3748 1106 criteota-

2281 1115 2460 1170 munis
2505 1117 2801 1185 sapientia,
2834 1130 2888 1176 et
2917 1124 3164 1192 quaedam
3199 1127 3565 1186 intestimabilis
3591 1137 3746 1190 amicitia

2279 1207 2679 1274 procreabitur,
2721 1223 2843 1278 qua:
2865 1211 2924 1264 in
2957 1219 3168 1267 tantum.
3205 1214 3276 1246 ’³³
3307 1216 3604 1288 singulorum
3627 1225 3748 1281 intima

2280 1296 2349 1328 ³³³
2371 1311 2498 1368 erga
2539 1299 2780 1372 singulos
2829 1317 2926 1358 suo
2968 1302 3184 1362 fervore
3215 1305 3288 1338 ’³⁸
3327 1312 3750 1382 compleatntatucr

2279 1390 2544 1462 cujusque
2593 1395 2660 1448 in'
2701 1411 2974 1468 quemque
3019 1401 3219 1471 cuique
3264 1401 3502 1459 sulliciat.
3542 1403 3628 1462 Nec
3659 1409 3746 1464 enim

2278 1481 2437 1537 video
2465 1477 2932 1554 quomodoaliter
2951 1506 3076 1547 esse
3104 1493 3278 1564 possit
3307 1495 3376 1527 ³³³
3402 1495 3650 1566 prmsertim
3672 1517 3747 1556 cum

2277 1590 2468 1634 omnes
2521 1595 2690 1636 unum
2718 1582 2788 1614 ³³⁸
2811 1597 3009 1653 corpus
3048 1581 3266 1640 Christi
3316 1585 3438 1652 sint,
3477 1599 3526 1643 et
3567 1589 3746 1656 Christus,

2280 1669 2372 1737 qui
2403 1677 2488 1724 est
2517 1669 2632 1740 ipsa
2679 1687 2809 1742 pax,
2851 1673 2922 1728 sit
2958 1674 3202 1728 omnium
3230 1675 3300 1708 ’³⁷
3328 1687 3496 1747 caput,
3522 1665 3602 1734 nec
3623 1680 3748 1734 minori

2283 1775 2403 1817 sese
2479 1762 2676 1819 affectu
2739 1767 3176 1838 complectantur
3237 1768 3310 1801 ’³⁸
3377 1781 3552 1841 qnam'
3588 1775 3746 1827 memlzn

583 1869 706 1912 esse
752 1853 972 1923 qttzeris,
1005 1869 1142 1924 quos
1181 1871 1460 1926 nunquam
1493 1857 1544 1912 in
1571 1857 1752 1928 aliquo
1781 1858 2042 1934 voluntati
2075 1861 2166 1915 Dei
2205 1845 2244 1900 Β
2273 1853 2431 1908 unius
2484 1855 2729 1924 corporis
2782 1857 2882 1913 sibi
2944 1856 3174 1916 invicem
3246 1862 3561 1932 copulantur.
3606 1865 3748 1917 inultis

585 1947 888 2004 eontraisse
939 1947 1141 2003 cernis.
1182 1948 1264 2002 Ad
1295 1949 1410 2004 hzec
1445 1950 1570 2006 licet
1601 1950 1675 2006 ita
1707 1953 2041 2022 respondeas
2071 1971 2083 2007 :
2113 1953 2170 2008 Si

583 2053 734 2110 ergo,
768 2050 825 2095 ut
863 2037 1022 2108 dicis,
1071 2040 1137 2095 de
1185 2041 1404 2112 pulvere
1446 2042 1624 2098 factus
1673 2059 1817 2110 sum,
1873 2043 2009 2100 forte
2063 2061 2170 2101 non

583 2115 826 2198 mirum,
875 2130 920 2186 si
967 2139 1130 2186 vento
1180 2132 1494 2188 tentationis
1549 2134 1816 2206 impulsus
1869 2137 1921 2190 in
1981 2137 2170 2193 sordes

584 2221 716 2280 sum
759 2223 1051 2279 criminum
1108 2223 1313 2296 lapsus.
1369 2226 1568 2280 Verum
1625 2223 1809 2299 agnita
1859 2237 1914 2284 et
1961 2227 2174 2285 credita

583 2305 965 2372 misericordia
1019 2317 1242 2382 Christi,
1301 2319 1499 2388 spretis
1545 2321 1796 2375 omnibus
1847 2337 1967 2392 qua:
2019 2321 2178 2376 illum"

584 2409 730 2466 nolle
756 2409 896 2465 scire
917 2409 1092 2480 potui,
1125 2409 1176 2464 in
1207 2413 1421 2467 eunetis
1455 2429 1575 2483 quae
1611 2414 1757 2468 illum
1793 2414 1931 2470 velle
1951 2407 2182 2484 .intelli-h

585 2503 780 2570 geham
818 2509 1020 2576 memet
1047 2503 1287 2558 exercui.
1343 2503 1496 2560 Unde
1544 2505 1920 2562 tribulationes
1971 2515 2024 2562 et
2069 2523 2169 2560 an-

583 2593 793 2662 gustias
826 2591 880 2644 in
914 2589 1092 2670 fame,
1113 2593 1228 2659 siti,
1261 2595 1478 2666 vigiliis,
1513 2595 1850 2662 verberibus,
1888 2605 2170 2651 contume-

584 2683 673 2740 liis
724 2683 974 2758 aliisque
1011 2687 1186 2742 modis
1245 2677 1546 2742 innumeris
1605 2687 1673 2742 ad
1733 2689 1997 2743 honorem
2050 2687 2168 2756 ejus

581 2777 858 2852 sustinere
891 2794 998 2852 non
1023 2767 1284 2844 dubitavi,
1312 2785 1386 2844 et,
1414 2794 1642 2849 quaeque
1673 2779 1944 2834 mundana
1976 2779 2044 2810 ²²⁶
2069 2796 2169 2850 pro

579 2869 789 2926 viribus
837 2869 992 2926 nihili
1039 2872 1305 2942 pendens,
1353 2871 1475 2942 ejus
1525 2879 1733 2925 tantum
1768 2870 1936 2926 solius
1979 2871 2168 2942 gratiae

578 2979 677 3032 per
699 2963 910 3033 singula
943 2963 1284 3020 reconciliari
1315 2963 1642 3019 desideravi.
1683 2965 1793 3020 Vos
1824 2973 2002 3018 autem
2037 2963 2166 3035 quid

579 3055 777 3110 horum
811 3072 1052 3127 unquam
1089 3057 1172 3111 sui
1204 3071 1369 3111 causa
1407 3056 1776 3112 sustinuistis?
1815 3055 2043 3126 Semper
2073 3053 2180 3113 vos

581 3147 777 3217 gloria,
801 3161 1013 3217 semper
1037 3147 1353 3216 jueunditas
1386 3159 1470 3204 est
1504 3151 1784 3214 comitata,
1825 3164 2040 3224 semper
2065 3169 2164 3208 vos

2279 1949 2442 2020 igitur
2489 1967 2681 2015 omnes
2729 1966 2790 2011 ut
2831 1954 3006 2024 ipsum
3039 1963 3110 2021 te,
3141 1965 3198 2012 ct
3226 1957 3485 2013 amaberis
3509 1957 3564 2011 ab
3582 1957 3748 2026 omnibus

2253 2053 2334 2098 ἰιι
2362 2043 2462 2114 ipsi
2491 2061 2519 2100 a
2548 2062 2606 2103 se
2640 2048 2730 2101 '39.
2772 2047 2964 2113 Putas,
3003 2047 3292 2104 abundans
3322 2049 3425 2105 eris
3456 2049 3500 2102 in
3529 2049 3744 2108 dilectione.

2275 2137 2491 2204 quando
2540 2139 2656 2196 haec
2709 2141 2804 2196 tibi
2855 2140 3019 2196 fuerit
3073 2140 3126 2195 in
3155 2141 3547 2212 possessione?
3587 2141 3746 2194 Altamen

2275 2227 2433 2283 istam
2504 2232 2717 2298 transi,
2789 2241 2842 2288 et
2899 2233 3276 2305 contemplare
3329 2233 3492 2306 ipsum
3533 2247 3612 2302 per
3649 2247 3748 2302 quem

2274 2315 2390 2370 haec
2442 2316 2584 2371 bona
2644 2318 2738 2373 tibi
2787 2323 3123 2390 provenere,
3181 2328 3240 2374 ct
3285 2319 3533 2388 percipies
3573 2317 3664 2387 quia
3699 2315 3750 2370 ille

2271 2403 2393 2474 plus
2450 2397 2611 2474 quam
2655 2413 2708 2459 tu
2753 2415 2804 2462 te
2843 2403 3116 2477 ipsumet
3151 2423 3322 2478 quam
3383 2423 3552 2462 omnes
3598 2405 3664 2461 alii
3701 2405 3750 2460 ia-

2271 2497 2718 2570 comparabiliter
2760 2500 2972 2554 "amabit
3009 2503 3093 2564 te;
3136 2511 3194 2556 et
3237 2509 3291 2554 tu
3336 2515 3486 2569 super
3513 2510 3558 2553 te
3579 2500 3750 2570 ipsumet

2273 2606 2436 2662 super
2462 2607 2655 2649 eratres
2678 2591 2816 2649 alios
2855 2592 3112 2650 ineffabili
3146 2596 3382 2666 quatiant
3415 2595 3636 2651 suavitate
3657 2593 3748 2648 ilium

2272 2683 2503 2738 amabis.

2897 2779 3128 2837 CAPUT
3171 2779 3255 2848 ,X.

2863 2871 2939 2926 De
2977 2875 3282 2928 concordia.

2349 2960 2460 3018 Sed
2509 2963 2764 3033 quoniam
2814 2966 2953 3020 solet
3004 2965 3303 3037 aliquando
3355 2965 3630 3036 contingere
3663 2959 3749 3014 inter

2272 3053 2522 3108 homines
2547 3063 2604 3108 ut
2633 3054 2666 3107 ii
2690 3054 2780 3124 qui
2817 3070 2935 3110 sese
2966 3055 3295 3112 altrinsecus
3323 3056 3613 3110 unanimiter
3631 3055 3747 3105 amant

2273 3157 2380 3197 non
2407 3141 2458 3196 in
2482 3144 2738 3198 omnibus
2773 3144 2973 3214 ubique
3003 3147 3360 3212 concordent,
3393 3146 3508 3199 dum
3535 3141 3633 3198 huic
3653 3151 3750 3194 secus

581 3239 760 3294 tenuit
791 3227 1012 3295 dextera
1045 3239 1137 3296 Dei
1174 3250 1336 3311 atque
1385 3243 1626 3299 defendit
1657 3247 1723 3300 ab
1763 3245 2168 3317 impugnatione

2276 3243 2440 3304 atque
2490 3234 2562 3288 illi
2609 3236 2844 3300 videtur,
2895 3244 2951 3290 et
3003 3237 3145 3307 quod
3199 3237 3288 3293 hic
3328 3237 3518 3308 appetit
3549 3231 3744 3300 illefugit.

581 3327 760 3384 ontnis
805 3329 1039 3399 peccati,
1081 3329 1156 3385 ita
1189 3341 1246 3386 ut
1278 3331 1420 3386 nulla
1445 3329 1541 3388 vos
1573 3333 1814 3390 fuscaret
1857 3335 2067 3391 macula
2095 3337 2168 3369 ’³⁷

579 3420 720 3492 ejus.
751 3421 937 3490 Itaque
966 3423 1010 3478 si
1041 3439 1069 3478 a
1093 3423 1374 3482 voluntate
1396 3425 1511 3495 ejus
1540 3443 1644 3482 non
1669 3428 1966 3494 cecidistis,
2000 3429 2168 3500 ipsius

580 3514 782 3568 donum
813 3523 915 3578 est,
958 3529 986 3568 a
1026 3531 1132 3584 quo
1163 3515 1367 3587 jugiter
1402 3518 1532 3573 tenti
1564 3519 1719 3574 estis.
1754 3519 1859 3574 Sed
1893 3518 2019 3589 quia
2053 3521 2168 3575 haec

577 3605 719 3658 ratio
769 3605 890 3659 illos
935 3607 1307 3662 tantummodo
1359 3609 1582 3676 respicit
1613 3610 1703 3679 qui
1736 3611 2028 3680 perditioni
2053 3628 2167 3668 sua:

575 3698 686 3750 vim
731 3695 976 3752 fecerunt
1004 3707 1058 3752 et
1101 3715 1325 3770 regnum
1357 3699 1619 3756 ca-lorum
1665 3703 1931 3758 violenter
1974 3719 2168 3774 rapue-

576 3797 704 3843 runt
736 3787 952 3860 (Matth.
985 3805 1061 3858 XI,
1091 3791 1200 3860 1'2),
1236 3790 1326 3845 alii
1351 3790 1442 3860 qui
1483 3792 1536 3845 in
1567 3791 1694 3846 illud
1737 3803 1884 3860 sunt,
1912 3793 2008 3848 sed
2058 3793 2166 3848 alio

571 3880 736 3935 modo
781 3881 1058 3949 intraturi,
1101 3882 1206 3937 alia
1263 3882 1474 3936 ratione
1517 3882 1805 3952 puritatem
1850 3885 2180 3954 angelorum'

571 3973 674 4028 sibi
705 3983 832 4029 sunt
861 3969 1214 4031 vindicaturi.
1239 3963 1242 3966 ’
1264 3975 1320 4030 Si
1355 3977 1578 4046 quaeris,
1615 3977 1756 4046 qua?
1779 3977 2006 4033 forsitan
2039 3979 2160 4035 ista.

571 4067 765 4122 Dicent
793 4070 959 4140 igitur
990 4069 1096 4126 illis
1129 4089 1142 4125 :
1177 4070 1321 4140 quod
1353 4070 1405 4125 in
1441 4084 1609 4139 regno
1646 4069 1739 4125 Dei
1789 4081 1970 4126 vestra
2011 4089 2160 4142 qua:-

569 4157 741 4211 rimus
781 4151 1092 4229 mqtralimte
1141 4161 1314 4227 beari,
1366 4161 1507 4216 dono
1543 4162 1615 4194 ²¹⁸
1645 4171 1698 4217 et
1727 4164 1916 4234 gratia:
1957 4163 2162 4219 Christi

569 4248 698 4303 Jesu
729 4249 942 4305 Domini
969 4253 1140 4307 nostri
1173 4253 1226 4308 id
1261 4255 1602 4318 ascribimus,
1631 4257 1720 4325 qui
1747 4256 1814 4311 ad
1846 4257 1948 4312 hoc
1980 4257 2162 4330 dignas

571 4351 662 4396 tus
691 4353 773 4396 est
799 4343 963 4397 homo
992 4345 1130 4410 ﬁeri,
1163 4355 1215 4401 et
1248 4348 1358 4416 pati
1390 4359 1443 4402 et
1477 4351 1637 4415 mori,
1678 4361 1737 4404 ut
1763 4367 1883 4416 nos,
1913 4349 1981 4405 ab
2008 4351 2158 4406 omni

569 4428 769 4488 delicio
798 4432 849 4487 in
881 4435 1147 4504 sanguine
1182 4437 1654 4507 suojustillcatos,
1690 4441 1858 4511 ipsius
1892 4445 2039 4513 regni
2075 4444 2158 4499 sui

565 4534 847 4582 consortes
889 4524 1144 4582 efﬁceret.
1187 4527 1293 4584 Vos
1337 4529 1500 4600 igitur
1531 4531 1885 4587 considerate
1922 4549 1990 4587 an
2023 4549 2172 4590 san-'

563 4619 684 4691 guis
725 4619 952 4688 Christi,
998 4619 1090 4690 qui
1129 4629 1212 4675 est
1241 4635 1339 4693 pro
1370 4622 1526 4679 nobis
1550 4622 1773 4692 effusus,
1807 4635 1972 4696 queat
2001 4627 2157 4684 nobis

562 4727 685 4768 esse
735 4711 973 4787 perfecta
1026 4729 1192 4767 causa
1246 4713 1460 4769 salutis.
1515 4715 1653 4782 Quid
1689 4717 1756 4771 ad
1799 4717 1912 4772 lucc
1958 4719 2155 4789 angeli,

558 4803 652 4878 qui
687 4803 941 4871 libenter,
977 4803 1208 4876 ecquod
1244 4805 1370 4861 boni
1397 4815 1540 4872 sunt,
1577 4809 1772 4864 rationi
1804 4809 2154 4879 acquiescere

555 4895 772 4962 volunt,
833 4887 1172 4952 diccrerit'“
1206 4899 1306 4954 nisi
1362 4913 1483 4968 qua:
1536 4899 1680 4955 dicta
1738 4911 1887 4968 sunt,
1943 4902 2152 4960 ratione

556 4989 682 5053 niti,
737 4997 793 5044 et
841 4990 1152 5060 hujusmodi
1209 4991 1463 5047 homines
1509 4991 1635 5062 jure
1685 5009 1782 5049 sua
1836 4993 2151 5071 aequalitate

553 5076 759 5133 debere
791 5080 1004 5149 potiri?
1057 5079 1193 5136 Cum
1220 5083 1408 5152 itaque
1453 5083 1632 5154 angeli
1676 5095 1840 5153 atque
1879 5084 2176 5150 homines,

553 5185 693 5237 quos
745 5172 917 5242 magis
958 5171 1380 5242 tcjudicaveras
1425 5175 1762 5244 innocentes,
1800 5178 1894 5234 tibi
1921 5193 2142 5234 consen-

2272 3325 2585 3380 necessario
2615 3327 2862 3382 addenda
2897 3328 3222 3399 praescripto
3252 3329 3420 3384 amori
3443 3325 3746 3382 concordiam.

2271 3433 2360 3482 ne,
2387 3419 2433 3476 si
2467 3420 2738 3476 ullatenus
2767 3421 2851 3474 vel
2891 3407 2948 3476 in.
2987 3431 3191 3492 puncto
3221 3421 3468 3485 defuerit,
3495 3421 3638 3489 aliqua
3659 3413 3748 3468 ira.»

2275 3521 2423 3569 tanto
2471 3514 2613 3569 bono
2656 3515 2952 3583 subrepere
3007 3519 3205 3584 possit.
3249 3515 3367 3592 Erit
3409 3515 3568 3583 itaque
3599 3505 3746 3562 tantain

2269 3607 2482 3663 cunctis
2517 3604 2802 3662 concordia
2849 3615 2908 3660 ut
2943 3606 2994 3660 in
3031 3606 3178 3661 nullo
3207 3608 3412 3663 sentias
3449 3605 3642 3672 aliquem
3677 3597 3745 3651 dis-

2270 3712 2492 3767 crepare
2541 3697 2609 3752 ab
2654 3711 2720 3751 eo
2765 3697 2908 3765 quod
2971 3705 3023 3752 te
3087 3698 3397 3753 constiterit
3441 3695 3574 3750 velle.
3610 3691 3745 3756 Coqua

2269 3805 2436 3844 unum
2465 3783 2703 3854 erimus,
2735 3788 2976 3844 Ecclesia
3019 3806 3128 3846 una
3159 3791 3387 3855 erimus,
3415 3789 3594 3860 Sponsa
3615 3775 3744 3838 Christi

2268 3880 2472 3936 erimus
2502 3880 2814 3952 quicunque
2837 3880 2908 3935 ibi
2942 3882 3170 3938 erimus.
3205 3881 3324 3938 Non
3359 3897 3480 3953 ergo
3511 3875 3646 3946 major
3667 3881 3745 3924 ιιιιιε

2271 3971 2412 4028 inter
2456 3987 2556 4028 nos
2598 3973 2869 4031 discordia
2897 3977 3004 4030 erit
3035 3963 3200 4046 quam
3231 3989 3376 4030 nunc
3399 3981 3477 4030 est
3503 3973 3616 4026 inter
3637 3975 3745 4018 ntem-

2267 4063 2365 4118 bra
2398 4065 2560 4121 unius
2587 4067 2857 4137 corporis.
2889 4068 3090 4123 Verum
3117 4067 3266 4122 sicut
3295 4066 3444 4120 vides
3463 4063 3510 4118 in
3537 4067 3650 4114 metu
3667 4067 3746 4104 ocu-

2266 4155 2463 4223 lorum,
2516 4159 2659 4227 quod
2714 4159 2842 4214 illuc
2867 4175 2976 4230 quo
3009 4171 3149 4214 unus
3179 4159 3413 4214 vertitur
3437 4171 3544 4210 nios
3569 4151 3669 4204 alius
3691 4160 3744 4198 sc-

2264 4249 2468 4318 quitur,
2503 4251 2572 4304 ita
2601 4265 2921 4322 quocunque
2963 4260 3108 4305 tuum
3147 4251 3286 4306 velle
3315 4245 3637 4306 converteris,
3659 4237 3744 4290 γοῐῖθ

2264 4344 2505 4401 omnium
2537 4345 2653 4399 sine
2681 4333 3074 4414 disceptatione
3101 4344 3248 4416 illico
3277 4343 3370 4398 tibi
3397 4329 3740 4411 prchlohabctiS.

2263 4435 2403 4504 Quid
2455 4434 2588 4500 dixi,
2638 4436 2880 4490 omnium
2907 4435 2932 4487 ?
2971 4434 3086 4504 Ipsa
3129 4433 3222 4488 Dei
3269 4433 3508 4487 voluntas
3533 4441 3615 4480 non
3639 4419 3742 4472 εῐὶιει

2269 4535 2356 4582 tua
2389 4526 2630 4592 diversa,
2661 4525 2754 4580 sed
2797 4526 2937 4580 sicut
2989 4535 3044 4578 tu
3087 4523 3232 4594 quod
3265 4522 3374 4587 ille,
3407 4521 3474 4576 ita
3499 4527 3546 4574 et
3569 4513 3635 4568 ille
3655 4509 3742 4560 vult!

2261 4619 2314 4673 in
2347 4617 2558 4674 cunctis
2599 4617 2742 4687 quod
2785 4627 2870 4684 tu;
2902 4625 3066 4686 caput
3111 4629 3347 4685 namque
3387 4629 3416 4666 a
3463 4623 3548 4666 suo
3587 4609 3742 4695 οοΓΡίδξθ

2260 4711 2350 4782 qui
2393 4709 2764 4779 discreparet?
2825 4707 2924 4763 Hic
2970 4707 3170 4777 aliquis
3205 4705 3394 4762 forsan
3439 4703 3488 4758 in
3525 4697 3592 4755 sui
3627 4689 3744 4788 εθτξξξί

2259 4777 2474 4861 secreto
2501 4803 2716 4874 quarit,
2747 4802 2934 4858 dicens
2965 4819 2978 4854 :
3029 4800 3156 4856 Eia!
3205 4799 3252 4854 si
3279 4799 3419 4853 Deus
3449 4803 3499 4849 et
3529 4787 3666 4846 omnis
3691 4777 3742 4832 Ille

2257 4898 2542 4952 beatorum
2579 4907 2758 4950 coetus
2783 4893 2969 4948 volent
3019 4893 3164 4963 quod
3201 4907 3325 4964 ego,
3361 4893 3546 4982 tuncet
3569 4885 3742 4982 augurii:

2259 4999 2372 5044 tum
2403 4989 2506 5044 mei
2541 4988 2666 5043 boni
2701 5001 2912 5042 mecum
2937 4985 3119 5040 volent
3145 4984 3288 5055 quod
3321 4996 3415 5053 ego
3455 4977 3518 5034 ibi
3549 4987 3632 5066 non

2257 5098 2365 5138 non
2399 5090 2618 5151 potero;
2647 5094 2741 5135 ero
2764 5079 2966 5149 itaque,
2997 5093 3095 5148 pro
3129 5075 3264 5130 velle
3295 5070 3513 5138 memde
3533 5055 3742 5151 ωθίοῖίωί

2260 5175 2312 5228 in
2357 5149 2518 5228 coelo.
2569 5171 2704 5227 lluic
2746 5170 3049 5242 respondeo
3081 5169 3195 5240 qui,
3229 5169 3274 5224 si
3301 5167 3459 5222 etiam
3485 5149 3740 5216 beatol‘élm

1832 5339 2065 5396 VARIIE
2107 5337 2511 5396 LECTIONES.

633 5443 704 5524 _“’_
737 5443 911 5500 llabes
965 5441 1198 5524 qualiter
1249 5467 1354 5524 mss
1407 5452 1635 5524 haberes
1681 5453 1912 5524 qualiter

556 5589 740 5640 dir-cut
768 5604 871 5641 mss
903 5587 1114 5656 volunt,
1140 5590 1382 5645 dicereut

554 5657 627 5690 ⁸³³
652 5659 783 5724 Qute
803 5657 894 5727 jus
921 5668 1129 5714 tantum
1160 5679 1263 5715 mss
1288 5678 1408 5727 quae
1434 5665 1484 5715 in
1519 5657 1722 5720 tantqu

553 5729 728 5800 possit
755 5745 858 5784 mss
888 5745 1012 5785 esse
1035 5732 1202 5800 possit

552 5799 998 5874 Complectatnur
1027 5799 1129 5857 tuas
1161 5802 1596 5875 complectantur

2020 5455 2090 5488 ’⁸⁵
2132 5455 2369 5526 ριιτιηιιε
2402 5455 2695 5526 mundana
2718 5471 2823 5509 mss
2855 5463 2906 5508 cl
2940 5471 3166 5526 qumque
3193 5455 3453 5509 mundana

556 5515 840 5586 subripere
893 5515 1100 5571 macula
1150 5537 1254 5574 mss
1285 5521 1354 5575 69.
1399 5533 1446 5576 et
1475 5521 1538 5575 Ε.
1573 5525 1638 5577 lt)
1674 5515 1768 5578 vos
1822 5525 2026 5579 fucaret
2079 5515 2290 5580 macula

1505 5595 1574 5625 "°
1608 5595 1780 5662 Quam
1811 5597 1982 5667 gratia
2015 5613 2119 5650 mss
2142 5613 2300 5666 quam
2325 5605 2478 5667 grata

1837 5665 1908 5697 ³³³
1943 5667 2139 5720 lntimo
2162 5665 2268 5721 mss
2299 5665 2484 5722 intima

1337 5733 1382 5762 ³⁸
1406 5733 1542 5786 Cum
1576 5751 1739 5790 unum
1767 5753 1870 5790 mss
1906 5753 2030 5792 cum
2067 5753 2254 5793 omnes
2285 5755 2450 5794 unum

1343 5811 1596 5858 ectantur
1705 5807 1773 5838 “‘9
1803 5808 1866 5863 Ut
1893 5808 2006 5863 ipsa
2031 5827 2056 5862 τι
2089 5825 2146 5863 se
2175 5825 2277 5863 mss
2313 5821 2368 5863 ut
2400 5809 2496 5863 insi

1756 5813 1773 5837 ⁵³
1803 5813 1866 5863 Ut
1893 5813 2006 5878 ipsa
2031 5827 2056 5862 a
2089 5825 2146 5864 se
2175 5825 2277 5865 mss
2313 5821 2368 5866 ut
2400 5813 2499 5882 ipsi
2528 5824 2558 5866 ει
2588 5826 2645 5866 se

3553 5445 3606 5476 υτ
3631 5431 3736 5492 Voltis

2401 5526 2474 5558 "8
2503 5525 2696 5582 Brutti.
2722 5526 2861 5580 dono
2891 5509 2994 5580 mss
3020 5509 3180 5579 beati
3215 5543 3228 5579 :
3276 5529 3412 5580 dono
3507 5519 3564 5550 ἐ’
3607 5509 3738 5588 Veniant

2603 5579 2675 5628 ’δέ
2699 5597 2778 5651 Τιι
2802 5579 2870 5650 ab
2898 5579 3146 5650 omnibus
3175 5579 3354 5650 msstu
3389 5594 3461 5648 sic
3481 5589 3538 5644 ab
3563 5579 3736 5651 eninibe

2598 5667 2826 5744 usas—SUOS
2851 5647 3063 5744 fervore
3093 5683 3192 5721 mss
3215 5684 3312 5722 suo
3337 5665 3540 5744 ζετνοτθ.
3587 5643 3735 5744 “milii

2559 5738 2632 5771 ³³⁷
2663 5737 2770 5794 Pax
2801 5739 3042 5796 omnium
3063 5755 3166 5794 mss
3188 5754 3291 5810 pax
3315 5737 3390 5793 sic
3413 5729 3612 5790 οιιιιιίιιιιι
