3904 6306
61 360 193 418 597

1157 358 1284 415 LIB.
1327 360 1414 414 DE
1454 356 1917 417 BEATITUDINE
1957 355 2301 414 C(ELESTI.

3270 352 3374 411 598

65 488 192 545 par
227 474 282 528 in
305 470 474 544 gloria
503 485 626 529 esse
651 471 903 540 voluerit,
932 471 1038 527 erit
1062 491 1075 528 :
1102 472 1154 528 in
1178 472 1368 544 gloria,
1392 474 1537 543 dico,
1560 476 1684 547 quia
1712 470 1763 548 Α
1793 482 1965 538 tutos,
2007 472 2361 541 omniumque
2436 467 2817 525 iufirmitatum
2872 465 3214 536 passionibus
3272 469 3374 522 ob-

66 576 139 620 ut
168 564 379 621 Petrus
406 566 475 621 sit
504 565 557 620 in
581 580 836 635 persona,
870 566 1010 620 velle
1042 581 1146 621 non
1171 568 1400 638 poterit;
1426 584 1678 640 namque,

71 656 128 712 si
160 657 283 711 hoc
326 655 510 722 vellet,
549 657 787 726 seipsum
817 651 951 710 nihil
980 672 1098 711 esse
1128 658 1292 713 vellet
1324 677 1337 713 :
1372 661 1515 728 quod
1544 659 1682 715 velle

71 748 313 816 nequit.
360 746 467 801 Sed
511 761 686 816 neque
719 747 770 801 in
806 746 975 817 gloria
1020 747 1093 803 illi
1134 750 1366 820 aequari,
1399 750 1442 805 si
1474 752 1682 805 meritis

70 835 218 903 ejus
271 836 450 906 impar
493 844 601 903 est,
650 837 787 894 velle
834 839 1059 906 poterit,
1098 842 1224 909 quia
1261 841 1683 911 pulcherrimam

74 929 250 983 illius
273 928 523 997 corporis
545 929 1012 998 compositionem,
1051 946 1213 1000 quam
1260 932 1313 986 in
1356 934 1460 988 hoc
1492 934 1683 989 violari

72 1021 464 1092 conspiceret,
491 1022 640 1076 omni
668 1022 956 1077 commodo
987 1020 1108 1092 plus
1140 1024 1365 1078 amabit.
1397 1024 1508 1080 Nec
1538 1026 1683 1081 enim

76 1112 136 1166 in
192 1114 442 1168 humano
485 1128 713 1184 corpore
734 1113 818 1169 vel
853 1130 968 1185 pes,
1003 1114 1121 1169 loco
1148 1124 1241 1170 aut
1267 1115 1443 1172 ollicio
1466 1132 1681 1183 manus,

80 1203 176 1257 vel
208 1219 413 1259 manus
438 1205 593 1275 pedis
621 1204 766 1274 fungi
791 1213 975 1275 Optat;
1002 1215 1095 1260 aut
1122 1222 1203 1271 os,
1235 1207 1348 1262 sive
1380 1223 1563 1274 nasus,
1592 1208 1683 1263 ubi

78 1292 242 1347 oculi
269 1303 428 1360 sunt;
455 1303 550 1349 aut
579 1295 746 1360 oculi,
790 1295 880 1349 ubi
915 1312 997 1362 os,
1025 1311 1117 1350 seu
1150 1312 1318 1352 nasus
1344 1307 1446 1362 est,
1480 1299 1683 1353 relictis

78 1386 323 1442 sedibus
346 1385 480 1453 suis,
516 1386 806 1441 transferri
833 1382 1184 1453 desiderant;
1227 1398 1321 1443 aut
1346 1389 1391 1444 si
1424 1391 1685 1443 transfer-

82 1486 326 1540 rentur,
385 1477 659 1545 patienter
704 1477 756 1531 id
802 1487 1156 1546 paterentur:
1188 1479 1375 1533 eodem
1422 1480 1581 1535 modo
1631 1484 1683 1535 in

80 1566 178 1621 illa
216 1565 531 1621 admirabili
558 1577 613 1621 et
646 1566 945 1638 glorificata
972 1568 1323 1637 dispositione
1355 1569 1525 1623 beata:
1553 1570 1683 1624 civi-

88 1660 231 1714 tatis
265 1658 386 1726 Dei,
417 1660 487 1713 ita
513 1661 743 1730 quisque
766 1644 909 1730 quod
946 1661 1113 1716 habet
1160 1662 1364 1716 amabit
1399 1671 1456 1715 ut
1476 1662 1684 1717 'statum

82 1766 258 1805 suum
302 1736 503 1819 petiori
551 1751 723 1821 gradu
768 1751 967 1805 mutari
1004 1767 1107 1804 non
1143 1751 1287 1805 velit.
1316 1750 1683 1818 Quare?Quia

87 1845 304 1915 cuique
328 1844 464 1899 satis
487 1843 592 1898 crit
620 1858 716 1898 sua
749 1842 981 1899 felicitas
1007 1852 1061 1899 et
1086 1844 1387 1899 beatitudo.
1421 1845 1685 1914 Amplius,

82 1936 127 1993 si
160 1939 218 1993 hi
260 1939 353 2007 qui
380 1937 491 2003 jam
522 1938 575 1992 in
608 1938 780 2006 ipsius
826 1937 1076 2007 corporis
1120 1938 1329 1993 unitate
1368 1939 1527 1993 locati
1563 1949 1687 1994 sunt

80 2027 304 2096 majora
326 2028 396 2060 ’⁸ο
420 2043 582 2098 quam
608 2037 735 2083 sunt
758 2029 936 2099 adepti
960 2029 1359 2098 desiderarent,
1386 2047 1450 2086 co
1479 2032 1545 2063 ²³¹
1571 2032 1687 2103 ipso

82 2122 284 2177 miseri
340 2131 522 2176 essent
559 2136 667 2191 quo
712 2122 948 2176 nondum
988 2121 1061 2185 η²³²
1101 2120 1364 2177 baberent
1399 2123 1545 2193 quod
1576 2124 1687 2178 vel-

82 2209 247 2277 lent;
300 2212 356 2266 in
389 2227 497 2281 quo
535 2212 680 2267 enim
719 2212 877 2267 alicui
927 2213 1069 2283 quod
1109 2212 1259 2282 cupit
1304 2213 1475 2279 deest,
1504 2216 1559 2269 in
1622 2230 1686 2272 eo

83 2307 265 2360 miser
289 2305 366 2361 sit
392 2321 615 2361 necesse
649 2315 752 2360 est.
796 2304 902 2361 Sed
949 2305 1093 2360 absit
1138 2305 1207 2359 ab
1246 2304 1337 2361 illo
1369 2321 1537 2377 regno
1567 2322 1687 2362 om-

83 2395 172 2449 nis
201 2395 455 2450 miseria.
486 2395 675 2450 Aderit
710 2396 891 2465 itaque
924 2395 1180 2451 omnibus
1210 2397 1387 2452 omnis
1413 2398 1685 2455 sufﬁcien-

89 2485 186 2551 tia,
247 2501 419 2556 quam
462 2486 708 2557 perﬁciet
741 2486 796 2541 in
840 2485 1067 2557 singulis
1116 2486 1388 2543 unanimis
1428 2498 1483 2544 et
1528 2488 1686 2560 plena

86 2578 416 2635 concordia.

703 2670 933 2726 CAPUT
973 2670 1061 2726 XI.

691 2761 771 2817 De
805 2774 1078 2833 potestate.

159 2853 304 2909 Cum
339 2854 524 2926 itaque
552 2854 716 2909 Deum
744 2864 798 2910 et
826 2870 1016 2910 omnes
1044 2865 1146 2911 tuae
1168 2856 1430 2913 voluntati
1464 2871 1689 2913 concor-

87 2944 185 3001 des
214 2946 505 3013 habueris,
543 2946 797 3018 profecto.
826 2948 963 3003 nihil
999 2948 1145 3004 voles
1180 2951 1321 3019 quod
1354 2965 1459 3005 non
1488 2952 1687 3021 possis.

91 3036 463 3108 Omnipotens
497 3038 663 3110 igitur
694 3040 805 3094 eris
842 3047 947 3094 tua:
985 3038 1281 3095 voluntatis
1309 3040 1401 3107 “3,
1427 3040 1686 3110 quoniam

88 3131 540 3203 Omnipotentein
588 3133 817 3189 habebis
857 3134 913 3189 in
960 3135 1214 3193 omnibus
1262 3137 1685 3193 cencordantem

91 3232 190 3281 tua:
223 3224 520 3281 voluntati.

641 3338 644 3341 ν
700 3317 929 3375 CAPUT
965 3318 1076 3375 XII.

721 3410 798 3466 De
836 3412 1048 3467 honore.

155 3500 373 3570 Itaque,
402 3515 525 3555 cum
564 3500 681 3555 haec
711 3508 859 3555 tanta
885 3511 1127 3571 potestas
1157 3503 1252 3558 tibi
1280 3502 1542 3571 adfuerit,
1568 3504 1667 3560 lia-

92 3607 191 3647 nor
240 3592 556 3648 condecens
603 3594 855 3663 potestati
894 3594 1119 3648 minime
1145 3595 1339 3650 deerit.
1371 3595 1474 3661 Qui
1503 3596 1678 3651 honor

88 3683 403 3751 cujusmodi
439 3684 530 3747 sit,
563 3685 714 3739 brevi
747 3684 846 3739 Sub
870 3684 1118 3755 exemplo
1151 3685 1222 3716 ‘“
1250 3686 1680 3742 consideremus.

91 3780 231 3836 Ecce
257 3779 336 3835 sit
374 3778 445 3811 ’⁸³
487 3788 613 3834 ante
654 3779 843 3835 oculos
874 3789 1089 3834 nostros
1118 3778 1326 3849 positus
1359 3778 1564 3849 pauper
1590 3780 1685 3835 ali-

92 3875 236 3944 quis,
288 3873 436 3928 omni
488 3867 684 3928 solatio
733 3866 1048 3939 destitutus,
1093 3872 1335 3929 ulCerum
1366 3883 1423 3929 et
1454 3869 1684 3930 aliarum

97 3966 487 4021 infirmitatum
516 3962 780 4020 'fm‘ditate
824 3974 1138 4036 corruptus,
1184 3974 1238 4022 et
1285 3967 1431 4022 omni
1463 3984 1572 4039 quo
1602 3968 1688 4024 vel

92 4073 119 4109 a
150 4057 384 4129 frigoris
410 4056 860 4113 incommoditate
888 4056 1208 4113 defendatur
1233 4060 1464 4130 tegmine
1486 4061 1683 4116 nudus.

92 4147 251 4205 Ilune
290 4148 458 4220 igitur
488 4148 672 4214 talem,
715 4149 809 4203 tali
860 4150 1022 4203 modo
1061 4148 1334 4217 jacentem
1365 4159 1421 4204 et
1453 4151 1505 4203 in
1540 4151 1685 4205 nullo

94 4250 270 4296 semet
295 4241 494 4310 juvare
531 4242 824 4310 valentem,
856 4242 901 4298 si
924 4256 1017 4295 rex
1049 4241 1247 4312 aliquis
1276 4242 1687 4311 patentissimus

93 4335 373 4391 transiens
406 4335 643 4399 videret,
674 4344 730 4390 et
761 4335 1052 4390 miseratus
1082 4334 1199 4402 ejus
1227 4335 1542 4391 vulneribus
1572 4351 1685 4390 nie-

92 4427 202 4482 deri
237 4437 611 4499 curatumque
643 4428 757 4483 suis
782 4428 997 4497 juberet
1024 4428 1362 4483 ornamentis
1386 4432 1598 4496 vestiri,
1631 4441 1686 4486 et

94 4512 391 4574 adductum
417 4520 519 4575 sibi
540 4514 839 4590 adoptaret
864 4522 919 4575 in
952 4521 1144 4590 filium,
1174 4525 1599 4595 praeciperetth
1624 4533 1694 4578 ut

94 4606 143 4661 in
164 4624 339 4680 regno
362 4624 460 4665 suo
481 4625 613 4665 suus
642 4610 784 4667 ﬁlius
803 4627 832 4666 a
860 4613 1069 4667 cunctis
1097 4614 1424 4682 haberetur,
1441 4616 1686 4685 atquein

98 4701 246 4757 nullo
270 4701 417 4771 quod
441 4702 663 4772 juberet
697 4718 729 4757 a
778 4717 1053 4773 quoquam
1096 4705 1146 4758 ei
1188 4706 1678 4773 contradiceretur,

96 4791 478 4863 lueredemquo
514 4808 671 4849 suum
697 4810 761 4850 ac
792 4794 886 4849 lilii
912 4795 995 4850 sui
1020 4796 1356 4852 cohreredem
1386 4798 1689 4854 constitue-

98 4891 174 4937 ret
198 4893 257 4940 et
297 4899 425 4940 eum
472 4900 574 4942 suo
610 4887 831 4943 nomine
880 4887 1065 4943 vocari
1110 4890 1449 4961 praeciperet,
1500 4906 1681 4947 nonne

99 4976 303 5033 diceres
357 4978 431 5011 ³⁸⁸
476 4979 767 5048 magnifice
822 4981 1183 5036 honoratum?
1229 4982 1297 5037 Et
1349 4992 1498 5039 certe
1538 4980 1689 5040 Deus

100 5069 249 5125 nobis
295 5070 415 5125 bare
461 5072 643 5127 omnia
697 5072 879 5129 faciet.
926 5073 1049 5127 Nati
1095 5076 1238 5129 enim
1282 5075 1350 5130 de
1392 5076 1680 5145 putredine

100 5162 297 5229 carnis,
331 5162 605 5234 replemur
656 5165 840 5220 multis
891 5166 1128 5222 miseriis
1173 5166 1297 5238 (Job
1341 5183 1456 5235 xrv,
1496 5169 1581 5241 l);
1625 5168 1677 5223 in

102 5251 293 5320 quibus
344 5254 585 5311 miseriis
636 5256 981 5325 constitutos,
1023 5268 1078 5314 et
1111 5258 1257 5314 omni
1287 5259 1482 5316 solatio
1515 5259 1680 5315 desti«

1785 563 1977 619 noxios
1995 604 2009 630 ,
2037 578 2101 617 ac
2140 571 2486 633 peccatorum
2512 570 2567 616 et
2596 557 3068 628 corruptibilitatis
3105 556 3376 613 ulceribus

1783 655 1971 726 plenos
1987 655 2101 709 sola
2122 654 2489 711 misericordia
2505 652 2698 707 ductus
2717 650 2964 722 accipiet,
2977 657 3030 703 et
3046 650 3259 705 curabit
3283 649 3376 682 ἰε’

1784 761 1905 812 nos,
1949 755 2004 801 et
2043 746 2264 802 sanitati
2310 743 2596 800 restitutos
2625 741 2960 797 ornamentis
2997 740 3253 811 perfectae
3293 741 3379 811 ju-

1786 838 1948 893 stitia:
1971 847 2027 892 et
2053 835 2583 907 incorruptibilitatis
2615 834 2854 900 ornabit,
2905 833 3278 914 adductosque
3324 835 3376 886 in

1787 930 1929 986 filios
1973 930 2076 986 sibi
2130 929 2434 1000 adoptabit,
2476 928 2627 999 regni
2665 927 2747 981 sui
2781 934 3065 981 consortes
3102 925 3298 981 efﬁciet
3326 936 3380 980 et

1785 1019 2047 1090 literedes,
2102 1021 2351 1090 Filioque
2397 1033 2495 1074 suo
2550 1004 2837 1089 unigenito
2877 1017 2979 1072 sibi
3028 1034 3130 1089 per
3191 1018 3376 1072 omnia

1786 1114 1983 1183 tequali
2028 1123 2085 1170 et
2122 1111 2548 1182 coonmipotenti
2601 1110 3022 1181 cencorporales
3069 1119 3271 1165 statuet
3324 1120 3379 1164 et

1787 1206 2120 1273 cohmredes,
2171 1206 2428 1275 omnique
2486 1212 2752 1260 creatura:
2786 1203 2999 1275 jubebit
3052 1213 3111 1257 ut
3147 1203 3198 1257 in
3229 1204 3377 1257 omni

1787 1301 1931 1369 quod
1982 1298 2227 1353 volemus
2277 1298 2344 1330 ³³⁷
2401 1296 2557 1352 nobis
2599 1296 2849 1362 obcdiat,
2899 1303 3225 1365 vocatosque
3277 1308 3379 1350 nos

1789 1390 2005 1445 nomine
2036 1405 2136 1445 suo
2165 1391 2297 1445 deos
2328 1389 2512 1443 faciet.
2548 1389 2683 1443 Dicit
2714 1389 2859 1443 cnim
2896 1389 3046 1459 ipse:
3080 1387 3193 1458 Ego
3224 1389 3337 1442 dixi
3357 1402 3377 1442 :

1788 1481 1876 1535 Dii
1903 1485 2045 1546 eatis,
2068 1490 2114 1536 et
2137 1481 2235 1550 ﬁlii
2262 1480 2479 1537 Επειδί
2499 1499 2674 1537 omnes
2700 1479 2871 1551 (I’sal.
2904 1495 3089 1545 LXXXI,
3115 1479 3176 1546 6;
3210 1478 3373 1533 Joan.

1790 1587 1846 1638 κ,
1878 1571 1991 1641 54).
2043 1570 2150 1625 Sed
2184 1572 2299 1640 ipse
2340 1571 2480 1627 Deus
2523 1570 2784 1626 deilirans
2810 1578 2923 1633 est;
2971 1576 3027 1622 tu
3071 1583 3199 1623 vero
3241 1567 3379 1621 deus

1788 1664 1898 1719 eris
1939 1662 2245 1717 deificatus.
2291 1664 2361 1717 At
2404 1662 2653 1717 fortassis
2694 1663 2814 1716 ais:
2851 1662 2966 1715 haec
3015 1661 3155 1715 ratio
3203 1672 3292 1715 tua
3324 1661 3377 1714 in

1790 1756 1902 1811 illis
1953 1756 2169 1826 quidem
2214 1755 2426 1826 magnis
2477 1754 2754 1826 apostolis,
2795 1767 2889 1806 seu
2922 1751 3253 1824 martyribus
3283 1767 3379 1823 po-

1722 1850 1763 1904 B
1790 1850 1917 1903 terit
1964 1849 2203 1903 existere
2249 1856 2399 1914 rata;
2454 1847 2506 1902 in
2542 1863 2628 1901 me
2657 1856 2837 1901 autem
2866 1844 2979 1915 qui,
3012 1845 3250 1899 utinam!
3294 1844 3379 1897 vel

1714 3201 1759 3263 C

1717 4573 1761 4627 D

1789 1940 2010 1996 ultimus
2036 1955 2157 1996 esse
2189 1942 2424 2006 merear,
2458 1955 2693 2009 quonam
2724 1947 2887 2010 pacto
2927 1936 3179 1991 Constare
3212 1943 3381 2006 queat

1790 2047 1897 2088 non
1928 2031 2211 2101 intelligo.
2266 2029 2489 2085 Intende
2534 2037 2591 2085 et
2631 2029 2875 2097 intellige
2913 2027 3038 2097 quia
3069 2024 3377 2091 nullumju-

1788 2133 1993 2180 storum
2025 2122 2092 2178 ab
2119 2123 2218 2177 ista
2251 2120 2450 2176 deitate
2498 2120 2715 2190 excepit
2769 2120 2927 2186 Deus,
2958 2118 3047 2172 ubi
3078 2117 3241 2172 dixit:
3280 2114 3387 2169 Dii.

1788 2215 1929 2280 estis,
1962 2224 2009 2267 et
2033 2213 2130 2282 ﬁlii
2160 2211 2373 2284 Exgetsi
2406 2228 2607 2266 omnes.
2661 2211 2884 2275 Verum,
2925 2219 2982 2263 ut
3008 2209 3150 2263 dicta
3180 2207 3377 2261 melius

1789 2306 2058 2369 eluceant,
2099 2307 2387 2361 considera
2435 2305 2535 2359 sub
2568 2304 2819 2373 exemplo
2858 2311 3109 2357 naturam
3149 2301 3288 2372 ignis
3322 2309 3380 2355 et

1790 2406 2044 2453 naturam
2092 2414 2273 2452 rerum
2324 2397 2641 2469 ignitarum,
2683 2396 2727 2451 si
2762 2395 2899 2449 forte
2930 2394 3000 2449 ibi
3030 2393 3377 2464 aliquatenus

1790 2505 1961 2561 queas
2011 2489 2300 2559 imaginari
2356 2488 2596 2559 qualiter
2641 2486 2718 2541 illi
2766 2502 2993 2541 summae
3043 2485 3229 2540 deitati
3277 2500 3378 2555 pro

1791 2583 2011 2639 modulo
2040 2592 2131 2639 tuo
2161 2582 2339 2653 possis
2366 2581 2749 2651 participando
2772 2578 3035 2635 deificari.
3068 2577 3208 2632 Ecce
3239 2577 3378 2648 ignis

1789 2692 1932 2732 unus
1956 2685 2057 2745 est,
2090 2686 2141 2731 ct
2169 2676 2220 2730 in
2259 2689 2357 2730 sua
2390 2683 2583 2729 natura
2623 2672 2869 2736 calidus;
2912 2672 2964 2726 in
3000 2672 3145 2727 hunc
3196 2672 3378 2742 ignem

1788 2785 1930 2839 pone
1969 2770 2172 2841 lignum
2217 2768 2459 2839 aliquod,
2501 2765 2803 2837 plumbum,
2842 2774 2898 2821 et
2936 2764 3143 2821 ferrum
3192 2763 3376 2819 simul.

1791 2863 1979 2931 Itaque
2014 2877 2136 2916 eum
2177 2860 2382 2927 lignum
2436 2857 2601 2912 fuerit
2637 2857 2692 2911 in
2726 2855 2992 2912 carbones
3027 2870 3375 2920 conversum,

1794 2964 1849 3009 et
1878 2953 2156 3023 plumbum
2189 2949 2566 3021 liquefactum,
2601 2949 2673 3003 ita
2705 2958 2765 3003 ut
2796 2948 2848 3003 in
2884 2947 3215 3003 carb0nibus
3243 2945 3380 3002 nihil

1794 3046 1897 3101 nisi
1948 3045 2086 3115 ignis
2137 3052 2418 3116 appareat,
2467 3051 2522 3098 ct
2564 3040 2785 3113 plumbo
2833 3041 2970 3096 nihil
3022 3040 3221 3096 caloris
3252 3038 3378 3093 addi

1790 3149 1975 3209 queat,
2007 3139 2235 3194 necdum
2273 3148 2449 3191 tamen
2488 3133 2634 3190 ferro
2664 3142 2919 3206 poterunt
2947 3133 3001 3188 in
3033 3132 3212 3187 calore
3239 3144 3381 3185 eoa»

1791 3230 1965 3300 quari,
1990 3216 2142 3300 quod
2180 3228 2418 3282 nendum
2451 3225 2635 3281 forsan
2666 3225 2882 3295 penitus
2913 3221 3193 3278 incanduit
3220 3220 3373 3291 igne;

1790 3322 1918 3380 licet
1948 3323 2112 3394 igitur
2135 3321 2279 3377 aliud
2308 3321 2414 3376 alio
2438 3323 2612 3394 magis
2640 3323 2691 3376 in
2714 3320 2894 3375 calore
2919 3316 3236 3390 profecerit,
3263 3314 3380 3371 sin-

1791 3416 1973 3489 gulum
2003 3423 2209 3480 tamen,
2242 3422 2459 3469 servata
2493 3425 2689 3469 natura
2718 3414 2825 3477 sui,
2854 3413 3056 3471 usitato
3090 3407 3379 3466 locutionis

1788 3504 1970 3571 modo,
1998 3504 2125 3574 quia
2154 3503 2378 3574 ignitum
2403 3512 2505 3565 est,
2532 3517 2628 3574 per
2652 3517 2709 3558 se
2733 3501 2935 3556 dicitur
2962 3499 3122 3570 ignis.
3142 3498 3250 3553 ‘Sic
3271 3496 3380 3552 erit

1790 3597 1844 3651 in
1891 3596 1981 3651 illa
2026 3596 2185 3651 beata
2224 3610 2585 3665 supernorum
2623 3594 2821 3649 civium
2857 3594 3139 3657 societate,
3166 3590 3237 3646 de
3268 3604 3377 3660 qua

1790 3685 2084 3754 loquimur.
2122 3684 2255 3739 Nam
2296 3686 2754 3755 quemadmodum
2798 3685 2835 3738 ii
2876 3684 2965 3753 qui
3020 3696 3244 3738 summie
3281 3680 3376 3735 Dei

1788 3778 2069 3847 majestati'
2100 3788 2225 3834 sunt
2263 3781 2700 3850 propinquiores,
2725 3785 2788 3833 'et
2822 3780 2890 3833 ob
2922 3779 3026 3832 hoc
3058 3777 3183 3833 aliis
3224 3790 3372 3847 prae-

1788 3875 2101 3940 stantiores,
2136 3874 2207 3929 dii
2233 3860 2519 3942 dicentur;
2551 3875 2622 3928 ita
2648 3882 2702 3928 et
2726 3862 2815 3942 qui
2836 3872 2954 3927 illis
2979 3874 3117 3926 sunt
3151 3870 3376 3925 inferius

1791 3983 1901 4033 res,
1932 3966 2188 4037 quoniam
2223 3982 2328 4020 una
2366 3968 2646 4022 eteadem
2687 3981 2791 4035 qua
2842 3972 2896 4020 et
2944 3964 3049 4034 ipSl
3077 3963 3145 4001 ’⁸⁸
3174 3962 3377 4018 deitate

1789 4076 1888 4130 pro
1936 4074 2035 4113 sua
2078 4059 2384 4129 capacitate
2425 4058 2779 4128 participant,
2832 4057 2995 4112 simili
3040 4057 3263 4113 nomine
3300 4056 3377 4113 dii

1792 4153 2066 4219 dicentur.
2130 4150 2360 4218 Quando
2410 4165 2540 4221 ergo
2590 4164 2714 4204 cum
2774 4158 2924 4205 tanto
2967 4150 3111 4205 bono
3146 4149 3376 4220 adeptus

1790 4244 1959 4300 fueris
1987 4246 2132 4299 hunc
2155 4244 2443 4308 honorem,
2462 4259 2599 4300 «non
2629 4243 2789 4298 video
2816 4257 2923 4314 qua
2957 4242 3171 4298 ratione
3194 4243 3379 4313 possis

1791 4351 1987 4407 cupere
2045 4335 2387 4406 ampliorem.
2440 4336 2609 4407 Igitur
2651 4336 2776 4390 dum
2807 4334 3149 4404 possessione
3179 4333 3376 4388 horum

1791 4429 2052 4485 bonorum
2081 4445 2202 4501 quzc
2230 4430 2551 4499 digessimus
2579 4428 2702 4484 felix
2736 4426 2925 4493 fueris,
2979 4441 3161 4482 nonne
3218 4423 3369 4481 sutil-

1791 4521 1940 4578 ciens
1987 4520 2080 4575 tibi
2129 4520 2447 4576 videberis?
2483 4520 2550 4575 Et
2594 4519 2849 4587 maxime,
2900 4520 3100 4590 inquis.
3138 4518 3252 4589 Age
3282 4516 3373 4587 ἱεὶς

1790 4621 1924 4669 tur:
1961 4614 2004 4670 si
2038 4614 2292 4669 omnibus
2333 4614 2455 4670 istis
2490 4613 2575 4669 vel
2624 4629 2729 4667 una
2779 4613 2884 4678 die,
2926 4612 3067 4667 sicut
3126 4611 3376 4679 exposita

1791 4716 1938 4773 sunt,
1986 4707 2043 4761 in
2076 4722 2136 4762 re
2167 4707 2272 4762 frui
2310 4708 2544 4773 valeres,
2592 4704 2898 4776 gauderes?
2931 4704 3060 4759 Sine
3089 4701 3255 4757 dubio
3291 4702 3379 4754 "9.

1790 4800 1849 4855 Si
1871 4808 2054 4854 autem
2102 4814 2291 4855 mense
2332 4801 2419 4855 vel
2460 4817 2605 4856 anno
2650 4816 2780 4865 uno,
2820 4794 3217 4852 hetificareris?
3275 4792 3385 4847 Nec

1790 4891 1894 4947 dici
1945 4891 2188 4961 quidem,
2234 4900 2297 4947 ut
2339 4903 2586 4958 autumo,
2620 4900 2797 4962 potest
2826 4888 3023 4945 laetitiae
3053 4886 3263 4941 modus.
3317 4884 3385 4937 Et

1790 4985 1834 5039 si
1871 4993 1984 5039 toto
2012 4992 2257 5054 tempore
2288 4984 2417 5040 vitae
2448 4995 2570 5052 tuae,
2612 4984 2740 5055 quid
2770 4980 3015 5037 faceres?
3056 4979 3215 5035 dares
3241 4991 3384 5049 pra:-

1788 5076 1956 5131 mium
1981 5076 2089 5130 "°?
2137 5076 2338 5146 Utique
2374 5076 2573 5142 libens,
2608 5074 2871 5146 quidquid
2909 5072 3166 5138 haberes,
3204 5079 3260 5126 et
3299 5070 3382 5125 in-

1785 5182 1946 5238 super
1978 5168 2347 5238 temetipsum,
2406 5169 2450 5224 si
2496 5169 2576 5224 sic
2622 5176 2676 5235 et
2726 5182 2834 5224 non
2870 5164 3027 5222 aliter
3054 5181 3115 5250 ea
3143 5161 3381 5246 adipisci

1782 5260 2010 5318 valeres.

1392 5414 1628 5471 VARUE
1669 5415 1959 5472 LECTION
1967 5414 2067 5472 ES.

169 5524 237 5557 “°
263 5525 339 5581 Ita
367 5535 420 5581 et
448 5526 652 5596 majora
678 5546 784 5585 mss
815 5532 983 5587 omitt.
1024 5539 1080 5587 et

106 5592 221 5645 dum
333 5597 407 5631 ²δ³
430 5598 541 5645 Erit
564 5608 653 5645 tim
682 5602 930 5645 vnlmitnc
956 5620 1057 5645 mn

140 5610 221 5649 um

111 5682 202 5719 »ηδε
228 5667 365 5724 Ecce
391 5670 463 5725 sit

111 5750 205 5814 "tu
230 5741 483 5814 omnique
505 5750 836 5814 creatum...
861 5745 1004 5813 quod
1045 5744 1285 5809 volemus

112 5809 219 5862 sine
243 5809 411 5868 dubio
476 5813 544 5844 ²⁸⁰
576 5812 740 5868 Dares
768 5809 1046 5884 pnemiuni
1073 5832 1150 5872 ms
1172 5816 1329 5872 dares
1352 5809 1621 5887 precium?

1188 5531 1251 5564 “'
1293 5532 1610 5588 Desiderant
1639 5549 1703 5589 eo
1731 5549 1834 5589 mss
1865 5534 2235 5590 desiderarent
2264 5550 2329 5591 eo

333 5597 407 5631 ³⁸³
422 5598 541 5679 _Erit
564 5608 653 5679 tua
671 5602 930 5679 “voluntas
956 5604 1185 5679 iusserit
1209 5613 1311 5658 ture
1332 5602 1640 5679 Avohuitatis
1676 5675 1686 5679 _
1713 5603 1782 5679 Ψ
1815 5604 1969 5661 Brevi
2001 5606 2247 5679 exemplo
2276 5624 2380 5679 mss
2405 5597 2687 5664 hrevi~sub
2711 5608 2957 5679 exemplo

570 5672 638 5702 ’³⁸
669 5671 876 5729 Diceris
916 5690 1020 5746 ms;
1049 5674 1258 5746 diceres
1331 5674 1421 5705 Μ’
1458 5675 1523 5730 Ει
1540 5675 1748 5746 jumbit
1779 5692 1884 5730 mss
1913 5685 1969 5731 et
1999 5671 2209 5731 curabit

1397 5745 1465 5777 "3
1484 5745 1611 5819 Qua
1629 5748 1729 5817 ipsi
1754 5764 1855 5802 mss
1878 5763 1981 5818 qua
2008 5748 2121 5819 ipsa

2441 5538 2510 5569 ’δ’
2539 5538 2691 5605 Quod
2717 5537 2952 5593 nondum
2976 5553 3079 5592 mss
3104 5553 3211 5607 quo
3234 5550 3372 5591 non-

3063 5609 3133 5640 ³⁸⁸
3161 5608 3298 5663 Ecce
3328 5608 3374 5665 si

2317 5678 2383 5709 “7
2420 5679 2573 5734 Omni
2608 5678 2933 5735 creatum...
2966 5678 3104 5745 quod
3130 5678 3373 5731 volumus

2214 5750 2279 5781 ³⁵³³
2311 5748 2587 5809 Gaudcres
2615 5753 2729 5809 sine
2752 5750 2912 5806 dubio
2943 5765 3045 5802 mss
3076 5746 3335 5820 gauderes
3353 5745 3389 5799 ?»
