3904 6306
68 369 190 425 601

1148 394 1151 399 -
1217 358 1342 417 UB.
1371 357 1459 420 DE
1499 354 1966 425 BE‘ATITUDLNE
2007 352 2371 421 εθίςιμεετι.

3274 351 3391 415 002.

68 481 244 537 sicut
276 477 442 533 amici
490 476 584 535 Dei
623 475 803 534 sec'uri
844 482 1004 531 erunt
1035 489 1093 530 se
1119 488 1358 544 unquam
1382 471 1681 525 amissuros
1709 468 1757 525 Α
1782 479 2013 534 cumque
2046 465 2188 520 δίειιῐ
2237 465 2418 527 001113"
2422 464 2582 521 edem
2627 474 2681 522 ει
2735 464 3187 537 θωηρῧτιλῖρθῐη
3219 468 3375 537 Γεϐηί

66 571 240 625 bona
263 585 379 633 sua,
411 569 485 623 ita
517 570 604 625 isti
636 568 842 624 inimici
872 567 964 623 Dei
996 566 1219 622 omnino
1240 563 1604 634 desperabunt
1626 574 1685 616 se

62 660 194 730 jam
232 660 464 728 amplius
510 660 819 728 perdituros
850 658 968 714 hmc
1009 656 1148 711 mala
1180 670 1301 712 sua.
1338 654 1448 709 Pro
1480 661 1686 707 teterno

1792 558 2029 614 caelestis
2064 558 2221 629 quasi
2285 558 2495 628 seipsos
2536 559 2853 633 perenniter
2883 558 3129 630 diligent.
3188 556 3377 630 Siqui-

1791 653 1937 716 dem,
1985 659 2252 720 quantum
2305 650 2358 705 iu
2420 652 2539 722 ipso
2581 651 2700 716 fuit,
2738 660 2792 707 et
2845 651 3123 707 civitatem
3170 652 3289 718 Dei,
3320 659 3385 715 et;

65 752 333 822 igituret
365 749 621 805 iueti‘abili
672 751 870 821 gaudio
922 750 1232 814 beatorum,
1286 745 1688 803 haereditabunt
1788 742 2107 815 angelorum
2156 757 2445 798 numerum
2474 753 2531 798 et
2582 752 2801 799 sanctos
2840 744 3090 799 homines
3123 757 3378 799 consum-

60 851 350 897 :eternam
400 851 455 897 et
503 842 910 914 incogitabilem
975 841 1253 897 tristitiam
1315 853 1506 894 omnes
1563 836 1683 908 qui,

62 946 178 1001 pro
239 932 655 1003 impmaitndinc
713 943 897 989 reatus
948 933 1057 1001 sui,
1115 930 1403 988 transituri
1443 937 1571 987 sunt
1626 929 1682 985 in

61 1024 404 1080 societatem
443 1026 838 1082 dmmoniorum
872 1027 967 1080 ιε’.

143 1115 254 1171 llis
279 1116 464 1187 itaque
509 1117 869 1174 consideratis
914 1126 1081 1189 atque
1109 1114 1413 1191 perspectis
1450 1114 1681 1187 intelligi

62 1216 262 1275 potest
294 1224 457 1279 quam
505 1209 636 1265 utile
663 1210 737 1266 sit
774 1210 983 1265 homini
1036 1210 1090 1265 in
1131 1210 1289 1266 bonis
1330 1208 1576 1263 moribus
1615 1222 1682 1264 ac

63 1300 239 1369 justis
268 1301 527 1371 operibus
556 1302 723 1356 vitam
751 1316 903 1358 suam
926 1316 1209 1367 exercere,
1232 1314 1507 1372 quamque
1529 1301 1685 1355 dam-

66 1405 281 1447 nosum
338 1392 445 1448 illis
503 1393 723 1449 omissis
783 1409 882 1465 per
941 1395 1070 1450 vitia
1129 1402 1186 1449 et
1236 1393 1551 1464 iniquitates
1594 1390 1679 1446 af-

73 1481 283 1535 fluere.

135 1572 306 1640 Quod
334 1573 379 1628 si
412 1572 573 1630 latius
599 1574 1038 1644 consideremus,
1071 1574 1326 1632 videlicet
1354 1591 1518 1648 quam
1568 1576 1677 1631 uti-

63 1662 115 1719 le
165 1663 246 1718 sit
288 1663 584 1733 quemlibet
617 1665 895 1720 hominum
926 1665 1127 1721 bonum
1175 1681 1316 1733 esse,
1378 1668 1680 1723 videbimus

62 1770 175 1810 non
227 1754 408 1811 solum
437 1754 555 1823 ejus
582 1757 675 1827 qui
713 1758 887 1813 bonus
931 1768 1037 1823 est,
1064 1760 1158 1814 sed
1199 1769 1257 1816 et
1305 1761 1416 1814 Deo
1448 1760 1577 1830 ipsi,
1621 1768 1676 1815 et

1788 835 1975 889 mavit.
2009 833 2113 889 Sed
2142 849 2266 889 cum
2291 833 2327 887 ii
2354 834 2539 905 quiad
2568 835 2733 888 vitam
2771 843 3029 897 aeternam
3060 834 3385 905 pertingunt

1789 934 1937 983 tanta
1967 936 2270 991 merentur,
2298 934 2464 995 patet,
2490 941 2587 997 per
2607 926 2966 994 contrarium,
2994 927 3120 996 quid
3144 942 3373 997 itequam

1786 1018 2059 1084 homines,
2088 1018 2215 1089 quia
2245 1033 2418 1089 regno
2449 1017 2541 1090 Dei
2575 1026 2822 1073 extorres
2873 1033 2983 1073 suo.
2998 1017 3192 1073 merito
3216 1020 3371 1082 fiunt,

1783 1118 2219 1180 promereantur.
2247 1107 2519 1176 Quantum
2554 1108 2758 1165 etenim
2787 1109 2855 1164 ad
2895 1123 2989 1166 eos
3019 1119 3246 1181 spectat,
3272 1124 3381 1172 nec.

1784 1202 1879 1259 Dei
1909 1203 2123 1267 civitas,
2150 1217 2250 1258 nec
2277 1201 2600 1272 angelorum
2636 1201 3016 1265 munerositas,
3047 1218 3147 1259 nec
3173 1202 3374 1259 electo-

1786 1312 1906 1351 rum
1963 1296 2247 1351 hominum
2305 1295 2550 1366 pl‘flrlt'iel
2607 1295 2827 1365 pra-lixa
2874 1294 3193 1372 integritas;
3236 1297 3379 1371 imo,

1783 1406 1905 1445 eum
1929 1390 2028 1460 ipsi
2051 1391 2117 1444 ad
2147 1390 2339 1444 hormn
2369 1388 2759 1457 perfectionem
2788 1388 3002 1447 conditi.
3022 1388 3244 1455 fuerint,
3273 1405 3377 1449 nec

1781 1482 2098 1552 pertingere
2143 1489 2422 1550 satagunt,
2467 1496 2536 1535 ne
2568 1495 2808 1551 unquam
2864 1480 3215 1551 perficiantur
3255 1484 3373 1541 suis

1784 1573 1942 1627 factis
1976 1572 2281 1626 intendunt.

1854 1663 2317 1730 Quemadmodum
2349 1663 2514 1735 igitur
2532 1664 2712 1736 quivis
2741 1662 2904 1721 homo
2936 1664 3081 1721 dolet
3106 1674 3163 1720 et
3188 1669 3371 1738 queri:-

1786 1764 1873 1810 tnr
1894 1755 2110 1824 quando
2150 1753 2333 1825 aliquo
2366 1757 2526 1811 modo
2551 1755 2727 1827 perdit
2755 1756 2899 1828 quod
2954 1772 3053 1829 pro
3100 1760 3185 1815 sui
3217 1775 3369 1816 com.

63 1846 309 1916 angelis,
349 1854 405 1902 et
451 1848 649 1919 cuique
688 1847 838 1917 justo
887 1850 1091 1905 homini
1141 1866 1207 1908 ac
1258 1853 1478 1924 insuper
1518 1853 1667 1908 omni
1700 1855 1744 1914 Β
1772 1846 1931 1903 modo
1959 1854 2014 1901 et
2062 1844 2297 1902 utilitate
2335 1848 2645 1916 acquisivit,
2684 1848 2757 1903 ita
2796 1849 2939 1905 Deus
2962 1850 3367 1919 quodammodo

63 1952 347 1998 creatura:
401 1939 455 1995 id
500 1942 634 1994 utile
678 1958 819 1999 esse.
848 1945 910 1999 Et
969 1946 1078 2001 Deo
1112 1947 1355 2016 quidem,
1387 1963 1491 2001 non
1524 1947 1667 2017 quod

62 2046 320 2102 personae
349 2035 493 2090 illius
516 2032 717 2107 aliquid
760 2035 1026 2091 commodi
1059 2038 1137 2089 vel
1166 2036 1495 2091 incommodi
1520 2037 1670 2092 acci-

62 2124 196 2179 dere
223 2127 421 2194 possit,
451 2128 621 2183 bonus
651 2130 811 2185 homo
840 2127 987 2182 utilis
1018 2142 1138 2183 esse
1163 2128 1382 2193 dicitur,
1412 2130 1507 2185 sed
1532 2145 1670 2201 qno-
1694 2164 1697 2169 ι

61 2217 210 2269 niam
259 2216 340 2271 illi
370 2219 438 2271 ad
469 2221 856 2290 perficiendam
890 2219 1169 2275 civitatem
1206 2235 1382 2286 suam,
1406 2236 1569 2291 quam
1599 2222 1668 2277 de

62 2308 223 2363 bonis
256 2309 574 2366 hominibus
604 2314 869 2383 perﬁcere
894 2311 1149 2379 instituit,
1182 2325 1248 2367 eo
1272 2313 1453 2368 studio
1481 2328 1590 2383 quo
1614 2315 1666 2370 in

62 2398 209 2452 illam
252 2401 432 2455 tendit
478 2403 919 2458 adininiculatur.
956 2402 1235 2458 Huinauus
1275 2404 1475 2474 quippe
1534 2420 1666 2459 usus

62 2487 162 2543 hoc
196 2490 370 2545 habet
404 2498 460 2545 ut
486 2507 610 2546 eum
660 2495 761 2547 sibi
798 2495 920 2564 quis
945 2493 1132 2549 utilem
1160 2494 1370 2563 judicet
1396 2496 1486 2562 qui
1514 2511 1572 2551 se
1598 2498 1665 2551 ad

61 2579 160 2633 hoc
184 2581 414 2651 adjuvat
441 2582 556 2639 sine
586 2598 696 2654 quo
718 2585 769 2639 id
792 2586 933 2655 quod
964 2584 1100 2640 bene
1132 2585 1245 2641 vult
1273 2585 1533 2657 perlicere
1558 2603 1662 2642 non

62 2671 190 2726 vult.

127 2764 386 2831 Qua-liter
415 2776 595 2823 autem
620 2769 795 2825 bonus
818 2768 983 2825 homo
1015 2770 1087 2825 sit
1124 2771 1287 2826 etiam
1314 2762 1521 2842 angelis
1553 2774 1661 2828 uti~

61 2855 144 2920 lis,
178 2858 313 2914 inde
352 2861 699 2931 c0gnoscitur
725 2861 868 2932 quod
896 2875 962 2917 ex
984 2864 1243 2919 societate
1270 2864 1534 2920 bonorum
1565 2867 1685 2921 hor

63 2949 269 3005 minum
306 2968 569 3010 numerus
600 2954 815 3009 illorum
859 2956 951 3026 qui
981 2955 1283 3013 diminutas
1324 2968 1445 3014 erat
1474 2959 1662 3015 redin-

66 3050 328 3113 tegratur.
370 3043 505 3100 Cum
562 3046 732 3119 igitur
776 3046 974 3118 aliquis
1003 3063 1103 3118 per
1151 3049 1318 3105 vitam
1357 3049 1553 3107 bonam
1606 3053 1660 3108 in

63 3136 381 3191 societatem
411 3137 626 3193 illorum
654 3140 849 3206 currit,
888 3156 1145 3211 magnum
1175 3143 1307 3213 quid
1360 3144 1501 3215 ipsis
1521 3160 1663 3217 prte-

1772 1938 1917 1995 dolet
1942 1946 1999 1995 et
2026 1939 2297 2009 queritur,
2350 1940 2565 2010 quando
2610 1940 3080 2014 hominemquem
3110 1941 3178 1998 ad
3224 1957 3364 2014 opus
3459 1988 3465 1994 .

1770 2048 1928 2088 suum
1965 2042 2253 2101 creaverat
2281 2049 2313 2089 a
2356 2034 2573 2091 diabolo
2602 2038 2742 2107 rapi,
2774 2046 2829 2092 et
2861 2038 2913 2093 iu
2966 2047 3232 2095 aeternum
3260 2039 3364 2095 sibi

1769 2126 1950 2197 perire
2006 2126 2340 2182 considerat.
2387 2126 2515 2181 lude
2543 2128 2709 2183 etiam
2757 2129 2832 2184 illi
2889 2131 2980 2200 qui
3035 2132 3366 2187 damnantur

1768 2218 1967 2288 perditi
1994 2218 2274 2285 dicuntur,
2299 2218 2555 2289 quoniam
2601 2220 2712 2275 Deo
2739 2223 2807 2275 ad
2836 2221 2992 2292 cujus
3038 2237 3268 2292 regnum
3300 2233 3359 2279 et

1768 2310 2030 2366 honorem
2062 2310 2267 2367 conditi
2319 2320 2470 2379 sunt,
2525 2311 2578 2365 in
2626 2310 3000 2367 confusionem
3038 2322 3298 2368 aeternam
3329 2328 3361 2369 a

1768 2402 1982 2458 diabolo
2012 2402 2335 2473 praecipitati
2366 2402 2686 2473 depereunt.

1839 2493 1981 2550 Ecce
2011 2505 2287 2565 utcunque
2329 2495 2605 2565 proposita
2638 2494 2795 2550 nobis
2817 2504 2902 2551 est
2925 2494 3206 2552 beatitudo
3233 2495 3363 2551 vitae

1764 2589 2045 2657 peri-nnis,
2067 2596 2123 2642 et
2154 2588 2466 2643 econtrario
2510 2588 2729 2643 miseria
2785 2588 2980 2644 mortis
3009 2596 3247 2644 aeternae.
3290 2586 3365 2645 Ut

1766 2677 1929 2749 igitur
1984 2678 2097 2733 hare
2133 2678 2454 2747 evadantur,
2495 2678 2586 2734 illa
2634 2678 3013 2749 acquirantur,
3071 2693 3137 2733 eo
3190 2679 3362 2750 magis

1765 2770 2156 2827 elaborandum
2196 2778 2283 2826 est
2325 2786 2436 2840 quo
2474 2771 2578 2826 ista
2628 2771 3013 2826 interminabili
3053 2785 3213 2841 pinna
3244 2787 3364 2826 ma-

1765 2862 1845 2920 los
1875 2865 2106 2931 cruciat,
2132 2864 2224 2920 illa
2253 2864 2591 2921 indeficienti
2616 2862 2977 2937 jucunditate
3013 2864 3185 2920 bonos
3213 2862 3363 2920 oble-

1762 2963 1849 3011 cta
1857 2964 1898 3011 ι.

1835 3048 1939 3118 Qui
1979 3063 2111 3120 ergo
2136 3057 2221 3107 est
2244 3052 2420 3105 bonus
2446 3058 2783 3121 perseveret,
2822 3048 3213 3121 donecdebita
3248 3052 3357 3109 sibi

1765 3139 2117 3199 beatitudinis
2165 3140 2388 3212 praemia
2440 3142 2651 3211 capiat;
2686 3142 2779 3211 qui
2821 3156 2955 3198 vero
2983 3142 3180 3203 malus,
3210 3144 3358 3214 quod

63 3232 185 3292 stat,
210 3227 372 3297 quia,
400 3240 664 3309 quantum
745 3230 801 3287 in
830 3233 947 3301 ipso
977 3241 1084 3298 est,
1133 3248 1424 3291 numerum
1467 3249 1658 3293 eorum
1688 3230 1737 3296 C
1766 3244 1850 3289 est
1875 3247 1995 3290 esse
2018 3233 2266 3299 desistat,
2293 3248 2402 3305 quo
2448 3234 2726 3290 miseriam
2753 3248 2916 3303 quam
2958 3244 3205 3291 meretur
3231 3252 3360 3292 eva-

62 3316 268 3387 supplet
297 3326 355 3372 et
390 3319 624 3389 perficit.
648 3318 809 3376 Omni
840 3337 1059 3394 quoque
1101 3321 1250 3393 justo
1287 3325 1515 3394 homini,
1548 3343 1659 3386 nec

64 3418 158 3461 non
184 3409 343 3464 omni
360 3419 627 3467 creatura;
643 3412 854 3482 justum
877 3414 1154 3472 hominem
1172 3416 1359 3473 utilem
1390 3418 1654 3478 diximus.

61 3492 204 3554 Justo
228 3499 470 3567 homini,
497 3502 628 3574 quia
660 3510 867 3574 quanto
921 3506 1205 3564 ardentius
1264 3509 1318 3564 in
1361 3524 1656 3581 supernam

60 3591 293 3657 patriam
327 3593 522 3659 tendit,
576 3603 727 3650 tanto
779 3596 1024 3655 velocius
1066 3599 1247 3669 patria
1287 3600 1401 3672 ipsa
1440 3602 1496 3659 in
1542 3605 1658 3661 suis

61 3683 260 3741 civibus
290 3690 781 3757 consummabitur,
811 3698 866 3745 et
890 3693 1144 3763 quisque,
1172 3694 1371 3765 adepta
1420 3711 1652 3756 suorum

62 3788 353 3847 corporum
398 3782 802 3839 resurrectione
852 3799 1019 3856 quam
1073 3787 1303 3843 multum
1357 3790 1649 3857 desiderat,

60 3868 336 3937 gcn'iinata
365 3868 551 3926 laetitia
595 3881 763 3943 atque
797 3874 850 3929 in
884 3876 1092 3932 honore
1123 3877 1174 3934 in
1207 3893 1374 3949 regno
1411 3879 1506 3936 Dei
1533 3896 1660 3951 per-

61 3960 294 4020 fruetur.
344 3964 505 4025 Omni
551 3977 840 4037 creaturae,
892 3972 1150 4040 quoniam
1200 3973 1329 4029 dum
1368 3989 1468 4044 per
1498 3976 1654 4032 boni-

64 4063 214 4112 tatem
282 4072 444 4113 suam
495 4059 891 4117 incrementum
953 4064 1191 4121 civitatis
1250 4066 1345 4121 Dei
1393 4069 1649 4138 assurgit,

64 4151 469 4206 renovationem
496 4168 601 4222 qua
638 4154 755 4224 ipsa
793 4165 1043 4211 creatura
1075 4158 1126 4211 in
1159 4158 1351 4214 melius
1384 4170 1471 4215 est
1498 4176 1653 4216 com-

66 4246 313 4298 mutanda
374 4244 513 4300 ultra
548 4262 652 4300 non
706 4248 995 4319 impendit,
1043 4250 1174 4317 imo,
1223 4259 1487 4321 quantum
1548 4267 1647 4308 sua

67 4332 239 4397 refert,
301 4351 524 4391 omnem
583 4339 632 4392 ei
685 4354 895 4393 moram
939 4340 1294 4412 perfectionis
1339 4343 1543 4413 rumpit
1593 4352 1651 4399 et

66 4425 259 4489 adimit.

125 4520 400 4588 Quantum
452 4540 584 4598 ergo
637 4528 837 4600 cuique
876 4527 949 4584 sit
1001 4529 1319 4587 enitendum
1372 4539 1432 4587 ut
1473 4531 1646 4591 bonus

1759 3326 1891 3382 dere
1920 3336 2104 3398 queat.
2129 3327 2198 3383 Et
2245 3328 2462 3398 quidem
2498 3327 2738 3394 bonitas,
2769 3327 2899 3398 quia
2924 3326 3013 3382 lux
3047 3337 3153 3391 est,
3183 3328 3356 3401 plane

1759 3417 1981 3476 instruit
1999 3436 2144 3487 eum,
2170 3421 2253 3478 cui
2283 3420 2530 3487 initiaret,
2556 3434 2660 3489 qua
2690 3419 2975 3490 gradiatur
2995 3428 3057 3475 ut
3087 3422 3155 3477 ad
3183 3420 3353 3476 vitam

1756 3511 2061 3580 perveniat.
2093 3511 2190 3567 sed
2243 3510 2474 3578 malitia,
2502 3510 2628 3582 quia
2665 3508 2904 3567 tenebrae
2932 3517 3083 3576 sunt,
3107 3512 3354 3567 obcaecat

1757 3600 1909 3656 illum
1939 3602 2028 3672 qui
2058 3618 2120 3658 ea
2152 3602 2470 3667 inebriatur,
2511 3615 2579 3657 ne
2608 3600 2919 3672 videatquo
2953 3602 3080 3666 ruit,
3098 3610 3157 3658 ut
3182 3602 3354 3658 inter-

1755 3698 1865 3749 eat.
1900 3690 2006 3746 Sed
2039 3692 2112 3747 sit
2154 3691 2352 3761 aliquis
2385 3690 2527 3747 forte
2579 3690 2780 3757 malus,
2815 3691 2905 3761 qui
2939 3693 3084 3762 quod
3114 3701 3198 3746 est
3229 3708 3350 3748 esse

1757 3780 2043 3836 erubescat
2071 3789 2126 3835 et
2155 3795 2215 3837 se
2242 3782 2442 3838 bonum
2473 3782 2589 3837 fieri
2614 3781 2751 3836 velle
2781 3781 2950 3837 dicat.
2983 3779 3085 3835 llic
3117 3797 3349 3838 necesse

1756 3880 1840 3929 est
1882 3883 1942 3928 ut
1971 3884 2099 3930 ante
2126 3873 2310 3930 omnia
2334 3890 2395 3931 se
2416 3875 2643 3941 malum,
2677 3875 2730 3931 id
2756 3884 2842 3931 est
2869 3887 3237 3945 peccatorem,
3277 3891 3344 3930 ac

1754 3982 1853 4037 per
1875 3968 1979 4022 hoc
2010 3968 2253 4025 tenebris
2305 3967 2605 4023 involutum
2637 3966 2930 4037 intelligat,
2981 3975 3252 4038 quatenus
3289 3982 3349 4022 se

1754 4061 1844 4116 ubi
1869 4060 2088 4130 jacebat
2132 4062 2303 4132 possit
2351 4062 2557 4115 videre.
2599 4060 2740 4115 Sunt
2780 4060 2984 4115 etenim
3040 4059 3225 4129 plures
3252 4060 3345 4131 qui

1756 4160 1865 4208 tam
1919 4153 2103 4209 densis
2145 4160 2489 4223 peccatorum
2547 4151 2784 4208 tenebris
2822 4151 3064 4208 obvoluti
3104 4160 3261 4218 sunt,
3286 4162 3348 4209 ut

1754 4243 1897 4299 nulla
1929 4244 2142 4301 ratione
2177 4256 2237 4300 se
2279 4241 2365 4298 vel
2412 4242 2468 4298 in
2491 4241 2624 4314 ipsis
2664 4242 2911 4300 tenebris
2961 4258 3086 4300 esse
3134 4245 3359 4314 possint.

1751 4338 2059 4395 advertere.

1821 4428 2064 4486 Primum
2094 4430 2259 4503 igitur
2286 4437 2343 4486 et
2370 4443 2627 4502 magnum
2653 4427 2783 4500 quid
2814 4428 2942 4486 boni
2971 4444 3095 4487 esse
3126 4437 3348 4489 constat

1752 4524 2031 4582 hominem
2069 4524 2311 4597 seipsum
2338 4540 2496 4597 posse
2532 4523 2841 4595 intelligere
2870 4524 2921 4580 in
2945 4540 3055 4596 quo
3081 4532 3225 4581 statu
3256 4523 3344 4580 vel

66 4609 145 4677 sit,
170 4615 476 4685 perpendat
500 4618 592 4688 qui
615 4628 815 4688 potest,
841 4621 1284 4692 quandoquidem
1325 4638 1393 4679 ex
1428 4623 1645 4681 bonita-
1677 4603 1723 4661 D
1748 4632 1876 4673 casu
1903 4617 2183 4674 subsistat.
2214 4617 2293 4673 Eo
2318 4617 2465 4672 enim
2493 4631 2602 4688 quo
2628 4632 2688 4674 se
2717 4617 2990 4688 intelligit,
3026 4616 3134 4673 luci
3181 4629 3343 4671 acce-

69 4702 372 4761 tehominis
401 4715 456 4761 et
503 4712 906 4766 consummatio
950 4713 1100 4783 regni
1136 4711 1375 4769 cmlestis
1414 4724 1469 4771 et
1496 4731 1645 4787 prte-

66 4789 320 4851 destinata
350 4798 445 4854 toti
471 4808 737 4857 creatura:
764 4803 965 4873 pendet
1004 4806 1276 4875 reparatio
1300 4806 1643 4864 universalis.

65 4878 194 4938 Nihil
224 4888 373 4943 euim
399 4887 594 4945 horum
637 4892 786 4947 omni
823 4908 888 4949 ex
918 4902 1075 4965 parte
1103 4894 1438 4964 perficietur,
1473 4896 1647 4955 donec

67 4988 312 5034 numerus
338 4978 637 5037 electorum
660 4983 974 5054 impleatur.
1005 4984 1183 5042 Tanto
1227 4987 1411 5057 itaque
1437 4988 1642 5046 bonum

66 5062 192 5121 istud
221 5070 342 5139 plus
358 5072 661 5139 differetur,
690 5082 894 5143 quanto
922 5075 957 5130 ii
985 5074 1312 5147 quiaeternm
1335 5077 1460 5135 vita:
1488 5078 1638 5154 digni

64 5158 283 5216 existant
325 5164 506 5220 minus
531 5164 896 5221 invenientur.

127 5249 347 5325 Singqu
374 5257 537 5328 igitur
564 5258 773 5318 homini
801 5261 869 5314 ad
914 5276 1146 5334 regnum
1184 5262 1280 5318 Dei
1312 5265 1638 5335 pervenien-

67 5339 98 5392 ti
124 5342 257 5401 Deus
281 5347 417 5418 ipse,
454 5351 631 5423 angeli
667 5367 902 5423 quoque,
947 5368 1025 5417 ac,
1059 5353 1196 5424 justi
1242 5354 1512 5423 homines,
1569 5373 1635 5416 eo

66 5433 192 5497 quod
241 5452 301 5492 se
332 5439 495 5495 talem
538 5442 788 5497 exhibuit
818 5453 878 5499 ut
905 5443 1030 5501 illnc
1060 5447 1362 5517 perveniet,
1409 5449 1637 5519 gratiosi

66 5520 299 5595 existent,
322 5542 380 5586 et
400 5540 456 5587 ut
482 5548 579 5589 sua
603 5535 786 5590 omnia
815 5534 930 5606 ejus
953 5536 1404 5596 sintunanimiter
1428 5540 1635 5609 volent,

1746 4707 1847 4764 dit.
1877 4707 2014 4763 Cum
2046 4708 2229 4779 itaque
2250 4707 2500 4779 intelligit
2530 4724 2589 4764 se
2616 4708 2818 4763 malum
2849 4723 2991 4774 esse,
3014 4713 3237 4778 oportet
3256 4712 3338 4772 ut,

1745 4800 1792 4856 si
1832 4801 2005 4857 bonus
2036 4800 2312 4867 fierivult,
2340 4800 2523 4856 doleat
2552 4816 2615 4856 se
2656 4800 2857 4856 malum
2897 4814 3041 4857 esse.
3085 4798 3339 4869 Alioquin

1744 4892 1886 4949 falso
1907 4894 2039 4949 dicit
2067 4908 2129 4949 se
2159 4891 2324 4948 alium
2355 4908 2517 4964 quam
2540 4901 2769 4948 estesse
2799 4890 2959 4947 velle.

1814 4986 2072 5042 Scientite
2110 4985 2277 5056 igitur
2320 5001 2427 5057 qua
2488 4987 2640 5041 novit
2689 4999 2770 5052 se,
2833 4983 2990 5041 dolor
3044 4980 3340 5051 adjiciatur

1745 5092 1970 5135 necesse
2002 5092 2108 5144 est,
2136 5078 2352 5135 dicente
2377 5078 2659 5149 Scriptura
2686 5096 2700 5133 :
2736 5077 2842 5144 Qui
2864 5076 3010 5131 addit
3040 5075 3338 5141 scientiam,

1743 5172 1891 5228 addit
1912 5181 1959 5226 et
1987 5170 2221 5226 dolorem
2246 5169 2449 5243 (Eccle.
2494 5187 2534 5234 ι,
2567 5170 2681 5240 18).
2724 5168 2925 5225 Verum
2956 5167 3128 5223 dolori
3158 5167 3338 5223 medio

1742 5272 2049 5320 camentum
2099 5263 2213 5318 vult
2260 5264 2542 5325 adhibere,
2597 5262 2686 5318 ubi
2743 5260 2944 5329 doleat,
2997 5259 3220 5332 expedit
3275 5268 3336 5315 ut

1741 5359 1995 5415 ostendat
2019 5359 2068 5414 ei
2115 5373 2274 5428 quem
2328 5358 2435 5413 scit
2478 5357 2582 5412 sibi
2611 5371 2771 5415 nosse
2808 5363 2862 5413 et
2905 5370 3064 5426 posse
3103 5354 3332 5410 mederi.

1746 5449 1952 5505 Vulnus
1977 5449 2125 5505 enim
2168 5448 2310 5518 quod
2333 5448 2455 5517 jam
2497 5448 2729 5519 putruit,
2765 5458 2823 5505 et
2870 5447 2922 5504 in
2954 5464 3014 5504 se
3049 5444 3335 5503 horridum

1742 5542 1892 5598 virus
1921 5558 1986 5598 ex
2031 5541 2319 5615 putredine
2363 5540 2445 5599 sui
2497 5541 2840 5612 coadunavit,
2888 5555 3171 5615 quousque
3206 5552 3336 5614 ape-

1318 5676 1552 5735 VABUE
1590 5677 1991 5769 LEC'l‘lONES.

127 5794 192 5828 "1

224 5797 289 5867 In
318 5819 416 5871 mss
448 5801 565 5860 EE.
606 5806 669 5861 l0
707 5817 753 5862 et
787 5806 846 5863 S.
880 5808 970 5864 6:2.
1001 5806 1172 5866 Plura
1208 5820 1497 5884 seqnumur
1527 5830 1642 5887 qua:
1670 5816 1917 5885 hactenus
1949 5817 2146 5873 inedita
2173 5817 2405 5890 fuerunt.
