3904 6306
507 371 614 428 603

1522 367 1825 424 EADMERI
1864 351 2171 424 ttONACI-lt
2203 357 2760 420 CANTUARIENSIS
2805 365 2808 368 ί

3679 359 3776 422 ϐω

506 487 684 544 riatur
707 491 762 540 et
785 481 1035 554 potridus
1058 479 1256 538 humor
1303 481 1660 552 exprimatur,
1707 497 1807 537 nec
1844 498 1872 536 a
1904 481 2088 538 dolore
2119 485 2161 541 Α
2193 477 2396 542 milem,
2429 476 2746 545 patientem,
2771 487 2867 530 sua
2905 472 3270 546 indigentibus
3319 471 3670 546 largientern,
3725 481 3772 532 in

505 579 746 646 liberari,
790 591 889 631 nec
927 574 1032 631 ullo
1055 575 1202 630 valet
1232 574 1392 629 modo
1439 574 1683 630 liberari.
1725 574 1818 628 Sic
1863 574 1952 642 qui
1979 571 2083 626 sibi

453 689 456 694 ·
504 671 712 743 peccati
744 669 938 724 vulnus
964 667 1111 724 dolet
1141 667 1424 732 indictum,
1448 683 1544 738 per
1571 683 1752 722 veram
1784 663 2084 720 confessio-

505 771 626 815 nem
671 759 841 829 ipsmn
874 760 1089 830 detegat
1118 775 1180 815 ac
1207 759 1307 824 sic,
1353 774 1613 830 expresso
1651 757 1932 813 mortifero
1983 756 2081 810 hu-

503 865 655 907 tnore.
686 851 776 919 qui
814 850 1036 917 latebat,
1087 866 1184 920 per
1229 845 1514 906 consilium
1571 849 1930 919 praesidentis,
1977 861 2084 918 quo

503 951 722 998 curetur
747 943 1078 1013 pmnitentia:
1094 943 1432 999 medicamen
1465 951 1724 996 assumat.
1757 941 1872 994 Non
1899 953 2085 994 verea—

502 1043 592 1090 tur
633 1035 845 1105 linguas
901 1035 1202 1102 hominum,
1271 1050 1376 1090 non
1433 1041 1702 1104 proponat
1753 1031 2086 1102 pmuitentize

501 1126 726 1183 cultum.
756 1128 868 1184 lmo
905 1129 1046 1198 apud
1094 1143 1152 1182 se
1181 1129 1282 1182 hoc
1312 1127 1362 1181 in
1397 1133 1574 1180 mente
1619 1121 1848 1180 lit-initer
1889 1122 2084 1177 habeat

500 1219 648 1288 quia,
679 1217 722 1273 si
752 1217 876 1274 aliis
895 1219 1100 1289 peccati
1137 1215 1446 1274 scandalum
1481 1215 1608 1271 inde
1656 1213 1948 1282 subrepere
1977 1200 2082 1266 nun

504 1308 745 1374 timeret,
783 1307 948 1362 talem
980 1323 1037 1362 se
1063 1307 1272 1363 cunctis
1315 1307 1673 1362 innotesceret
1707 1302 1918 1378 qualem
1950 1317 2008 1356 se
2033 1301 2084 1355 in

503 1409 793 1467 conspectu
827 1397 920 1452 Dei
958 1415 1116 1468 quem
1147 1398 1367 1451 offendit
1406 1412 1527 1452 esse
1573 1396 1738 1450 videt.
1785 1395 1898 1450 Hoc
1938 1377 2082 1448 enim

503 1489 728 1549 multum
755 1491 898 1546 valet
925 1491 990 1546 ad
1017 1493 1232 1561 dignum
1259 1490 1594 1560 poenitentiae
1617 1489 1874 1552 fructum,
1917 1501 2087 1556 quan-

503 1581 574 1637 do
626 1583 786 1638 homo
819 1592 1027 1639 tantum
1058 1584 1203 1639 dolet
1253 1584 1320 1638 de
1345 1593 1566 1651 peccato
1613 1597 1732 1647 suo,
1779 1595 1885 1650 quo
1919 1580 2083 1632 Deum

504 1674 746 1738 dﬂ'cndit,
773 1685 830 1730 ut
877 1692 982 1730 non
1027 1676 1258 1747 refugiat
1316 1675 1383 1730 ab
1431 1677 1554 1730 aliis
1605 1659 1918 1730 hominibus
1961 1670 2084 1724 talis

504 1767 721 1835 a'guosci
752 1766 963 1836 qualem
997 1783 1054 1822 se
1085 1767 1136 1822 iu
1156 1767 1327 1839 oculis
1355 1767 1436 1820 sui
1471 1766 1744 1822 Creatoris
1771 1778 1890 1818 esse
1921 1775 2088 1830 agno-

2188 567 2281 621 Dei
2308 567 2531 622 servitio
2552 565 2822 634 sedulum,
2853 573 2909 619 et
2937 581 3060 636 qute
3087 565 3190 622 sibi
3213 564 3330 620 ﬁeri
3351 563 3474 620 vult
3493 564 3620 620 aliis
3637 564 3776 620 beni-

2189 674 2295 729 gna
2330 665 2514 712 mente
2547 656 2860 723 facientem,
2887 655 3228 725 piurimaque
3257 655 3308 709 in
3336 655 3490 710 hunc
3541 655 3772 718 modo,

2186 758 2240 803 et
2279 748 2368 802 hic
2404 747 2527 801 talis
2545 744 2814 814 judicabit
2843 761 2900 800 se
2941 745 3190 800 viliorem
3226 745 3302 798 illi
3333 743 3642 813 quemlibet
3667 760 3776 800 esse

2187 838 2542 898 luxuriosum,
2582 837 2896 904 superbum,
2952 835 3292 902 injuriosum,
3323 833 3774 905 depnedatorem,

2139 925 2150 938 ’
2187 930 2280 986 Dei
2313 931 2617 990 servitium,
2639 937 2902 998 quantum
2929 927 3070 984 valet
3096 927 3179 981 vel
3208 928 3394 991 audet,
3418 925 3772 990 devitantem,

2187 1029 2242 1077 et
2269 1021 2500 1090 qualiter
2529 1021 2650 1074 aliis
2673 1020 2960 1074 contraria
2987 1018 3154 1074 iaciat
3177 1033 3275 1088 pro
3296 1033 3464 1086 posse
3489 1017 3776 1074 elaboran-

2189 1121 2318 1168 tem.
2361 1113 2438 1166 lla’
2485 1115 2720 1183 oportet,
2752 1125 2974 1166 necesse
3022 1121 3128 1168 est.
3157 1111 3332 1166 Aliter
3381 1114 3536 1164 enim
3589 1110 3776 1162 divinae

2187 1205 2394 1275 pagina
2423 1203 2942 1258 lmmilitatis'metas
2968 1203 3254 1266 excedens,
3285 1215 3391 1254 non
3421 1200 3638 1254 obedit.
3679 1199 3718 1252 Ν
3749 1216 3776 1254 c

2188 1297 2383 1368 aliquis
2408 1282 2634 1352 aestimet
2659 1311 2874 1351 sacram
2913 1295 3250 1364 Scripturam
3273 1294 3452 1348 cuivis
3485 1293 3776 1364 quidquam

2186 1385 2484 1457 prmcipcre
2547 1387 2692 1457 quod
2734 1385 2926 1442 debeat
2973 1383 3222 1453 judicare
3259 1384 3406 1438 factu
3449 1382 3780 1453 impossibile

2187 1493 2327 1534 esse.
3305 1486 3308 1488 ’
3349 1489 3354 1492 ’

2257 1567 2390 1633 Quia
2421 1565 2586 1639 igitur
2631 1567 2892 1636 scriptum
2933 1575 3017 1621 est
3067 1575 3126 1620 ut
3160 1566 3392 1637 quisque
3447 1579 3512 1620 se
3539 1565 3780 1618 viliorem

2187 1649 2440 1714 omnibus
2475 1659 2595 1714 aliis
2625 1675 2730 1714 non
2775 1657 2952 1713 solum
2983 1673 3078 1712 ore
3107 1657 3450 1727 pronuntiet,
3485 1657 3586 1708 sed
3623 1656 3778 1708 etiam

2188 1743 2379 1804 intimo
2424 1747 2618 1804 affectu
2651 1748 2832 1802 cordis
2877 1748 3088 1812 credat,
3129 1745 3364 1816 qualiter
3395 1747 3546 1818 quod
3579 1743 3780 1814 impleti

501 1857 626 1912 scit,
659 1857 812 1936 Quod
857 1859 1104 1929 quamvis
1142 1837 1284 1915 melo
1315 1875 1420 1913 ηοη
1461 1859 1532 1914 εει
1567 1856 1986 1918 admmemtum,
2016 1867 2084 1907 ne
2121 1839 2164 1894 B
2191 1848 2382 1911 queat,
2413 1819 2758 1910 considerare
2799 1837 3063 1892 studeatis
3093 1837 3247 1906 cujus
3291 1845 3540 1890 mentem
3573 1834 3778 1888 divinus

501 1947 758 2003 Ecclesia:
771 1949 867 2004 Dei
897 1949 1172 2020 quodlibet
1207 1949 1520 2006 scandalum
1552 1948 1748 2002 eximie
1771 1953 2098 2017 generetur,

501 2049 682 2097 tamen
715 2058 810 2098 nec
842 2042 1072 2097 iuiiciari
1105 2057 1203 2097 nec.
1231 2041 1537 2114 perturbari
1581 2041 1761 2103 debet,
1793 2039 1836 2093 si
1867 2036 1936 2093 ab
1962 2036 2082 2091 aliis

497 2132 550 2186 ei
595 2131 848 2201 obiicitur
873 2133 1014 2202 quod
1047 2133 1160 2203 ipse
1193 2133 1258 2186 de
1289 2146 1349 2186 se
1394 2147 1493 2188 sua
1543 2137 1735 2200 sponte
1767 2127 2110 2184 contitetur..

501 2222 644 2280 Sunt
681 2223 1072 2278 ctenim‘multi
1101 2225 1190 2294 qui
1219 2224 1508 2294 plurimum
1535 2213 2081 2290 perturbantur,dum

502 2319 568 2374 de
595 2319 676 2373 eis
719 2317 809 2372 alii
843 2319 1034 2372 dicunt
1087 2319 1229 2387 quod
1285 2317 1449 2372 etiam
1493 2313 1596 2383 ipsi
1647 2312 1714 2366 de
1769 2326 1828 2366 se
1871 2311 2084 2380 publice

501 2411 660 2468 fateri
691 2430 796 2468 non
839 2411 1136 2483 refugiunt.
1171 2411 1248 2464 Ad
1281 2425 1534 2479 magnum
1567 2407 1752 2476 itaque
1793 2403 2084 2474 perfectio-

501 2505 589 2561 nis
639 2504 849 2560 culmen
877 2504 1132 2575 pertinel,
1165 2503 1290 2556 dum
1318 2502 1441 2572 quis
1463 2500 1685 2562 malum,
1713 2496 1854 2567 quod
1894 2493 2085 2564 pt‘mdi-

500 2609 588 2653 cat
613 2599 682 2652 de
714 2613 788 2659 se,
825 2598 1094 2668 patienter
1126 2605 1186 2651 et
1227 2594 1396 2650 illaesa
1463 2593 1659 2647 mentis
1693 2587 2114 2658 tranquillitate'

503 2689 572 2744 ab
603 2688 721 2744 aliis
768 2697 958 2744 contra
996 2701 1056 2744 se
1099 2687 1300 2741 dictum
1340 2683 1483 2739 valet
1533 2683 1821 2738 sustinere.
1857 2678 2086 2734 Probari

502 2779 737 2852 namque
767 2796 865 2852 per
915 2781 1018 2836 hoc
1065 2789 1250 2850 potest
1293 2777 1442 2833 illum
1501 2777 1554 2830 in
1597 2789 1728 2830 vero
1769 2772 2086 2828 humilitatis

502 2875 670 2945 gradu
693 2874 1008 2935 consistere,
1037 2873 1242 2927 sicut-e
1277 2861 1492 2926 diverso
1521 2868 1670 2922 illum
1702 2867 1794 2938 qui
1838 2867 1941 2920 hoc
1971 2880 2082 2918 non

499 2975 680 3036 potest
727 2966 778 3019 in
809 2965 1041 3035 quadam
1081 2962 1342 3034 jactantia
1379 2971 1437 3016 et
1466 2960 1708 3031 appetitu
1740 2957 2088 3014 sublimitatis

503 3066 740 3111 mentem
771 3045 1000 3109 habere.
1036 3052 1220 3108 Justus
1243 3051 1511 3120 siquidem
1551 3049 1666 3104 vult
1691 3047 1899 3104 haberi.
1933 3045 2086 3102 Scri-

501 3159 652 3218 ptum
683 3146 879 3216 quippe
918 3151 1038 3199 est:
1075 3142 1262 3197 Justus
1318 3145 1373 3196 in
1399 3141 1654 3212 principio
1709 3149 1990 3196 accusator
2011 3137 2110 3193 est

503 3238 587 3292 sui
613 3234 796 3308 (Prov.
827 3239 985 3300 xvm',
1009 3233 1123 3305 Π).

575 3327 711 3380 Dum
753 3326 918 3397 igitur
946 3339 1005 3381 se
1031 3333 1274 3390 accusat,
1305 3317 1458 3379 etde
1483 3321 1676 3380 eodem
1727 3321 1846 3393 ipso
1877 3320 1946 3376 ab
1969 3320 2089 3376 aliis

505 3420 748 3477 accusari
801 3417 1037 3488 recusat,
1097 3421 1240 3494 quid
1279 3419 1423 3475 aliud
1471 3419 1702 3474 intendit
1756 3419 1860 3473 nisi
1911 3427 1974 3472 ut
2029 3431 2088 3471 se

505 3513 828 3581 lmmilitate,
863 3513 997 3568 alios
1019 3501 1196 3568 autem
1222 3512 1460 3568 falsitate
1488 3511 1572 3567 vel
1598 3511 1726 3568 odio
1748 3511 2006 3582 praeditos
2033 3511 2086 3565 in

506 3603 698 3658 eodem
728 3595 1048 3658 ostendat?”
1157 3613 1160 3616 '
1261 3609 1265 3616 ‘

573 3694 634 3752 Si
683 3711 812 3767 ergo
850 3697 964 3750 vult
985 3709 1127 3752 verae
1158 3695 1479 3751 humilitatis
1527 3695 1738 3751 culmen
1799 3695 2089 3766 attingere,

503 3786 766 3843 concedat
819 3795 1032 3857 oportet
1095 3785 1162 3840 ab
1217 3787 1339 3840 aliis
1394 3787 1536 3840 dicta
1573 3787 1840 3856 patienter
1894 3785 2087 3839 audire

503 3881 624 3947 qua:
647 3879 760 3948 ipse
796 3883 862 3933 de
901 3875 1088 3948 'seipso
1113 3893 1220 3932 non
1277 3871 1502 3932 veretur
1547 3877 1723 3948 palam
1790 3876 1936 3931 ultro
1959 3891 2090 3945 pro-

505 3970 666 4038 ferre,
697 3979 753 4026 et
799 3971 1034 4042 patiatur
1063 3987 1122 4027 se
1151 3971 1248 4034 ita,
1275 3980 1335 4025 ut
1363 3959 1438 4025 se
1465 3970 1684 4040 dignum
1733 3969 1940 4024 fatetur
1971 3977 2092 4024 ten-

505 4061 634 4118 tari.
895 4079 900 4096 ‘~
1085 4079 1088 4088 ·

511 4246 838 4315 pervenerit,
875 4251 1000 4300 tunc
1037 4261 1226 4300 revera
1261 4245 1306 4300 si
1333 4245 1385 4300 in
1415 4243 1694 4315 antiquam
1725 4244 2096 4301 conversatio-

511 4355 638 4395 nem
698 4355 852 4394 suam
902 4341 1086 4396 oculos
1139 4340 1317 4394 cordis
1369 4338 1660 4404 reflexerit,
1691 4337 1895 4393 videbit
1943 4350 2002 4392 se
2038 4337 2116 4391 in:

512 4433 792 4488 horrendo
818 4432 962 4488 malo
989 4441 1046 4489 et
1091 4432 1330 4488 tenebris
1356 4446 1486 4487 vere
1515 4425 1718 4498 fuisse,
1735 4439 1794 4486 et
1817 4431 2092 4501 gratiosus

2186 1931 2424 2001 Spiritus
2466 1929 2657 2000 tetigit,
2697 1937 2756 1982 ιιι
2800 1942 2860 1984 se
2889 1927 2941 1982 in
2972 1925 3279 1993 huiusmodi
3329 1938 3602 1980 exercere
3633 1923 3774 1978 velit.

2184 2021 2362 2077 Grave
2409 2021 2678 2090 siquidem
2709 2027 2794 2073 est
2858 2027 2940 2083 ut,
2973 2019 3168 2074 bonam
3217 2027 3274 2070 et
3319 2025 3576 2070 sanctam
3617 2015 3776 2068 vitam

2185 2127 2388 2185 agens,
2418 2112 2658 2180 perversi
2687 2109 2869 2165 cordis
2919 2119 2976 2164 et
3027 2108 3210 2178 operis
3239 2109 3448 2162 homini
3493 2122 3558 2174 se
3577 2103 3776 2174 iudicet

2184 2221 2248 2260 ex
2275 2204 2464 2260 intimo
2493 2203 2655 2258 corde
2695 2199 3023 2264 inferiorem,
3056 2215 3182 2254 eum
3227 2197 3496 2252 naturalis
3525 2196 3688 2250 simul
3715 2207 3762 2250 et

2185 2294 2482 2372 divinalex
2509 2292 2719 2348 sanciat
2743 2355 2746 2358 _
2769 2293 2970 2348 bonum
3004 2306 3219 2360 semper
3249 2289 3394 2342 malo
3425 2289 3772 2358 praestantius

2185 2404 2328 2454 esse,
2343 2399 2396 2443 et
2423 2388 2548 2442 lmic
2575 2396 2793 2444 internae
2815 2385 3014 2455 gloriae
3031 2381 3340 2446 retributio,
3365 2381 3442 2436 illi
3465 2381 3772 2450 sempiterni

2185 2481 2456 2554 opprobrii
2488 2494 2646 2550 pmna
2675 2489 2918 2550 paretur.
2949 2479 3025 2534 Ex
3057 2476 3248 2532 effectu
3281 2475 3470 2544 itaque
3521 2475 3780 2528 mercedis

2187 2577 2466 2644 utriusque
2487 2582 2636 2644 patet
2683 2573 2814 2644 quid
2841 2574 2927 2628 cui
2959 2580 3198 2643 praestet.
3251 2569 3309 2626 Si
3351 2583 3490 2639 ergo
3513 2569 3690 2626 bonus
3711 2583 3772 2622 se

2180 2669 2388 2740 judicat
2425 2669 2568 2724 malo
2604 2668 2944 2732 inferiorem,
2983 2665 3182 2719 malum
3223 2672 3568 2734 praeponet-0
3599 2663 3784 2716 ordine

2187 2760 2294 2816 sibi
2326 2759 2456 2814 facit
2501 2755 2862 2830 Superiorem.
2897 2755 3052 2824 Quod
3083 2755 3163 2810 sic
3192 2769 3312 2809 esse
3356 2769 3556 2808 verum
3583 2763 3778 2806 natura

2187 2867 2294 2906 non
2323 2851 2582 2906 admittit.
2614 2851 2722 2904 Aut
2745 2849 2910 2919 igitur
2948 2846 3164 2902 veritati
3193 2845 3510 2900 contrarius
3553 2845 3660 2897 erit
3693 2843 3784 2910 qui

2189 2960 2248 3000 se
2273 2944 2641 3006 bouummalo
2663 2943 2838 2998 credit
2866 2921 3206 3003 inferiorem,
3231 2946 3346 3002 aut,
3373 2937 3420 2992 si
3446 2953 3564 2992 non
3593 2937 3784 3000 credit,

2189 3033 2386 3094 divinae
2407 3033 2638 3105 paginte,
2667 3047 2788 3103 qum
2810 3031 2914 3086 hoc
2948 3029 3127 3100 jubet,
3152 3028 3474 3084 inobedieus
3513 3027 3648 3082 erit.
3687 3025 3784 3080 Sed

2191 3129 2386 3184 horum
2416 3127 2555 3182 nihil
2583 3124 3002 3182 admittendum.

2262 3242 2568 3298 Videndum
2614 3241 2781 3312 igitur
2825 3247 2912 3294 est
2955 3253 3194 3308 quonam
3247 3234 3412 3291 modo
3447 3233 3576 3290 ﬁeri
3625 3233 3786 3286 valeat

2191 3341 2249 3394 ul
2281 3345 2337 3393 et
2363 3324 2564 3393 veritas
2595 3349 2698 3390 non
2730 3333 3014 3386 deseratur
3034 3371 3049 3396 ,
3075 3338 3134 3384 et
3157 3327 3462 3383 divinitatis
3515 3335 3780 3398 ιιι-παρα)

2190 3430 2496 3487 obediatur.
2525 3426 2660 3482 Cum
2689 3439 2820 3494 ergo
2843 3422 3021 3493 quivis
3045 3421 3324 3476 hominum
3355 3419 3478 3473 vult
3507 3415 3788 3488 cumpara-

2191 3535 2252 3578 re
2276 3535 2337 3576 se
2365 3520 2431 3574 ad
2465 3509 2650 3583 alium,
2678 3515 2807 3586 quid
2856 3513 2910 3568 in
2943 3527 3001 3568 se
3029 3526 3059 3566 a
3091 3527 3152 3567 se
3187 3511 3373 3578 habet,
3409 3519 3468 3564 et
3501 3510 3640 3579 quid
3663 3510 3788 3565 alter

2193 3601 2299 3668 non
2330 3626 2360 3664 a
2387 3625 2469 3676 se,
2519 3597 2614 3664 sed
2649 3621 2750 3678 per
2776 3605 2873 3661 Dei
2925 3603 3154 3676 gratiam
3203 3603 3432 3668 habeat;
3453 3617 3488 3654 a
3517 3617 3580 3656 se
3607 3603 3788 3673 quippe

2193 3717 2374 3770 nemo,
2405 3701 2506 3756 nisi
2549 3697 2772 3766 malum,
2815 3711 2914 3768 per
2947 3696 3182 3767 gratiam
3211 3709 3342 3748 vero
3397 3691 3502 3748 Dei
3543 3694 3732 3764 habet,
3751 3695 3788 3745 si

2194 3795 2336 3866 quod
2374 3789 2595 3849 bonum.
2627 3791 2803 3847 Ponat
2859 3790 3044 3859 itaque
3070 3787 3272 3842 malum
3299 3801 3462 3841 suum
3503 3802 3634 3842 cum
3663 3786 3790 3840 male

2196 3887 2438 3949 alterius,
2485 3893 2540 3940 et
2567 3883 2752 3941 statim
2779 3880 2984 3936 videbit
3031 3880 3163 3950 quid
3213 3878 3410 3933 horum
3461 3877 3543 3932 sit
3599 3877 3790 3947 potius.

2195 3975 2504 4049 Perpendat
2539 3977 2705 4033 etiam
2759 3973 2942 4030 omnia
2974 3973 3026 4027 in
3057 3970 3298 4026 futurum
3322 3969 3526 4039 juncta
3565 3968 3784 4030 servari,

2107 4093 2112 4096 ·
2195 4080 2251 4128 et
2275 4085 2342 4126 ne
2365 4068 2506 4123 forte
2531 4067 2646 4137 ipse
2671 4063 2886 4122 occulto
2915 4064 3012 4118 Dei
3065 4061 3271 4131 judicio
3299 4075 3332 4114 a
3381 4060 3535 4115 bono
3591 4060 3792 4115 decidat

575 4155 710 4209 Cum
746 4153 932 4224 Itaque
983 4152 1150 4208 homo
1199 4152 1254 4206 in
1315 4153 1461 4206 lnmc
1503 4151 1830 4208 humilitatis
1889 4159 2112 4208 statum'

2197 4170 2250 4216 et
2273 4159 2412 4214 alius
2439 4173 2470 4212 a
2497 4156 2644 4212 malo
2668 4163 2920 4225 resurgat
2943 4169 3148 4224 gnarus
3169 4149 3442 4206 attendat.

2270 4259 2594 4340 Quicunque
2625 4268 2792 4339 igitur
2823 4253 2932 4321 itali
2974 4263 3419 4320 consideratione
3441 4275 3510 4315 se
3540 4259 3790 4316 studuerit

2199 4364 2536 4430 examinare,
2561 4361 2807 4432 profecto
2837 4375 2941 4413 non
2968 4355 3316 4411 residebit-in
3354 4353 3552 4407 animo
3579 4369 3678 4407 suo
3699 4365 3790 4420 quo

2203 4476 2260 4515 se
2291 4459 2487 4514 debeat
2529 4471 2640 4526 prae
2683 4455 2803 4510 aliis
2840 4451 3212 4525 magnificare.
3257 4451 3449 4520 quue
3497 4449 3674 4518 magis
3699 4447 3792 4500 Deo

511 4519 764 4622 '"en‘a'"?
798 4523 1074 4622 gaudi?”
1105 4521 1486 4622 Fisulmione
1528 4521 1890 4616 admirabili"
1937 4535 1998 4576 se
2039 4520 2092 4574 in
2127 4545 2173 4605 D
2201 4553 2477 4622 proximus
2513 4519 2834 4612 ad'hatrebit,
2868 4519 2978 4616 quo
3009 4545 3078 4599 de
3101 4557 3160 4599 se
3202 4519 3520 4598 humillima
3569 4539 3792 4596 sentiens

512 4627 709 4685 magno
734 4614 876 4669 hono
905 4621 962 4668 et
989 4612 1192 4668 lumine
1219 4627 1359 4668 esse.

582 4705 865 4761 Custodiat
888 4719 1018 4776 ergo
1046 4717 1143 4761 cor
1172 4718 1354 4770 suum,
1385 4703 1656 4759 custodiat
1685 4717 1888 4772 corpus
1911 4717 2092 4764 suum,

437 4821 440 4824 ’
510 4813 582 4855 ne
605 4797 810 4853 inimici
833 4796 952 4868 ejus
987 4797 1088 4854 sibi
1115 4797 1420 4868 subripiaut
1459 4797 1600 4868 quod
1628 4809 1726 4866 per
1753 4795 1844 4850 Dei
1869 4794 2096 4866 gratiam

509 4889 821 4961 acquisivit,
868 4887 1428 4960 rettmqtte‘dejiciant
1460 4890 1512 4944 in
1557 4887 1818 4958 pristinas
1845 4887 2100 4944 tenebras

509 4997 647 5056 quas
677 4983 917 5052 reliquit.
945 4981 1090 5036 Nihil
1122 4983 1409 5046 virtutum,
1437 4995 1573 5050 quas
1609 4979 1838 5046 adeptus
1857 4990 1964 5046 est,
1989 4979 2102 5034 suis

511 5077 721 5130 viribus
755 5075 1003 5144 imputet,
1029 5087 1132 5128 nec
1161 5087 1324 5142 super
1351 5087 1446 5126 eos
1471 5072 1561 5140 qui
1603 5071 1844 5126 nondum
1889 5069 1958 5125 ad
1997 5069 2103 5124 hoc

516 5165 756 5237 provecti
791 5174 938 5230 sunt,
965 5164 1075 5220 ullo
1104 5162 1266 5218 modo
1293 5162 1618 5219 se'extollat.
1849 5169 1852 5172 ‘

585 5258 646 5312 In
708 5258 1031 5314 humilitatis
1086 5255 1346 5318 culmine,
1396 5257 1462 5311 ad
1504 5257 1646 5327 quod
1703 5255 1985 5327 pervenit,
2043 5269 2104 5310 se

517 5365 736 5424 semper
777 5359 936 5408 caute
974 5353 1266 5416 custodiat,
1315 5358 1370 5406 et
1424 5348 1736 5416 inferiorem
1765 5365 1824 5405 se
1851 5347 2104 5404 omnibus

519 5443 852 5510 hominibus,
883 5457 990 5500 non
1019 5443 1167 5509 ﬁcto,
1198 5441 1293 5500 sed
1321 5441 1512 5498 intimo
1533 5441 1696 5497 corde
1726 5442 1932 5497 credat.
1959 5441 2106 5508 Quo-

520 5535 693 5602 niam,
719 5534 924 5606 inquis,
951 5531 1112 5592 modo
1163 5535 1216 5589 id
1258 5534 1454 5604 aliquis
1493 5531 1673 5589 facere
1721 5541 1922 5602 potest,
1953 5542 2012 5586 ut
2046 5545 2106 5586 se

520 5627 767 5684 viliorem
817 5625 908 5682 illo
955 5626 1143 5681 credat
1187 5640 1346 5694 quem
1416 5625 1468 5678 in
1524 5623 1680 5680 bonis
1735 5622 1946 5678 actibus
1997 5637 2104 5676 non

523 5717 700 5775 soluat
749 5717 876 5782 sibi,
909 5717 1004 5772 sed
1041 5727 1095 5772 et
1141 5714 1261 5770 aliis
1307 5714 1616 5770 inferiorem
1641 5728 1761 5769 esse
1800 5711 1916 5768 sine
1945 5709 2106 5767 dubio

529 5811 774 5868 constat?
801 5807 960 5866 \‘erbi
988 5807 1188 5880 gratia:
1235 5806 1419 5862 videas
1447 5805 1676 5874 aliquem
1709 5803 1972 5872 sobrium,
2001 5803 2103 5857 hu-

2201 4645 2405 4699 nullum
2443 4641 2768 4704 contemnit,
2823 4639 2918 4693 sed
2958 4645 3019 4691 ut
3063 4635 3310 4692 omnium
3351 4647 3488 4688 vera
3523 4633 3792 4688 dilectione

2203 4737 2445 4808 potiatur
2474 4735 2573 4790 sub
2605 4733 2716 4788 Deo
2746 4729 3045 4786 contendit.

2276 4849 2422 4914 llmc,
2450 4855 2507 4901 ut
2533 4862 2596 4901 ex
2636 4860 2730 4900 ore
2753 4841 2813 4898 B.
2855 4841 2916 4894 P.
2955 4839 3194 4894 Anselmi
3227 4838 3444 4914 accepi,
3475 4836 3786 4907 conscripsi,

2203 4942 2525 5000 satisfacere
2548 4937 2768 5008 cupiens
2793 4933 3056 4990 voluntati
3092 4931 3253 4992 amici
3293 4931 3422 4994 mei,
3463 4947 3554 4986 me
3601 4931 3700 4984 hoc
3727 4929 3794 4980 fa-

2205 5050 2328 5092 cere
2379 5031 2579 5094 obnixe
2637 5026 2898 5102 rogantis.
2945 5023 3046 5080 Cui
3097 5029 3151 5077 et
3186 5022 3484 5102 epistolam
3519 5019 3790 5078 destinavi,

2208 5141 2368 5198 quam
2410 5125 2461 5178 in
2507 5121 2732 5178 exordio
2761 5117 2924 5188 hujus
2953 5113 3198 5186 opusculi
3237 5129 3450 5184 ponere
3483 5129 3594 5168 non
3625 5111 3790 5166 omisi.

2206 5233 2405 5276 cavens
2430 5231 2496 5271 ne
2525 5215 2674 5286 quis,
2701 5211 2945 5286 materia:
2973 5206 3443 5277 pulchritudinem
3477 5215 3536 5263 et
3565 5201 3792 5261 dictanti-

2207 5311 2294 5366 nis
2345 5307 2643 5384 fmditatem
2671 5304 2976 5382 intuendo,
3025 5298 3326 5356 testimaret
3365 5297 3690 5353 Anselmum
3733 5307 3790 5346 ex

2208 5401 2453 5458 materia:
2501 5398 2720 5470 quidem
2753 5395 3095 5452 formositate
3143 5393 3274 5450 illud
3313 5389 3706 5462 composuisse,
3731 5399 3792 5436 ex

2209 5494 2520 5554 dictaminis
2542 5507 2670 5547 vero
2697 5491 2927 5556 vilitate,
2992 5505 3101 5560 quo
3133 5487 3336 5544 mentis
3359 5483 3511 5538 illius
3539 5481 3790 5554 perspica-

2210 5589 2294 5645 cia
2321 5595 2376 5643 et
2399 5586 2548 5656 lepos
2574 5583 2771 5654 eloquii
2803 5579 3110 5646 evanuerit,
3141 5578 3341 5634 mirum
3367 5575 3610 5630 duxisse.

2283 5701 2502 5759 Noverit
2527 5709 2706 5755 tamen
2727 5697 3034 5768 quicunque
3060 5695 3160 5749 hoc
3179 5692 3232 5746 in
3257 5691 3340 5748 sui
3365 5688 3608 5745 notitiam
3625 5693 3788 5739 trans-

2213 5798 2294 5854 ire
2340 5791 2650 5866 dignabitur
2707 5789 2880 5859 ipsum
2911 5785 3130 5844 Patrem
3169 5782 3274 5840 hoc
3315 5795 3462 5855 θωνα
3491 5776 3678 5847 legisse
3737 5781 3790 5826 et
