3904 6306
1042 279 1069 291 Ὦ

497 335 605 400 607.-

1107 446 1334 504 CAPUT
1380 447 1461 502 Vl.

742 542 821 596 De
860 539 1210 595 inobedientia
1249 549 1296 594 et
1324 541 1534 611 propria
1565 539 1824 594 voluntate

571 633 740 702 Hujus
768 648 896 688 vero
933 632 1146 688 aﬂcctio
1186 633 1301 689 sive
1342 648 1490 697 usus,
1552 633 1865 689 inobediens
1890 633 2079 690 volun-

495 734 585 784 tas
609 726 692 781 vel
730 725 1091 781 inobedientia
1128 726 1211 780 vel
1263 724 1429 780 etiam
1471 726 1681 796 propria
1726 726 1796 759 ’⁸⁸
1832 728 2078 789 voluntas

497 817 715 874 dicitur.
754 816 979 886 Propria
1004 818 1202 887 quippe
1228 818 1478 874 voluntas
1505 828 1589 874 est
1622 835 1744 890 quae
1776 819 1865 874 Dei
1892 820 2080 875 volun-

497 919 662 965 tatem
704 909 807 965 sibi
856 908 1178 964 advocatam
1236 910 1438 967 habere
1490 927 1597 966 non
1648 921 1856 982 potest,
1908 920 1989 980 ut,
2032 912 2078 967 si

494 1010 776 1073 quaeratur
803 1002 871 1039 ⁸⁸⁷
900 1017 999 1057 cur
1032 1003 1137 1058 hoc
1159 1002 1243 1058 vel
1280 1001 1407 1057 illud
1436 1003 1587 1064 velit.
1624 1006 1952 1075 respondere
1983 1022 2077 1062 ve.

492 1080 697 1155 raciler
746 1110 857 1151 non
906 1094 1051 1151 valet
1096 1096 1223 1166 quia
1272 1104 1329 1151 et
1378 1096 1517 1151 Deus
1557 1097 1669 1161 vult
1705 1099 1892 1159 utboc
1927 1100 2075 1155 velit.

492 1184 726 1249 Allectio
753 1194 935 1249 autem
962 1187 1079 1241 sive
1123 1203 1253 1242 usus
1276 1187 1375 1251 illi,
1398 1203 1463 1241 ex
1495 1188 1759 1244 diabolica
1791 1200 2085 1247 nascentes

494 1278 567 1311 “"
589 1278 951 1349 suggestione,
986 1277 1081 1333 Dei
1138 1278 1465 1335 voluntatem
1499 1279 1600 1334 sibi
1632 1282 1949 1336 advocatam
1983 1284 2079 1338 ba-

494 1370 624 1429 bere
666 1384 773 1424 non
818 1380 1042 1441 possunt
1075 1372 1164 1424 m.
1199 1372 1436 1441 Utraque
1464 1372 1627 1435 igitur
1655 1374 1903 1431 voluntas
1926 1375 2080 1431 indu-

497 1460 732 1516 bitanter
772 1472 855 1517 est
884 1464 1134 1533 propria;
1167 1478 1286 1533 quae
1326 1465 1451 1519 ma
1484 1466 1577 1521 Dei
1611 1467 1887 1523 voluntate
1916 1483 2083 1539 porro

497 1552 763 1621 privatur,
802 1553 871 1608 ob
899 1555 1016 1610 haec
1043 1565 1190 1611 recte
1221 1558 1439 1627 propria
1492 1558 1741 1614 voluntas
1767 1562 2081 1616 nominatur

498 1644 587 1715 Ψ.
616 1644 745 1699 lla'c
798 1656 967 1709 autem
1012 1647 1250 1702 voluntas
1300 1650 1537 1719 propria,
1570 1650 1813 1719 superbia
1847 1662 1920 1705 est
1960 1650 2078 1717 illa,

496 1754 651 1815 quam
681 1738 885 1793 initium
915 1740 1083 1799 omnis
1100 1742 1298 1810 peccati
1320 1741 1595 1811 Scriptura
1619 1754 1884 1816 nuncupat
1914 1746 2004 1799 ’9‘.

1097 1832 1325 1889 CAPUT
1364 1834 1475 1893 VII.

1102 1923 1181 1989 De
1205 1926 1467 1995 superbia.

1526 331 1833 389 EADMERI
1871 328 2769 403 MONACHICANTUARIENSIS

2106 447 2451 510 Ahomiuem
2501 458 2627 504 sunt
2669 448 2960 519 disjuncta,
3002 449 3331 522 quandoque
3385 463 3521 509 vero
3562 448 3671 509 duo
3692 443 3776 508 vel

2180 539 2335 606 plura
2361 537 2671 610 conjuncta.

2802 628 3028 686 CAPUT
3069 630 3139 686 Χ.

2398 719 2471 775 De
2501 720 2669 777 tribus
2700 723 2972 792 generibus
2998 725 3227 794 prapriw
3249 723 3568 780 voluntatis.

2256 811 2482 884 Propria
2511 826 2744 882 namque
2772 812 3044 879 voluntas,
3073 822 3166 869 aut
3199 825 3283 870 est
3311 816 3365 869 in
3390 812 3775 880 delectatione,

2181 913 2273 965 aut
2298 904 2352 958 in
2377 902 2727 970 exultatione,
2762 916 2856 958 aut
2887 905 2941 959 in
2968 906 3304 963 curiositate.

2789 997 3017 1055 CAPUT
3057 999 3149 1055 XI.

2741 1090 2817 1146 De
2853 1092 3223 1155 delectatione.

2251 1181 2681 1241 Delectationum
2732 1198 2933 1254 genera
2991 1184 3062 1221 ⁸³⁸
3098 1194 3224 1240 sunt
3263 1184 3374 1240 duo
3419 1179 3772 1255 ptincipalia;

2182 1289 2346 1328 unum
2375 1275 2638 1341 exterius,
2678 1275 2730 1329 in
2761 1276 3001 1345 quinque
3033 1277 3284 1333 sensibus
3315 1274 3613 1347 corporis;
3639 1272 3779 1329 aliud

2180 1366 2431 1434 interius,
2461 1366 2514 1422 in
2542 1367 2737 1422 animae
2760 1366 3157 1424 affectionibus.

2786 1460 3018 1517 CAPUT
3059 1460 3169 1517 XII.

2537 1554 2613 1611 De
2640 1555 2870 1627 quinque
2898 1557 3131 1626 corporis
3155 1555 3418 1610 sensibus.

2252 1647 2391 1703 Sunt
2421 1653 2605 1701 autem
2635 1646 2883 1716 corporis
2932 1661 3126 1702 sensus
3166 1647 3436 1717 quinque,
3468 1644 3653 1709 visus,
3682 1660 3775 1698 au-

2180 1740 2344 1806 ditus,
2393 1748 2606 1811 gustus,
2633 1739 2892 1795 odoratus
2935 1748 2991 1794 et
3021 1747 3222 1795 tactus.
3280 1738 3389 1807 Qui
3422 1740 3552 1794 ideo
3592 1754 3781 1794 sensus

2105 1811 2153 1872 Β
2184 1831 2462 1896 dicuntur,
2527 1830 2654 1901 quia
2709 1846 2807 1902 per
2860 1846 2960 1887 eos
2990 1832 3263 1888 exteriora
3309 1832 3661 1886 sentiuntur.
3687 1829 3780 1884 Per

2183 1924 2357 1979 visum
2390 1923 2536 1979 enim
2565 1922 2759 1978 formae
2796 1931 2853 1979 et
2903 1923 3144 1990 colores;
3185 1939 3281 1994 per
3310 1924 3586 1991 auditum,
3629 1924 3777 1985 soni;

572 2013 838 2081 Superbia
874 2015 997 2070 ideo
1046 2026 1289 2082 vocatur,
1322 2017 1449 2088 quia
1493 2031 1656 2089 supra
1695 2034 1860 2093 quam
1889 2019 2083 2076 debeat
2180 2031 2279 2086 per
2328 2025 2570 2088 gustum.
2627 2031 2881 2088 εθρονεες
2939 2032 3039 2089 Per
3080 2016 3368 2083 olfactu").
3412 2017 3661 2082 odores;
3692 2032 3781 2088 ρετ

498 2107 765 2178 graditur.
823 2107 1087 2178 Superbia
1146 2125 1381 2187 namque
1436 2114 1814 2182 supergressio
1859 2112 2079 2169 dicitur.

495 2195 726 2267 Propria
748 2198 931 2269 itaque
954 2199 1203 2255 voluntas
1222 2242 1234 2263 ,
1262 2201 1388 2271 quia
1421 2201 1513 2257 Dei
1540 2203 1801 2259 voluntati
1828 2220 1936 2261 non
1958 2206 2081 2261 sub«

492 2288 699 2357 jicitur,
730 2290 823 2345 sed
852 2307 1015 2361 supra
1037 2307 1156 2347 eam
1181 2292 1483 2359 extollitur,
1504 2296 1574 2349 ob
1600 2295 1702 2349 hoc
1727 2305 1871 2352 recte
1891 2312 2085 2367 supcr-

498 2381 587 2436 bia
636 2381 853 2438 dicitur.
888 2385 1027 2454 Ipsa.
1049 2399 1263 2455 quoque
1298 2385 1479 2445 omnis
1503 2387 1708 2457 peccati
1737 2398 1819 2443 est
1844 2389 2081 2455 initium,

501 2472 627 2541 quia
691 2490 758 2529 ex
803 2490 866 2532 ea
918 2478 1164 2539 nascitur
1188 2494 1352 2535 omine
1390 2490 1691 2549 peccatum.
1728 2480 1795 2537 Et
1826 2482 2080 2551 quoniam

498 2564 664 2621 homo
720 2566 863 2622 illam
914 2570 1077 2625 habet
1120 2586 1150 2625 a
1191 2586 1249 2626 se
1297 2585 1311 2625 :
1350 2586 1524 2641 neque
1574 2573 1905 2629 voluntatem
1962 2574 2081 2641 Dei,

496 2670 662 2725 quam
712 2656 785 2697 "'7
813 2668 1093 2728 sequatur,
1150 2661 1263 2715 vult
1309 2662 1511 2719 habere
1539 2676 1706 2733 super
1734 2678 1821 2733 se,
1846 2664 1944 2735 ipsi
1973 2666 2081 2721 Deo

499 2747 699 2818 aufert,
725 2752 868 2821 quod
906 2754 1123 2825 pr0prie
1147 2764 1201 2809 et
1230 2754 1578 2826 singulariter
1606 2757 1765 2813 debet
1784 2758 2007 2814 habere.

1084 2844 1311 2905 CAPUT
1350 2846 1477 2903 VIII.

639 2930 794 3007 Quod
830 2934 1045 3004 propria
1082 2937 1323 2990 voluntas
1361 2938 1463 2991 soli
1503 2937 1609 2993 Deo
1640 2939 1932 2998 conveniat.

568 3022 725 3080 Solus
770 3026 913 3081 enim
964 3025 1125 3092 Deus,
1168 3029 1427 3098 quidquid
1450 3029 1583 3094 vult,
1613 3029 1773 3086 debet
1800 3030 1936 3086 velle
1958 3045 2084 3102 pro-

498 3116 615 3184 pria
663 3116 961 3187 voluntate,
1003 3119 1073 3173 ita
1105 3129 1163 3174 ut
1216 3120 1413 3187 aliam,
1448 3137 1609 3190 quam
1652 3133 1930 3191 sequatur,
1972 3139 2079 3179 non

500 3207 701 3263 habeat
748 3224 915 3279 supra
963 3226 1043 3267 se.
1071 3210 1206 3267 Cum
1238 3212 1404 3280 igitur
1433 3214 1595 3269 homo
1621 3214 1734 3272 vult
1758 3214 1961 3283 aliquid
1989 3229 2077 3284 per

500 3300 779 3369 propriam
828 3302 1181 3371 voluntatem,
1232 3303 1344 3360 Deo
1371 3304 1548 3360 aufert
1569 3307 1721 3376 quasi
1756 3322 1908 3362 suam
1932 3322 2088 3362 coro.

501 3405 649 3443 nam.
704 3390 856 3446 Sicut
901 3393 1045 3451 enim
1098 3410 1303 3450 corona
1352 3394 1453 3451 soli
1505 3396 1617 3466 regi
1682 3398 1963 3470 competit,
2008 3398 2085 3454 sic

500 3482 718 3551 propria
764 3484 1015 3542 voluntas
1067 3487 1166 3549 soli
1196 3488 1325 3547 Deo.
1352 3488 1418 3547 Et
1452 3487 1597 3547 sient
1621 3504 1801 3559 regem
1850 3488 2085 3560 aliquem

502 3570 875 3641 iubouoraret,
910 3576 1003 3653 qui
1028 3592 1180 3635 suam
1202 3592 1459 3639 coronam
1491 3577 1539 3633 ei
1576 3578 1852 3643 auferret;
1883 3579 1964 3635 sic
1990 3580 2088 3633 ho-

506 3677 598 3719 mo
658 3664 945 3724 iubonorat
997 3669 1191 3736 Deum,
1218 3671 1311 3744 qui
1347 3671 1523 3726 aufert
1548 3672 1597 3729 ei
1633 3673 1864 3743 proprize
1892 3672 2085 3729 volnu-

501 3758 635 3813 tatis
671 3756 1036 3831 privilegium,
1097 3762 1346 3827 habendo
1382 3766 1525 3835 quod
1576 3764 1667 3822 ille
1704 3768 1863 3823 debet
1884 3768 2088 3824 habere

498 3849 697 3907 solum.
746 3850 853 3908 Sed
912 3853 1055 3911 sicut
1095 3857 1311 3929 propria
1345 3858 1617 3933 voluntas,
1652 3859 1745 3915 Dei
1780 3860 1905 3917 fons
1925 3870 2009 3916 est
2031 3869 2087 3917 et

498 3943 653 4016 origo
704 3946 870 4001 totius
926 3947 1092 4013 boni;
1135 3948 1208 4002 ita
1259 3950 1479 4021 propria
1527 3951 1777 4011 voluntas
1830 3952 2084 4018 hominis,

503 4036 666 4092 totius
698 4046 782 4093 est
806 4039 1089 4095 exordium
1128 4040 1274 4095 mali.
1370 4024 1373 4027 ’

1114 4154 1343 4211 CAPUT
1384 4155 1473 4209 IX.

574 4241 874 4298 Similitudo
902 4246 1036 4300 inter
1059 4249 1327 4317 propriam
1358 4249 1679 4305 voluntatem
1722 4259 1771 4304 et
1797 4249 2013 4319 fontem.

576 4334 701 4390 llarc
728 4348 813 4390 est
842 4339 987 4393 enim
1035 4341 1182 4395 velut
1224 4340 1345 4397 fons
1371 4344 1614 4412 quidam,
1645 4344 1737 4414 qui
1769 4345 1823 4399 in
1863 4346 1965 4398 tria
1996 4361 2088 4399 ca-

506 4426 619 4496 pita
651 4428 932 4496 dividitur,
960 4446 991 4487 e
1015 4432 1212 4501 quibus
1236 4435 1332 4488 rivi
1358 4436 1558 4491 diversi
1579 4444 1635 4491 et
1656 4437 2088 4492 innumerabiles

502 4516 845 4587 derivantur,
873 4521 965 4590 qui
1000 4522 1051 4576 in
1081 4522 1214 4578 locis
1243 4524 1567 4594 quibusdam
1589 4525 1659 4580 ab
1685 4526 1916 4581 invicem
1934 4542 2089 4596 sepa-

503 4618 716 4676 rantur,
765 4611 1037 4681 aliquibus
1098 4628 1228 4670 vero
1253 4615 1324 4647 ⁸⁸⁸
1349 4616 1456 4672 duo
1508 4623 1563 4673 et
1606 4618 1734 4684 duo,
1771 4615 1855 4672 vel
1904 4615 2087 4686 plures

502 4700 755 4771 pluribus
782 4702 852 4735 ’θ’
888 4701 1309 4776 coniunguntur.
1360 4706 1435 4761 Ita
1475 4722 1692 4779 quoque
1738 4706 1957 4778 propria
1995 4723 2088 4762 vo-

500 4791 682 4848 luntas
732 4794 785 4849 iu
824 4811 1040 4868 genera
1086 4796 1191 4852 tria
1233 4797 1492 4855 dividitur
1523 4816 1537 4854 :
1568 4813 1599 4855 e
1625 4798 1821 4871 quibus
1846 4799 1977 4853 vitia
2005 4800 2087 4854 di-

502 4898 659 4939 versa
690 4896 745 4941 et
770 4887 889 4943 sine
920 4901 1145 4944 numero
1176 4898 1508 4955 nascuntur;
1562 4904 1683 4960 quae
1712 4888 2007 4959 aliquando
2031 4889 2082 4945 in

2185 2116 2411 2174 tactum,
2451 2110 2589 2169 dura
2610 2108 2697 2165 vel
2751 2109 2955 2175 mollia,
2984 2108 3158 2165 calida
3186 2109 3268 2165 vel
3318 2109 3546 2180 frigida,
3578 2124 3779 2178 aspera

2183 2200 2265 2253 vel
2295 2199 2434 2254 lenia
2462 2201 2555 2265 ³³⁷,
2588 2200 2775 2271 gravia
2800 2200 2885 2255 vel
2907 2201 3045 2256 levia
3068 2200 3332 2256 sentiunt.
3361 2199 3571 2255 llorum
3598 2209 3780 2255 autem

2183 2308 2439 2348 sensuum
2468 2293 2757 2348 delectatio
2812 2309 2937 2360 raro
2982 2305 3068 2350 est
3098 2294 3167 2326 ’³⁸
3196 2293 3357 2358 bona,
3412 2294 3618 2365 saepius
3660 2308 3783 2348 vero

2184 2391 2347 2443 mala.
2391 2385 2538 2441 Bona
2593 2387 2796 2441 etenim
2831 2397 2937 2453 est,
2988 2403 3110 2441 cum
3140 2387 3234 2444 Dei
3283 2386 3625 2455 voluntatem
3684 2387 3783 2440 sibi

2184 2476 2500 2535 advocatam
2525 2477 2722 2545 habet;
2761 2478 2899 2534 mala
2939 2493 3067 2533 vero
3097 2494 3218 2535 cum
3249 2494 3371 2539 eam
3400 2478 3506 2536 sibi
3543 2478 3783 2533 advoca.

2188 2578 2293 2622 tam
2328 2565 2530 2623 habere
2558 2554 2662 2623 non
2684 2579 2885 2640 potest.

2777 2662 3006 2729 CAPUT
3047 2662 3183 2717 XIII.

2494 2755 2572 2811 De
2597 2758 2865 2827 generibus
2896 2758 3253 2817 delectationis
3281 2758 3454 2812 inulte.

2260 2847 2430 2918 Ilujus
2466 2858 2645 2903 autem
2697 2850 3074 2903 delectationis
3103 2848 3256 2902 mala:
3283 2862 3481 2918 genera
3511 2856 3652 2901 sunt
3682 2846 3776 2899 tri-

2185 2941 2333 3011 ginta
2380 2949 2437 2999 et
2483 2943 2960 3011 unum:equibus
3012 2942 3253 3010 quinque
3309 2948 3433 2994 sunt
3473 2939 3775 3009 simplicia,

2187 3032 2374 3089 decem
2403 3031 2664 3103 duplicia,
2703 3033 2889 3088 decem
2935 3032 3191 3102 triplicia,
3221 3031 3327 3093 alia
3364 3032 3614 3107 quinque
3641 3046 3778 3103 qua-

2189 3128 2474 3201 druplicia,
2522 3145 2689 3184 unum
2724 3146 2852 3184 vero
2883 3146 2947 3184 ex
2983 3129 3222 3198 quinque
3252 3129 3502 3201 partibus
3538 3138 3785 3184 constat.

2777 3224 3004 3281 CAPUT
3044 3224 3183 3285 XIV.

2472 3317 2552 3374 De
2572 3317 2800 3388 quinque
2833 3318 3156 3388 simplicibus
3186 3316 3486 3388 generibus.

2263 3411 2511 3482 Quinque
2556 3412 2741 3482 itaque
2786 3418 2915 3465 sunt
2948 3410 3239 3479 simplicia,
3283 3408 3410 3479 quia
3461 3407 3788 3479 plerumque

2188 3504 2493 3561 delectatur
2538 3519 2637 3574 per
2684 3518 2746 3560 se
2790 3504 3161 3573 unusquisque
3208 3503 3450 3573 quinque
3496 3515 3785 3555 sensuum.

2188 3593 2501 3664 Aliquando
2536 3593 2683 3651 enim
2724 3592 2873 3648 solus
2914 3592 3059 3648 visus
3095 3607 3231 3651 vane
3274 3590 3607 3655 delectatur,
3650 3599 3711 3646 ut
3736 3590 3787 3644 ia

2190 3688 2580 3759 conspiciendo
2615 3688 2684 3725 '-"
2708 3701 2880 3757 equos
2907 3687 3155 3742 certatim
3200 3699 3420 3743 currere
3450 3684 3542 3749 ³⁸⁸,
3574 3692 3676 3738 aut
3700 3697 3790 3738 διε

2189 3780 2417 3850 cipitrcs
2444 3779 2690 3845 volantes
2721 3779 2859 3835 alias
2896 3794 3025 3833 aves
3052 3793 3267 3847 capere.
3297 3774 3616 3848 Aliquando
3645 3774 3787 3829 solus

2191 3871 2432 3935 auditus,
2466 3881 2525 3926 ut
2549 3886 2672 3926 cum
2714 3870 2987 3926 hominem
3030 3868 3288 3934 delectat,
3318 3871 3385 3925 ad
3406 3882 3607 3923 aurern
3635 3880 3785 3921 suam

2189 3966 2281 4021 diu
2314 3965 2496 4021 nolam
2526 3964 2596 3997 ³⁰¹
2625 3974 2934 4036 percutere,
2974 3965 3065 4035 qui
3097 3980 3216 4029 eam
3256 3964 3408 4021 audit
3438 3963 3678 4018 dulciter
3701 3975 3787 4015 so-

2193 4073 2348 4117 nare.
2370 4058 2677 4130 Aliquando
2701 4057 2852 4117 solus
2880 4067 3088 4129 gustus,
3137 4067 3196 4111 ut
3224 4057 3277 4111 in
3305 4056 3658 4113 comedenda
3686 4052 3783 4107 md

2191 4153 2569 4218 imntoderate,
2614 4167 2719 4208 non
2764 4160 2944 4206 tamen
2976 4151 3091 4205 visu
3116 4150 3455 4206 delectabile.
3482 4146 3786 4219 Aliquando

2191 4246 2337 4302 solus
2360 4245 2619 4314 olfactus,
2654 4253 2714 4300 ut
2748 4258 2869 4301 cum
2899 4242 3096 4314 aliquis
3123 4240 3295 4298 defert
3317 4240 3623 4296 feniculum
3648 4238 3786 4293 nari-

2190 4338 2293 4394 bus
2349 4338 2463 4394 suis
2508 4350 2832 4407 suspensum
2870 4337 2938 4369 ³⁸³
2963 4347 3023 4390 ιιι
3067 4335 3167 4390 sibi
3224 4334 3473 4389 suaviter
3527 4332 3777 4388 redoleat.

2191 4431 2496 4500 Aliquando
2556 4430 2705 4485 solus
2750 4439 2925 4493 tactus
2958 4429 3048 4495 ³⁰³,
3077 4438 3132 4483 ιιι
3163 4443 3286 4483 cum
3316 4426 3565 4496 aliquem
3600 4426 3780 4478 immo-

2194 4526 2379 4580 derate
2432 4522 2695 4579 refectum
2744 4532 3087 4580 contrectare
3141 4519 3381 4577 oblectat
3441 4515 3784 4574 ventrem“

2194 4634 2371 4673 Slllllll.

2797 4706 3028 4762 CAPUT
3069 4703 3182 4759 XV.

2663 4799 2742 4854 De
2786 4799 2960 4873 decem
2999 4796 3315 4869 duplicibus.

2268 4893 2462 4948 Decem
2486 4906 2613 4947 vero
2649 4898 2777 4946 sunt
2818 4889 3079 4960 duplicia,
3115 4887 3244 4958 quia
3283 4885 3617 4957 plerumque
3652 4884 3786 4939 dele-

1816 5023 2050 5082 VARIE
2085 5026 2482 5084 LECTIONES.

572 5139 642 5170 ’σε
679 5138 769 5193 Vel
802 5156 1075 5210 proprmm
1103 5159 1207 5196 mss
1227 5142 1310 5197 vel
1331 5144 1493 5198 etiam
1523 5142 1740 5212 propria

505 5224 732 5282 nascens
755 5214 1109 5282 tnnnuscripta
1146 5230 1209 5267 ex
1257 5213 1523 5267 diabolica
1558 5221 1844 5269 nascentes

504 5278 751 5353 Propria.
791 5280 937 5336 Unde
965 5278 1203 5353 propria
1253 5284 1521 5343 voluntas.
1576 5299 1697 5352 qua:
1744 5284 1868 5353 quia
1916 5301 2021 5340 mss
2054 5285 2268 5353 propria
2304 5302 2315 5336 :
2345 5278 2464 5353 quin
2490 5283 2617 5352 quia

1853 5143 1921 5175 ⁸⁸⁷
1951 5140 2022 5198 Ut
2062 5142 2104 5196 si
2133 5152 2410 5211 qumvatur
2437 5160 2514 5197 ms
2570 5140 2634 5195 Α.
2672 5140 2693 5193 I
2730 5148 2782 5193 ut
2810 5139 2855 5193 si
2881 5137 3193 5209 requiratur

1950 5214 2019 5246 ²⁶⁹
2053 5202 2260 5268 Habere
2289 5230 2393 5268 non
2423 5220 2599 5282 potest
2626 5202 2983 5282 manuscripttt
3017 5223 3123 5263 non
3152 5213 3379 5276 possunt
3408 5204 3632 5282 habere
3718 5202 3783 5234 ’”

3298 5134 3373 5168 ¹¹⁶
3402 5132 3488 5189 Ex
3518 5133 3775 5188 diabolica

2729 5280 2797 5313 ²⁹¹
2839 5275 2920 5336 Ob
2953 5279 3067 5333 bzec
3094 5287 3242 5346 recte
3287 5276 3512 5346 propria
3546 5275 3785 5346 voluntas

504 5345 815 5431 nominatur
842 5345 1058 5431 mitti}
1090 5345 1160 5409 ob
1193 5354 1295 5411 hoc
1325 5356 1541 5431 propria
1578 5345 1725 5431 recte
1758 5345 2069 5431 nominatur
2155 5345 2235 5390 ’³³⁸
2268 5345 2550 5431 Scriptura
2580 5352 2802 5431 nunciat
2832 5366 2934 5405 mss
2958 5348 3080 5403 Bcc.
3108 5345 3338 5431 (ignaue!
3364 5347 3430 5399 Α.
3459 5346 3485 5400 ί
3523 5345 3780 5431 scriptura

507 5427 785 5495 [nuncupat
866 5421 936 5454 ²⁹³
962 5423 1159 5495 Aliam,
1187 5412 1350 5495 quam
1381 5412 1458 5479 m's
1485 5424 1547 5478 A.
1578 5425 1600 5478 I
1632 5424 1792 5478 aliam
1818 5425 2339 5494 voluntatem,quam
2393 5412 2489 5456 ἠδ
2513 5424 2567 5495 A
2592 5423 2790 5495 quibus
2816 5435 2947 5495 vero
2971 5434 3075 5474 mss
3099 5417 3371 5486 aliquibus
3403 5431 3545 5495 γεγε
3570 5412 3787 5495 ..⁸⁸⁸ἰῇ

508 5488 761 5567 pluribus
800 5507 927 5567 mss_
952 5502 1021 5567 ut
1042 5488 1220 5563 plures
1275 5496 1518 5567 pluribus
1560 5512 1635 5548 ms
1664 5496 1727 5547 A.
1758 5495 1909 5567 Ivel
1939 5498 2118 5565 plures
2151 5488 2393 5567 pluribus

2504 5494 2574 5526 m
2603 5483 3027 5548 Delectationum
3059 5483 3255 5561 genera
3283 5503 3390 5561 ms_s
3412 5497 3466 5539 et
3498 5483 3776 5561 EditLCQl.

508 5552 650 5615 1573
679 5552 1055 5638 delectationis
1078 5552 1289 5638 genera'
1352 5566 1420 5598 "7
1449 5563 1665 5638 Aspera
1684 5566 1769 5638 vel
1801 5552 1953 5638 levia.
1966 5584 2071 5621 mss
2101 5552 2289 5638 as'pera
2317 5575 2371 5621 et
2398 5565 2536 5621 lenia
2569 5637 2576 5638 ί
2615 5565 2685 5596 ¹⁹⁸
2716 5563 2858 5638 Baro
2892 5571 2973 5616 est
3004 5552 3088 5614 ms
3106 5561 3168 5612 Α.
3201 5558 3445 5638 {rarius
3472 5567 3575 5638 ρει.
3630 5556 3697 5587 ’ν’
3722 5552 3783 5605 Et

507 5631 923 5703 contemplanda
972 5651 1049 5688 ms
1081 5631 1165 5689 Ἀ.
1199 5637 1218 5689 1
1256 5638 1466 5689 omittit.

1606 5637 1675 5668 ³⁰⁰
1717 5636 1973 5692 Certatim
2006 5634 2330 5693 concurrere
2366 5655 2443 5691 ms
2474 5637 2582 5691 ΑΛ
2613 5634 2862 5690 certatim
2886 5646 3105 5686 currere

516 5699 655 5757 Vict.
684 5699 775 5779 diu
807 5705 1190 5779 nigellamvel
1210 5706 1386 5779 nolam
1488 5706 1556 5738 ³⁰²
1589 5706 1821 5762 Naribus
1852 5708 1966 5779 suis
1993 5723 2316 5779 suspensum
2351 5725 2455 5763 mss
2485 5708 2705 5763 auribus
2729 5705 2842 5759 suis
2866 5717 3182 5773 suspensum

3242 5629 3308 5661 ³⁰¹
3344 5629 3447 5683 Diu
3486 5626 3661 5681 nolam
3710 5639 3779 5674 tua

3293 5700 3363 5732 ³⁵⁸
3400 5698 3564 5753 Solus
3591 5704 3779 5751 tractus

517 5790 621 5830 mss
641 5773 786 5833 solus
817 5773 993 5832 tactus
1063 5777 1131 5809 ‘°"
1160 5776 1406 5833 Oblectet
1429 5785 1667 5832 ventrem
1697 5794 1801 5833 mss
1820 5778 2052 5835 oblectat
2078 5773 2319 5835 ventrem
