3904 6306
98 267 200 324 609

1061 262 1185 319 LIB.
1231 263 1317 319 DE
1344 265 1402 321 S.
1446 263 1745 321 ANSELMI
1790 266 2391 353 SlMILlTUDlNIBUS.

3249 274 3354 340 610

96 390 314 442 ctantur
362 377 524 435 simul
576 380 705 441 duo,
756 384 811 432 et
860 375 966 432 duo
998 375 1159 432 iidem
1203 390 1397 434 sensus
1427 378 1517 431 3°“.
1557 377 1668 431 Ali-
1700 387 1745 446 Α
1774 380 1960 451 pipere
2001 386 2250 451 conditas
2290 385 2507 442 interim
2535 385 2734 454 cdere;
2777 385 3070 459 aliquando
3115 393 3353 459 auditus,

94 474 308 548 quando
334 471 477 527 enim
509 470 843 526 delectantur
870 468 1030 524 simul
1060 470 1205 525 visus
1232 470 1303 502 ³⁰⁶
1335 479 1391 525 et
1434 469 1670 536 auditus,

97 578 157 623 ut
200 578 320 623 cum
350 564 511 620 nimis
537 560 858 619 delectando
895 578 1061 620 canes
1089 563 1291 618 bestias
1334 562 1544 634 insequi
1588 564 1673 619 vi-

97 660 272 723 detur,
316 664 374 711 et
402 654 742 713 conclamare
765 655 833 687 ³⁸⁷
876 664 998 725 post
1037 655 1180 726 ipsas
1217 655 1538 722 audiuntur;
1572 654 1676 710 ali-

98 751 311 823 quando
334 749 486 805 visus
515 756 570 805 et
599 756 810 817 gustus,
838 756 901 803 ttt
938 762 1060 804 cum
1086 763 1285 821 magna
1322 748 1678 805 delectatione

96 845 279 898 vinum
309 840 748 913 limpidissimum
779 840 1113 912 conspicitur
1146 842 1200 897 in
1226 842 1522 915 sapbyrino
1552 857 1677 914 scy-

82 934 202 1005 1pho
246 943 302 988 et
343 917 576 998 bibitur;
607 931 897 1002 aliquando
940 930 1087 987 visus
1136 942 1193 988 et
1222 932 1477 999 olfactus,
1517 941 1579 988 ut
1622 932 1676 989 ln

95 1026 328 1082 videndo
351 1024 518 1080 simul
562 1024 1137 1081 etolfaciendo'nimis
1184 1024 1442 1081 rubentes
1483 1039 1676 1090 rosas;

98 1115 388 1184 aliquando
417 1114 564 1170 visus
616 1123 670 1167 et
720 1120 934 1180 tactus,
985 1126 1047 1172 ut
1096 1115 1150 1169 in
1184 1114 1582 1185 ‘consplciendo
1614 1119 1682 1171 'et

99 1206 494 1276 co‘mplanando
522 1204 758 1277 aliquem
788 1206 1108 1276 muricipetn
1144 1205 1353 1272 album;
1389 1206 1681 1277 aliquando

102 1298 322 1355 auditus
352 1306 408 1353 et
439 1306 629 1367 gustus
652 1339 670 1362 ,
710 1306 770 1353 ut
798 1313 923 1354 cum
952 1297 1195 1368 aliquem
1240 1298 1320 1352 sic
1357 1296 1543 1353 bibere
1591 1297 1684 1352 de-

102 1388 272 1444 lectat
308 1396 371 1442 ut
420 1387 566 1443 inter
604 1387 746 1443 labia
792 1401 890 1442 sua
916 1388 1152 1443 sonitum
1192 1385 1490 1458 quemdam
1515 1388 1683 1458 'pitisé

90 1478 272 1534 ‘sando
299 1472 369 1511 ³⁸⁸
410 1477 604 1545 faciat;
650 1478 943 1550 aliquando
986 1479 1202 1535 auditus
1245 1486 1300 1533 et
1335 1477 1587 1548 olfactus,
1625 1488 1686 1536 ut

101 1585 223 1625 cum
272 1570 508 1641 aliquem
548 1569 769 1627 bibendi
814 1570 1073 1627 aviditate
1118 1569 1354 1628 delectat
1388 1573 1683 1630 ausculta-

91 1679 160 1720 re
207 1664 284 1697 ³⁹⁹
339 1674 579 1721 mustum
626 1665 890 1723 ebulliens
933 1654 1205 1740 applicata
1247 1683 1412 1736 aure,
1462 1678 1520 1727 et
1564 1670 1686 1741 ejus

100 1759 325 1815 odorem
381 1759 607 1815 naribus
663 1759 967 1829 attrahere;
1012 1761 1304 1834 aliquando
1352 1764 1569 1819 auditus
1628 1766 1760 1823 etB

94 1858 304 1915 tactus,
341 1858 398 1905 ut
431 1852 557 1907 cum
593 1851 663 1883 ⁸¹⁰
704 1851 940 1923 aliquem
974 1852 1137 1910 nimis
1164 1854 1394 1911 delectat
1420 1855 1683 1911 citharam

102 1951 452 1999 resonantem
483 1941 692 2007 audire,
718 1950 774 1998 et
794 1943 1036 2000 eamdem
1058 1946 1412 2015 percutiendo
1444 1954 1683 2017 tangere;

92 2030 399 2103 aliquando
428 2042 618 2102 gustus
661 2042 718 2088 et
755 2032 1012 2101 olfactus,
1065 2043 1122 2090 ut
1148 2039 1285 2092 ‘cu‘m
1333 2036 1687 2093 imntoderate

90 2125 339 2180 eduntur
371 2123 583 2198 gallina:
639 2126 827 2195 pipere
871 2133 926 2181 et
967 2128 1185 2199 cymino
1227 2126 1515 2198 diligenter
1544 2140 1686 2183 'con-

102 2214 257 2280 diue;
294 2215 589 2285 aliquando
619 2224 808 2285 gustus
837 2225 894 2271 et
921 2225 1121 2282 tactus,
1154 2225 1215 2271 ut
1244 2232 1367 2272 cum
1396 2216 1687 2287 gulo‘siitate

89 2307 437 2362 ‘mandunltn‘
478 2306 623 2364 licus
652 2322 900 2374 maturm,
951 2308 1139 2363 dulces
1189 2307 1255 2361 ad
1302 2309 1596 2372 edendum,
1633 2318 1686 2364 et

102 2398 250 2454 lenes
286 2407 347 2453 et
380 2397 569 2454 molles
599 2399 665 2452 ad
719 2400 1075 2470 tangendnnr;
1121 2398 1411 2469 aliquando
1453 2399 1686 2454 nlfactus

100 2498 152 2542 et
200 2498 422 2557 lactus,
469 2498 684 2546 ut‘cun‘t
730 2500 1003 2562 unguento
1037 2491 1174 2546 bene
1210 2492 1378 2547 olenti
1414 2492 1536 2563 quis
1582 2509 1685 2545 un-

98 2588 266 2647 gitur.

684 2670 914 2727 CAPUT
956 2671 1097 2728 Χνι.

578 2759 658 2815 ibe
678 2761 853 2816 decem
880 2762 1196 2831 triplicibus.

154 2848 366 2906 Becem
390 2858 609 2921 Quoque
638 2861 762 2909 sunt
805 2854 1060 2923 triplicia,
1089 2856 1217 2926 quia
1247 2869 1392 2925 saepe
1434 2855 1595 2920 terni,
1633 2868 1686 2909 et

96 2944 234 2998 terni
290 2943 643 2999 delectantur
677 2948 922 3010 corporis
967 2963 1162 3003 sensus
1207 2948 1522 3018 supradicti.
1576 2948 1685 3001 Ali-

95 3036 317 3105 quando
339 3039 485 3093 enim
503 3038 949 3095 condelectantur
970 3041 1138 3109 visus,
1164 3041 1380 3095 auditus
1397 3048 1450 3095 et
1473 3050 1682 3111 gustus,

95 3136 308 3184 utcum
343 3128 507 3185 nimis
552 3130 706 3187 avide
752 3129 1029 3203 collyridae
1075 3132 1327 3199 eduntur,
1384 3147 1505 3202 quae
1531 3131 1683 3200 quasi
1712 3143 1758 3207 ο

94 3220 183 3274 nix
215 3221 477 3277 candidae
506 3222 774 3290 videntur,
823 3233 1118 3295 sponteque
1153 3225 1405 3281 manibus
1443 3225 1527 3281 vel
1554 3226 1685 3281 den-

88 3303 236 3367 tibus
258 3313 351 3367 sic
371 3322 680 3370 atteruntur
701 3324 757 3369 ut
774 3331 1030 3373 resonare
1051 3319 1372 3383 audiantur;
1400 3318 1688 3388 aliquando

95 3402 260 3467 visus,
310 3389 531 3458 auditus
568 3414 623 3460 et
658 3402 919 3472 olfactus,‘
941 3416 999 3460 ιιι
1041 3422 1163 3462 cum
1198 3406 1395 3477 aliquis
1443 3408 1496 3462 in
1529 3409 1688 3463 horto

86 3496 169 3551 sic
197 3495 415 3551 residet
440 3504 498 3550 ut
521 3497 722 3553 virides
748 3498 948 3554 herbas
977 3500 1221 3570 aspiciat,
1249 3499 1457 3556 fabulas
1481 3500 1686 3569 audiat,

90 3587 248 3643 ﬂores
290 3586 554 3655 olfaciat;
598 3590 892 3660 aliquando
924 3590 1092 3656 visus,
1147 3591 1367 3647 andiltts
1399 3600 1454 3646 et
1492 3601 1684 3661 tactus,

93 3684 147 3729 ut
174 3692 308 3731 cum
352 3677 547 3732 mulier
574 3679 820 3749 speciosa
858 3679 1237 3736 delectationis
1277 3695 1441 3736 causa
1480 3682 1688 3753 conSpi-

86 3767 230 3822 citur
254 3808 271 3833 ,
322 3766 597 3824 luxuriosa
630 3769 775 3839 loqui
817 3770 1066 3836 auditur,
1096 3770 1192 3826 sed
1239 3779 1294 3827 et
1333 3770 1543 3827 interea
1572 3781 1691 3828 tan-

86 3857 257 3927 gitur;
319 3859 612 3930 aliquando
638 3863 812 3930 visus,
840 3873 1030 3935 gustus
1078 3873 1134 3920 et
1180 3862 1435 3931 olfactus,
1463 3871 1525 3920 ut
1563 3880 1687 3931 cum

89 3951 338 4024 aliquem
376 3952 611 4010 delectat
643 3955 710 3987 '“
741 3956 1012 4026 inspicere
1055 3957 1240 4011 vinum
1271 3958 1454 4014 herbis
1497 3958 1687 4015 confe-

86 4053 234 4100 ctum
307 4046 656 4116 scintillare,
713 4047 901 4103 bibere
957 4058 1013 4104 et
1071 4048 1341 4118 olfacere;
1398 4052 1690 4123 aliquando

90 4138 259 4207 visus,
293 4149 493 4214 gustus
510 4151 563 4197 et
591 4151 787 4209 tactus,
825 4151 885 4197 ut
913 4159 1038 4198 eum
1066 4142 1264 4209 aliquis
1290 4152 1376 4200 est
1405 4147 1687 4202 saturatas

89 4234 350 4300 racemis,
384 4233 600 4289 vineam
630 4243 812 4291 tamen
834 4235 902 4267 ³⁸³
926 4235 1258 4302 deantbulat,
1292 4245 1354 4291 ut
1382 4252 1544 4307 quam
1570 4237 1688 4309 pul-

1775 483 1964 545 gnstus
1994 484 2050 532 et
2079 485 2280 545 tactus,
2306 487 2364 534 ut
2401 495 2524 534 cum
2548 480 2764 550 aliquis,
2789 480 2845 537 in
2873 481 3353 551 halneoresidens,

1776 565 1990 623 fabulas
2023 570 2191 636 audit,
2221 571 2334 626 edit
2358 581 2414 627 et
2441 571 2595 638 bibit,
2636 582 2803 643 atque
2837 584 3081 645 teporem
3105 591 3262 648 aquae
3286 572 3357 611 "‘

1777 659 2202 730 circumquaque
2234 664 2433 733 tangit;
2462 664 2753 733 aliquando
2780 666 3019 733 auditus,
3045 668 3277 725 olfactus
3296 670 3360 726 ct

1780 761 1981 819 tactus,
2005 761 2065 809 ut
2092 770 2216 810 cum
2243 755 2440 826 aliquis
2469 757 2771 812 cantilenas
2788 757 2967 824 audit,
2991 760 3118 814 dum
3143 760 3360 818 iniecto

1780 843 2032 900 mollibus
2074 854 2246 901 strato
2291 847 2559 915 quiescit,
2631 847 2720 902 ubi
2762 857 2818 903 et
2875 850 3069 906 herbas
3124 852 3360 921 undique

1779 952 1997 1007 sparsas
2019 937 2202 993 olfacit
2227 953 2242 1003 ;
2278 938 2567 1009 aliquando
2597 948 2806 1010 gustus,
2831 939 3060 997 olfactus
3082 951 3137 997 et
3161 952 3356 1008 tactus,

1781 1039 1986 1086 utcum
2020 1040 2178 1086 nocte
2214 1032 2544 1086 manduntur
2574 1032 2930 1089 immoderate
2962 1048 3121 1105 poma
3136 1036 3356 1106 sapida,

1779 1119 2053 1178 odorifera
2085 1130 2140 1178 et
2171 1121 2371 1178 mollia.
3234 1151 3237 1154 -

2344 1252 2584 1312 CAPUT
2629 1238 2794 1317 'x‘vtt.

2156 1345 2229 1402 De
2257 1348 2485 1419 quinque
2511 1349 2967 1421 quadruplicibtts.

1846 1430 2105 1512 Quinque
2133 1445 2267 1498 vero
2294 1441 2670 1513 quadruplicia
2709 1452 2859 1508 sunt,
2891 1430 3019 1514 quia
3040 1428 3367 1516 plerumque

1784 1530 1947 1589 simul
1964 1532 2215 1603 quaterni
2240 1535 2294 1588 et
2314 1532 2564 1603 quaterni
2587 1532 2928 1590 delectantur
2940 1532 3031 1590 "‘.
3058 1535 3367 1606 Aliquando

1780 1623 1928 1679 enim
1976 1624 2317 1681 delectantur
2363 1625 2527 1681 simul
2573 1624 2739 1690 visus,
2788 1631 3004 1696 gustus,
3047 1627 3274 1682 auditus
3314 1635 3369 1680 et

1786 1715 2040 1779 olfactus,
2065 1728 2124 1775 ut
2161 1722 2284 1775 cum
2326 1718 2379 1774 in
2412 1719 2615 1789 nuptiis
2641 1717 2755 1772 ludi
2782 1720 3054 1786 videntur,
3078 1716 3370 1776 cantilenae

1787 1811 2104 1876 audiuntur,
2147 1812 2301 1867 cibus
2342 1820 2397 1867 et
2435 1822 2594 1883 potus
2625 1813 2865 1870 deliciosi
2914 1814 3225 1877 admittitur,
3276 1824 3371 1866 eo-

1789 1912 2017 1974 rntnque
2046 1904 2182 1959 odor
2217 1904 2483 1972 sentitur;
2524 1905 2827 1977 ‘ali‘Quando
2863 1905 3105 1970 auditus,
3151 1906 3365 1974 gustus,

1787 1996 2098 2052 o'lfactus'et
2127 2005 2329 2065 tactus,
2356 2004 2420 2056 ut
2455 2015 2579 2057 cum
2605 1999 2660 2056 in
2690 2009 2852 2056 nocte
2878 1985 3010 2055 nihil
3038 1997 3110 2055 ibi
3135 1998 3368 2065 videtur,

1786 2100 1895 2158 quo
1924 2088 2420 2157 delectaturvisus,
2454 2092 2547 2147 sed
2561 2104 2696 2151 ‘cum
2719 2093 2926 2157 auditu,
2945 2098 3109 2162 ‘gustu
3155 2096 3213 2145 et
3237 2088 3373 2145 olfa-

1776 2184 1877 2234 ‘ctu
1904 2179 2209 2235 delectatur
2236 2188 2292 2235 et
2320 2190 2495 2237 tactus
2515 2182 2605 2250 m,
2631 2190 2693 2238 ut
2712 2192 2834 2237 eum
2862 2196 3092 2253 sponsus
3113 2190 3371 2252 sponsam

1786 2271 2149 2342 amplexatur,
2181 2282 2277 2328 aut
2318 2275 2458 2331 alius
2492 2274 2562 2331 ab
2599 2274 2707 2331 alio
2749 2275 3036 2331 libidinose
3091 2274 3367 2344 tangitur;

1789 2362 2081 2433 aliquando
2109 2370 2324 2432 gustus,
2358 2358 2623 2432 olfactus,
2657 2377 2835 2424 tactus
2861 2376 2917 2422 et
2944 2368 3113 2434 visus,
3146 2362 3210 2420 ‘u't
3248 2381 3371 2421 cum

1788 2456 1859 2511 ibi
1894 2455 2026 2510 nihil
2052 2456 2240 2512 auditu
2270 2457 2587 2515 delectabile
2613 2458 2854 2525 auditur,
2887 2458 2980 2512 sed
3008 2459 3206 2513 adsunt
3248 2456 3368 2520 alia,

1787 2545 1984 2615 quibus
2020 2546 2203 2600 caateri
2243 2561 2456 2611 sensus,
2490 2548 2721 2619 quisque
2757 2564 2855 2603 suo
2888 2546 3070 2612 modo,
3101 2538 3373 2603 delectan-

1790 2646 1875 2690 tur
1898 2634 2004 2701 a“;
2032 2634 2324 2705 aliquando
2355 2636 2607 2703 olfactns,
2642 2646 2840 2703 tactus,
2870 2638 3019 2693 visus
3038 2645 3098 2691 et
3133 2636 3369 2702 auditus,

1789 2736 1846 2780 ut
1883 2742 2005 2781 cum
2038 2725 2111 2780 ibi
2149 2726 2280 2780 nihil
2318 2736 2589 2798 gustatnr,
2637 2728 2729 2783 sed
2778 2727 2938 2782 ﬂores
2975 2728 3084 2783 illic
3120 2742 3372 2797 aspersus

1788 2818 2022 2873 delectat
2069 2819 2331 2874 convivas
2375 2818 2632 2884 olfacere,
2686 2830 2927 2890 tangere,
2966 2818 3256 2889 inspicere,
3292 2818 3375 2872 di-

1787 2925 1977 2965 versos
2028 2910 2357 2965 musicorum
2383 2909 2450 2941 ⁸⁸⁷
2478 2924 2644 2965 sonos
2685 2892 3039 2977 auscultare;
3077 2908 3371 2978 aliquando

1788 3011 1988 3072 tactus,
2039 3002 2210 3069 visus,
2249 3002 2467 3057 auditus
2498 3011 2554 3056 et
2598 3012 2812 3072 gustus,
2841 3010 2899 3056 ut
2934 3017 3056 3059 cum
3100 3000 3232 3056 nihil
3278 3001 3373 3055 ba-

1790 3097 1964 3161 betur,
1997 3110 2105 3167 quo
2127 3094 2427 3150 delectetur
2454 3092 2705 3160 olfactus,
2744 3092 2839 3149 sed
2869 3091 3021 3159 talia,
3051 3091 3248 3164 quibus
3271 3107 3374 3148 etc-

1790 3185 1891 3241 teri
1918 3194 2155 3257 quatuor
2177 3198 2371 3241 sensus
2400 3182 2851 3241 condelectentur
2873 3182 2967 3239 ⁸¹⁸.

2358 3295 2600 3353 CAPUT.
2630 3296 2815 3353 XVIII.

2029 3388 2105 3446 De
2131 3389 2317 3445 ultimo
2347 3406 2533 3462 genere
2558 3390 2924 3447 delectationis
2954 3389 3132 3447 multa.

1864 3501 2039 3559 Unum
2071 3512 2251 3558 autem
2301 3518 2368 3558 ex
2410 3504 2649 3574 quinque
2678 3504 2923 3573 partibus
2963 3513 3204 3570 constat,
3249 3504 3375 3576 quia

1789 3595 2114 3665 quandoque
2150 3595 2489 3651 delectantur
2516 3594 2679 3650 simul
2722 3595 2775 3649 hi
2812 3610 3003 3650 omnes
3043 3584 3374 3666 corporism

1789 3700 2004 3740 sensus.
2041 3684 2346 3755 Aliquando
2389 3685 2534 3739 enim
2575 3684 2807 3740 delectat
2843 3684 3118 3740 hominem
3155 3684 3374 3739 domum

1791 3776 2021 3832 interius
2062 3787 2307 3832 ornatam
2350 3777 2686 3847 conspicere,
2716 3778 2962 3833 ebriosos
2990 3777 3042 3831 in
3071 3790 3132 3830 ea
3171 3778 3376 3831 decan-

1791 3877 1969 3925 tantes
2000 3866 2188 3925 audire
2214 3909 2229 3935 ,
2274 3868 2470 3925 ibidem
2514 3878 2569 3924 et
2606 3870 2788 3924 vinum
2834 3869 3093 3925 cornibus
3118 3867 3187 3899 "°
3213 3869 3378 3922 deau-

1790 3965 1926 4020 ratis
1969 3972 2192 4034 potare,
2239 3970 2294 4016 et
2338 3960 2498 4017 ﬂores
2525 3978 2623 4032 per
2651 3963 2868 4018 domum
2900 3962 3176 4034 diSpersos
3200 3961 3265 3993 ³²¹
3297 3961 3377 4018 ol-

1790 4055 1990 4123 facere,
2041 4055 2316 4125 ipsosque,
2347 4053 2435 4109 vel
2475 4067 2681 4109 cornua
2726 4065 2914 4117 aurea,
2959 4051 3045 4107 vel
3092 4052 3195 4106 alia
3229 4060 3374 4106 tat-lu

1780 4146 2126 4203 delectabilia
2159 4154 2521 4225 contrectare.
2580 4143 2825 4216 Triginta
2880 4143 3064 4215 itaque
3105 4154 3159 4200 et
3205 4160 3371 4198 unum

1786 4252 1988 4311 genera
2041 4245 2169 4293 sunt
2221 4236 2637 4304 delectationis,
2703 4236 2770 4291 ad
2840 4237 3079 4307 quinque
3133 4236 3376 4307 corporis

90 4328 225 4385 cbre
275 4329 486 4385 racemi
518 4329 573 4385 in
602 4344 666 4385 ea
691 4329 1035 4402 dependeant
1054 4332 1260 4397 videat,
1301 4332 1486 4390 ethos
1523 4342 1685 4404 atque
1782 4344 1983 4387 sensus
2029 4330 2392 4401 pertinentia;
2452 4346 2559 4402 qua
2614 4330 2699 4387 his
2748 4328 2817 4405 ’ξ’
2873 4328 3093 4399 triginta
3142 4338 3198 4384 et
3266 4344 3377 4389 uno

90 4420 213 4479 illos
242 4429 602 4479 contrectans
626 4424 916 4495 degustat;
940 4424 1233 4495 aliquando
1254 4427 1425 4494 visus,
1453 4425 1685 4483 olfactus
1787 4420 2131 4478 delectantur
2172 4420 2370 4489 modis,
2417 4435 2485 4476 ex
2517 4421 2715 4491 quibus
2757 4419 2990 4491 duplicia
3034 4419 3375 4490 simplicibus

88 4522 145 4569 et
200 4522 393 4570 tactus
420 4552 437 4578 ,
488 4523 550 4568 ut
585 4530 707 4569 cum
755 4515 879 4585 quis
909 4515 999 4570 diu
1054 4516 1217 4571 nimis
1248 4516 1357 4572 lilia
1398 4517 1683 4588 conspicit,
1713 4500 1763 4563 Ῑ)
1786 4522 1917 4572 sunt
1948 4513 2152 4587 pejora,
2184 4514 2494 4585 duplicibus
2517 4513 2772 4583 triplicia,
2809 4512 3115 4582 triplicibus
3139 4512 3376 4581 quadru-

88 4603 281 4660 olfacit
322 4613 385 4660 et
422 4604 629 4677 tangit;
676 4603 969 4675 aliquando
1011 4606 1248 4673 auditus,
1281 4617 1470 4678 gustus
1510 4614 1566 4663 et
1604 4606 1686 4663 ol-
1786 4606 1975 4681 plicia,
2018 4605 2465 4678 quadruplicibus
2516 4603 2643 4659 illud
2690 4604 2929 4675 quodex
2971 4604 3213 4672 quinque
3250 4614 3375 4671 par-

88 4693 293 4764 factus,
341 4705 403 4752 ut
428 4712 551 4753 cum
581 4699 775 4754 divites
806 4697 1040 4754 delectat
1089 4713 1279 4756 cervos
1306 4700 1360 4757 in
1401 4701 1535 4757 silva
1575 4700 1687 4757 cla-
1789 4699 1934 4756 tibus
1958 4708 2190 4754 constat.
2223 4698 2439 4767 Quanto
2460 4697 2601 4754 enim
2630 4697 2812 4768 plures
2841 4711 3034 4751 sensus
3063 4694 3116 4748 in
3140 4692 3374 4749 delecta-

88 4798 314 4847 mantes
343 4790 561 4859 audire,
580 4798 636 4847 et
659 4793 1016 4862 quorumdam
1038 4790 1151 4862 jam
1178 4802 1456 4864 captorum
1489 4807 1684 4851 carnes
1788 4793 1935 4848 tione
1984 4793 2289 4859 sociantur,
2344 4800 2497 4847 tanto
2551 4791 2668 4862 ipsa
2717 4789 3009 4847 delectatio
3074 4786 3372 4865 pejoratur.

1390 4949 1473 5006 VA
1482 4949 1619 5027 [{le
1658 4949 2067 5008 LECTIONES.

164 5085 240 5121 ⁸⁸⁸
266 5087 394 5144 Duo
410 5088 587 5166 iidem
618 5104 810 5166 sensus
840 5091 1098 5166 mssduo,
1123 5090 1175 5166 id
1198 5097 1304 5157 est,
1334 5104 1547 5166 sensus
1548 5106 1626 5145 ms
1649 5085 1801 5166 _Vict.
1824 5088 1933 5144 duo
1967 5086 2127 5166 simul
2147 5156 2161 5166 _
2182 5097 2309 5166 sunt
2338 5086 2479 5166 idem
2510 5099 2703 5141 sensus
2812 5083 2892 5166 1°:
2920 5081 3372 5166 qundclectantur

92 5157 245 5215 visus
278 5175 364 5212 ms
386 5158 451 5213 Α.
491 5161 517 5213 1
554 5160 889 5217 delectantur
919 5154 1093 5217 simul
1113 5163 1259 5216 visus
1292 5154 1299 5157 ’
1391 5161 1461 5193 ³⁰⁷
1510 5162 1576 5216 Et
1614 5162 1855 5217 clamare
1895 5176 1973 5213 ms
2016 5160 2083 5214 Α.
2139 5156 2164 5210 1
2214 5165 2278 5211 ει
2317 5157 2658 5212 conclamare
2811 5154 2881 5186 ⁸⁰⁸
2940 5154 3241 5208 l’itissando
3291 5171 3372 5209 ms

99 5220 241 5298 Yict.
272 5228 543 5298 pulsando
649 5233 719 5267 ³⁰⁹
770 5234 1078 5289 Delectatur
1136 5232 1443 5287 auscultare
1488 5250 1565 5286 ms
1599 5233 1662 5287 A.
1703 5233 1729 5286 1
1771 5228 2002 5287 delectat
2042 5226 2356 5298 auscultare
2461 5227 2541 5298 "ﬁ
2573 5226 2825 5298 Auditus,
2888 5235 2948 5279 ut
2999 5232 3278 5298 cunt__ntss
3320 5236 3369 5280 et

94 5294 250 5355 Edit.
272 5293 404 5354 'Col.
435 5299 575 5373 1575
600 5303 816 5357 auditus
837 5314 892 5359 et
920 5314 1116 5364 tactus.
1143 5313 1200 5357 nt
1229 5319 1349 5358 cum
1424 5304 1490 5334 m
1518 5303 1765 5373 Aliquem
1796 5302 2066 5358 delectant
2090 5297 2450 5366 manuscripta
2476 5296 2709 5367 aliquem
2737 5295 3119 5373 delectat___':’_
3143 5293 3368 5350 Vineam

93 5378 285 5435 tamen
312 5370 485 5444 snsA.
512 5373 538 5429 1
576 5375 732 5429 vinea
759 5385 936 5429 tamen
1069 5375 1138 5406 ³η
1167 5374 1344 5443 Atque
1379 5382 1563 5444 tepore
1608 5365 1761 5444 aqua:
1796 5374 2143 5440 manuscript.
2189 5365 2368 5444 atque,
2398 5365 2638 5440 teporem
2669 5382 2824 5444 aqua;
2966 5366 3037 5397 '“
3065 5365 3376 5444 Plerumque

94 5389 285 5435 tamen
312 5389 392 5424 ms
422 5389 485 5424 Α.
512 5389 538 5429 ι
576 5389 732 5429 thea
759 5389 936 5429 tamen
1069 5389 1138 5406 °"
1167 5389 1344 5443 Atque
1379 5389 1429 5428 te
1505 5390 1563 5428 re
1608 5389 1761 5444 aqua:
1796 5389 2143 5440 manuscript.
2189 5389 2352 5438 atque
2399 5389 2638 5440 teporem
2669 5389 2820 5439 aqua:
2966 5389 3037 5397 '"
3065 5389 3363 5436 t'tcrunquc

93 5439 358 5563 ἕλειοι-τῆ
386 5441 721 5499 delectantur
742 5445 900 5499 simul
926 5453 982 5499 et
1012 5447 1280 5513 quaterni.
1310 5462 1387 5499 ms
1416 5389 1533 5498 1
1569 5444 1866 5515 plerunque
1899 5444 2059 5500 simul
2090 5439 2340 5512 quaterni
2385 5450 2440 5495 et
2464 5439 2711 5508 quaterni
2742 5439 3098 5494 delectantur.
3175 5435 3246 5468 ³¹⁹
3271 5438 3363 5491 υΙο

146 5519 241 5563 ctu
264 5509 573 5563 delectatur
598 5522 773 5563 lactus
801 5531 878 5563 ms
898 5516 965 5563 A.
1005 5514 1028 5563 1
1056 5514 1255 5563 ultumi
1285 5517 1584 5563 delectatur
1607 5524 1663 5563 et
1686 5522 1877 5563 tactus'
1967 5514 2038 5546 ³η
2074 5512 2186 5563 Suo
2222 5508 2387 5563 modo
2410 5510 2710 5563 delectatur
2732 5528 2836 5563 mss
2871 5524 2970 5563 suo
2997 5507 3157 5563 modo
3181 5546 3196 5563 .
3228 5507 3363 5563 dele-

146 5519 241 5565 ctu
264 5509 573 5578 delectatur
598 5522 773 5569 tactus
801 5531 878 5568 ms
894 5516 965 5570 Α.
1005 5507 1255 5569 {olfactu
1285 5507 1584 5571 delectatur
1607 5524 1663 5571 et
1686 5507 1877 5570 tactus'
1967 5514 2038 5546 '“
2074 5507 2186 5570 S’uo
2222 5508 2387 5565 modo
2410 5507 2710 5566 delectatur
2732 5528 2836 5564 mss
2871 5524 2970 5565 suo
2997 5507 3157 5563 modo
3181 5546 3196 5574 ,
3228 5507 3372 5563 dele-

94 5589 329 5657 ctantur
437 5579 1145 5657 "1Diversositnttsicorutu
1175 5601 1253 5639 nts
1275 5586 1340 5639 Α.
1368 5586 1391 5638 1
1421 5587 1756 5641 diversorum
1781 5585 2110 5657 musicorum
2220 5580 2291 5614 “'
2321 5581 2525 5638 Sensus
2551 5579 2883 5636 delectentur
2902 5596 2981 5657 nis
3018 5578 3142 5657 ιιι-1
3172 5591 3375 5657 sensus

94 5650 446 5732 delectantur
475 5651 621 5709 Edit.
648 5654 763 5732 Coi.
796 5654 936 5732 15ἶὸ
964 5669 1157 5709 sensus
1185 5657 1624 5732 condelectentur
1730 5656 1798 5689 ⁸¹⁹
1824 5656 2028 5732 Omnes
2052 5665 2696 5732 corporumgtssnontnes
2719 5650 2963 5732 corporis
2984 5720 2997 5732 _
3024 5719 3037 5732 .
3073 5647 3143 5680 "°
3172 5647 3371 5703 Vinum

94 5720 162 5776 de
188 5720 456 5779 cornibus
479 5726 824 5795 manuscript.
850 5726 1032 5780 vinum
1059 5725 1315 5782 cornibus
1401 5726 1487 5775 ,³³⁸
1520 5728 1815 5798 Despersos
1841 5743 1945 5783 mss
1971 5720 2247 5797 dispersos
2352 5722 2422 5757 ³¹²
2455 5725 2556 5792 Qui
2588 5724 2673 5781 his
2699 5720 2961 5792 mss’quia
2984 5720 3070 5775 his
