3904 6306
70 307 75 311 ·
112 288 221 345 615

1109 286 1235 347 LIB.
1268 288 1355 345 DE
1392 287 1450 345 S.
1488 287 1791 346 ANSELMI
1831 291 2432 353 SIMILITUDINIBUS.

3291 311 3399 367 6M

110 399 356 457 assideat
378 400 460 466 ei;
505 400 802 472 aliquando
836 399 889 456 in
931 401 1211 458 voluntate
1236 411 1289 458 et
1311 403 1609 469 locutione,
1638 412 1698 457 ut
1726 405 1774 461 A
1805 404 2080 477 indignam
2111 423 2194 462 ea.
2232 409 2433 466 Contra
2467 424 2588 466 eam
2644 412 3038 489 extollentiam,
3066 432 3187 492 qua:
3214 434 3295 480 est
3339 427 3396 483 in

110 506 241 547 cum
273 491 473 561 aliquis
507 493 696 551 volens
724 493 1030 563 episcopari
1055 534 1070 560 ,
1117 493 1289 564 jactat
1334 494 1465 559 inde
1502 508 1560 549 se
1589 509 1709 550 esse

107 580 339 652 dignum
370 581 462 647 ⁸³⁸,
496 582 623 638 licet
660 584 799 639 sciat
829 599 888 640 se
914 598 1037 640 esse
1077 585 1386 655 indignum;
1420 584 1709 656 aliquando

107 672 169 727 in
202 672 483 729 voluntate
530 684 589 741 et
641 689 848 749 opere,
876 684 935 731 ut
982 691 1107 730 cum
1142 677 1345 749 aliquis
1375 677 1427 731 in
1458 677 1707 732 convivio

106 762 235 818 vult
277 764 516 827 residere
543 765 599 820 in
626 766 892 836 superiori
924 766 1065 833 loco,
1102 776 1155 822 et
1200 766 1271 822 ibi
1304 784 1362 823 se
1401 767 1596 838 ingerit
1626 767 1708 823 in-

104 855 321 912 vitante
374 855 547 923 nullo,
595 858 844 927 quamvis
887 858 1164 928 indignum
1216 875 1276 915 se
1310 860 1545 931 aestimet
1585 859 1706 914 loco

106 956 224 1002 tam
265 946 406 1014 alto;
457 948 754 1018 aliquando
784 949 838 1003 in
876 949 1152 1006 locutione
1182 960 1237 1005 et
1262 965 1446 1020 opere,
1489 960 1547 1005 ut
1580 940 1704 1005 cum

103 1037 368 1108 praelatus
408 1038 608 1111 aliquis
645 1039 886 1110 aliquam
925 1041 978 1095 in
1018 1057 1076 1097 se
1127 1042 1478 1114 fragilitatem
1516 1043 1702 1107 videt,

103 1126 178 1181 ob
212 1143 403 1198 quam,
432 1129 478 1185 si
504 1129 733 1185 honeste
771 1141 974 1203 posset,
1008 1133 1177 1202 ipsam
1210 1134 1576 1203 praelationem
1613 1135 1708 1189 de:

104 1226 341 1284 sereret,
369 1227 423 1274 et
452 1227 632 1293 tamen
660 1222 712 1275 in
744 1223 925 1277 verbis
959 1232 1013 1278 et
1036 1223 1246 1278 actibus
1275 1225 1385 1277 suis
1412 1224 1702 1293 quamdam

104 1306 482 1363 extollentiam
510 1318 764 1375 ostentat,
798 1327 865 1367 ne
905 1312 1078 1385 ipsam
1109 1313 1176 1344 ⁸³⁷
1210 1311 1325 1381 ejus
1354 1313 1699 1384 fragilitatem

103 1398 232 1467 quis
264 1399 689 1457 animadvertat.

674 1490 900 1547 CAPUT
936 1493 1127 1550 XXIV.

581 1580 649 1640 De
675 1594 900 1653 quatuor
931 1586 1243 1654 triplicibus.

172 1672 423 1742 Quatuor
450 1680 630 1751 autem
667 1687 791 1728 sunt
825 1677 1077 1745 triplicia,
1123 1679 1249 1747 quia
1287 1678 1577 1749 aliquando
1606 1676 1698 1733 de-

99 1765 339 1822 lectatur
364 1769 528 1823 homo
556 1769 608 1823 iu
634 1768 906 1839 opinione,
929 1779 983 1822 et
1009 1768 1285 1841 voluntate
1311 1780 1364 1825 cl
1396 1770 1692 1837 locutione,

101 1868 159 1911 ut
185 1874 316 1914 cum
350 1860 569 1931 dignum
602 1875 659 1914 se
700 1858 1011 1927 przelatiouc
1040 1862 1293 1927 aestimat,
1326 1871 1378 1915 et
1405 1876 1522 1937 eam
1556 1862 1690 1929 vult,

99 1962 153 2006 et
180 1952 315 2006 inde
347 1968 406 2007 se
436 1950 607 2021 jactat
634 1968 649 2017 ;
685 1951 974 2021 aliquando
997 1954 1047 2006 iu
1077 1953 1372 2017 voluntate,
1422 1952 1692 2009 locutione

98 2051 152 2097 et
178 2057 370 2113 opere,
396 2052 456 2098 ut
486 2059 607 2099 eum
638 2042 758 2096 ideo
780 2042 907 2111 quia
937 2042 1051 2098 vult
1071 2044 1443 2117 praelationem
1470 2044 1691 2110 habete,

98 2136 256 2206 lingit
281 2136 491 2203 verbo,
529 2144 584 2191 et
615 2151 799 2205 opere,
844 2145 898 2190 et
945 2144 1065 2189 actu
1092 2176 1108 2201 ,
1161 2136 1383 2208 dignum
1420 2153 1480 2192 se
1530 2153 1689 2206 esse,

98 2228 363 2298 quamvis
382 2227 524 2282 sciat
549 2242 607 2281 se
647 2227 943 2297 indignum.
978 2228 1282 2297 Aliquando
1310 2229 1364 2283 in
1398 2229 1688 2296 locutione,

96 2330 265 2383 opere
319 2321 376 2366 et
410 2312 663 2381 opinione
687 2351 701 2375 ,
747 2326 805 2373 ut
835 2327 955 2367 cum
987 2314 1207 2382 aliquis,
1255 2314 1380 2369 licet
1413 2313 1581 2384 iactet
1610 2317 1691 2370 di-

98 2420 263 2474 gnum
292 2419 354 2457 se
381 2419 501 2458 esse
526 2405 863 2472 praelatione,
889 2415 943 2459 et
969 2421 1029 2459 ea
1068 2406 1325 2462 libentius
1348 2417 1473 2477 agat
1494 2410 1690 2478 quibus
1770 2430 1775 2435 λ

97 2496 297 2565 dignus
335 2494 584 2548 videatur
612 2510 755 2563 esse,
796 2508 851 2552 et
881 2499 985 2552 hoc
1022 2499 1162 2553 idem
1196 2499 1490 2553 arbitretur
1512 2501 1577 2553 de
1607 2514 1684 2564 se,

72 2603 202 2641 non
256 2587 376 2641 vult
430 2594 607 2641 tamen
653 2590 1025 2659 prmlatiouem
1077 2592 1297 2655 habere,
1349 2599 1407 2644 ut
1450 2592 1689 2645 sanctior

90 2679 379 2748 judicetur
407 2695 550 2737 esse.
594 2682 900 2754 Aliquando
925 2692 1107 2738 autem
1140 2684 1191 2737 in
1221 2698 1407 2753 Opere,
1434 2683 1687 2751 Opinione

93 2780 145 2824 et
188 2771 477 2829 voluntate
504 2813 519 2840 ,
573 2781 641 2839 ut
669 2788 791 2828 cum
834 2775 1089 2845 praelatus
1142 2773 1387 2828 subditos
1430 2772 1687 2840 opprimit

95 2863 479 2932 immoderate,
515 2875 574 2921 ut
611 2881 762 2922 suam
791 2866 1175 2937 praelationem,
1221 2882 1331 2935 qua
1371 2868 1590 2938 dignum
1625 2880 1685 2920 se

92 2954 333 3008 aestimat
359 2970 502 3022 esse,
532 2957 771 3027 quandiu
804 2956 917 3011 vult
958 2955 1258 3028 possidere,
1302 2956 1421 3011 sine
1452 2955 1560 3010 ullo
1586 2954 1682 3009 ob-

88 3054 195 3102 stac
205 3048 303 3104 ulo
336 3049 537 3104 habere
564 3050 758 3121 possit.

676 3163 904 3219 CAPUT
941 3163 1106 3219 XXV.

591 3255 668 3310 De
700 3273 802 3309 uno
833 3244 1182 3326 quadruplici.

152 3342 343 3401 Unum
389 3353 476 3400 est
509 3348 863 3416 quadruplex,
910 3348 1034 3417 quia
1079 3347 1393 3418 plerumque
1428 3363 1486 3403 se
1517 3349 1680 3403 homo

87 3438 293 3493 attollit
326 3438 377 3491 in
414 3438 695 3507 opinione,
735 3440 1027 3504 voluntate,
1057 3440 1327 3496 locutione
1374 3449 1429 3495 et
1465 3458 1629 3511 opere
1660 3485 1675 3511 ,

83 3539 137 3581 ut
173 3545 310 3584 eum
353 3527 510 3582 laude
541 3529 761 3599 dignum
810 3546 868 3585 se
895 3532 1150 3595 mstimat,
1182 3539 1237 3584 et
1272 3546 1392 3584 eam
1423 3535 1626 3601 appetit
1659 3551 1672 3587 :

84 3634 135 3677 ct
183 3624 308 3692 ipse
339 3636 399 3676 se
430 3621 655 3685 laudat,
698 3634 750 3677 et
792 3625 1035 3693 quaedam
1082 3639 1275 3693 magna
1330 3634 1588 3692 operatur
1620 3636 1673 3681 ut

83 3715 304 3771 laudem
358 3713 626 3783 acquirat.
659 3716 980 3781 Quindecim
1035 3717 1219 3785 itaque
1257 3727 1384 3771 sunt
1413 3719 1673 3774 extollen-

85 3812 165 3865 tia":
190 3826 403 3883 genera
428 3853 441 3864 .
478 3822 711 3881 quatuor
734 3810 1019 3882 simplicia,
1052 3824 1172 3877 quae
1196 3820 1323 3864 sunt
1349 3809 1487 3863 mala
1513 3826 1527 3877 ;
1577 3827 1674 3866 sex

86 3903 323 3973 duplicia
380 3904 474 3972 ³³⁸,
530 3920 649 3976 qua:
698 3915 826 3958 sunt
871 3903 1100 3974 pejora;
1142 3913 1371 3974 quatuor
1419 3903 1670 3975 triplicia,

83 3994 195 4064 quas
238 4002 381 4050 sunt
432 3997 665 4066 pessima
698 4012 713 4061 ;
751 4011 920 4049 unum
966 4010 1092 4050 vero
1132 3995 1488 4066 quadruplex,
1528 3997 1671 4066 quod

84 4087 296 4141 exteris
327 4086 585 4142 omnibus
614 4088 766 4157 pejus
786 4095 868 4141 est
894 4102 909 4152 ;
937 4095 1142 4156 quanto
1168 4086 1311 4140 enim
1343 4086 1395 4139 in
1426 4087 1670 4155 pluribus

82 4178 235 4234 homo
262 4177 570 4243 extollitur,
602 4187 751 4234 tanto
776 4178 1090 4233 extollentia
1119 4178 1189 4209 ³³⁸
1228 4179 1341 4247 ipsa
1370 4176 1663 4246 pejoratur.

80 4267 204 4323 Item
250 4270 543 4325 sciendum
597 4270 725 4339 quia
778 4269 943 4324 solius
998 4269 1181 4339 operis
1238 4268 1664 4336 extollendam,

80 4375 193 4429 quae
221 4376 446 4431 semper
482 4374 568 4420 est
597 4377 695 4434 per
732 4360 1118 4432 ignorantiam,
1165 4368 1250 4414 est
1280 4359 1421 4414 mala
1454 4376 1468 4414 :
1499 4360 1665 4417 solius

1810 512 1997 567 opere,
2030 500 2143 570 ipse
2177 503 2435 560 Dominus
2474 504 2549 559 ait
2599 521 2614 560 :
2662 505 2796 562 Cum
2839 510 3091 568 invitatus
3129 514 3296 585 fueris
3324 521 3397 582 aa'

1809 590 2019 657 nuptias
2044 631 2059 657 ,
2089 588 2342 648 ’recumbe
2379 596 2435 649 in
2469 598 2748 653 novissimo
2789 599 2903 655 loco
2944 602 3108 673 (Luc.
3139 622 3250 672 xw,
3281 610 3390 684 10).

1807 678 2006 733 Contra
2055 695 2173 734 eam
2227 698 2357 741 vero
2398 702 2518 756 qua:
2565 697 2651 744 est
2702 689 3077 759 inqlocutione
3137 678 3394 758 Salomon

1808 770 1940 825 dicit
1973 789 1990 826 :
2023 771 2228 827 Laudet
2253 785 2301 829 te
2343 776 2548 831 alienus
2580 778 2668 845 “3,
2704 792 2751 834 et
2794 799 2896 851 non
2924 800 2980 837 os
3010 795 3155 840 tuum
3188 786 3390 857 (Prov.

1806 879 1978 930 xxvu,
2008 864 2084 936 9.).
2117 867 2320 922 Contra
2353 884 2471 922 eam
2501 885 2620 939 qua:
2642 881 2724 926 cst
2749 873 2798 927 in
2825 874 3081 944 opinione
3102 879 3391 949 Apostolus

1806 956 1929 1010 ait:
1984 956 2113 1013 Noli
2155 959 2320 1014 altum
2372 977 2587 1043 sapere,
2628 966 2715 1017 sed
2764 967 2886 1020 time
2933 968 3110 1038 (Rom.
3167 988 3243 1037 xt,
3273 974 3387 1047 20).

1805 1048 2002 1104 Contra
2061 1067 2181 1106 eam
2235 1067 2536 1122 veroquxe
2580 1066 2662 1110 est
2709 1057 2759 1110 in
2812 1048 3087 1116 voluntate
3136 1064 3391 1123 Dominus

1804 1140 1999 1194 iterum
2036 1142 2475 1213 dicitdiscipulis
2520 1146 2676 1200 suis:
2710 1147 2815 1212 Qui
2858 1149 3073 1204 voluerit
3117 1155 3254 1209 inter
3296 1175 3389 1213 vos

1800 1234 1999 1301 primus
2017 1250 2144 1299 esse,
2163 1236 2259 1288 erit
2284 1247 2444 1291 vester
2461 1255 2637 1292 servus
2658 1240 2872 1308 (Matth.
2896 1260 3044 1307 XXIX,
3059 1246 3169 1315 9.7).
3188 1243 3391 1308 Contra

1801 1323 1982 1377 omnia
2044 1339 2175 1378 vero
2226 1326 2556 1382 extollentize
2607 1346 2806 1400 genera
2885 1320 3011 1387 item
3053 1326 3165 1405 ipse
3214 1338 3389 1395 dicit:

1802 1413 1988 1467 Omnis
2015 1416 2104 1485 qui
2150 1433 2203 1469 se
2236 1418 2451 1482 extruat,
2499 1420 2896 1490 humiliabitur;
2926 1435 2973 1478 et
3000 1425 3091 1496 qui
3134 1414 3187 1483 se
3213 1427 3391 1485 humi-

1798 1504 1914 1575 liat,
1943 1508 2263 1562 exultabitur
2289 1510 2442 1578 (Luc.
2478 1528 2590 1579 xw,
2626 1514 2722 1579 Il;
2759 1531 2915 1583 xvttt,
2953 1516 3063 1590 14).

2359 1621 2588 1679 CAPUT
2625 1624 2817 1680 XXVI.

1995 1710 2071 1765 De
2103 1714 2406 1767 curiositate
2432 1725 2479 1769 et
2509 1715 2728 1771 sedecim
2757 1718 2871 1787 ejus
2896 1722 3189 1790 generibus.

2718 1770 2721 1771 ,
2764 1770 2863 1787 τη
2896 1770 3189 1790 γαν-ηπ-.

1727 1770 1770 1826 Β
1868 1801 2165 1859 Curiositas
2190 1814 2273 1860 est
2320 1806 2556 1861 studium
2586 1811 2960 1876 perscrutantli
3001 1826 3065 1866 ea
3092 1827 3211 1881 quae
3240 1818 3382 1872 seire

1795 1894 1940 1948 nulla
1970 1904 2051 1949 est
2080 1896 2303 1951 utilitas.
2334 1897 2502 1966 Hujus
2524 1908 2704 1954 autem
2729 1901 2963 1957 sedecim
2992 1913 3118 1958 sunt
3147 1918 3377 1974 genera,

1794 1998 1825 2037 e
1874 1987 2070 2055 quibus
2125 1989 2365 2060 quinque
2430 2001 2558 2045 sunt
2613 1993 2897 2061 simplicia,
2970 2010 3064 2050 sex
3119 1995 3377 2069 duplicia,

1795 2086 2026 2145 quatuor
2057 2079 2312 2151 triplicia,
2346 2098 2513 2136 unum
2542 2098 2671 2138 vero
2701 2070 3059 2155 quadruplex.

2342 2194 2568 2252 CAPUT
2606 2197 2817 2253 XXVII.

2231 2286 2307 2341 De
2334 2288 2560 2359 quinque
2589 2289 2931 2359 simplicibus.

1864 2372 2112 2447 Quinque
2167 2377 2349 2446 itaque
2399 2388 2526 2433 sunt
2566 2380 2858 2450 simplicia,
2912 2382 3036 2452 quia
3091 2383 3376 2455 aliquando

1792 2466 1845 2522 in
1902 2466 2016 2522 sola
2083 2469 2412 2539 cogitatione
2459 2471 2746 2527 curiositas
2782 2482 2887 2539 est,
2933 2483 2991 2528 ut
3018 2490 3139 2529 cum
3178 2477 3374 2547 aliquis

1790 2558 2032 2614 studiose
2084 2562 2287 2630 cogitat
2326 2564 2597 2631 quomodo
2647 2564 2873 2619 alterius
2917 2578 3183 2622 secretum
3233 2571 3374 2625 scire

1789 2650 1985 2704 valeat.
2031 2651 2333 2721 Aliquando
2383 2654 2434 2707 iu
2470 2655 2656 2722 verbo,
2705 2666 2763 2711 ut
2814 2674 2936 2712 eum
2999 2660 3127 2715 illud
3158 2664 3372 2717 curioso

1791 2739 2108 2809 interrogat.
2160 2742 2466 2811 Aliquando
2505 2745 2555 2797 in
2587 2754 2733 2809 actu,
2759 2753 2815 2799 ut
2849 2764 2969 2802 cum
3014 2751 3173 2804 circa»
3220 2750 3368 2805 illum

1787 2830 2127 2900 deambulat,
2160 2835 2312 2903 quasi
2364 2835 2506 2890 aliud
2555 2837 2755 2906 aliquid
2824 2850 3031 2909 qumrat
3060 2882 3073 2905 ,
3133 2842 3372 2909 siforte

1787 2926 1929 2995 quod
1956 2928 2170 2994 qttu‘ril,
2215 2928 2418 2983 iudicio
2470 2929 2649 2999 aliquo
2682 2931 2752 2962 ³³⁵
2785 2948 3114 3001 cognoscere
3170 2934 3365 2990 valeat.

1784 3020 2086 3089 Aliquando
2132 3021 2185 3074 in
2214 3020 2353 3086 visu,
2386 3032 2442 3075 ut
2470 3038 2593 3076 eum
2648 3024 2877 3080 sollicite
2925 3025 3229 3081 considerat
3259 3042 3368 3096 quo

1708 3119 1757 3181 ο,
1788 3110 1878 3165 ille
1913 3111 2093 3165 tendat
2113 3112 2202 3179 3“,
2233 3112 2359 3181 quid
2386 3122 2539 3184 agat;
2565 3115 2837 3183 quomodo
2859 3116 3119 3183 sedendo,
3149 3118 3363 3191 stando,

1720 3208 1723 3215 ’
1787 3204 2135 3268 amlmlando,
2194 3204 2276 3260 vel
2336 3205 2520 3275 aliquo
2550 3207 2654 3261 alio
2689 3209 2848 3264 modo
2894 3223 2953 3263 se
3001 3207 3214 3263 habeat.
3247 3210 3363 3265 Ali-

1783 3300 2004 3368 quando
2035 3299 2087 3352 in
2128 3299 2337 3366 auditu,
2366 3307 2423 3367 ut
2455 3316 2577 3353 cum
2612 3301 2815 3356 intente
2846 3301 3114 3358 auscultat
3140 3302 3208 3333 ³⁵⁸
3234 3302 3364 3374 quid

1780 3388 1870 3444 ille
1903 3390 1969 3445 de
1990 3389 2117 3455 alio,
2148 3389 2232 3444 vel
2259 3390 2396 3444 alius
2429 3391 2492 3444 de
2524 3391 2611 3445 illo
2638 3392 2800 3448 dicat.

2318 3503 2547 3558 CAPUT
2588 3504 2825 3560 XXVIII.

2298 3612 2376 3666 De
2417 3631 2507 3667 sex
2541 3616 2857 3678 duplicibus.

1768 3710 1771 3711 ⁷
1849 3703 1955 3758 Sex
1986 3717 2116 3758 vero
2143 3712 2268 3758 sunt
2293 3703 2560 3774 duplicia,
2609 3708 2733 3775 quia
2780 3707 3068 3776 aliquando
3100 3708 3151 3761 iu
3195 3708 3364 3764 verbo

1775 3806 1830 3853 et
1858 3807 2001 3865 actu,
2029 3810 2087 3854 ut
2127 3798 2249 3855 eam
2298 3816 2421 3855 eum
2451 3799 2831 3853 amicabiliter,
2856 3801 3148 3869 alloquitur
3172 3800 3261 3865 “7,
3305 3809 3361 3857 et

1772 3889 1992 3946 interim
2044 3892 2091 3947 ei
2143 3893 2346 3962 aliquid
2406 3896 2686 3962 operatur,
2736 3900 2795 3944 ιιι
2838 3908 2967 3959 cum
3018 3892 3360 3947 sermonibus

1770 3985 2005 4051 blandis,
2052 3982 2174 4040 eum
2227 3984 2446 4038 servitio
2472 3983 2615 4051 quod
2648 3983 2695 4037 ei
2740 3981 2887 4049 facit,
2917 3990 3237 4050 extorqueat
3288 3980 3359 4037 ab

1771 4092 1836 4132 eo
1865 4076 2006 4145 quod
2034 4070 2248 4145 quaerit.
2281 4073 2584 4142 Aliquando
2618 4073 2669 4126 iu
2703 4073 2866 4127 verbo
2891 4081 2947 4126 et
2974 4072 3112 4135 visu,
3148 4081 3205 4124 ut
3229 4086 3354 4127 cum

1770 4169 1935 4224 alium
1960 4178 2111 4238 rogat
2139 4176 2197 4221 ut
2224 4182 2347 4221 eum
2380 4180 2561 4220 secum
2578 4164 3065 4234 aspiciat,‘diceus:
3097 4161 3353 4229 Putasne,

1769 4260 1874 4315 iste
1922 4260 1997 4314 ita
2054 4257 2137 4314 vel
2190 4258 2261 4312 ita
2311 4264 2518 4327 ageret,
2554 4256 2658 4311 nisi
2699 4255 2822 4311 talis
2867 4253 2951 4310 vel
3002 4253 3122 4309 talis
3170 4254 3356 4309 esset?

1767 4352 2069 4424 Aliquando
2120 4352 2173 4407 in
2198 4352 2366 4405 verbo
2393 4358 2450 4405 et
2499 4350 2709 4414 auditu,
2732 4357 2817 4419 ,‘ut
2853 4364 2976 4404 cum
3008 4362 3181 4425 prope,
3204 4345 3354 4403 illum

77 4462 253 4507 autem
274 4453 588 4522 locuiionis’
615 4453 798 4526 pejor;
818 4451 986 4508 solius
1012 4468 1142 4509 vero
1179 4452 1468 4524 opinionis,
1490 4454 1664 4523 pessi-
1694 4474 1741 4534 υ
1774 4448 1995 4510 residet,
2025 4456 2077 4500 et
2118 4446 2182 4500 ad
2214 4443 2378 4498 alium
2430 4442 2668 4513 loquitur
2697 4441 2789 4511 qui
2832 4456 2916 4534 ex
3091 4439 3172 4494 sui
3200 4450 3355 4534 parte

79 4560 189 4611 ma;
215 4547 395 4602 solius
417 4559 598 4605 autem
621 4548 937 4609 voluntatis,
961 4546 1214 4600 omnibus
1243 4547 1364 4601 aliis
1385 4555 1465 4600 est
1490 4548 1656 4618 pejor.

78 4636 309 4695 Stultum
342 4652 424 4696 est
453 4643 595 4697 enim
628 4658 748 4696 cum
774 4640 953 4709 aliqua
983 4638 1105 4693 vilis
1137 4653 1363 4708 persona
1386 4654 1483 4709 per
1512 4639 1662 4709 igno-

78 4732 305 4786 rantiam
336 4734 539 4787 assidet
568 4732 717 4803 juxta
757 4732 994 4802 dignam;
1032 4730 1126 4784 sed
1157 4729 1374 4784 stultius
1401 4737 1502 4792 est,
1533 4744 1656 4783 cum

76 4822 192 4880 inde
213 4842 274 4881 se
288 4826 463 4896 jactat
488 4827 702 4897 dignam
722 4825 812 4889 ’δίς
837 4825 1213 4879 stultissimum
1241 4839 1387 4885 vero.
1412 4840 1533 4877 cum
1560 4823 1658 4876 bac

75 4916 215 4969 sei“
247 4919 488 4974 aestimat
542 4920 786 4988 dignata;
835 4916 1003 4971 multo
1044 4924 1224 4970 autem
1276 4915 1496 4969 stultius
1543 4924 1652 4978 cst,

74 5022 187 5065 cum
221 5008 344 5067 vult
371 5011 778 5079 residercjuxta
808 5024 949 5075 eam,
983 5024 1105 5064 eum
1133 5007 1272 5064 sciat
1299 5024 1358 5062 se
1383 5006 1506 5062 inde
1536 5021 1655 5060 esse

1716 4531 1724 4545 Τ
1769 4540 1942 4603 sedet,
1972 4548 2021 4592 et
2054 4546 2245 4601 tamen
2264 4546 2469 4592 attente
2497 4533 2764 4589 auscultat
2792 4533 2920 4603 quid
2963 4531 3049 4587 ille
3077 4531 3355 4602 posterius

1768 4631 1930 4687 dicat.
1963 4630 2265 4698 Aliquando
2298 4628 2350 4683 in
2398 4638 2518 4682 actu
2556 4635 2610 4681 et
2662 4625 2799 4691 visu,
2854 4634 2914 4679 ut
2977 4640 3097 4678 cum
3148 4622 3351 4693 aliquid

1766 4725 1897 4794 agit,
1933 4740 2011 4779 ne.
2030 4724 2344 4784 advertatur
2392 4708 2518 4774 dum
2551 4735 2675 4773 eum
2731 4719 2941 4786 aspicit,
2974 4717 3066 4773 sed
3097 4716 3353 4770 credatur

1766 4831 1980 4884 semper
2028 4814 2308 4869 intendere
2351 4814 2499 4882 operi
2540 4812 2681 4881 quod
2739 4810 2888 4864 facit.
2940 4808 3242 4878 Aliquando
3294 4807 3346 4860 in

1764 4916 1891 4962 actu
1925 4917 1979 4969 et
2009 4906 2217 4971 auditu,
2267 4914 2325 4959 ut
2352 4918 2474 4958 cum
2534 4912 2659 4957 ante
2698 4917 2818 4956 eum
2862 4901 3029 4966 vadit,
3079 4898 3342 4965 et-venit,

1765 4998 2119 5055 auscultando
2162 5014 2227 5053 ea
2263 5014 2384 5069 quae
2413 4996 2542 5052 dicit
2563 4995 2652 5048 “3.
2691 4992 2994 5063 Aliquando
3037 4994 3089 5045 in
3126 4992 3242 5046 visu
3289 4999 3345 5047 et

1378 5117 1610 5173 VARle
1644 5111 2047 5172 LECTIONES.

140 5233 207 5266 ⁸³⁸
235 5233 411 5289 lactat
442 5249 638 5289 seesse
665 5250 768 5289 non
800 5233 1072 5305 indignum
1103 5231 1422 5305 mgVicttet
1454 5228 1596 5305 Citii,
1624 5226 1739 5283 Col.
1768 5228 1904 5305 I573
1927 5224 2099 5293 jactat
2120 5222 2250 5305 inde
2279 5238 2337 5280 se
2368 5237 2495 5305 esse
2513 5221 2736 5305 dignum
2777 5290 2788 5301 .
2828 5219 2893 5251 ³³⁷
2925 5216 3176 5305 Ostendit
3208 5226 3340 5305 :paut

77 5288 252 5370 ipsam
273 5288 350 5358 ms
373 5288 529 5359 Corb.
558 5288 791 5360 oStctidit
833 5320 899 5358 ne
913 5288 1109 5373 Vipsani
1150 5288 1443 5373 EtlitaCol.
1476 5300 1897 5373 157.’l_osteudat
1928 5288 1943 5350 Ξ
1976 5311 2073 5373 nec
2120 5295 2290 5373 ipsam
2367 5293 2436 5325 ⁸³³
2463 5288 2835 5373 sed‘duplicia.
2858 5288 3338 5373 msssexnduplicia

76 5373 137 5406 ³³⁸
164 5375 341 5429 Tanto
371 5374 686 5430 excellentia
717 5391 795 5427 ms
830 5371 975 5428 Vict.
996 5383 1143 5428 tanto
1168 5371 1476 5428 extollentia

1574 5370 1642 5431 33°
1667 5369 1857 5439 Operis
1884 5362 2201 5439 excellentia
2226 5363 2545 5439 rn_ss_ope_ris
2560 5362 2871 5439 extollentia

2970 5360 3038 5391 3”
3071 5357 3142 5412 St:
3169 5358 3343 5428 jactat

75 5428 416 5511 dignummss
450 5428 696 5513 sejactat
724 5445 942 5514 dignam
1025 5442 1261 5514 a“__Cum
1285 5443 1394 5514 liae
1421 5456 1480 5514 se
1514 5458 1591 5514 uis
1614 5428 1771 5514 Cori).
1815 5454 1934 5514 eum
1967 5438 2052 5491 his
2080 5450 2178 5514 se__
2224 5434 2292 5514 ξ’
2322 5428 2632 5514 Te'ﬁlientts
2654 5444 2707 5514 et
2731 5450 2807 5486 ms
2840 5431 2995 5514 Cor-li.
3022 5440 3073 5514 te
3103 5428 3339 5514 alienum

76 5509 152 5566 et"
184 5514 267 5585 9“
295 5514 503 5585 Judicio
523 5509 705 5585 aliqua
732 5509 807 5568 ms
848 5512 980 5585 Vict.
1014 5525 1058 5567 et
1086 5512 1236 5585 fidit.
1269 5510 1386 5585 Col;
1415 5509 1987 5585 l575_it_id_ici_o_a_liquo

2110 5505 2178 5537 ³⁸⁸
2226 5505 2341 5573 Quo
2368 5504 2455 5559 ille
2506 5504 2747 5557 intendat
2774 5520 2869 5556 ms.
2935 5501 3068 5573 Vict.
3097 5499 3340 5573 quoille

78 5584 256 5653 tendat
304 5568 649 5641 V'i'iAttente
678 5584 946 5639 auscultat
969 5600 1049 5637 ms
1086 5581 1222 5637 Vict.
1257 5592 1305 5636 et
1337 5580 1486 5635 Edit.
1521 5580 1798 5653 (301.1575
1827 5568 2319 5653 ἱιιίθιιι-θιιιιςοιι-ιίιιι
2341 5647 2355 5653 _
2392 5575 2457 5607 “7
2485 5575 2617 5629 Cum
2638 5572 3066 5653 ei_:itnticatbiliter
3095 5568 3336 5653 loquitur

74 5666 163 5722 ius
186 5652 322 5707 Vict.
350 5666 394 5709 et
423 5639 571 5711 Edit.
602 5639 717 5710 Col.
744 5654 881 5708 1575
906 5668 1027 5709 cum
1054 5669 1175 5709 eum
1199 5653 1555 5710 amicabiliter
1575 5651 1867 5722 alloquitur
1941 5650 2011 5683 W'
2025 5647 2392 5703 Auscultando
2421 5661 2484 5701 ea
2517 5660 2633 5715 qum
2659 5645 2794 5698 dicis
2823 5660 2900 5697 ms
2940 5641 3072 5696 Vict.
3108 5649 3155 5695 et
3187 5639 3311 5692 Edit

77 5719 185 5776 Col.
214 5724 353 5780 1575
376 5726 679 5783 auscultare
705 5740 769 5780 ea
798 5740 917 5795 qua:
941 5723 1074 5779 dicit
