3904 6306
99 341 197 396 617

1101 332 1228 388 LIB.
1264 330 1354 390 DE
1385 331 1442 388 S.
1473 323 1775 386 ANSELHI
1813 323 2406 390 SIMILI'I‘UDIt‘iIBUS.

3266 331 3370 390 818

89 470 215 510 cum
245 467 343 522 eos
369 466 473 506 non
503 450 780 523 degustat,
804 447 898 505 sed
923 445 1130 511 olfacit,
1161 444 1355 516 quaerit
1377 451 1434 499 et
1461 448 1680 498 tractat.

1801 422 2014 479 luntatis
2042 425 2283 479 existunt
2309 425 2413 489 ³⁶⁰ς
2452 432 2503 478 et
2541 433 2606 478 ex
2647 437 2770 480 sese
2794 426 3041 495 quaid-am
3069 425 3370 481 exercitum

94 546 328 602 Econtra
359 541 424 575 '"
460 541 750 612 aliquando
801 541 854 595 in
879 547 1062 609 gustu,
1090 536 1294 592 olfactu
1328 543 1382 589 et
1413 540 1590 594 tactu.
1622 537 1684 586 ut

93 653 215 694 eum
259 635 327 691 de
354 635 434 691 eis
478 633 612 689 nihil
667 634 1003 704 interrogat,
1050 633 1144 686 sed
1173 639 1360 685 tamen
1413 627 1682 700 degustat,

91 729 284 786 olfacit
304 737 366 784 et
399 735 722 783 contrectat.

632 812 862 872 CAPUT
899 811 1121 868 XXXV.

549 907 626 964 De
665 908 894 978 quiaque
933 904 1245 976 triplicibus.

163 1001 420 1070 Quinque
452 1012 583 1054 vero
612 1006 738 1052 sntit
788 995 1184 1068 quadruplieia.
1215 993 1353 1061 Quia
1395 992 1688 1063 aliquando

91 1099 175 1144 est
204 1089 262 1145 in
313 1089 467 1156 visu,
500 1099 557 1143 et
595 1087 784 1154 verbo,
828 1096 884 1141 et
919 1097 1097 1157 gustu,
1129 1093 1182 1140 et
1209 1085 1434 1150 olfactu,
1479 1093 1540 1139 ut
1563 1100 1684 1139 cum

97 1179 296 1249 aliquis
322 1179 676 1234 deambulans
705 1179 758 1233 in
779 1179 1061 1242 nundinis,
1089 1178 1186 1233 has
1222 1177 1304 1232 vel
1331 1177 1450 1232 illas
1479 1192 1691 1232 merces

93 1273 430 1338 considerat,
457 1272 616 1345 cujus
659 1271 743 1326 lue
771 1271 851 1326 vel
887 1271 988 1327 ilhc
1037 1271 1198 1342 pretii
1241 1272 1371 1339 sint,
1401 1271 1693 1342 investigat

93 1363 366 1427 uvas,vel
392 1378 573 1434 poma,
627 1361 711 1418 vel
762 1362 899 1418 alios
941 1361 1156 1416 l‘ructus
1189 1359 1464 1432 degustat,
1507 1360 1694 1416 olfacit

95 1457 276 1528 piper,
303 1455 390 1511 vel
427 1455 684 1526 cymium,
707 1454 794 1510 vel
819 1455 924 1509 alia
968 1455 1104 1509 bene
1125 1453 1360 1520 olentia;
1395 1455 1496 1510 hoc
1522 1464 1692 1508 totum

97 1564 157 1602 ea
193 1556 410 1602 tantum
435 1545 646 1602 faciens
677 1545 742 1602 de
765 1561 950 1612 causa,
992 1554 1052 1600 ut
1081 1546 1225 1601 sciat
1254 1560 1374 1615 qua:
1398 1543 1481 1600 vel
1514 1545 1693 1615 qualia

96 1639 210 1694 sint
242 1640 344 1694 ista
388 1638 474 1693 vel
531 1637 640 1692 illa.
694 1637 1000 1708 Aliquando
1035 1637 1088 1691 in
1117 1637 1260 1700 visu,
1315 1645 1370 1692 et
1408 1635 1602 1697 verbo.
1641 1647 1698 1692 et

97 1742 285 1803 gustu,
311 1742 369 1787 et
397 1741 563 1798 tactu,
597 1741 656 1786 ut
684 1748 817 1788 cum
859 1746 1022 1802 supra
1069 1731 1216 1786 dicta
1267 1729 1419 1795 facit,
1460 1740 1694 1802 excepto

99 1823 247 1890 quod
277 1821 414 1877 nihil
443 1823 513 1878 ibi
541 1823 748 1886 olfacit,
778 1822 873 1880 sed
903 1836 1113 1878 merces
1131 1829 1505 1889 contrectans,
1531 1823 1696 1879 volvit

99 1922 154 1969 et
182 1913 438 1969 revolvit.
476 1913 784 1985 Aliquando
829 1913 882 1968 in
924 1914 1062 1982 visu,
1096 1922 1150 1970 et
1172 1917 1361 1984 verbo,
1385 1924 1438 1972 et
1467 1915 1692 1986 olfactu,

99 2013 158 2061 et
191 2013 374 2070 tactu,
403 2013 462 2060 ut
492 2019 616 2060 eum
669 2004 740 2059 ibi
775 2005 910 2060 nihil
963 2007 1238 2078 degustat,
1282 2007 1380 2064 sed
1429 2006 1533 2063 alia
1567 2007 1697 2064 facit

100 2110 269 2167 supra
300 2095 468 2151 dicta.
498 2094 804 2167 Aliquando
845 2096 899 2150 in
925 2097 1065 2160 vistt,
1090 2106 1147 2152 et
1177 2107 1358 2169 gustu,
1386 2107 1442 2154 et
1469 2098 1694 2165 olfactu,

97 2195 153 2240 et
194 2193 372 2252 tactu,
411 2195 470 2240 ut
492 2202 614 2242 cmn
647 2200 753 2241 non
774 2184 1016 2256 linquirit
1041 2186 1192 2256 cujus
1218 2187 1332 2245 lucc
1362 2189 1445 2246 vel
1471 2190 1558 2246 Ilia
1587 2191 1698 2254 sint

98 2274 294 2344 pretii,
331 2275 426 2332 sed
463 2285 659 2332 czetera
691 2291 811 2347 qua:
838 2275 1074 2332 diximus
1118 2276 1270 2333 facit.
1297 2277 1606 2352 Aliquando
1635 2283 1690 2337 in

101 2366 298 2432 verbo,
328 2375 393 2421 et
440 2377 639 2438 gustu,
671 2377 726 2423 et
758 2368 981 2436 olfactu,
1010 2377 1073 2424 et
1119 2377 1287 2440 tactu,
1317 2381 1376 2427 ut
1405 2387 1532 2430 cum
1588 2389 1694 2430 non

92 2466 181 2513 est
219 2459 475 2516 curiosus
503 2461 690 2516 videre
705 2475 798 2526 ea,
831 2461 957 2534 quia
1001 2463 1200 2536 saepius
1235 2465 1374 2522 vidit
1400 2467 1548 2535 talia,
1599 2468 1696 2524 sed

97 2559 304 2604 cetera
340 2549 472 2606 facit
495 2551 835 2623 supradicta.

635 2643 863 2700 CAPUT
903 2643 1145 2703 XXXVI.

468 2736 543 2792 De
569 2737 753 2792 ultimo
789 2754 975 2809 genere
996 2742 1339 2798 curiositatis.

173 2827 368 2888 linum
398 2844 528 2883 vero
583 2844 648 2883 ex
693 2832 933 2902 quinque
959 2832 1212 2902 partibus
1252 2836 1531 2905 consistit,
1572 2839 1698 2908 quia

104 2921 408 2992 aliquando
441 2932 531 2978 est
574 2923 626 2978 iu
652 2924 792 2988 visu,
817 2933 873 2979 et
897 2925 1084 2991 verbo,
1109 2936 1164 2982 et
1193 2937 1376 2999 gustu,
1400 2939 1454 2986 et
1475 2929 1698 3000 olfactu,

100 3023 155 3068 et
181 3021 365 3081 tactu,
396 3022 455 3068 ut
485 3029 612 3070 cum
634 3016 855 3073 curiose
890 3016 958 3072 ad
1005 3016 1122 3073 lucc
1153 3019 1237 3075 vel
1289 3021 1356 3075 ad
1396 3021 1485 3076 illa
1514 3023 1700 3081 oculos

1785 531 2040 585 magnum
2071 517 2140 549 ³⁸⁸
2192 517 2430 584 faciunt;
2483 515 2555 571 illi
2609 516 2906 584 voluntati,
2955 517 3104 574 velut
3153 518 3372 575 cuidam

1786 608 2040 674 domina),
2067 609 2346 666 obediunt.

2259 721 2488 780 CAPUT
2524 723 2766 781 XXXVII
2804 727 2896 781 ³⁶³.

1783 810 2092 867 Similitudo
2125 814 2264 868 inter
2302 819 2571 901 propr-imit
2602 818 2948 888 voluntatem,
2988 829 3036 874 et
3078 820 3376 878 adulteram

2459 901 2716 958 reginam.

1860 977 2084 1050 Propria
2119 993 2350 1049 namque
2370 979 2621 1037 voluntas
2651 990 2735 1037 est
2761 983 2910 1038 velut
2939 985 3182 1054 quoniam
3224 983 3378 1042 aduls

1791 1077 1903 1125 tera
1943 1071 2153 1142 regina,
2171 1087 2300 1141 quia:
2326 1085 2385 1128 se
2407 1073 2620 1130 cuidam
2645 1075 2762 1146 regi
2793 1076 3042 1131 adultero
3073 1071 3375 1148 conjunxit,

1786 1178 1857 1218 ex
1881 1177 1990 1235 quo
2008 1165 2172 1219 etiam
2206 1174 2317 1221 tres
2345 1165 2483 1222 filios
2510 1167 2718 1223 habuit.
2743 1169 2820 1224 Ex
2843 1169 2928 1224 his
2957 1185 3087 1224 vero
3114 1167 3182 1203 ⁸⁸³
3207 1174 3381 1229 tribus

1793 1263 1872 1310 tot
1902 1255 1991 1310 alii
2015 1255 2109 1310 lilii
2134 1264 2188 1312 et
2211 1268 2436 1328 nepotes
2461 1269 2584 1314 sunt
2613 1261 2801 1332 geniti,
2827 1262 2898 1317 ita
2921 1261 2990 1294 ’“
3016 1263 3379 1333 multiplieati,

1794 1357 1853 1401 ut
1889 1351 2170 1404 munerari
2218 1365 2322 1406 non
2372 1353 2606 1421 possint.
2642 1352 2848 1409 Omnes
2878 1363 3056 1411 autem
3089 1355 3142 1412 in
3175 1355 3382 1412 familia

1795 1436 1940 1495 illius
1966 1442 2110 1512 regis
2144 1453 2200 1497 et
2249 1444 2448 1514 regina:
2497 1447 2826 1513 consistunt,
2876 1428 3179 1522 eorumque
3227 1451 3380 1522 jussa

1795 1532 2029 1602 quisque
2081 1549 2181 1590 suo
2231 1537 2390 1591 modo
2427 1537 2742 1607 perficiunt.
2777 1539 2894 1596 ilex
2941 1518 3126 1613 itaque
3154 1518 3383 1599 “(Cum

1795 1625 1983 1696 regina
2014 1626 2117 1682 ista
2147 1628 2363 1684 cuidam
2393 1629 2484 1686 alii
2516 1632 2628 1704 regi
2673 1633 3010 1699 adversatur,
3049 1635 3386 1706 collectoque

1799 1717 2034 1775 ﬁliorum
2069 1731 2125 1777 et
2168 1731 2424 1793 nepotqu
2453 1725 2721 1790 exercitu,
2743 1739 2966 1797 regnum
2993 1726 3136 1781 illius
3165 1742 3386 1800 aggres-

1798 1829 1916 1870 sum
1951 1816 2242 1886 praedatur.
2274 1813 2378 1871 llic
2405 1825 2587 1871 autem
2623 1817 2896 1873 exercitus
2924 1816 3003 1873 sic
3025 1833 3213 1874 servos
3231 1819 3386 1874 illius

1796 1906 1941 1978 regis
1973 1905 2200 1970 invadit,
2231 1915 2289 1960 ut
2317 1918 2409 1961 aut
2437 1906 2618 1977 plures
2674 1907 2877 1978 plures,
2905 1918 3000 1964 aut
3031 1924 3170 1964 unus
3195 1924 3383 1970 unum,

1797 2008 1894 2054 aut
1943 1998 2126 2070 plures
2172 2015 2372 2064 unum,
2435 2009 2531 2054 aut
2596 2015 2737 2055 unus
2783 1999 2969 2070 plures
3018 2001 3386 2072 aggrediatur.

1795 2089 2166 2161 Quaecunque
2218 2104 2349 2146 vero
2405 2089 2694 2147 devincere
2761 2080 3030 2163 possunt,
3083 2093 3295 2148 vinctos
3333 2101 3391 2148 et

1794 2181 2062 2239 abductos
2112 2183 2167 2239 in
2217 2197 2500 2240 carcerem
2553 2183 2802 2250 trudunt,
2855 2185 3139 2254 exigentes
3194 2185 3263 2241 ab
3308 2185 3391 2242 eis

1797 2283 2061 2347 quantum
2097 2291 2376 2346 nunquam
2401 2275 2713 2348 persolvere
2735 2272 2983 2348 posSunt,
3015 2277 3116 2332 sed
3135 2278 3390 2335 omnibus

1798 2365 1976 2423 affecti
2007 2367 2266 2434 miseriis,
2300 2369 2354 2424 in
2383 2383 2608 2426 carcere
2629 2369 2722 2426 illo
2747 2370 3022 2426 deﬁciunt.
3051 2369 3180 2426 Hzcc
3205 2355 3387 2427 autem

1799 2461 1990 2534 regina
2017 2461 2111 2534 ³⁸⁸,
2143 2462 2360 2534 propria
2393 2470 2479 2517 est
2513 2462 2766 2517 voluntas
2795 2464 3037 2518 omnium
3071 2464 3392 2521 inobedien-

1798 2553 1934 2608 tium
1973 2553 2216 2609 domina.
2260 2553 2396 2621 Quae
2427 2553 2547 2609 ideo
2575 2551 3099 2623 voca‘tur‘adultera,
3146 2545 3392 2626 quiaae-

1799 2656 2028 2717 paratur
2051 2662 2080 2701 a
2104 2646 2239 2712 Deo,
2261 2647 2347 2702 cui
2364 2661 2485 2703 esse
2510 2647 2730 2702 deberet
2757 2647 3074 2717 conjuncta;
3099 2647 3152 2706 et
3171 2651 3389 2706 diabolo

1799 2739 2170 2812 conjdugitur,
2196 2755 2225 2794 a
2255 2755 2364 2811 quo
2389 2740 2613 2796 deberet
2636 2756 2762 2796 esse
2796 2741 3081 2811 disiuncta.
3116 2743 3236 2814 Ipse
3261 2747 3391 2800 vero

1801 2832 2048 2888 diabolus
2076 2833 2282 2889 ideirco
2314 2849 2411 2890 rex
2452 2833 2654 2890 dicitur
2683 2843 2738 2888 et.
2781 2832 3021 2900 adulter,
3047 2820 3170 2905 quia
3208 2835 3259 2888 in
3288 2835 3390 2890 Ito-

1797 2925 2038 2982 minibus
2065 2941 2298 2998 regnans
2313 2942 2411 2997 per
2438 2926 2772 2981 voluntatem
2785 2922 3086 2997 propriam,
3103 2927 3392 2983 animabus

1799 3033 2013 3083 eorum,
2071 3017 2164 3074 Dei
2239 3019 2491 3074 videlicet
2556 3019 2800 3090 sponsis,
2875 3018 3134 3073 abutitur.
3183 3018 3279 3074 Cui
3331 3034 3391 3074 se.

98 3107 403 3173 convertit,
431 3117 486 3162 et
522 3116 722 3163 caetera
745 3109 927 3164 omnia
956 3125 1076 3179 quin
1101 3127 1264 3180 supra
1287 3111 1526 3168 diximus
1549 3114 1695 3170 facit.
1723 3134 1772 3197 ς
1802 3121 2092 3184 postquam
2116 3113 2335 3182 propria
2357 3111 2610 3167 voluntas
2625 3111 2889 3183 iunxerit,
2908 3116 2975 3167 ex
3000 3110 3143 3165 illius
3158 3095 3387 3177 semine,

99 3198 482 3270 Quadraginta
538 3198 722 3270 itaque
771 3209 828 3256 et
877 3211 1113 3272 quatuor
1176 3204 1510 3261 curiositatis
1573 3217 1699 3262 sunt

101 3306 340 3362 genera,
399 3305 432 3346 e
477 3291 673 3361 quibus
722 3301 848 3348 octo
882 3301 1008 3348 sunt
1055 3292 1341 3363 simplicia,
1391 3296 1699 3352 uuinderim

102 3383 368 3454 duplicia,
400 3383 814 3454 quatuordecim
840 3383 1099 3454 triplicia,
1149 3401 1247 3440 sex
1295 3389 1701 3460 quadruplicia;

102 3488 275 3528 unum
331 3489 462 3529 vero
505 3489 571 3529 ex
627 3475 866 3546 quinque
908 3475 1154 3545 partibus
1193 3488 1407 3534 constat
1437 3479 1530 3533 ³⁸⁸.
1580 3480 1706 3537 Ilzcc

101 3576 293 3622 autem
331 3577 439 3621 tam
473 3566 754 3637 multiplex
809 3569 1135 3635 curiositas,
1165 3587 1326 3640 quam
1358 3581 1414 3627 et
1451 3573 1706 3630 exultatio

98 3670 156 3714 et
183 3661 509 3724 delectatio,
540 3660 606 3714 de
636 3661 834 3731 quibus
856 3663 1106 3732 superius
1130 3665 1386 3731 diximus,
1419 3683 1610 3724 omnes
1638 3686 1707 3724 ex

101 3753 333 3823 propria
371 3751 647 3806 voluntate
679 3763 999 3809 nascuntur.
1029 3753 1146 3808 Nisi
1187 3757 1332 3811 enim
1363 3757 1526 3813 homo
1553 3760 1708 3829 prius

101 3844 373 3900 habuerit
411 3844 746 3900 voluntatem
796 3845 1128 3915 delectandi,
1159 3847 1242 3902 vel
1293 3849 1587 3916 exaltandi,
1623 3853 1707 3908 vel

105 3935 476 4006 investigandi
511 3937 722 3992 curiose
758 3951 877 4007 qua:
902 3935 1047 3990 nulla
1079 3936 1180 3992 sibi
1207 3948 1291 3994 est
1317 3941 1522 3997 utilitas
1541 3943 1706 4010 scire,

104 4044 395 4100 nunquam
447 4028 829 4097 delectabitur,
862 4028 948 4083 vel
993 4030 1310 4097 extolletur,
1357 4033 1444 4088 vel
1495 4035 1707 4090 curiose

103 4121 328 4174 inutilia
373 4122 708 4176 scrutabitur
742 4122 850 4188 ³⁸⁹;
883 4123 979 4177 sed
1007 4133 1190 4178 tamen
1233 4124 1427 4180 borum
1453 4128 1707 4183 vitiorum

99 4212 244 4266 mala
268 4212 538 4283 praecedit
586 4213 859 4284 voluntas,
889 4224 1193 4286 sequuntur
1217 4227 1272 4271 et
1321 4217 1458 4290 ipsa,
1505 4220 1577 4276 ita
1608 4237 1708 4276 na-

102 4319 347 4364 scuntrtr
374 4325 438 4364 ex
479 4327 566 4378 ea,
592 4327 660 4366 ex
691 4313 776 4368 his
821 4327 949 4368 vero
994 4315 1098 4369 alia
1126 4317 1330 4372 omnia.
1366 4317 1446 4373 Ex
1476 4319 1710 4376 delecta-

103 4403 257 4459 tione
293 4420 529 4476 namque
555 4407 796 4461 nascitur
825 4406 1061 4477 luxuria,
1092 4405 1444 4478 adulterium,
1471 4411 1709 4468 fornica-

1805 3201 1858 3256 id
1897 3211 1987 3257 est
2033 3215 2290 3271 perversa
2347 3201 2714 3272 suggestione,
2764 3202 2869 3256 tria
2905 3195 3223 3272 principalia
3275 3198 3393 3270 ejus

1804 3296 1937 3350 vitia
1967 3295 2058 3361 ³⁸⁷,
2106 3296 2322 3351 scilicet
2368 3295 2807 3362 delectationem,
2859 3293 3431 3361 extollentiam,'eu'-,

1806 3389 2104 3444 riositatem
2135 3387 2403 3459 concipit;
2435 3397 2488 3442 et
2517 3403 2613 3459 per
2637 3389 2879 3459 quinque
2904 3387 3147 3456 corporis
3178 3381 3389 3450 sensus;

1806 3479 1951 3534 velut
1975 3494 2040 3533 ea
2068 3479 2307 3549 pariens,
2333 3469 2554 3534 emittit.
2592 3479 2667 3532 Ex
2695 3479 2776 3533 his
2799 3493 2928 3534 vero
2961 3478 3135 3533 tribus
3162 3485 3246 3533 tot
3286 3476 3392 3531 alia
3484 3542 3488 3546 ι

1806 3569 1939 3622 vitia
1973 3578 2293 3635 nascuntur,
2343 3567 2531 3636 sicque
2583 3567 3031 3638 multiplicantur,
3081 3577 3141 3623 ut
3184 3570 3393 3638 absque

1811 3675 2036 3714 tutmero
2061 3660 2382 3713 habeantur.
2415 3657 2610 3715 Omnia
2649 3674 2780 3714 vero
2824 3674 2892 3714 ex
2943 3659 3147 3714 familia
3194 3659 3396 3715 diaboli

1809 3752 2148 3823 propriaeque
2158 3750 2450 3806 voluntatis
2463 3751 2731 3817 existunt;
2750 3759 2803 3805 et
2819 3765 2883 3804 ex
2899 3747 3092 3821 seipsis
3106 3750 3396 3819 quamdam

1811 3844 2189 3900 admirandam
2222 3842 2622 3898 multitudinem
2653 3843 2905 3912 reddunt.
2933 3841 3190 3897 Diabolus
3216 3842 3401 3919 itaque

1809 3935 2140 4007 propriaque
2169 3936 2418 3992 voluntas
2444 3936 2550 3990 Deo
2577 3935 2707 4006 [legi
2736 3949 2921 4002 regum
2965 3933 3318 3999 adversatur;
3345 3943 3402 4010 et

1812 4043 2142 4104 congregata
2187 4033 2440 4087 vitiorum
2469 4028 2684 4092 militia,
2711 4043 2934 4097 regnum
2981 4025 3146 4092 illius,
3193 4023 3403 4082 scilicet

1813 4127 1956 4183 hunc
2015 4124 2297 4188 mundum,
2327 4121 2728 4194 aggredientes,
2754 4117 3090 4190 praedantur.
3127 4114 3253 4170 Haec
3305 4130 3403 4172 au,-

1814 4229 1922 4274 tem
1955 4219 2146 4274 militia
2177 4216 2247 4248 ³⁸⁸
2280 4217 2359 4272 sic
2403 4217 2700 4271 humanum
2746 4226 2916 4284 genus
2966 4209 3193 4275 invadit,
3225 4216 3284 4268 nt
3311 4217 3405 4264 aut

1813 4316 1968 4387 plura
2020 4313 2151 4368 vit-ia
2182 4310 2367 4383 plu-res
2410 4307 2682 4374 boutiues,
2733 4316 2828 4360 aut
2885 4317 3052 4359 unum
3081 4319 3269 4368 unum,
3311 4309 3407 4362 aut

1783 4409 1970 4481 'plura
1987 4411 2183 4472 unum,
2223 4414 2318 4460 aut
2343 4417 2508 4458 unum
2551 4400 2761 4472 plures,
2786 4397 3020 4458 diversis
3069 4395 3243 4452 modis
3266 4393 3405 4448 acci-

107 4494 204 4559 ιῖο,
234 4495 610 4564 inimum-“lia.
655 4499 865 4554 Venll'is
909 4499 1192 4569 ingluvies,
1237 4503 1477 4560 ebrietas
1506 4513 1562 4560 et
1606 4503 1710 4560 alia
1740 4489 1792 4550 ί)
1817 4504 1986 4575 piant.
2035 4500 2424 4568 Quemcunque
2463 4509 2595 4549 vero
2645 4506 2904 4564 superare
2953 4495 3234 4564 possunt,_
3261 4484 3407 4566 mala

105 4587 434 4656 lmjusmodi
478 4591 625 4645 vitia.
658 4590 736 4647 De
773 4592 1104 4649 exultatione
1143 4609 1271 4650 vero
1314 4595 1491 4651 inanis
1518 4596 1710 4667 gloria,
1811 4593 2208 4660 consuetudine
2238 4591 2460 4663 ligatum
2486 4588 2539 4642 in
2566 4581 3174 4642 infernumdetrudunt}
3212 4575 3311 4640 Ubi
3335 4575 3405 4639 ab

81 4679 345 4743 invidia,
381 4680 482 4743 ira,
515 4683 760 4749 tristitia,
805 4694 862 4739 et
888 4687 1140 4754 avaritia,
1172 4688 1356 4743 etalia
1384 4689 1602 4746 simil-ia.
1636 4692 1714 4749 De
1780 4726 1781 4729 η
1816 4708 1882 4750 eo
1905 4689 2349 4764 lvrnumquodque
2402 4685 2594 4742 vitium
2653 4681 2817 4752 exigit
2861 4676 3402 4764 quidquidunquam

104 4771 444 4861 curiositate
477 4774 656 4830 autem
705 4775 1047 4847 inquietudo,
1091 4781 1418 4847 susurratio,’
1448 4766 1715 4841 detractio
1813 4763 1919 4858 per
1943 4783 2073 4839 illud
2101 4777 2398 4837 commisit.
2429 4775 2590 4846 Quod
2609 4773 2737 4845 quia
2789 4783 3063 4841 nunquam
3091 4763 3404 4844 persolvere

108 4871 165 4916 ct
191 4874 408 4918 catlera
437 4863 565 4920 alia.
601 4867 796 4923 Omnia
825 4885 955 4925 vero
1005 4871 1059 4925 iu
1111 4870 1316 4926 {anulla
1355 4875 1588 4944 propria:
1620 4892 1716 4933 vo-
1779 4885 1793 4905 -‘
1817 4875 2040 4948 poterit,
2075 4886 2177 4928 nec
2200 4870 2252 4926 ei
2284 4866 2502 4925 miseria
2526 4878 2764 4936 unquam
2793 4859 2987 4916 deeril-

1447 5081 1682 5140 VARUE
1716 5077 2126 5137 LECTIONES.

105 5207 260 5284 ___"_’
325 5205 434 5263 Sed
462 5208 971 5284 “olfacitaqumnt
1018 5223 1078 5268 et
1147 5224 1369 5272 tractat.
1425 5219 1658 5273 Ecoutra
1717 5233 1796 5272 me
1857 5214 1990 5270 Vict.
2043 5223 2091 5266 et
2136 5210 2283 5267 Edit.
2335 5209 2520 5284 Colon.
2575 5205 2714 5263 1573
2760 5201 2867 5284 sed
2909 5200 3116 5284 olfacit.
3172 5200 3413 5284 Econtra

115 5281 188 5358 f“
214 5279 304 5344 Ex
333 5279 580 5358 partibus
593 5273 850 5358 consistit
871 5286 1114 5358 quinque
1139 5303 1248 5341 om
1277 5303 1343 5343 ex
1376 5289 1618 5358 quinque
1649 5285 2175 5358 partibusconsistit
2205 5299 2219 5338 :
2332 5280 2718 5358 ”'_Nunquam
2740 5274 3097 5358 delectabitur
3109 5327 3129 5358 ἒ
3126 5273 3207 5358 vel
3232 5274 3410 5358 extol-

107 5343 263 5428 letur
293 5343 446 5404 vel...
475 5354 809 5428 scrutabitur
832 5343 908 5428 nti
945 5343 1406 5428 ι’ξὲεηηιηιηιιειιιί
1427 5343 1810 5424 delectaretur,
1825 5356 2298 5428 ivelrcxaltaretur
2337 5351 2492 5406 vel...
2543 5343 2882 5428 scrutaretur-
2918 5371 2923 5428 ς
2963 5345 3077 5428 ᾐ³ξξ¹ν
3109 5343 3417 5428 \[pltmtgtig

110 5423 372 5492 existant
405 5438 484 5475 ms
512 5433 562 5475 et
589 5422 736 5477 Edit.
765 5423 949 5479 Colon.
981 5427 1120 5482 157:3
1146 5415 1437 5486 voltiutalis
1465 5429 1713 5484 existunt
1797 5415 1891 5464 ’³⁸⁸
1927 5425 2262 5481 Exercitium
2295 5437 2658 5492 magnorum;
2710 5417 2839 5492 Vict.
2873 5427 2924 5492 et
2956 5415 3243 5492 Edit._(.'ol.
3275 5417 3414 5492 i575

110 5491 432 5572 exercitum
459 5508 762 5572 magunuu
827 5496 898 5527 ³⁸³
929 5496 993 5551 lu
1019 5514 1097 5552 ius
1127 5500 1189 5552 Α.
1210 5503 1244 5572 γι
1277 5500 1410 5572 Item
1442 5508 1710 5572 tractatus
1731 5495 2249 5572 ejusdem-Ausetani
2274 5487 2596 5554 Caniuarias
2628 5488 3078 5572 Arcltiepiseopi,‘
3098 5487 3172 5572 de
3195 5491 3413 5572 propria

111 5562 432 5616 Volutttale.
526 5555 678 5627 πθω
712 5566 795 5618 his
823 5583 954 5621 vero
979 5587 1082 5623 nus
1114 5581 1162 5623 et
1196 5571 1339 5625 lt‘dit.
1370 5569 1484 5625 Col.
1511 5570 1660 5626 ,1575
1692 5555 1889 5633 Ειίιιίε
1911 5584 2042 5623 vero
2134 5566 2204 5598 '“
2232 5564 2417 5634 Itaque
2453 5577 2669 5633 quoque
2718 5555 2917 5634 meavel
2956 5555 3102 5612 Edtl-
3131 5555 3249 5634 Col-
3276 5555 3416 5634 1,573

113 5635 302 5706 oratiu.
351 5648 562 5706 quoque
612 5647 614 5650 '
666 5635 741 5706 ξδ’
768 5637 878 5692 llex
908 5651 1087 5692 :ttltuttt
1112 5657 1217 5696 mss
1245 5652 1291 5696 et
1319 5641 1462 5695 Edit.
1491 5640 1608 5696 Col.
1651 5641 1787 5696 I575
1813 5630 1927 5693 Rex
1959 5641 2140 5706 itaque
2252 5628 2485 5692 Mum
2512 5628 2707 5706 autem
2742 5633 2943 5706 Regina
2978 5644 3090 5706 tua.
3122 5628 3184 5682 Α·
3220 5629 3240 5681 1
3275 5631 3418 5706 ,Ῑιξριι

115 5701 322 5783 ὶΡεΙυίε
354 5698 551 5783 Efﬂuit
662 5705 728 5739 ³⁵⁷
757 5707 884 5762 Tria
915 5711 1228 5783 principalia
1261 5712 1384 5768 vilia
1405 5729 1509 5766 mss
1541 5712 1644 5766 tria
1669 5710 1990 5783 principalia
2009 5698 2130 5778 eius
2162 5708 2283 5764 vilia
2403 5707 2469 5737 "‘3
2507 5705 2628 5762 ιιιυυ
2659 5698 3064 5760 autcuifamilia
3090 5717 3166 5756 ms
3191 5709 3238 5753 et
3263 5698 3410 5754 Edil.

117 5770 327 5836 Colon.
365 5770 494 5830 1573
523 5776 638 5832 ha-c
665 5787 842 5833 autem
877 5770 1067 5835 tuilitia

386 5890 652 5951 I’AruOL.
702 5893 915 5956 CLIX.
1373 5918 1381 5923 ο
2323 5955 2325 5958 ⁴
2938 5873 3015 5934 20
