3904 6306
607 329 713 385 διε

1109 437 1334 496 CAPUT
1373 436 1657 499 XXXVIII.

606 532 908 591 Similitudo
951 531 1086 586 inter
1121 532 1415 653 proprilomb
1430 528 1765 594 voluntatem,
1799 538 1845 584 et
1882 544 2187 583 venenatam

1309 617 1384 653 ter
1420 617 1526 653 am.

1309 617 1526 655 tervam.

671 697 883 750 Rursus
908 693 1126 765 propria
1168 691 1421 747 voluntas
1448 691 1663 747 cuidam
1692 690 1875 746 herba:
1905 703 2188 744 venenosae

600 800 762 859 atque
821 785 1114 842 mortifera:
1175 783 1510 840 assimilatur
1552 783 1656 849 m;
1713 797 1879 853 quam
1946 782 2186 851 medicus

598 878 821 949 quidam
878 874 1240 945 peritissimus
1300 872 1575 943 progeniei
1630 870 1938 940 cujusdam,
1998 869 2187 938 primis

596 967 805 1023 scilicet
850 964 1183 1035 parentibus,
1228 962 1526 1027 interdixit,
1556 962 1895 1016 comminans
1940 960 2025 1041 eis
2058 960 2184 1029 quia

596 1060 639 1114 si
668 1059 742 1091 ³⁷⁸
783 1073 850 1113 ex
903 1071 968 1110 ea
1012 1054 1364 1109 comederent
1399 1053 1497 1120 ³⁷⁸,
1547 1053 1743 1124 leprosi
1785 1052 1959 1107 effecti
2000 1052 2183 1122 procul

595 1152 763 1208 dubio
805 1150 1111 1206 interirent.
1146 1147 1217 1201 At
1248 1147 1321 1200 illi
1360 1147 1642 1216 praeceptis
1680 1145 1795 1214 ejus
1833 1144 2055 1201 obedire
2084 1160 2183 1199 no-

594 1245 831 1307 luerunt,
864 1243 958 1298 sed
993 1256 1059 1295 ex
1101 1240 1288 1296 eadem
1340 1240 1507 1294 herba
1544 1238 1926 1303 comederunt;
1958 1238 2100 1292 unde
2130 1247 2184 1293 et

595 1334 795 1405 leprosi
844 1330 1044 1395 effecti,
1094 1330 1337 1401 leprosos
1386 1344 1600 1399 quoque
1659 1327 1798 1383 filios
1852 1338 2174 1399 genuerunt,

597 1440 787 1500 atque,
834 1434 893 1481 ut
933 1426 1175 1481 medicus
1219 1424 1298 1479 eis
1320 1423 1678 1478 comminatus
1729 1421 1933 1485 fuerat,
1984 1423 2182 1478 mortui

595 1532 740 1577 sunt.
766 1520 1007 1587 Quorum
1031 1516 1145 1583 ﬁlii,
1166 1517 1289 1581 licet
1314 1525 1496 1585 patres
1522 1529 1650 1569 suos
1675 1513 1995 1586 agnoverint
2018 1514 2184 1569 herba

591 1612 681 1666 illa
724 1610 1027 1666 infirmatos
1068 1607 1233 1661 fuisse
1278 1615 1331 1661 et
1376 1614 1640 1669 mortuos,
1669 1619 1835 1675 seque
1865 1604 2009 1674 ipsos
2034 1602 2181 1672 lepra

589 1717 879 1772 percussos
920 1710 976 1756 et
1019 1707 1262 1754 mortuos
1293 1698 1386 1764 ’7’,
1433 1698 1680 1753 eamdem
1731 1705 1907 1753 tamen
1956 1696 2179 1753 herbam

1618 320 1921 379 EADHERI
1954 319 2261 378 MONACIII
2294 321 2845 380 CANTUARIENSIS
3686 339 3751 395 ω

2220 440 2267 498 Α
2295 438 2592 510 aliquando
2638 429 2865 495 alterum
2915 438 3072 496 alteri
3118 439 3286 508 cedit,
3334 450 3386 495 ut
3425 442 3600 503 luxuria
3632 451 3751 519 gloria

2291 529 2458 585 inani.
2508 530 2811 601 Aliquando
2855 532 3003 585 enim
3048 531 3257 585 luxuria
3303 534 3563 603 repellitur,
3593 553 3645 593 ne
3680 543 3750 599 laus

2289 623 2573 693 concupita
2616 623 2895 693 perdatur.
2927 623 3119 679 Omnia
3152 639 3299 691 vero,
3328 626 3430 680 sive
3464 626 3567 692 hoc,
3589 631 3672 685 sive
3693 635 3750 689 illo

2289 713 2467 777 modo,
2498 714 2727 784 propri:e
2756 713 3018 769 voluntati
3067 716 3377 786 diaboloque
3414 717 3675 776 famulantur
3692 726 3749 787 ⁸⁸⁸,

2288 819 2319 859 e
2347 805 2543 874 quibus
2581 805 2631 858 in
2665 805 2886 860 homine
2912 807 3084 861 tribus
3115 806 3285 861 modis
3311 818 3562 876 procreata
3598 828 3749 868 nascun-

2290 905 2379 950 tur
2404 894 2492 948 ³⁸⁸.
2528 894 2737 949 Diaboli
2768 896 2915 950 enim
2950 897 3310 967 suggestione,
3336 907 3388 952 et
3411 901 3568 955 carnis
3589 901 3748 959 delectt-

2290 984 2468 1050 tione,
2507 985 2835 1054 spiritusque
2874 1000 3172 1052 eonsensu,
3213 987 3590 1044 unumouodoue
3627 992 3747 1046 vitim

2288 1084 2716 1130 consummatur.

2837 1164 3067 1221 CAPUT
3106 1164 3198 1219 XL
3222 1165 3309 1220 ⁸⁸¹.

2288 1255 2593 1312 Similitudo
2621 1257 2757 1312 inter
2783 1259 3186 1329 suggestionem,
3213 1257 3590 1326 delectationem,
3612 1280 3749 1320 comr-

2875 1345 2991 1383 sunt
3017 1338 3065 1383 et
3092 1345 3295 1382 canem.

2360 1419 2437 1473 Ex
2482 1420 2571 1475 his
2607 1419 2773 1490 igitur
2809 1420 2981 1475 tribus
3024 1420 3389 1491 (suggestione
3416 1420 3640 1490 videlicet,
3660 1423 3749 1479 dele

2286 1511 2522 1566 elatione
2551 1501 2605 1564 et
2634 1510 2925 1582 consensu)
2950 1512 3224 1582 suggestio
3267 1523 3347 1568 est
3383 1513 3513 1568 velut
3536 1518 3747 1585 canispou-

2285 1604 2541 1669 derosus;
2590 1603 2896 1673 delectatio,
2929 1613 2988 1659 ut
3032 1603 3168 1661 levis
3207 1615 3265 1659 et
3299 1620 3418 1661 acer
3458 1607 3749 1676 catulus;co|-

2287 1707 2478 1748 sensus
2506 1701 2708 1760 autem,
2741 1694 2893 1764 quasi
2934 1694 3087 1749 canis
3116 1693 3273 1751 fortis
3302 1704 3354 1750 et
3387 1696 3645 1752 inmensus.
3668 1699 3749 1753 Pn-

588 1811 753 1864 super
778 1808 972 1848 omnes
997 1792 1134 1849 alias
1168 1790 1421 1860 diligunt,
1456 1790 1690 1860 indeque
1719 1790 1869 1845 cibos
1898 1789 2181 1845 universos
2212 1800 2256 1859 B
2285 1780 2511 1839 derosus
2564 1783 2764 1838 etenim
2823 1783 3007 1851 canis,
3062 1800 3185 1840 cum
3241 1786 3529 1856 quempiam
3573 1787 3681 1857 iuxta
3716 1805 3748 1843 se

589 1899 718 1940 suos
746 1884 1026 1940 condiunt.
1061 1881 1217 1936 Mane
1245 1896 1460 1952 quoque
1492 1888 1772 1952 surgentes
1794 1879 1864 1912 ³⁷³
1894 1894 1961 1936 ex
1989 1880 2178 1936 eadem

587 1977 740 2046 quasi
769 1990 870 2045 pro
892 1974 1287 2029 medicamento
1312 1974 1602 2043 accipiunt,
1628 1974 1722 2029 sed
1748 1981 1803 2028 et
1831 1988 2078 2029 somnum
2110 1973 2181 2006 ³⁷⁸

588 2085 711 2125 sero
739 2068 978 2139 capturi,
1009 2066 1263 2121 similiter
1294 2066 1525 2121 faciunt.
1569 2066 1635 2120 lli
1681 2066 1844 2137 igitur
1873 2080 2035 2135 quam
2071 2066 2181 2121 sint

588 2163 893 2225 dementes,
934 2158 1113 2213 omnis
1147 2158 1239 2229 qui
1300 2158 1476 2224 audit,
1514 2158 1798 2212 advertere
1837 2167 2035 2228 potest.
2071 2156 2177 2213 Sed

587 2268 691 2308 nec
715 2252 896 2308 minus
917 2252 1321 2318 dementantur,
1350 2250 1442 2320 qui
1473 2250 1690 2321 prepria
1719 2250 1997 2305 voluntate
2020 2260 2179 2307 utun-

587 2353 701 2410 tur,
730 2343 846 2414 ipsa
890 2351 973 2398 est
1016 2342 1218 2397 etenim
1260 2342 1426 2397 herba
1472 2342 1701 2407 diaboli,
1740 2358 2011 2399 venenosa
2057 2360 2178 2415 sng-

585 2442 831 2512 gestione
861 2447 1151 2503 venenata,
1187 2447 1242 2493 et
1290 2438 1543 2493 omnibus
1583 2453 1643 2493 ea
1690 2440 1964 2494 utentibus
2008 2440 2178 2510 pesti-

584 2531 724 2588 fera.
756 2530 903 2587 llanc
934 2530 1099 2597 Deus,
1130 2530 1222 2602 qui
1254 2529 1456 2586 nostris
1504 2531 1591 2600 pie
1632 2531 1881 2586 medetur
1917 2515 2175 2601 peccatis,

588 2625 780 2697 primis
824 2623 1045 2679 humani
1091 2623 1309 2695 generis
1359 2624 1677 2693 parentibus
1720 2621 2022 2689 interdixit,
2053 2638 2175 2677 cum

581 2716 1011 2773 eosvcomedere
1064 2730 1281 2785 pomum
1337 2714 1438 2769 sub
1500 2715 1695 2770 mortis
1756 2714 2177 2771 comminatione

580 2808 879 2880 prohibuit.
912 2806 1014 2875 Qui
1048 2806 1176 2877 quia
1207 2816 1534 2878 praeceptum
1580 2807 1698 2877 ejus
1749 2808 2071 2878 transgressi
2108 2823 2176 2863 ex

579 2914 647 2956 eo
672 2899 1047 2963 comederunt,
1095 2913 1218 2952 mox
1251 2907 1566 2968 peccatores
1593 2897 1791 2966 effecti,
1819 2909 1874 2953 et
1903 2898 1954 2953 in
1992 2899 2175 2953 anima

582 2993 804 3057 mortui,
832 3000 1122 3063 postquam
1156 2990 1292 3046 alios
1321 3000 1636 3061 peccatores
1664 3002 1970 3063 genuerunt
2003 2994 2096 3059 ³⁷⁸,
2120 3002 2175 3048 et

579 3082 682 3152 ipsi
730 3097 896 3137 carne
952 3081 1151 3137 mortui
1196 3091 1342 3136 sunt.
1400 3082 1659 3139 Homines
1703 3092 1881 3139 tamen
1926 3085 2171 3141 eamdem

579 3174 921 3229 voluntatem
963 3188 1076 3244 prae
1110 3176 1326 3229 cmteris
1352 3175 1603 3247 diligunt,
1630 3183 1685 3231 et
1713 3191 1831 3231 eam
1864 3176 2170 3232 immiscent
2199 3181 2247 3245 ο

579 3264 832 3321 omnibus
872 3280 1008 3335 pene
1034 3280 1155 3335 quae
1182 3275 1369 3337 agunt.
1408 3266 1553 3322 Nihil
1586 3268 1768 3338 itaque
1801 3269 1918 3325 istis
1950 3269 2172 3326 demen-

582 3357 693 3412 tius
720 3356 815 3427 qui
847 3355 980 3411 nihil
1018 3365 1245 3411 utuntur
1273 3374 1368 3413 sua
1402 3368 1577 3414 morte
1610 3359 1884 3416 libentius.

1113 3448 1342 3505 CAPUT
1378 3449 1624 3507 XXXIX.

528 3580 533 3581 ν
582 3537 824 3596 Ostemio
853 3539 1111 3610 quomodo
1140 3541 1366 3613 propria:
1398 3539 1653 3613 uoluntati
1677 3544 1853 3613 omrtia
1879 3545 2002 3601 vilia
2032 3547 2169 3601 mili-

1046 3619 1148 3664 tent
1178 3609 1247 3640 ³⁷⁸
1275 3626 1366 3664 seu
1398 3610 1709 3668 deserviant.

652 3703 787 3759 Huic
815 3702 1047 3773 denique
1088 3702 1321 3774 propriae
1366 3703 1659 3770 voluntati,
1692 3717 1977 3778 postquam
2014 3726 2167 3766 suam

580 3796 634 3849 in
660 3794 881 3850 homine
920 3793 1105 3850 sedem
1134 3792 1480 3849 constituerit
1508 3794 1598 3861 ³⁷⁷,
1639 3796 1746 3852 alia
1788 3799 2039 3854 vitiorum
2076 3816 2170 3873 ge-

577 3899 711 3941 nera
765 3884 1032 3951 serviunt,
1081 3883 1237 3956 quasi
1282 3884 1482 3942 milites
1529 3896 1705 3943 terras
1754 3898 2015 3957 tenentes,
2065 3892 2165 3947 alia

575 3976 727 4032 velut
774 3992 870 4049 pro
914 3976 1161 4034 solidatis
1203 3976 1518 4035 militantes.
1567 3979 1657 4036 Illa
1697 3983 1896 4037 etenim
1925 3983 1998 4016 ³⁷⁸
2037 3985 2167 4041 vitia

577 4071 732 4140 quasi
774 4079 948 4127 terras
991 4081 1255 4137 tenentes,
1298 4072 1345 4127 ei
1384 4071 1664 4142 obediunt,
1699 4089 1820 4145 quae
1846 4091 1945 4147 pro
1972 4076 2167 4148 seipsis

577 4163 633 4218 in
682 4162 992 4218 hominibus
1037 4164 1364 4231 consistunt,
1391 4176 1451 4222 ut
1495 4165 1839 4223 adulterium.
1873 4168 1975 4237 Qui
2018 4169 2163 4224 enim

574 4253 938 4319 adulteratur,
965 4257 1070 4314 hoc
1097 4273 1161 4314 ea
1191 4259 1363 4314 solum
1393 4258 1525 4315 facit
1549 4261 1618 4316 de
1650 4277 1834 4327 causa,
1875 4262 2000 4332 quia
2040 4277 2162 4318 eum

576 4343 770 4400 vitium
807 4345 985 4415 ipsum
1025 4346 1281 4403 delectat.
1324 4347 1422 4404 Illa
1471 4364 1600 4405 vero
1629 4352 1874 4407 serviunt
1914 4353 1986 4418 ei,
2017 4352 2165 4407 velut

576 4437 875 4495 militantes
919 4453 1019 4505 pro
1050 4438 1316 4506 solidatis,
1352 4454 1472 4510 qua:
1516 4450 1643 4495 sunt
1691 4440 1744 4496 in
1794 4442 2035 4506 homine,
2065 4457 2163 4513 pro

2288 1883 2657 1930 transeuntem
2715 1876 2972 1943 audierit,
3021 1876 3187 1931 semel
3246 1877 3326 1934 vel
3362 1878 3440 1933 bis
3472 1888 3574 1948 post
3600 1880 3747 1936 cumla-

2285 1974 2455 2031 trans,
2483 1967 2665 2020 statim
2707 1967 2958 2035 quiescit,
2988 1968 3032 2022 si
3073 1976 3255 2023 tamen
3291 1969 3374 2025 ille
3414 1970 3542 2025 viam
3574 1986 3683 2026 suam
3715 1973 3744 2024 in

2282 2057 2548 2111 directum
2604 2058 2859 2113 tenuerit.
2907 2058 2963 2113 Si
3009 2070 3140 2114 vero
3192 2061 3479 2130 respiciens
3520 2062 3747 2132 instigarerLt

2238 2166 2439 2217 \eum,
2491 2150 2641 2205 canis
2689 2166 2906 2222 quoque
2954 2152 3226 2217 latrando,
3269 2152 3391 2209 licet
3434 2168 3527 2207 non
3574 2153 3745 2219 mordeat,

2280 2241 2587 2313 insequitur
2606 2258 2750 2296 eum.
2782 2242 3003 2297 Catulus
3030 2243 3165 2297 levis
3192 2254 3249 2299 et
3280 2260 3424 2311 acer,
3452 2245 3593 2299 instat
3610 2246 3745 2304 acriter:

2279 2343 2334 2389 et
2362 2334 2464 2388 nisi
2506 2334 2615 2389 cito
2651 2348 2948 2404 percussus
2994 2334 3188 2401 fuerit,
3219 2336 3400 2390 acrius
3431 2338 3618 2391 mordet.
3641 2333 3747 2388 Fortis

2279 2440 2408 2482 vero
2455 2426 2612 2481 canis
2651 2436 2705 2482 et
2746 2415 3070 2493 immensus,
3101 2437 3158 2484 et
3207 2427 3418 2484 fortiter
3449 2426 3747 2493 instat;etnisi

2280 2532 2476 2588 magna
2533 2518 2585 2571 vi
2643 2518 2929 2585 obruatur,
2986 2518 3265 2573 hominem
3329 2519 3608 2589 strangulat.
3640 2515 3748 2583 Quae

2276 2610 2616 2677 ponderosus
2642 2608 2794 2663 canis
2828 2622 2938 2663 non
2967 2617 3050 2663 est
3080 2608 3469 2678 respiciendus,
3497 2607 3749 2663 catulnsrero

2280 2713 2404 2754 mox
2447 2698 2913 2769 repercutiendus,
2947 2702 3103 2755 canis
3138 2715 3272 2756 vero
3313 2700 3580 2755 immensus
3607 2696 3747 2751 viriliter

2277 2792 2608 2848 obruendus.
2669 2791 2931 2847 Similiter
2983 2801 3166 2848 autem
3230 2793 3276 2849 si
3337 2793 3529 2864 peccati
3574 2790 3751 2861 suggestu

2278 2882 2515 2937 animum
2546 2881 2746 2953 pulsat,
2779 2881 2871 2953 qui
2901 2883 2970 2939 ab
3000 2898 3192 2939 amore
3226 2885 3550 2954 praesentium
3575 2880 3746 2937 tendital

2277 2982 2500 3035 interna,
2546 2987 2672 3027 mox
2710 2989 2835 3027 eum
2878 2973 3104 3040 deserit,
3134 2975 3181 3031 si
3225 2976 3556 3031 intentionem
3579 2980 3750 3028 suamte

2281 3066 2466 3119 nucrit
2508 3063 2757 3121 firmiter.
2796 3064 2853 3120 Si
2901 3075 3084 3121 autem
3127 3068 3198 3123 ad
3239 3083 3359 3123 eam
3400 3056 3749 3123 attendens’inse

2276 3154 2563 3224 receperit,
2598 3164 2655 3211 et
2691 3156 2980 3226 cogitando
3015 3158 3174 3227 quasi
3215 3174 3337 3214 eam
3380 3156 3616 3213 incitando
3648 3151 3751 3207 reret

2277 3247 2435 3311 verit,
2465 3256 2520 3302 et
2557 3247 2672 3317 ipsa
2709 3249 2905 3320 saepius
2930 3264 3054 3303 eum
3083 3248 3331 3317 infestat,
3356 3250 3574 3320 quamvis
3593 3262 3668 3301 non
3686 3246 3750 3295 ru'-

2273 3348 2447 3404 nerel,
2487 3339 2613 3394 dum
2649 3349 2733 3395 est
2773 3342 3049 3412 suggestio
3093 3343 3237 3399 sola.
3286 3342 3391 3399 Sed
3430 3342 3470 3398 si
3502 3340 3659 3396 diutius
3681 3351 3749 3390 eam

2276 3431 2651 3502 replieaverit,
2692 3434 3027 3503 ponderosus
3066 3436 3226 3492 canis
3266 3436 3320 3491 in
3363 3434 3576 3491 catulum
3606 3430 3745 3486 ualuit.

2274 3522 2325 3579 id
2356 3533 2437 3579 est
2465 3525 2739 3595 suggestio
2768 3524 2821 3579 in
2848 3525 3293 3596 delectationem,
3316 3544 3433 3598 qua:
3451 3527 3615 3584 acriter
3632 3523 3747 3579 instat.

2271 3623 2327 3669 et
2356 3614 2459 3669 nisi
2491 3615 2598 3670 cito
2634 3613 2931 3683 rejiciatur,
2961 3617 3202 3673 animam
3238 3619 3498 3675 vulnerat.
3523 3616 3659 3684 Quare
3678 3623 3749 3665 mox

2271 3717 2330 3760 ut
2353 3707 2540 3762 venire
2564 3708 2812 3778 coeperit,
2843 3708 3002 3763 debet
3025 3723 3149 3765 eam
3179 3711 3441 3783 repellere
3463 3710 3610 3765 anima
3629 3715 3749 3774 sponsa

2270 3800 2503 3866 Christi,
2544 3800 2788 3869 cogitans
2822 3800 2949 3870 quia
2990 3817 3188 3872 magna
3232 3813 3319 3858 est
3360 3801 3615 3874 ignominia
3647 3795 3695 3849 illi
3717 3802 3750 3843 ιιι

2270 3889 2324 3944 in
2351 3888 2467 3959 ejus
2498 3900 2789 3961 conspectu
2831 3901 3091 3962 appareat
3130 3893 3334 3949 foedata
3365 3890 3664 3950 delectatione
3684 3895 3749 3938 tam

2270 3982 2432 4054 turpi.
2487 3982 2601 4040 Nisi
2658 3999 2778 4039 eam
2834 3984 3094 4054 repulerit
3149 3987 3575 4047 delectationem.
3614 3978 3749 4036 caluit"

2268 4075 2462 4130 transit
2492 4076 2545 4130 in
2593 4076 2921 4131 immensum
2960 4092 3192 4145 canem,
3244 4080 3298 4135 id
3343 4091 3424 4135 est
3475 4073 3695 4134 delectatio
3718 4071 3748 4120 in

2266 4180 2591 4222 consensum
2621 4167 2850 4232 transit;
2891 4167 2986 4237 qui
3015 4169 3291 4241 arripiens
3319 4171 3561 4234 animam,
3583 4157 3747 4219 canuist'
3824 4166 3825 4173 ‘

2267 4274 2461 4330 magna
2504 4258 2556 4314 vi
2603 4259 2886 4326 obruatur,
2928 4261 3152 4317 occidit.
3206 4262 3315 4318 Sed
3356 4278 3494 4328 mox,
3522 4270 3570 4314 ut
3601 4248 3748 4322 repeti!

2264 4359 2537 4406 attentare
2562 4350 2652 4416 ⁸⁸³,
2684 4351 2842 4407 debet
2866 4356 2988 4406 eum
3015 4352 3197 4407 anima
3218 4352 3291 4384 ³⁸⁸
3313 4368 3494 4422 magna
3516 4350 3559 4402 vi
3580 4348 3746 4403 omnem

2269 4442 2324 4498 id
2369 4452 2452 4498 est
2497 4443 2765 4499 immenso
2817 4454 3021 4500 terrore
3074 4446 3271 4501 mortis
3316 4455 3520 4502 aeterna:
3560 4432 3747 4495 insede-

572 4530 700 4587 aliis
726 4528 871 4587 vitiis
892 4529 961 4561 ³⁷⁹
988 4544 1003 4584 :
1031 4538 1091 4585 ut
1116 4529 1388 4601 cupiditas
1422 4531 1782 4604 pretiosarum
1817 4533 2043 4588 vestimn
2067 4549 2167 4604 pro
2198 4543 2243 4602 Ι)
2269 4545 2501 4590 Struere.
2551 4533 2895 4606 Suggestioni
2937 4550 3068 4607 ergo
3116 4552 3182 4592 ne
3227 4536 3572 4594 attendamus.
3597 4527 3748 4583 delecta-

567 4625 743 4696 gloria
791 4623 961 4680 inani.
998 4622 1169 4679 Nemo
1220 4624 1365 4681 enim
1416 4625 1680 4697 pretiosas
1720 4635 1898 4682 vestes
1950 4625 2053 4681 nisi
2093 4625 2162 4682 ad

567 4717 786 4775 inanem
817 4715 1041 4788 gloriam
1070 4715 1281 4787 quaerit.
1314 4715 1447 4773 Item
1477 4716 1666 4772 vitium
1697 4716 1985 4788 aliquando
2011 4717 2157 4784 huic,

566 4807 861 4880 aliquando
905 4807 981 4864 illi
1032 4807 1167 4865 vitio
1219 4808 1420 4877 servit,
1474 4817 1535 4865 ut
1588 4808 1815 4865 avaritia
1867 4807 2157 4879 aliquando

567 4899 777 4957 ventris
834 4897 1119 4969 ingluviei,
1181 4897 1473 4971 aliquando
1531 4898 1869 4958 exaltationi.
1919 4898 2152 4971 Rursus,

2268 4624 2469 4680 tionem
2497 4638 2620 4678 mox
2646 4624 3027 4695 reprimamus,
3051 4640 3385 4681 consensum
3419 4621 3604 4679 fortiter
3620 4614 3746 4669 σὺν

2263 4731 2403 4773 mus.
2442 4717 2642 4787 Sicque
2684 4733 2782 4773 cor
2822 4729 3064 4773 nostrum
3112 4719 3432 4775 studeamus
3468 4707 3747 4769 custodire.“

2260 4824 2361 4866 nec
2414 4826 2520 4866 una
2553 4810 2622 4844 ⁸⁸⁸
2674 4808 2947 4882 superflua
3001 4810 3337 4882 cogitatione
3390 4803 3623 4864 diabolum
3665 4787 3746 4849 ΠΝ

2259 4903 2439 4960 valeat
2464 4903 2688 4959 violare.

1459 5130 1484 5153 ο
1867 5099 2100 5159 νΑιὶιίΕ
2147 5101 2549 5160 LECTIONES.

637 5207 706 5240 ³⁸⁹
752 5206 1105 5290 ,Δεξίιιιίιειιιτ
1147 5221 1203 5269 et
1247 5222 1594 5290 comparatur
1649 5232 1755 5290 mea
1806 5225 1855 5290 et
1908 5216 2059 5290 Edit.
2128 5217 2245 5275 Col.
2304 5220 2444 5275 {575
2500 5221 2746 5274 omittunt
2798 5228 2855 5290 et
2908 5226 3259 5290 comparatur

1956 5290 2022 5322 ⁸⁷⁸
2052 5289 2128 5346 Ex
2173 5306 2236 5347 ea
2286 5274 2635 5348 comederent
2673 5306 2752 5343 me
2799 5274 3047 5345 νίαξὲἱ
3084 5304 3146 5345 ea
3175 5289 3509 5345 comederint
3596 5274 3745 5329 '"Pﬂ‘

564 5279 648 5336 eis
675 5278 766 5347 qui
814 5282 859 5334 sl
910 5296 1016 5336 mu
1068 5278 1430 5355 comminatus
1487 5286 1587 5355 eis,
1622 5288 1748 5355 quia
1800 5287 1845 5341 si

3365 5218 3435 5251 an
3482 5200 3744 5271 comminata

564 5360 755 5430 cussos
802 5358 858 5404 et
915 5361 1156 5430 mortuos
1186 5371 1318 5430 nus
1354 5352 1678 5430 Gem_.__Bec.
1731 5358 1796 5410 Α.
1856 5358 1878 5411 Ι
1932 5370 1980 5413 et
2029 5360 2175 5416 Edit.
2229 5361 2342 5418 Col.
2388 5362 2525 5418 1575
2573 5373 2858 5430 percussos
2904 5368 2957 5414 et
3007 5361 3306 5415 morituros
3387 5360 3456 5391 ’τ’
3504 5352 3743 5430 Πξὲοῇῗζ

559 5428 751 5492 gentes
789 5436 893 5474 mu
935 5432 982 5476 et
1032 5422 1159 5479 Edit
1204 5423 1389 5480 Colon.
1426 5426 1756 5508 1575_mane
1786 5442 2003 5500 quoque
2045 5442 2333 5535 surgentes
2449 5433 2520 5467 ’νδ
2558 5422 2623 5485 Et
2668 5432 2943 5485 somnium
2986 5447 3093 5484 mu
3120 5441 3175 5486 et
3215 5446 3461 5486 somnum

559 5496 880 5536 macalnres
900 5503 1204 5536 memmi-unt
1232 5511 1311 5536 mn
1349 5495 1481 5536 Vin,
1526 5497 1658 5536 nlrna
1684 5512 1987 5536 annumin-mn
2097 5503 2139 5536 ιτ
2209 5502 2269 5536 ι..
2298 5520 2376 5536 ..η
2412 5500 2525 5536 νει-ο
2577 5500 2859 5536 ηιιηιηΛιΙΛ
2898 5500 3079 5536 mania
3129 5501 3259 5536 νίιίσι
3305 5499 3479 5536 ...ηιμ-ὅ

984 5503 1206 5549 ruerunt
1232 5511 1312 5551 ma
1352 5500 1485 5550 Vict.
1526 5500 1659 5552 alios
1684 5512 1992 5568 genuerunt
2097 5500 2168 5536 ⁸⁷³
2203 5502 2269 5557 1η
2298 5520 2376 5557 me
2412 5500 2546 5556 Vict.
2577 5500 2859 5569 Quomodo
2898 5500 3080 5554 omnia
3129 5501 3261 5554 vitia
3467 5500 3525 5551 ἐ
3556 5500 3741 5546 vomu"

984 5562 1275 5651 f’ﬁedem
1303 5567 1653 5651 constituerit
1684 5585 1760 5623 ma
1884 5570 1907 5624 I
1933 5572 2162 5651 frg-Edit.
2190 5572 2306 5627 Col.
2338 5572 2474 5651 l573
2496 5573 2681 5651 sedem
2708 5570 3079 5651 construxerit
3101 5640 3157 5651 Ν
3185 5516 3741 5651 ζτίῇἶὲρὲιεξιίφ-εξξξ

895 5636 1031 5723 ζξ75¹
1056 5636 1145 5689 illa
1174 5636 1373 5723 etenim
1451 5715 1464 5723 Δ
1483 5636 1552 5673 ³⁷⁸
1580 5638 1866 5723 Prze'aliis
1895 5642 2047 5723 vitiis
2088 5644 2433 5723 "irruperit.
2468 5641 2714 5723 procul-iis
2745 5641 2892 5697 vitiis

558 5717 639 5755 ms
666 5701 731 5755 A.
768 5702 818 5755 l.
847 5703 1177 5773 diaboloque
1207 5705 1538 5762 famulantur
1568 5726 1646 5764 ma
1691 5709 1800 5765 Vict
1847 5722 1894 5765 et
1945 5711 2088 5765 Edit.
2126 5712 2243 5767 Col.
2293 5701 2433 5767 I575
2468 5701 2694 5769 diabolo
2736 5726 2955 5780 quoque
3000 5709 3338 5766 famulantur

559 5784 859 5827 nascuntur
892 5789 968 5825 ms
1009 5771 1139 5827 νὶειο
1170 5784 1394 5836 peccata
1427 5789 1723 5833 nascuntur
1832 5782 1899 5818 ³⁸³
1931 5780 1997 5834 1η
2025 5799 2101 5836 ms
2126 5783 2192 5835 Α.
2234 5782 2254 5836 1
2296 5781 2577 5836 omittitur.
2690 5782 2759 5814 ³⁸³
2801 5783 3089 5836 Attentare
3130 5797 3237 5836 mu
3283 5780 3338 5835 Vi

557 5496 880 5561 peccatores
900 5503 1206 5563 genuerunt
1232 5511 1312 5551 ma
1349 5495 1485 5550 Vict.
1526 5497 1659 5552 alios
1684 5495 1992 5568 genuerunt

559 5560 874 5614 ministrent
984 5562 1061 5601 ³⁷⁷-
1083 5562 1275 5614 Sedem
1309 5567 1653 5614 constituerit
1684 5585 1760 5614 rm
1789 5569 1849 5614 Α-
1884 5570 1907 5614 4
1943 5580 1991 5614 pr

550 5576 848 5615 'nnmsuen

559 5630 711 5685 Edit.
738 5628 851 5685 Col.
886 5630 1024 5689 1575
1056 5633 1145 5689 illa
1174 5635 1373 5689 etenim

559 5784 859 5827 nascuntur
892 5789 968 5843 nis
1009 5771 1139 5827 Vict.
1170 5784 1394 5843 peccata
1427 5789 1723 5833 nascuntur

3556 5422 3612 5457 επ

3482 5512 3525 5551 2
3556 5480 3743 5546 velut!!!"

3544 5565 3555 5577 C

2449 5433 2520 5467 ’νδ
2558 5432 2623 5485 Et
2668 5432 2943 5485 somnium
2986 5447 3093 5484 neu
3120 5441 3175 5486 et
3215 5446 3461 5486 somnum

3000 5640 3327 5757 2.2:er

3227 5730 3240 5757 ι
3248 5720 3302 5757 lll
3311 5728 3338 5757 l'

2690 5759 3414 5837 ui'Xi‘téBd’ré"&}I"iira.
3455 5788 3499 5832 et
3527 5772 3641 5828 Edit.
3659 5759 3737 5817 Col.

563 5842 856 5898 adventare
929 5842 997 5913 “.3
1024 5842 1193 5900 Debet
1222 5859 1346 5900 cum
1375 5847 1553 5900 anima
1590 5865 1693 5903 mss
1717 5850 1871 5905 debet
1900 5863 2019 5906 eum
2052 5854 2230 5907 anima
2306 5853 2375 5886 ³⁸⁸
2407 5852 2665 5923 Utncque
2694 5868 2797 5907 una
2823 5869 2900 5907 me
2937 5850 3068 5907 Vict.
3105 5864 3150 5907 et
3184 5851 3332 5905 Edit.
3366 5849 3475 5906 Col.
3503 5854 3551 5899 ut
3576 5852 3651 5895 nec
3668 5845 3737 5886 Il”
