3904 6306
158 371 269 431 (ἔἰὶ

771 481 998 539 CAPUT
1036 480 1168 538 XLI.

264 572 576 630 Similitudo
607 572 743 627 inter
771 591 864 627 cor
890 576 1181 628 Immanum
1212 586 1263 628 et
1295 573 1672 629 molendinum.

189 648 197 727 ζ
237 664 352 721 Cor
373 665 578 721 etenim
604 672 852 719 nostrum
879 665 1059 719 simile
1090 674 1177 721 est
1216 666 1523 722 molendino
1553 683 1767 738 semper

165 758 416 824 molenti,
453 757 600 828 quod
640 756 891 813 dominus
930 758 1153 828 quidam
1201 758 1419 814 cuidam
1470 775 1628 814 servo
1667 776 1766 817 suo

164 849 585 905 custodiendum
614 847 782 915 dedit,
823 848 1143 918 przecipiens
1171 848 1221 903 ei
1268 858 1326 902 ut
1368 864 1520 904 suam
1557 858 1764 903 tantum

165 957 466 1007 annonam,
514 940 765 997 videlicet
812 938 1168 1006 frumentum,
1210 940 1293 995 Vel
1349 941 1636 1008 hordeum,
1681 942 1764 998 vel

165 1035 337 1089 etiam
372 1048 630 1097 avenam,
668 1032 721 1087 in
752 1047 817 1087 eo
839 1033 1114 1100 molat’”,
1140 1045 1195 1090 et
1221 1050 1285 1089 ex
1310 1036 1499 1090 eodem
1517 1035 1584 1067 ³⁸⁷
1616 1036 1763 1106 quod

166 1122 451 1189 maluerit,
499 1122 616 1192 ipse
645 1122 812 1180 vivat.
845 1120 1047 1178 Verum
1090 1124 1165 1179 illi
1210 1140 1368 1181 servo
1407 1124 1629 1195 quidam
1660 1128 1763 1183 ini-

169 1216 426 1281 rnicatur,
457 1216 547 1285 qui
575 1216 702 1272 huic
730 1217 1041 1273 molendino
1077 1234 1291 1289 semper
1318 1222 1637 1288 insidiatur;
1670 1222 1763 1294 qui

167 1307 213 1362 si
265 1306 483 1376 quando
526 1306 659 1361 illud
708 1323 937 1364 vacuum
977 1309 1263 1376 invenerit,
1294 1321 1388 1366 aut
1427 1327 1651 1368 arenam
1689 1312 1764 1369 ibi

168 1402 359 1456 statim
400 1400 618 1472 proiicit
653 1417 775 1472 quae.
817 1401 949 1457 illud
990 1402 1249 1474 dissipat,
1294 1415 1391 1460 aut
1428 1407 1603 1477 picem
1645 1422 1767 1477 qua:

168 1491 544 1561 conglutinat,
592 1501 686 1546 aut
731 1492 935 1562 aliquid
975 1495 1119 1563 quod
1167 1494 1369 1561 l‘mdat,
1415 1505 1511 1550 aut
1553 1498 1764 1566 paleam

168 1598 292 1652 quae
322 1592 534 1640 tantum
578 1584 710 1639 illud
744 1595 995 1656 occupat.
1042 1586 1246 1643 Servus
1289 1589 1456 1661 igitur
1485 1590 1574 1646 ille
1602 1589 1675 1622 ³⁸⁸
1698 1591 1765 1661 ξεῖ

167 1676 539 1731 molendinum
584 1692 742 1731 suum
785 1678 923 1733 bene
965 1678 1307 1748 custodierit,
1339 1682 1653 1755 dominique
1680 1684 1768 1743 sui

169 1777 382 1823 tantum
411 1785 680 1824 annonam
714 1770 860 1826 ineo
882 1772 1156 1840 maluerit,
1183 1776 1382 1830 munda
1408 1789 1477 1830 ex
1498 1791 1566 1831 eo
1586 1776 1763 1832 farina

167 1860 451 1930 egreditur
482 1860 639 1931 juxta
684 1878 857 1933 genus
889 1878 1120 1920 annona.-
1173 1881 1295 1937 qua:
1328 1867 1477 1924 intus
1518 1872 1763 1926 molitur.
1797 1845 1842 1905 Β

170 1953 249 2007 Ex
294 1955 489 2010 eodem
544 1966 725 2011 autem
771 1957 918 2026 quod
972 1956 1256 2024 moluerit,
1304 1969 1360 2015 et
1407 1960 1625 2018 domino
1667 1978 1767 2019 suo

170 2049 365 2112 servit,
394 2049 606 2120 sibique
649 2050 752 2121 ipsi
785 2051 989 2107 victum
1032 2053 1288 2123 acquirit.
1325 2053 1383 2110 Si
1413 2070 1544 2111 vero
1585 2056 1768 2113 inimi-

170 2155 293 2195 cum
347 2156 503 2197 suum
543 2143 745 2198 violare
795 2143 1159 2201 molendinum
1207 2138 1367 2201 suum
1420 2147 1765 2218 permiserit,

170 2237 311 2290 mala
356 2253 423 2292 ex
466 2253 533 2293 eo
578 2238 755 2293 farina
798 2242 1059 2310 procedit,
1094 2241 1220 2314 quia
1256 2241 1399 2297 mala
1430 2249 1517 2296 est
1546 2248 1773 2297 annona

170 2343 335 2397 quam
360 2330 534 2385 molit.
569 2331 696 2387 Haec
722 2341 902 2388 autem
946 2332 1142 2399 farina,
1173 2341 1229 2389 et
1265 2334 1619 2390 vehementer
1651 2333 1764 2389 dis-

170 2418 336 2490 plicet
366 2420 586 2476 domino
615 2421 714 2487 illi,
745 2438 847 2478 nec
875 2438 1063 2479 servus
1091 2440 1159 2480 ex
1186 2439 1249 2479 ea
1280 2424 1383 2480 sibi
1414 2424 1639 2491 victum,
1672 2423 1767 2480 sed

169 2510 375 2567 {alitem
421 2514 716 2584 conquirit.
756 2513 870 2570 Hoc
912 2516 1096 2587 itaque
1138 2516 1510 2572 molendinum
1551 2531 1770 2586 semper

169 2602 379 2674 aliquid
414 2607 645 2670 molens,
688 2623 784 2663 cor
825 2619 910 2665 est
954 2610 1275 2676 humanum,
1309 2611 1527 2666 assidue
1563 2609 1767 2682 aliquid

168 2698 449 2769 cogitans.
494 2698 607 2755 Hoc
649 2700 793 2757 Deus
842 2701 1136 2773 unicuique
1185 2702 1389 2757 homini
1439 2702 1781 2758 servandum?

174 2790 426 2856 tradidit,
446 2789 645 2860 jubens
675 2802 733 2847 ut
776 2794 829 2848 in
873 2809 940 2849 eo
978 2794 1159 2849 volvat
1183 2794 1251 2826 ³⁸⁹
1285 2793 1405 2849 illos
1437 2802 1644 2849 tantum
1675 2808 1769 2848 eoa

169 2886 385 2958 gitatus
410 2886 481 2918 ³⁸⁸
507 2902 644 2957 quos
685 2888 803 2959 ipse
849 2888 1109 2959 suggerit.
1153 2888 1397 2954 Quorum
1432 2888 1769 2959 cogitatuum

170 2982 267 3035 alii
300 2991 361 3036 ut
389 2981 759 3049 frumentum,
802 2983 891 3038 alii
931 2991 991 3038 ut
1033 2983 1317 3051 hordeum,
1358 2983 1452 3039 alii
1500 2992 1558 3039 ut
1596 2998 1767 3040 avena

165 3082 322 3128 sunt.
367 3072 494 3129 Puri
526 3076 725 3146 quippe
754 3084 830 3131 aut
858 3076 1188 3132 frumentum
1226 3087 1370 3144 sunt,
1409 3092 1546 3148 quos
1586 3078 1766 3134 anima

168 3167 440 3236 replicat,
493 3184 618 3224 cum
681 3170 732 3223 in
783 3169 1239 3240 contemplatione
1288 3170 1465 3240 posita
1516 3186 1652 3241 pure
1700 3172 1767 3227 de

1210 366 1335 423 LIB.
1377 366 1465 424 DE
1503 365 1565 423 S.
1596 365 1687 422 AN
1733 365 1901 423 ELMI
1937 366 2542 424 SIMILITUDINlBUS.

1794 466 1841 523 Α
1873 490 2073 547 tactus,
2125 483 2423 537 secundum
2474 492 2673 554 genera
2717 486 3103 556 cogitationum
3133 490 3458 550 mundarum

3350 375 3458 432 δεῖ

1868 590 1989 646 qua:
2018 572 2165 629 intus
2199 574 2512 629 volvuntur.
2556 575 2637 632 Ex
2684 576 2771 633 his
2815 588 2998 637 autem
3040 583 3462 653 COgitationibus

1868 663 2108 731 mundis,
2142 673 2198 719 et
2228 663 2342 720 Deo
2386 680 2479 720 eas
2517 667 2802 738 cogitando
2831 671 3091 741 deseruit,
3120 685 3174 729 et
3198 685 3461 732 attentam

1867 755 1971 811 sibi
2026 757 2188 810 vitam
2244 758 2513 826 acquirit;
2567 759 2613 813 si
2669 774 2798 815 vero
2845 762 3118 819 diabolum
3162 782 3259 821 cor
3301 781 3463 823 suum

1867 861 2218 918 corrumpere
2264 850 2591 920 permiserit,
2626 868 2753 909 mox
2803 857 2930 912 vitia
2966 874 3064 929 per
3107 875 3297 917 sensus
3334 878 3463 932 pro-

1867 938 2218 1008 grediuntur,
2257 939 2414 1009 juxta
2476 959 2677 1013 genera
2735 947 3130 1017 cogitationum
3194 952 3461 1006 malarum

1867 1046 1987 1101 quae
2015 1031 2160 1086 intus
2192 1031 2496 1087 volvuntur.
2527 1035 2654 1090 llzec
2676 1047 2859 1092 autem
2885 1050 2941 1093 et
2972 1042 3080 1095 Deo
3108 1043 3462 1099 vehementer

1866 1120 2178 1191 displicent,
2214 1140 2315 1179 nec
2360 1125 2522 1180 bomo
2558 1142 2623 1182 ex
2664 1129 2745 1183 eis
2796 1130 2999 1185 victum
3047 1132 3150 1188 sibi
3200 1135 3456 1204 acquirit,

1867 1214 1961 1270 sed
1995 1225 2251 1272 mortem.
2287 1218 2420 1274 Cum
2452 1221 2597 1276 enim
2638 1223 2706 1278 ad
2738 1218 2917 1280 linem
2943 1226 3172 1297 quisque
3200 1244 3463 1299 pervene-

1870 1304 1962 1369 rit,
1993 1315 2255 1374 quantum
2294 1307 2422 1363 boni
2460 1311 2545 1366 vel
2590 1313 2717 1368 mali
2761 1309 3219 1385 nunc'moluerit,
3253 1330 3460 1378 tantum

1867 1398 1936 1451 ad
1983 1398 2151 1451 vitam
2207 1399 2292 1453 vel
2327 1411 2556 1457 ntortem
2611 1405 2711 1460 sibi
2771 1421 3136 1477 prmparatum
3199 1411 3460 1467 inveniet.

1868 1485 2069 1543 Verum
2110 1490 2391 1547 sciendum
2418 1494 2486 1527 ³⁹²
2516 1496 2642 1565 quia
2693 1498 2886 1553 horum
2927 1501 3271 1573 molentiutn,
3296 1506 3351 1562 id
3379 1515 3463 1563 est

1867 1581 1923 1637 in
1953 1582 2056 1639 bac
2084 1584 2191 1640 vita
2218 1585 2605 1654 laborantium,
2643 1591 2741 1644 tria
2771 1608 2969 1663 genera
2998 1605 3146 1651 sunt.

2444 1678 2674 1736 CAPUT
2714 1681 2869 1738 XLII.

2070 1766 2378 1825 Similitudo
2405 1771 2544 1827 inter
2571 1773 2820 1830 uiolenter
2848 1788 2895 1832 et
2923 1778 3241 1838 laborantes.

1942 1860 2068 1913 llaec
2106 1870 2290 1915 autem
2336 1863 2438 1917 tria
2494 1880 2692 1936 genera
2724 1867 2791 1901 ³’³
2841 1870 2989 1925 velut
3019 1872 3161 1942 {tres
3195 1884 3324 1941 sunt
3361 1877 3458 1932 hoc

1870 1949 2072 2017 mines,
2106 1953 2172 2008 de
2199 1969 2362 2010 mane
2390 1972 2562 2027 usque
2588 1963 2655 2015 ad
2683 1976 2961 2032 vesperam
2986 1981 3147 2021 manu
3175 1969 3460 2026 molentes.

1870 2039 2076 2098 Horum
2127 2044 2314 2117 itaque
2361 2049 2570 2119 primus
2619 2053 2880 2126 quidquid
2925 2058 3078 2113 molit
3132 2062 3184 2116 in
3239 2078 3463 2121 saccum

1869 2134 2098 2206 suscipit
2126 2146 2182 2192 et
2216 2140 2524 2197 abscondit.
2555 2143 2713 2200 Alter
2743 2161 2871 2202 vero
2899 2160 3108 2219 partem
3136 2156 3304 2225 capit,
3331 2173 3462 2227 par-

1871 2232 1980 2281 tem
2020 2227 2075 2283 in
2101 2227 2302 2286 ﬂumen
2338 2234 2664 2305 negligentia
2708 2240 2905 2296 cadere
2929 2244 3222 2312 permittit,
3250 2261 3463 2319 partem

1869 2329 2001 2409 vero
2038 2329 2233 2378 ventus
2278 2324 2440 2394 rapit.
2476 2327 2695 2385 Tertius
2744 2341 2925 2388 autem
2975 2336 3236 2407 quidquid
3287 2343 3463 2409 ιιιοιὶι.

1871 2407 2107 2482 impetus
2146 2412 2385 2474 [luminis
2423 2433 2609 2475 secum
2650 2419 2789 2479 tollit
2820 2426 2903 2481 vel
2947 2439 3142 2488 ventus
3189 2407 3464 2492 dissolvit.

1872 2499 2136 2559 Veniente
2164 2519 2408 2576 vespera,
2438 2512 2655 2579 quando
2682 2529 2714 2568 a
2743 2514 2928 2574 labore
2963 2532 3228 2592 cessatur,
3258 2536 3315 2583 et
3344 2529 3461 2585 fru-

1872 2602 1993 2686 ctus
2022 2594 2227 2652 laboris
2258 2597 2577 2670 inquiritur,
2611 2605 2741 2675 quid
2776 2618 2938 2678 putas
2976 2613 3219 2686 singulos
3250 2619 3471 2678 habitu-

1872 2684 1996 2739 nos?
2027 2685 2129 2753 Qui
2172 2686 2405 2744 farinam
2445 2700 2614 2749 totam
2654 2701 2971 2768 reservavit,
3005 2684 3177 2760 totum
3221 2701 3466 2769 laborem

1871 2790 2030 2832 suum
2082 2779 2220 2835 bene
2270 2782 2604 2854 recognovit.
2658 2787 2759 2855 Qui
2812 2801 2939 2848 Vero
2978 2810 3190 2865 partem
3223 2802 3462 2874 collegit,

1872 2868 1997 2925 inde
2026 2869 2239 2929 laetatus
2271 2884 2356 2930 est
2399 2878 2542 2946 quod
2587 2880 2804 2948 habuit;
2858 2885 2981 2941 inde
3017 2898 3198 2945 autem
3237 2868 3467 2951 moestus

1870 2972 1976 3030 est,
2001 2964 2144 3034 quod
2170 2976 2335 3023 vento
2365 2978 2453 3024 aut
2487 2971 2542 3025 in
2570 2969 2793 3029 ﬂumine
2830 2978 3032 3033 amisit.
3077 2980 3179 3048 Qui
3223 2998 3353 3040 vero
3385 2995 3469 3041 to-

1868 3063 1983 3110 tum
2014 3058 2216 3123 amisit,
2258 3075 2323 3114 eo
2355 3062 2561 3118 tristior
2584 3074 2683 3119 est.
2732 3066 2957 3124 Fltnnen
3002 3088 3100 3140 pro
3139 3075 3322 3130 saeculi
3361 3078 3464 3131 de-

1871 3162 2036 3203 cursu
2060 3146 2347 3221 accipitur,
2372 3164 2536 3210 vento
2562 3169 2691 3211 vero
2716 3158 2887 3229 gloria
2913 3160 3228 3231 designatur
3251 3166 3479 3234 inanis;-

787 3217 1236 3240 -ν--η---ι---ππη
1289 3217 1465 3240 τ--η-
1518 3217 1651 3241 ιν--ν
1703 3217 1766 3227 -ν

162 3257 289 3314 Deo
378 3260 600 3329 cogitet.
685 3259 749 3314 lli
840 3269 1020 3315 autem
1107 3261 1311 3317 hordeo
1397 3263 1770 3319 assimilantur

1875 3217 2240 3293 molendinum
2269 3217 2411 3310 quod
2460 3252 2570 3299 tota
2598 3246 2685 3300 dic
2713 3217 2885 3313 niolit,
2909 3217 3151 3319 praesens
3173 3217 3347 3310 illabor
3374 3217 3472 3312 hu:

164 3351 267 3420 qui
300 3352 370 3406 de
398 3353 596 3408 virtute
638 3352 693 3407 in
735 3352 1013 3417 virtutem,
1042 3356 1199 3424 quasi
1251 3370 1348 3425 per
1387 3344 1652 3426 quosdam
1685 3356 1767 3410 la-

1875 3329 1956 3399 ius
1977 3332 2049 3365 ⁸⁹⁸
2074 3335 2281 3400 sazculi,
2316 3337 2408 3416 q_ui
2437 3354 2465 3392 a
2500 3355 2657 3395 mane
2687 3357 2860 3412 usque
2889 3344 2957 3398 ad
2998 3360 3279 3417 vesperam
3323 3367 3466 3405 nun-

160 3443 361 3507 bores,
394 3446 690 3500 ascendere
738 3447 1097 3501 meditantur.
1134 3446 1199 3503 Hi
1245 3448 1470 3513 etenim,
1502 3448 1628 3504 licet
1658 3449 1772 3504 sint

164 3528 335 3596 boni,
383 3530 562 3586 minus
608 3540 786 3584 tamen
834 3531 1206 3600 superiOribus
1243 3541 1371 3587 sunt
1408 3532 1654 3603 perfecti.
1690 3532 1772 3589 Illi

161 3636 311 3676 vero
343 3630 470 3676 sunt
497 3632 554 3676 ut
586 3637 780 3689 avena,
806 3623 1003 3693 quibus
1032 3625 1194 3679 homo
1225 3624 1459 3680 intendit
1484 3641 1580 3680 sua
1615 3626 1773 3682 desce-

160 3729 305 3770 rere
353 3715 521 3779 vitia;
570 3716 699 3772 boni
751 3730 988 3785 namque
1030 3724 1156 3771 sunt
1208 3726 1263 3770 et
1305 3716 1418 3785 isti,
1450 3716 1545 3771 sed
1592 3726 1771 3773 tamen

162 3808 612 3880 imperfectiores
664 3808 954 3879 praedictis.
1012 3808 1123 3864 llos
1180 3811 1364 3880 itaque
1415 3824 1608 3865 omnes
1660 3809 1776 3865 vult

163 3906 327 3961 Dens
353 3914 413 3959 ut
443 3905 603 3961 homo
631 3914 744 3962 toto
768 3907 936 3961 corde
970 3905 1232 3971 revolvat,
1263 3912 1319 3959 et
1343 3920 1409 3959 ex
1441 3904 1645 3959 eisdem
1671 3904 1775 3960 sibi

163 4000 387 4053 victum
417 4008 681 4054 retentum
726 3999 996 4069 acquirat.
1030 3997 1139 4054 Sed
1171 3997 1300 4068 quia
1328 3997 1533 4052 homini
1564 4012 1778 4068 semper

164 4092 510 4146 adversatur
546 4092 816 4158 diabolus,
847 4100 904 4148 et
953 4106 1173 4163 seraper
1209 4090 1497 4145 insidiatur
1530 4090 1779 4145 cordiil-

163 4183 312 4247 lius,
343 4184 488 4253 quod
519 4184 563 4238 si
593 4184 883 4254 aliquando
906 4194 1151 4239 vacuum
1173 4182 1329 4237 bonis
1356 4181 1779 4252 cogitationibus

168 4274 490 4339 invenerit,
537 4276 722 4329 statim
774 4275 975 4345 replet,
1023 4274 1068 4329 si
1114 4283 1314 4344 potest,
1360 4273 1538 4328 malis.
1575 4271 1778 4326 Harum

166 4373 370 4418 autem
401 4364 690 4430 malarum,
722 4365 843 4420 alia:
871 4360 968 4421 cor
1006 4365 1299 4433 dissipant,
1328 4373 1387 4419 ut
1417 4364 1510 4418 ira:
1544 4374 1600 4419 et
1643 4363 1781 4417 invi-

169 4457 311 4511 diae.
337 4456 473 4511 Alite
497 4458 878 4529 conglutinant
898 4468 953 4515 et
973 4459 1348 4529 coinquinant,
1378 4466 1436 4512 ut
1463 4459 1781 4529 gastrimar-

1872 3441 2036 3495 quam
2075 3426 2213 3481 linit.
2246 3427 2402 3484 Mane
2448 3430 2606 3487 nobis
2657 3443 2779 3488 erat
2828 3437 3043 3506 quando
3083 3440 3197 3493 nati
3242 3437 3466 3511 fuitnus,

1876 3533 2102 3589 vespera
2145 3534 2274 3575 vero
2315 3521 2418 3576 erit
2459 3524 2676 3592 quando
2712 3534 2811 3595 per
2841 3530 3032 3585 mortis
3067 3530 3305 3587 debitum
3342 3535 3471 3592 hinc

1877 3615 2252 3671 transibimus.
2285 3616 2522 3686 Tempus
2567 3620 2751 3690 itaque
2793 3638 3036 3692 praesens
3082 3626 3200 3682 dies
3236 3636 3321 3682 est
3358 3646 3467 3700 quo

1875 3705 2125 3762 laborare
2154 3708 2431 3774 debemus,
2448 3710 2587 3766 unde
2617 3712 2671 3767 in
2699 3729 2921 3784 vespera
2943 3718 3206 3774 vivamus.
3233 3720 3293 3774 Et
3321 3722 3467 3778 sicut

1877 3796 2041 3865 mola,
2068 3799 2274 3855 circum
2322 3800 2465 3855 circa
2499 3804 2680 3871 ducta,
2715 3806 2783 3861 ad
2826 3808 3075 3864 eumdem
3125 3824 3342 3882 semper
3388 3813 3471 3869 lo-

1878 3905 2000 3947 cum
2030 3892 2345 3959 revertitur,
2374 3893 2454 3949 sic
2495 3894 2653 3950 labor
2699 3898 2803 3954 isle
2848 3901 3073 3971 singulis
3117 3904 3275 3961 annis
3316 3908 3471 3961 more

1878 3983 2038 4038 solito
2069 3984 2379 4039 reiteratur.
2428 3983 2586 4041 Modo
2626 4003 2863 4059 namque
2906 4001 3113 4058 aratur,
3145 3995 3470 4063 seminatur.

1880 4075 2121 4143 metitur,
2150 4078 2494 4146 paniﬁcatur,
2518 4081 2823 4136 comeditur
2845 4084 2988 4154 quod
3019 4084 3213 4141 iterum
3234 4087 3303 4143 ad
3328 4088 3472 4145 idem

1882 4168 2191 4229 revertitur.
2235 4168 2292 4223 In
2323 4186 2551 4240 vespera
2592 4187 2750 4243 ergo,
2793 4174 3010 4244 quando
3045 4176 3291 4234 dicetur:
3328 4176 3473 4237 Voca

1882 4263 2172 4329 operarios,
2197 4273 2244 4316 et
2280 4263 2437 4318 redde
2462 4262 2576 4318 illis
2613 4267 2896 4321 mercedem
2926 4284 3076 4323 suam
3110 4269 3350 4342 (Matth,
3378 4289 3473 4336 xx,

1881 4351 1960 4422 8'),
1991 4352 2316 4408 lmlabuntur
2340 4355 2496 4427 justi,
2528 4364 2636 4411 tota
2677 4356 2857 4414 farina
2898 4370 3135 4425 servata,
3168 4362 3221 4417 id
3247 4375 3332 4419 est
3365 4366 3475 4420 vita

1883 4456 2003 4496 sua.
2041 4442 2148 4498 Alii
2194 4459 2324 4499 vero
2352 4446 2443 4515 qui
2495 4462 2601 4503 non
2633 4462 2755 4503 eam
2798 4459 2966 4505 totam
3013 4464 3389 4522 servaverunt,
3421 4456 3477 4512 itt

170 4547 284 4617 giae
334 4557 392 4602 et
440 4548 686 4604 luxuriae.
736 4548 870 4605 Alite
918 4558 1127 4605 tantum
1185 4558 1476 4619 occupant,
1527 4558 1585 4603 ut
1628 4564 1782 4604 vanae
1814 4563 1858 4621 ι)
1886 4536 1988 4591 1³οε
2018 4539 2198 4592 ιηοεεῑί
2225 4549 2422 4606 erum;
2468 4539 2573 4596 Ιεειί
2604 4536 2803 4608 lamella
2832 4544 2977 4614 (λυοά
3005 4561 3071 4600 ex
3095 4547 3479 4616 Pal‘lelaborls

175 4656 295 4693 non
323 4639 393 4671 ’ἰ
423 4641 585 4695 nimis
614 4642 835 4697 nocivaa.
872 4640 972 4697 llic
1013 4641 1177 4712 igitur
1208 4641 1392 4707 homo,
1418 4640 1464 4696 si
1498 4655 1595 4696 cor
1620 4657 1779 4696 suum

175 4731 330 4785 bene
366 4732 705 4797 custodierit,
737 4742 1062 4803 sanctosque
1099 4734 1370 4804 cegltatus
1408 4735 1461 4788 in
1499 4749 1566 4789 eo
1611 4733 1784 4790 revol—

177 4821 352 4888 verit,
396 4824 594 4878 munda
636 4840 733 4895 per
761 4841 823 4880 os
860 4826 1053 4891 verba,
1090 4824 1238 4879 velut
1270 4840 1365 4896 per
1392 4824 1638 4880 foramen
1669 4841 1783 4881 mo-

176 4912 420 4979 Iendini,
450 4916 803 4982 emittuntur;
838 4918 1070 4972 nutndus
1098 4934 1196 4987 per
1220 4917 1407 4972 oculos
1433 4917 1602 4984 visus,
1629 4934 1785 4973 mun-

177 5006 293 5060 dus
320 5020 420 5074 per
446 5021 605 5061 aures
633 5008 875 5073 auditus,
905 5008 1140 5063 mundus
1168 5023 1265 5077 per
1296 5023 1358 5063 os
1387 5019 1599 5079 gustus,
1629 5025 1784 5064 mun-

181 5098 292 5152 dus
325 5113 423 5169 per
452 5113 611 5154 nares
648 5100 928 5165 odoratus,
964 5099 1197 5154 mundus
1239 5114 1339 5170 per
1377 5108 1546 5156 totum
1586 5114 1784 5171 corpus

1886 4630 1970 4683 sui
1997 4629 2166 4684 Deum
2193 4642 2643 4701 recognoverunt.
2677 4634 2876 4690 Verum
2906 4636 2996 4690 alii
3024 4638 3114 4707 qui
3145 4653 3307 4694 omne
3340 4648 3479 4697 tom-

1888 4735 1989 4791 pus
2018 4737 2175 4776 suum
2208 4723 2263 4777 in
2292 4723 2531 4778 vanitate
2561 4737 2790 4795 ponunt,
2832 4738 2887 4784 et
2928 4730 3070 4799 quod
3117 4728 3326 4788 l‘aeiunt
3368 4712 3476 4789 non

1890 4813 1960 4868 ab
1989 4813 2226 4869 humana
2264 4814 2425 4871 laude
2465 4819 2828 4885 abscondunt,
2858 4821 3017 4889 quasi
3046 4838 3208 4879 omne
3239 4824 3479 4879 studium

1892 4908 2017 4962 vita:
2046 4925 2158 4963 suae
2197 4910 2249 4964 in
2285 4910 2570 4966 decursum
2605 4910 2843 4967 ﬂuminis
2877 4913 3188 4984 projiciunt,
3214 4916 3479 4971 farinam-

1890 5018 1997 5073 que
2023 5018 2179 5057 suam
2210 5014 2371 5059 vento
2409 5005 2791 5069 committunt;
2829 5007 2972 5063 unde
3000 5016 3057 5063 ct
3095 5007 3149 5062 in
3188 5010 3316 5078 line,
3339 5024 3481 5082 pane

1890 5101 2013 5154 vitae
2038 5108 2255 5154 :eterna:
2282 5098 2351 5131 ³⁸³
2381 5101 2662 5156 carebunt.
2696 5101 2785 5155 Vae
2815 5099 2948 5158 illis!

1492 5279 1730 5339 VARUS
1770 5277 2185 5339 LECTIONES.

263 5437 339 5471 ⁸³⁸
360 5437 418 5491 1η
470 5451 533 5492 ea
584 5437 749 5492 molat
796 5454 901 5490 mu
951 5437 1002 5491 in
1056 5450 1124 5500 eo
1179 5434 1346 5491 molat

1457 5434 1525 5465 ³⁸⁷
1554 5432 1623 5489 Ut
1649 5450 1711 5490 ex
1744 5435 1931 5491 eodem
1980 5450 2085 5487 nm
2135 5431 2198 5484 Α.
2245 5431 2266 5484 l
2302 5440 2351 5484 et
2389 5429 2500 5483 Vict
2532 5430 2596 5485 l3
2619 5441 2665 5485 et
2698 5431 2841 5485 Edit.
2881 5431 3065 5488 Colon.
3109 5444 3164 5490 et
3192 5450 3259 5491 ex
3292 5436 3481 5494 eodem

180 5509 263 5545 ⁸³⁸
290 5509 497 5566 Servus
524 5516 703 5563 autem
728 5509 815 5562 ille
844 5526 947 5563 mss
968 5520 1014 5562 et
1048 5506 1191 5560 ﬁdit.
1228 5506 1412 5560 Colon.
1447 5504 1651 5560 Servus
1676 5507 1840 5576 igitur
1868 5506 1957 5561 ille
2033 5504 2102 5536 ³⁸⁸
2134 5502 2203 5558 υι
2232 5503 2283 5555 ill
2312 5518 2378 5555 00
2409 5502 2720 5576 luminum“
2751 5512 2810 5576 ll}
2832 5505 2882 5556 ill
2908 5520 2973 5557 θη
2996 5506 3173 5561 νοινίιι
3247 5508 3317 5540 ³’θ
3339 5507 3482 5561 Tim-

183 5588 310 5637 tmu
368 5578 619 5647 cogitans
664 5596 769 5633 mss
824 5589 1033 5633 tantum
1085 5578 1358 5644 cogitatus

179 5667 270 5707 ms
300 5649 372 5723 Α.
407 5648 431 5700 I
468 5648 644 5717 incipit
672 5651 703 5723 ᾗ
727 5650 792 5704 ab
820 5650 1096 5723 lueret-bis
1125 5664 1142 5700 :
1178 5663 1366 5723 verum
1397 5649 1705 5723 sciendum,
1734 5659 1833 5701 etc.

1465 5576 1533 5607 ³η
1568 5577 1634 5632 Ut
1660 5593 1809 5632 vana:

1844 5576 2028 5648 glorite
2053 5591 2161 5648 rion
2188 5591 2291 5626 mss
2324 5575 2386 5627 Α.
2430 5573 2534 5648 let
2576 5572 2710 5628 Vict.
2744 5573 2809 5628 l5
2846 5584 2901 5648 ut
2934 5591 3221 5648 vana:__non
3298 5578 3376 5648 "’7
3416 5578 3482 5633 In

1945 5647 2015 5680 ³⁹³
2049 5646 2173 5700 Ilaec
2203 5654 2379 5696 autem
2409 5645 2511 5697 tria
2548 5661 2772 5712 genera,
2802 5646 2950 5701 velut
2977 5664 3053 5701 ms
3088 5646 3223 5701 Vict.
3256 5660 3301 5700 et
3336 5647 3479 5712 Edit.

178 5723 309 5781 col.
340 5720 460 5773 lnec
484 5714 835 5777 autem'vclut
860 5748 863 5757 -
899 5721 966 5752 ³9⁸
995 5719 1242 5776 Praesens
1272 5720 1423 5777 labor
1452 5721 1613 5791 hujus
1642 5736 1746 5774 mss
1775 5732 2015 5789 parseris
2038 5728 2121 5774 est
2139 5714 2290 5771 labor
2315 5716 2477 5786 hujus
2498 5722 2526 5793 λ’
2550 5714 2619 5749 ⁸⁸⁸
2647 5716 2806 5772 Pana:
2831 5718 2952 5774 vita:
2984 5726 3199 5773 aeterna
3229 5734 3306 5771 ms
3349 5715 3479 5773 Vict.

176 5807 332 5849 uano
365 5800 570 5843 λειυτιω
