3904 6306
253 304 363 361 036

1278 309 1401 366 LIB.
1448 309 1534 365 DE
1573 308 1629 367 S.
1673 306 1971 366 ANSELMI
2004 301 2593 364 SIMIIJTUDINIBUF.

3419 302 3522 358 836

251 420 593 472 dmntontuns
622 431 858 491 namque
883 426 937 474 et
966 418 1273 477 hominibus
1297 418 1587 487 damnatis,
1620 431 1837 479 saucto-
1864 430 1911 485 Λ
1946 422 2109 478 fuerit
2159 418 2392 476 infidelis
2431 433 2574 482 esse,
2623 413 2921 487 flagellatur
2967 414 3203 481 interim,
3246 428 3524 484 usquequo

251 522 377 562 runt
402 509 797 563 consummatio
817 508 918 564 erit
940 509 1356 569 interminabilis
1379 514 1627 571 luctuset'
1640 518 1839 569 aeterna

248 600 553 656 damnatio.
593 600 724 653 Nam
756 603 1010 659 cum'isti
1044 602 1114 637 ⁸⁸³
1139 604 1457 662 obtinebunt
1500 607 1746 677 corporis
1787 617 1843 662 et

247 695 450 749 anima:
490 695 743 762 gaudium
786 697 1197 765 sempiternum,
1231 708 1357 754 tunc
1392 700 1640 755 similiter
1670 709 1724 755 et
1766 701 1839 756 illi

250 786 413 841 ibunt
444 786 495 839 in
532 787 853 856 supplicium
888 800 1172 844 aeternum.
1207 790 1358 857 Quod
1405 792 1533 860 quia
1572 792 1841 847 (immunes

249 894 361 932 non
388 878 539 945 latet,
569 878 740 933 modis
772 880 1023 936 omnibus
1052 881 1302 938 laborant
1330 893 1639 939 sanctorum
1670 885 1844 941 incre-

249 982 500 1026 mentum
536 969 816 1039 impedire.
843 970 1106 1039 Quoniam
1150 975 1393 1044 quidem,
1423 976 1593 1031 donec
1621 975 1844 1031 ultimus

250 1064 469 1118 illorum
497 1066 578 1120 eis
608 1066 932 1129 associetur,
963 1081 1070 1120 non
1109 1065 1476 1131 includuntur,
1511 1066 1604 1121 sed
1642 1065 1843 1122 habent
1890 1100 1893 1101 ν

244 1166 579 1226 potestatem
598 1159 849 1213 tentandi"
862 1156 1064 1214 electos
1084 1157 1203 1223 Del,
1219 1168 1487 1229 quatenus
1516 1158 1605 1228 qui
1632 1157 1844 1229 probati

218 1251 604 1307 invenientur
639 1252 800 1321 digna
841 1251 1284 1307 remuneratione
1321 1259 1680 1315 coronentur;
1713 1249 1843 1304 victi

244 1356 384 1397 vero
407 1353 575 1412 atque
596 1342 825 1415 reprobi
851 1344 1164 1412 perenniter
1192 1343 1507 1412 puniantur.
1554 1341 1844 1413 Vigiletnns

212 1466 215 1469 λ
244 1447 411 1504 ergo,
436 1444 497 1488 ut
517 1434 771 1490 Salvator
808 1436 1086 1498 admonet,
1115 1436 1242 1505 quia
1285 1435 1620 1489 adversarius
1641 1442 1845 1489 noster

209 1525 458 1590 'circuit,
491 1541 731 1597 quwrens
777 1540 935 1597 quem
967 1526 1174 1581 devoret
1205 1522 1258 1592 (Ι
1286 1523 1434 1580 Petr.
1472 1540 1529 1591 ν,
1575 1524 1653 1596 8).
1688 1524 1841 1581 Ilium

241 1624 433 1671 autem
457 1616 681 1671 devorat
701 1632 862 1687 quem
886 1633 983 1672 sua
1005 1617 1351 1688 suggestione
1370 1616 1429 1670 in-
1446 1616 1604 1672 malis
1636 1616 1845 1673 actibus

244 1706 491 1761 indurat.
538 1707 847 1763 Notandum
886 1709 1051 1764 etiam
1099 1710 1244 1780 quod
1289 1710 1383 1779 qui
1427 1708 1585 1765 bonis
1620 1709 1844 1765 alterius

241 1799 477 1863 arridet,
506 1801 709 1855 sanctis
737 1802 1030 1868 consentit;
1055 1803 1146 1872 qui
1181 1815 1307 1856 vero
1331 1800 1553 1864 invidet.
1586 1802 1833 1858 diabolis.
1872 1786 1913 1848 Β

242 1890 531 1961 Siquidem
578 1893 748 1964 magis
800 1902 930 1963 puto
967 1892 1085 1962 ejus
1126 1893 1482 1950 salvationem
1511 1896 1835 1965 sperandam

238 1981 341 2051 qui
386 1997 577 2052 parum
623 1983 749 2038 boni
797 1981 943 2037 facit
973 1991 1031 2038 et
1072 1982 1371 2039 benefactis
1427 1982 1653 2038 aliorum
1699 1983 1843 2038 favet

241 2090 419 2147 quam
452 2074 597 2130 illius
624 2075 718 2145 qui
747 2075 913 2130 ntulta
949 2074 1080 2131 facit
1107 2084 1164 2131 et
1192 2075 1418 2131 invidet.
1446 2075 1496 2131 Is
1527 2076 1728 2132 etenim
1755 2075 1839 2131 cui

242 2166 535 2222 benefacta
568 2166 794 2223 aliorum
817 2167 1056 2239 placent,
1092 2164 1138 2223 si
1169 2168 1457 2224 damnatus
1485 2168 1649 2225 etiam
1675 2177 1839 2235 esset,

236 2259 396 2331 justo
424 2259 603 2315 taliter
642 2262 901 2331 conqueri
946 2271 1129 2332 posset
1156 2280 1170 2317 :
1203 2262 1248 2319 Ο
1277 2278 1372 2318 vos
1402 2262 1599 2329 sancti,
1631 2276 1844 2332 semper

240 2350 316 2406 de
348 2360 528 2405 vestra
567 2350 776 2419 justitia
804 2352 951 2422 juste
975 2353 1185 2408 [celatus
1218 2352 1319 2407 fui.
1350 2353 1558 2425 Itaque,
1587 2354 1631 2409 si
1669 2354 1842 2408 beati-

237 2438 454 2496 tudinis
484 2450 677 2497 vestra:
702 2444 977 2513 particeps
1010 2458 1118 2499 non
1148 2442 1302 2498 fuero
1323 2483 1337 2505 ,
1370 2444 1493 2500 inde
1538 2444 1841 2500 damnatio-

243 2548 377 2587 nem
403 2534 665 2606 accipiam
696 2536 768 2569 m
790 2536 933 2591 unde
968 2549 1185 2605 semper
1208 2536 1533 2607 gaudebam.

788 2647 1016 2706 CAPUT
1057 2646 1240 2703 XLVI.

245 2734 331 2791 De
356 2736 705 2793 similitudine
735 2739 870 2794 inter
907 2740 1070 2793 Deum
1114 2750 1161 2794 et
1198 2740 1473 2810 quemlibet
1514 2756 1682 2811 regem
1721 2755 1843 2795 suos

819 2812 1151 2882 iudicantem
1178 2811 1270 2866 ⁸⁸⁸.

314 2897 470 2953 Inter
498 2899 793 2957 salvandos
821 2910 1009 2957 autem
1037 2902 1107 2934 δυ
1146 2911 1201 2958 et
1231 2902 1567 2958 damnandos
1591 2900 1671 2958 sic
1701 2901 1844 2958 Deus

236 2991 514 3048 discernit
539 2995 811 3064 quomodo
851 3010 945 3050 rex
988 2995 1209 3065 quidam
1236 2995 1381 3051 inter
1420 2995 1607 3052 fideles
1635 3004 1691 3052 et
1721 2995 1844 3052 inll-

242 3084 402 3141 delcs
430 3086 640 3156 imperii
667 3087 769 3142 sui.
805 3086 903 3143 Hic
946 3088 1129 3157 itaque
1160 3103 1276 3157 rex,
1303 3096 1603 3159 praeparato
1639 3104 1708 3144 ex
1737 3104 1842 3145 una

234 3186 405 3248 parte
446 3178 678 3248 quodam
721 3180 968 3236 convivio
994 3179 1065 3213 “'
1092 3196 1288 3252 magno
1337 3189 1392 3238 et
1429 3197 1493 3237 ex
1544 3181 1648 3237 alia
1687 3191 1840 3253 parte

241 3270 483 3339 quodam
506 3286 726 3327 carcere
748 3274 1059 3340 tenebroso,
1074 3274 1339 3345 disposuit
1354 3273 1478 3345 quia
1494 3289 1843 3345 quoscunque

242 3360 319 3392 δι’
348 3360 450 3415 sibi
482 3361 666 3419 fideles
712 3365 913 3434 poterit
944 3366 1316 3438 comprobare,
1343 3374 1626 3436 postquam
1653 3382 1843 3424 omnes

237 3454 565 3522 congregati
594 3453 817 3520 fuerint,
865 3455 1029 3511 faciet
1075 3457 1235 3512 simul
1271 3456 1641 3525 discumbere;
1680 3472 1842 3529 quos~

242 3558 468 3613 cunque
497 3554 680 3601 autem
706 3548 809 3603 sibi
840 3548 1083 3605 infideles
1118 3564 1240 3605 esse
1268 3548 1592 3605 convincere
1620 3551 1839 3621 poterit,

244 3644 538 3704 postquam
559 3646 613 3691 et
644 3638 742 3707 ipsi
778 3638 984 3694 fuerint
1020 3641 1355 3713 congregati,
1395 3641 1450 3695 in
1496 3642 1840 3698 tenebrosum

246 3726 404 3780 illum
436 3741 715 3785 carcerem
745 3730 905 3786 simul
946 3730 1106 3788 faciet
1150 3732 1385 3788 detrudi.
1419 3732 1618 3791 Omnes
1661 3734 1842 3805 itaque

245 3821 404 3877 adse
435 3823 633 3880 invitat
653 3824 744 3891 ⁸⁸⁸,
790 3836 848 3880 ut
882 3827 1004 3896 quis
1052 3827 1120 3882 sit
1166 3827 1340 3884 ﬁdelis
1377 3828 1566 3897 quisve
1612 3828 1842 3885 infidelis

246 3925 534 3985 agnoscat.
571 3916 773 3973 llorum
809 3928 990 3974 autem
1027 3920 1265 3977 fidelium
1294 3930 1351 3976 et
1380 3921 1699 3991 infidelium,
1747 3923 1838 3994 qui

243 4019 441 4061 omnes
487 4007 802 4075 invitantur,
855 4010 945 4065 alii
1000 4013 1328 4082 praecedunt,
1367 4013 1456 4068 alii
1503 4014 1841 4086 subsequun-

249 4107 360 4152 tur.
385 4099 649 4155 Fidelium
676 4103 842 4173 igitur
863 4106 1191 4176 cuicunque,
1210 4118 1270 4163 ut
1301 4108 1530 4174 venerit,
1556 4119 1837 4179 postquam

250 4201 380 4243 vere
397 4204 520 4246 esse
536 4190 707 4248 fidelis
726 4196 1107 4266 comprobatus
1124 4194 1308 4263 fuerit,
1331 4201 1491 4254 datur
1513 4200 1733 4255 mistum
1748 4199 1805 4254 in
1831 4231 1839 4240 -

222 4332 227 4335 .
252 4289 401 4336 terea
426 4282 742 4348 cibi,douec
762 4288 1289 4344 conveniantomnes
1302 4290 1394 4359 qui
1415 4304 1539 4345 cum
1569 4290 1686 4357 ipso
1714 4298 1841 4347 sunt

251 4376 546 4444 cenaturi,
561 4386 618 4430 nt
635 4378 794 4433 simul
813 4380 1070 4450 incipiant
1089 4394 1278 4438 omnes
1295 4380 1522 4451 epulari.
1540 4381 1838 4436 lnlidelium

1942 526 2339 586 congregantur
2361 525 2420 570 et
2455 512 2547 567 alii
2592 509 2684 579 qui
2730 521 2851 563 cum
2886 520 2953 569 eo
2994 506 3065 560 in.
3088 518 3527 563 carceremsnnt

1914 634 1919 638 ι
1944 609 2286 674 detrudendi,
2314 617 2376 663 ut
2401 606 2565 663 Simul
2594 605 2646 659 in
2680 617 2745 658 eo
2771 598 3030 669 incipiant
3058 617 3248 657 omnes
3269 598 3525 656 cruciari.

1918 699 2067 755 ‘M'ox
2087 715 2218 772 ergo
2245 709 2305 755 ttt
2330 697 2534 753 fuerint
2558 713 2751 754 omnes
2784 697 3118 768 congregati,
3144 705 3207 751 et.
3233 694 3415 749 fideles
3442 692 3528 749 vel

1920 818 1923 823 ν
1948 793 2191 848 infideles
2213 806 2331 848 esse
2362 790 2564 846 fuerint
2602 792 2959 860 comprobati,
2986 792 3038 845 1ιί
3065 789 3223 845 simul
3244 786 3317 820 δίο
3341 800 3530 840 omnes

1919 888 2000 941 ‘in
2023 886 2328 941 convivium
2355 884 2625 947 collocati,
2672 885 2943 940 satiantur
2963 884 3062 951 δι’,
3108 883 3183 939 illi
3215 896 3345 936 vero
3368 880 3439 921 *i'
3476 879 3528 934 in

1921 992 2219 1034 fcarcerem
2257 977 2413 1041 trusi,
2446 976 2589 1031 fame
2632 985 2687 1032 et
2731 976 2822 1032 siti
2871 980 3193 1032 ntoriuntur.
3239 973 3337 1028 llic
3368 973 3532 1044 igitur

1946 1088 2042 1128 rex
2071 1073 2185 1142 ipse
2212 1071 2353 1125 Deus
2402 1078 2505 1133 est,
2546 1068 2636 1139 qui
2687 1069 2767 1125 sic
2810 1069 3067 1126 discernit
3112 1067 3250 1123 inter
3278 1067 3533 1122 bonos-ct

1921 1164 2119 1219 Intalos
2169 1160 2353 1215 mundi
2405 1160 2582 1215 istius.
2624 1158 2745 1231 Ipse
2794 1160 3018 1223 etenim,
3060 1165 3363 1229 praeparato
3402 1155 3532 1210 hinc

1918 1255 2201 1323 paradiso
2222 1262 2275 1307 et
2303 1250 2429 1305 hinc
2453 1250 2684 1316 inferno,
2712 1248 2996 1305 constituit
3023 1249 3149 1318 quia
3181 1259 3533 1316 quoscunque

1945 1347 2047 1402 sibi
2074 1346 2306 1403 ﬁdeliter
2326 1348 2695 1416 obsequentes
2728 1342 2970 1396 invenire
3001 1340 3219 1411 poterit,
3251 1347 3533 1408 postquam

1918 1450 2158 1501 omnes,
2202 1437 2268 1491 ad
2304 1452 2427 1492 eum
2464 1451 2528 1491 ex
2554 1435 2656 1489 hoc
2691 1429 2890 1488 saeculo
2918 1438 3288 1494 “mussantes,
3312 1424 3536 1485 luerim

1946 1529 2281 1601 congregati,
2315 1528 2474 1585 simul
2504 1541 2695 1585 omnes
2737 1526 2787 1580 in
2839 1525 3095 1597 paradiso
3122 1525 3174 1578 in
3209 1523 3278 1556 “’
3307 1537 3535 1591 corpore

1946 1632 2001 1678 ct
2023 1622 2202 1676 anima
2228 1621 2533 1677 eollocabit.
2561 1620 2927 1688 Quoscnnquc
2955 1633 3084 1672 vero
3113 1615 3353 1685 reperire
3383 1624 3536 1683 pote-

1946 1715 2017 1769 rit
2045 1715 2327 1787 przeceptis
2356 1714 2468 1769 suis
2504 1712 2841 1774 resistentes,
2882 1720 3165 1779 postquam
3199 1706 3300 1775 ipsi
3328 1718 3533 1760 conre-

1944 1807 2146 1871 nerint,
2188 1820 2377 1861 omnes
2416 1802 2573 1859 simul
2616 1802 2670 1856 in
2710 1799 2979 1855 infernunt
3026 1796 3363 1853 ltorribiliter
3408 1811 3531 1849 cum

1926 1896 2159 1951 diabolo
2204 1894 2476 1949 detrudet.
2524 1890 2729 1947 Omnes
2780 1891 2961 1959 itaque
3004 1903 3099 1959 per
3148 1885 3532 1956 praedicatores

1943 2000 2069 2040 suos
2095 1985 2161 2038 ad
2192 2000 2255 2039 se
2305 1983 2533 2046 invitat,
2568 1990 2627 2036 ut
2666 1980 2936 2050 quomodo
2982 1977 3085 2033 sibi
3131 1977 3360 2046 quisque
3400 1974 3532 2029 velit

1942 2078 2165 2133 obedire
2202 2083 2479 2147 agnoscat.
2533 2073 2729 2129 Verum
2774 2072 2891 2141 ejus
2933 2071 3220 2141 praeceptis
3264 2070 3355 2124 alii
3407 2070 3533 2124 obe-

1944 2170 2120 2234 diunt,
2160 2168 2250 2223 alii
2291 2183 2421 2223 vero
2471 2168 2749 2223 resistunt.
2799 2165 3166 2234 Utrorumqne
3212 2172 3390 2217 autem
3440 2160 3533 2214 alii

1946 2260 2116 2332 prius,
2146 2260 2237 2315 alii
2271 2258 2565 2314 morientes
2605 2256 2874 2328 posterius
2905 2255 2973 2288 "'°
3002 2253 3118 2322 ejus
3163 2253 3400 2308 examini
3447 2268 3535 2307 re-

1943 2361 2363 2424 prtesentantur.
2393 2351 2715 2419 Quicunque
2747 2350 2931 2419 itaque
2975 2347 3026 2401 ei
3069 2345 3331 2401 obediens
3367 2342 3535 2399 fuisse

1943 2446 2349 2516 comprobatur,
2376 2444 2591 2513 requies
2613 2444 2665 2499 ei
2695 2442 2814 2509 (sed
2858 2443 2909 2496 in
2936 2440 3119 2495 anima
3149 2439 3283 2509 sola)
3317 2437 3535 2492 interim

1946 2541 2127 2595 datur.
2161 2539 2492 2608 Quicunque.
2508 2552 2640 2592 vero
2681 2537 2748 2591 de
2776 2534 3137 2591 inobedientia
3170 2531 3534 2595 convincitur,

1944 2640 2000 2688 et
2041 2632 2155 2703 ipse
2196 2631 2251 2685 itt
2300 2631 2479 2685 anima
2509 2628 2620 2685 sola
2665 2628 2960 2682 cruciatur.
3010 2626 3307 2695 Postquam
3352 2633 3533 2679 autem

1943 2736 2132 2777 omnes
2162 2720 2381 2787 mortui,
2410 2729 2484 2783 et,
2531 2727 2590 2773 ut
2629 2717 2832 2773 dictum
2877 2726 2982 2781 est,
3025 2716 3302 2785 sigillatint
3352 2715 3537 2771 exani-

1950 2817 2076 2872 mati
2104 2815 2169 2847 ⁸¹¹
2200 2813 2421 2880 fuerint,
2449 2813 2707 2883 finitoque
2731 2810 2930 2867 sacculo
2950 2810 3273 2879 cunctisque
3300 2808 3536 2864 resusci-

1947 2907 2231 2973 tatis,illud
2257 2906 2421 2961 etiam
2454 2902 2708 2974 generale
2732 2900 2996 2970 juliciutn
3029 2907 3313 2969 peractum
3343 2896 3530 2961 fuerit,

1947 2999 2071 3055 boni
2095 3014 2302 3063 omnes,
2336 2997 2390 3052 in
2414 2993 2610 3051 caelum
2636 2991 2910 3057 translati,
2949 2992 3003 3046 in
3050 2990 3232 3044 anima
3277 2988 3438 3044 simul
3478 2999 3533 3042 et

1946 3106 2173 3163 corpore
2200 3090 2556 3154 lmtabuntur;
2588 3085 2714 3141 mali
2745 3099 2898 3150 vero,
2926 3083 2978 3138 in
3004 3083 3275 3139 infernum
3300 3081 3529 3145 detrusi,

1945 3194 2001 3240 et
2043 3185 2143 3255 ipsi
2188 3184 2242 3238 in
2270 3183 2450 3238 anima
2482 3180 2645 3240 simul
2670 3187 2727 3233 et
2751 3190 2978 3246 corpore
3019 3174 3435 3246 torquebantur.
3464 3172 3533 3228 Et

1942 3277 2083 3333 sicut
2100 3277 2226 3332 boni
2252 3276 2545 3346 perfectam
2569 3272 2815 3346 corporis
2836 3277 2893 3325 et
2912 3270 3107 3324 animae
3136 3267 3525 3323 beatitudinem

1944 3378 2071 3424 tunc
2091 3366 2322 3438 primum
2345 3365 2688 3431 obtinebunt,
2701 3365 2780 3420 sic
2798 3371 2853 3418 et
2874 3360 2997 3415 mali
3019 3374 3050 3415 e
3069 3366 3255 3414 contra
3275 3358 3528 3430 perfecta:

1941 3458 2179 3514 miseriae
2222 3458 2466 3529 corporis
2509 3466 2565 3513 et
2609 3456 2805 3511 animae
2849 3458 2977 3508 tunc
3015 3450 3251 3522 primum
3282 3446 3528 3518 subiace-

1938 3553 2076 3611 bunt
2100 3552 2191 3607 δ”.

2499 3642 2725 3699 CAPUT
2762 3640 2967 3697 XLVII.

1985 3737 2064 3792 De
2090 3736 2483 3808 quatuordecim
2513 3735 2919 3790 beatitudinibus
2945 3748 3178 3801 corporis
3202 3738 3248 3784 et
3276 3730 3486 3780 animm.

2011 3828 2162 3885 Multi
2186 3829 2433 3885 homines
2454 3827 2524 3859 ⁵²³
2546 3826 2764 3897 (quibus
2788 3838 3171 3893 nonnunquam
3195 3819 3320 3875 boui
3348 3833 3526 3873 mores

1940 3932 1996 3979 et
2024 3922 2171 3993 justa
2224 3935 2388 3991 opera
2435 3927 2832 3990 proponuntur,
2873 3925 2933 3971 ut
2978 3930 3039 3971 se
3088 3914 3140 3968 in
3188 3912 3289 3976 eis,
3343 3908 3524 3965 s:ccnli

1940 4015 2237 4087 postposita
2258 4012 2517 4081 vanitate,
2534 4021 2825 4068 exerceant
2848 4007 3226 4067 admonentur)
3253 4001 3529 4073 inquirere

1942 4108 2119 4163 solent
2164 4113 2537 4177 quamobrem,
2568 4120 2676 4176 quo
2725 4101 2968 4173 praemio,
3010 4115 3115 4170 qua
3148 4096 3520 4155 retributione.

1942 4199 2320 4270 Respondetur
2361 4199 2543 4269 itaque
2583 4197 2686 4253 illis
2726 4193 2869 4266 quod
2917 4192 3175 4263 scriptum
3225 4197 3348 4244 est:
3388 4186 3528 4252 Quia

1941 4310 2035 4349 nec
2064 4292 2246 4348 oculus
2274 4293 2421 4359 vidit,
2460 4308 2551 4347 nec
2579 4291 2724 4346 auris
2767 4289 2989 4355 audivit,
3020 4302 3110 4344 nec
3148 4287 3203 4339 in
3230 4299 3320 4337 cor
3355 4279 3526 4333 homi—

1943 4385 2023 4439 nis
2050 4382 2281 4437 ascendit
2320 4397 2438 4453 quer:
2467 4380 2783 4451 preparavit
2827 4378 2966 4433 Deus
3004 4373 3338 4446 diligentibus
3368 4386 3422 4425 se
3458 4366 3530 4401 “‘

251 4473 457 4533 autem,
504 4474 564 4522 ut
605 4466 677 4500 “'
706 4469 914 4524 venerit
960 4470 1209 4542 quisque,
1246 4478 1529 4542 postquam
1554 4471 1838 4527 convictus
1872 4495 1917 4551 ι)
1944 4474 2098 4547 (Isai.
2124 4489 2269 4540 thv,
2293 4473 2355 4539 4;
2386 4473 2413 4528 I
2453 4471 2741 4543 Cor.n,9).
2772 4470 2944 4539 Quod,
2970 4484 3090 4526 cum
3138 4466 3212 4523 illi
3244 4480 3349 4520 non
3378 4463 3525 4518 clare

1582 4608 1816 4665 VARM‘I
1852 4609 2253 4668 LECTIONES.

322 4746 397 4780 ιδ’
436 4744 567 4801 Nam
592 4761 714 4802 cum
736 4746 824 4802 isti
858 4764 937 4802 ms
972 4746 1107 4802 Vict.
1136 4762 1261 4801 nam
1306 4745 1582 4813 cnmjusti

1690 4746 1762 4780 δ”
1787 4748 2198 4806 Damnationem
2223 4767 2329 4806 non
2360 4751 2619 4820 accipiam
2653 4768 2757 4805 nm
2794 4759 2841 4803 et
2865 4749 3011 4804 Edit.
3047 4747 3188 4820 Col._
3214 4746 3522 4820 damnatio-

246 4817 671 4889 nem‘accipiam
766 4817 836 4889 ιφ
869 4819 943 4873 De
971 4818 1322 4889 similitudine
1371 4818 1512 4872 inter
1540 4817 1705 4871 Deum
1758 4827 1811 4875 et
1850 4820 2082 4888 aliquem
2132 4836 2334 4889 regem,
2380 4815 2882 4888 suosjndicaturos.
2915 4836 3019 4872 mss
3063 4828 3109 4871 et
3140 4815 3284 4889 Edit.
3310 4815 3425 4889 Col.
3459 4818 3527 4872 de

242 4886 611 4959 similitudine
653 4888 794 4943 inter
814 4888 985 4959 Deum
1010 4897 1066 4942 et
1090 4888 1393 4959 quemlibet
1426 4902 1578 4959 reges
1615 4904 1743 4959 suos
1786 4886 2120 4959 iudicantem

245 4975 274 5013 δ
293 4958 543 5014 ilvamlos
571 4968 749 5013 autent

244 5046 358 5083 mss
384 5038 432 5082 et
464 5027 612 5083 Edit.
634 5029 751 5083 Cal.
775 5031 899 5097 quia
928 5044 1278 5098 quoscunque

248 5110 311 5152 ut
341 5115 421 5151 ms
448 5099 512 5152 Α.
542 5100 567 5155 1
600 5099 901 5154 Infidelinm
932 5109 1110 5154 autem
1138 5109 1196 5151 ut

250 5182 345 5221 tur
394 5185 475 5223 ms
514 5169 630 5225 Α.1
690 5180 738 5222 et
792 5171 939 5225 Edit.
980 5168 1095 5224 Col.
1136 5168 1381 5223 collocati
1428 5169 1693 5222 satiantur
1736 5187 1813 5223 ms

246 5239 461 5302 fideles,
502 5241 552 5295 in
582 5257 661 5293 ms
696 5239 832 5295 Vict.
855 5251 903 5294 et
932 5240 1075 5293 Edit.
1107 5238 1223 5293 Col.
1258 5238 1331 5291 illi
1362 5252 1513 5301 vero,
1537 5239 1589 5291 in

861 4959 930 4990 δ¹¹
958 4957 1199 5025 Quodam
1242 4958 1486 5012 convivio
1532 4974 1611 5011 ms
1667 4957 1803 5011 Vict.
1839 4969 1887 5012 et
1921 4958 2068 5015 Edit.
2113 4959 2227 5015 Col.
2283 4963 2525 5015 omittunt
2558 4962 2788 5029 quodam
2877 4957 2938 4991 ’⁶¹

861 5031 899 5082 ia
928 5044 1278 5082 quoscunque
1384 5028 1453 5059 “‘
1485 5028 1760 5082 Adinvitat
1788 5046 1864 5082 ms
1898 5030 1965 5082 Α.
2007 5031 2056 5082 1.
2099 5030 2232 5082 Vict.
2261 5042 2307 5082 et
2347 5031 2489 5082 Edit.
2518 5029 2630 5082 Col-
2662 5031 2727 5082 ad
2750 5045 2805 5082 se
2833 5030 2938 5082 invi

1384 5029 1453 5059 ’¹⁵
1485 5029 1760 5083 Adinvitat
1788 5046 1864 5083 ms
1898 5030 1965 5084 Α.
2007 5031 2056 5084 1.
2099 5030 2232 5084 Vict.
2261 5042 2307 5085 et
2347 5031 2489 5084 Edit.
2518 5029 2630 5088 Col.
2662 5031 2727 5083 ad
2750 5045 2805 5084 se
2833 5030 3021 5084 invitat

1304 5096 1374 5130 ⁸⁸⁸
1401 5096 1488 5159 lii,
1532 5098 1761 5163 SriliCeI,
1800 5100 1961 5154 simul
1989 5117 2066 5153 ms
2093 5100 2157 5153 Α.
2189 5100 2211 5153 1
2247 5111 2294 5153 et
2325 5100 2467 5153 Edit.
2495 5100 2610 5157 Col.
2642 5101 2695 5154 1ιί
2733 5100 2891 5153 simul
2994 5098 3019 5134 ⁸

1872 5168 2004 5223 Vict.
2044 5170 2294 5225 collocati
2334 5171 2612 5225 sociantur

1701 5240 1770 5271 m
1802 5239 1857 5312 In
1881 5241 2265 5312 —parailisu_nt,
2286 5240 2341 5312 in
2378 5257 2457 5295 ms
2490 5238 2624 5295 Vict.
2670 5250 2728 5312 et
2754 5241 2898 5295 Edit.
2931 5238 3058 5312 ACol.
3093 5242 3147 5312 in
3188 5240 3442 5312 paradiso
3469 5241 3521 5312 in

218 5342 219 5345 η
246 5310 326 5342 ⁸⁸⁸
351 5309 454 5381 alii
481 5312 788 5381 moriuntur
827 5310 1097 5381 posterius
1146 5325 1253 5363 mss
1286 5310 1605 5381 morietttes_
1628 5311 1895 5377 posterius

2231 4890 2296 4922 “‘
2328 4890 2473 4946 Inter
2502 4887 2784 4945 salvandos
2808 4889 3074 4960 siquidem
3108 4904 3185 4941 ms
3218 4887 3281 4940 Α.
3328 4889 3351 4941 1
3381 4887 3527 4942 Inter

2283 4963 2525 5010 omittunt
2558 4962 2788 5010 mtmlam
2899 4960 2970 4991 ⁶¹³
2998 4957 3149 5010 Ouod
3174 4971 3524 5010 auoscnnmto

2998 4957 3149 5025 Quod
3174 4971 3524 5026 quoscunque

3003 5042 3021 5082 t
3132 5027 3202 5060 ⁸¹⁸
3226 5026 3522 5082 lnlidelinm

2994 5098 3064 5134 δί’
3097 5098 3286 5155 Collati
3319 5098 3525 5153 satian—

2714 5171 2785 5203 ⁸¹⁸
2834 5170 2909 5225 Illi
2963 5185 3121 5234 vero.
3177 5169 3381 5225 scilicet
3438 5170 3521 5223 in-

2015 5310 2082 5343 “‘
2118 5310 2402 5380 Sigillatim
2444 5311 2733 5366 examinati
2769 5328 2875 5365 mss
2914 5310 3199 5381 Sigillatim
3226 5311 3522 5366 exanimati

238 5378 755 5462 "{Torquebatur.
804 5378 882 5434 ms
1045 5381 1069 5433 1
1109 5378 1519 5462 torquebantur.
1569 5378 1634 5432 Et
1668 5381 1824 5462 “sicut
1873 5378 2334 5462 Itoni-perfectam
2371 5382 2616 5462 corporis
2646 5391 2701 5436 et
2740 5381 2932 5436 animas
2972 5378 3357 5462 beatitudipem
3387 5392 3523 5462 tunc

242 5450 493 5521 primum
536 5450 852 5505 obtinebant
876 5469 890 5505 :
914 5451 995 5506 sic
1047 5461 1102 5506 et
1137 5451 1262 5503 mali
1294 5458 1514 5503 econtra
1566 5449 1806 5517 perfecte
1848 5449 2079 5507 miseriae
2121 5452 2367 5523 corporis
2411 5449 2485 5506 et_
2514 5452 2709 5507 anima:
2745 5461 2873 5508 tunc
2903 5455 3135 5523 primum
3169 5450 3522 5520 sultjacebunt

240 5522 325 5555 ⁸³³
365 5519 520 5575 Multi
547 5521 813 5586 homines,
838 5531 934 5574 etc.
963 5524 1029 5575 Α.
1064 5524 1115 5576 1.
1146 5519 1566 5586 Quatuordecim
1598 5521 1797 5586 quippe
1836 5530 1961 5576 sunt
2005 5521 2353 5578 beatitudinis
2392 5530 2605 5586 partes,
2636 5534 2758 5586 διε..
2789 5540 2906 5586 qum
2937 5525 2991 5579 in
3018 5523 3282 5579 sententiis
3307 5520 3519 5586 quidem

240 5536 325 5555 ’τ’
365 5536 520 5575 mutu
547 5536 813 5588 Itomtnes,
838 5536 934 5574 etc.
963 5536 1029 5575 Α.
1064 5536 1115 5576 1.
1146 5536 1566 5586 Qttatuoruecrm
1598 5536 1797 5590 qmppe
1836 5536 1961 5576 sunt
2006 5536 2353 5578 Deallllltlmls
2391 5536 2605 5593 partes,
2636 5536 2758 5589 etc.,
2789 5540 2906 5593 quis
2937 5542 2991 5579 in
3018 5536 3282 5579 sententiis
3307 5536 3509 5591 quidem

236 5590 469 5649 cumino
500 5592 678 5645 eadem
707 5603 828 5645 sunt
858 5608 922 5644 ac
951 5593 1005 5646 in
1036 5593 1241 5655 Editis;
1286 5600 1337 5641 at
1361 5590 1417 5643 in
1447 5590 1610 5644 verbis
1642 5608 1857 5658 prorsus
1884 5592 2091 5647 diversa
2121 5609 2140 5647 :
2170 5595 2223 5645 in
2252 5609 2355 5645 mss
2391 5592 2529 5647 enim
2568 5593 2881 5648 abbreviattc
2920 5606 3042 5649 sunt
3075 5594 3246 5648 sancti
3278 5590 3509 5646 Anselmt'

236 5661 527 5735 sententiae
547 5662 619 5735 tle
657 5662 1000 5729 beatitudine,
1021 5680 1153 5735 quas
1174 5660 1442 5735 prolixius
1460 5662 1719 5728 expositas
1748 5662 1968 5735 legimus
1994 5663 2049 5717 in
2072 5664 2294 5735 esensis
2320 5664 2662 5735 manuscript.
2684 5663 2952 5735 rSagiense
2993 5662 3056 5719 ι).
3087 5664 3153 5720 lli
3190 5664 3301 5719 lure
3334 5660 3528 5714 eadem

232 5730 459 5799 breuius
489 5731 659 5785 adhuc
694 5736 955 5786 contraxit

1072 5734 1137 5766 m
1172 5731 1531 5805 Diligentibus
1564 5746 1686 5787 eum
1712 5749 1788 5788 ms
1828 5732 1957 5789 Vict.
1984 5743 2030 5789 et
2062 5733 2207 5790 Edit.
2240 5732 2426 5790 Colon.
2456 5731 2802 5809 diligentibus
2827 5750 2885 5791 se
