3904 6306
138 313 247 373 ess

1104 280 1229 368 ΠΒ.
1268 312 1357 370 ne
1388 314 1446 372 ς.
1481 314 1779 374 ANSELMI
1801 317 2397 379 smmunmnus.

3309 282 3435 379 si.

141 441 254 487 tur.
284 426 440 486 Unde
466 425 727 497 scriptum
751 434 832 480 est
859 440 872 479 :
909 422 1199 495 Fulgebunt
1237 428 1370 497 justi
1392 431 1525 484 sicut
1553 432 1654 498 sol,
1683 436 1738 489 in
1763 443 1811 503 Α
1843 441 2045 497 Radius
2070 455 2266 514 quippe
2293 439 2569 503 oculorum
2603 445 2935 500 nostrorum,
2966 433 3019 488 in
3046 430 3414 489 sublevatione

138 533 421 593 conspectu
476 518 574 574 Dei
627 516 843 590 (Matth.
897 532 1017 582 xm,
1046 516 1162 587 45).
1209 520 1490 590 Amplius,
1536 539 1733 595 corpus

140 614 350 671 Christi
392 612 464 644 “°
510 610 747 667 claritati
797 609 927 664 solis
977 610 1269 679 przclucere
1314 614 1499 669 nescio
1543 630 1731 687 quem-

140 725 307 779 quam
356 723 517 779 posse
566 706 859 776 ambigere.
908 705 1042 762 Huic
1092 717 1271 763 autem
1322 710 1545 779 similes,
1598 722 1735 771 teste

142 801 426 873 Apostolo,
458 800 683 867 erimus,
720 800 810 870 qui
843 799 953 854 ait:
980 798 1309 870 Reformitbit
1332 820 1522 876 corpus
1555 806 1734 861 humi-

142 896 311 949 litatis
356 902 589 959 nostra',
636 892 1022 963 conﬁguratum
1071 895 1277 964 corpori
1323 896 1581 952 claritatis
1624 916 1734 955 sua:

137 986 314 1058 (Phil.
345 1003 426 1048 Ill,
451 985 561 1055 2|).
588 984 714 1039 Haec
730 995 908 1039 autem
922 984 1324 1042 mauctoritate
1356 992 1733 1061 comprobata,

140 1080 189 1136 si
236 1077 363 1149 quis
402 1078 568 1133 etiam
615 1077 743 1132 velit
780 1079 882 1134 sibi
933 1082 1143 1138 ratione
1182 1084 1544 1154 comprobari,
1573 1085 1734 1141 credo

139 1169 279 1225 nulli
303 1168 501 1224 debere
532 1168 848 1224 incredibile
879 1170 1048 1227 videri
1072 1173 1249 1244 justos
1278 1174 1732 1245 pttlchritudinem

138 1261 277 1315 solis
306 1260 359 1315 in
387 1259 476 1313 illa
504 1258 632 1325 vita,
661 1259 750 1315 ubi
792 1263 1019 1319 mortale
1053 1266 1155 1321 hoc
1184 1266 1583 1336 absorbebitur,
1612 1279 1733 1323 Ian-

138 1351 425 1407 tummodo
477 1351 687 1416 sortiri,
730 1367 851 1408 cum
878 1369 1007 1411 vere
1049 1357 1296 1413 dicantur
1341 1367 1393 1415 et
1437 1360 1546 1416 sint
1592 1370 1733 1418 tem-

134 1444 294 1515 plum
330 1454 387 1499 et
444 1447 599 1501 sedes
658 1442 771 1510 Dei,
822 1448 966 1514 quod
1015 1450 1279 1519 nusquam
1321 1451 1375 1507 in
1413 1453 1589 1509 divina
1634 1470 1734 1525 pa-

136 1540 271 1610 gina
325 1539 393 1594 de
440 1538 551 1595 sole
599 1538 703 1593 isto
752 1538 948 1592 visibili
995 1543 1339 1599 meminimus
1365 1544 1469 1616 legi
1498 1545 1588 1600 “'.
1623 1546 1736 1602 Hac

137 1631 311 1701 igitur
340 1631 433 1686 tali
463 1643 517 1688 et
553 1640 696 1688 tanta
730 1627 1128 1698 pulchritudine
1157 1635 1339 1705 justus
1384 1638 1643 1695 rutilabit.
1674 1639 1731 1694 Si

140 1737 277 1777 vero
303 1726 539 1797 injustus
564 1730 743 1794 fuerit,
768 1741 925 1783 emno
953 1738 1006 1784 et
1030 1730 1175 1785 omni
1207 1733 1471 1786 cadavere
1497 1730 1735 1788 foetidior

133 1817 271 1881 erit,
295 1821 556 1890 omnique
585 1823 805 1895 fuligine
853 1824 1079 1894 turpior.
1109 1824 1183 1879 lbi
1206 1825 1354 1895 {ergo
1380 1824 1733 1894 pulchritudi-

142 1922 268 1962 nem
299 1908 597 1979 perfectam
638 1923 730 1969 aut
768 1932 1037 1971 suntnam
1069 1918 1289 1974 habebit
1319 1917 1731 1988 turpitudinem.

771 2009 998 2069 CAPUT
1037 2012 1120 2069 LI.

516 2095 591 2151 De
634 2098 869 2169 agilitate
896 2112 943 2156 et
973 2105 1379 2172 ponderositnte.

206 2182 463 2240 Secunda
509 2203 633 2257 pars
680 2190 1033 2251 beatitudinis
1078 2204 1161 2251 est
1207 2197 1451 2268 agilitas;
1505 2199 1738 2255 miseria:

141 2290 303 2341 vero,
336 2288 578 2346 econtra,
608 2285 1005 2352 ponderositas.
1058 2287 1166 2344 llas
1203 2306 1334 2346 vero
1381 2308 1482 2348 nec
1517 2293 1738 2347 omnino

140 2367 356 2421 habere
382 2383 480 2424 nec
512 2387 699 2426 rursus
741 2373 826 2429 his
867 2375 1028 2432 homo
1076 2388 1251 2448 potest
1279 2379 1490 2448 penitus
1518 2380 1606 2436 hic
1644 2396 1736 2435 ca-

145 2473 291 2512 rere.
331 2458 464 2513 Nam
497 2472 697 2531 quanta
722 2474 816 2531 est
853 2467 1088 2525 hominis
1131 2470 1363 2541 agilitas,
1391 2488 1551 2539 quam
1584 2473 1741 2528 mini-

141 2564 266 2603 mus
297 2564 581 2619 passerum
609 2564 850 2625 superat,
878 2558 1002 2627 quia
1035 2568 1212 2615 tamen
1243 2558 1313 2593 ⁸⁸³
1341 2577 1558 2633 quoquo
1584 2563 1741 2617 modo

140 2654 375 2694 movere
402 2655 459 2696 se
479 2653 675 2712 potest,
692 2661 791 2702 nec
813 2663 1038 2704 summae
1059 2653 1444 2721 punderositati
1468 2652 1742 2724 subjacet?

135 2731 193 2786 in
227 2732 423 2787 futuro
447 2745 625 2792 autem
652 2747 750 2794 aut
774 2740 1012 2811 perfecte
1042 2744 1197 2816 agilis
1225 2746 1352 2812 erit,
1381 2755 1473 2801 aut
1502 2749 1581 2802 sic
1605 2762 1742 2817 pon-

139 2823 379 2881 derosas
408 2837 469 2881 ut
492 2844 555 2884 se
579 2831 798 2887 omnino
834 2849 1051 2890 movere
1081 2852 1187 2891 non
1219 2839 1408 2907 possit.
1441 2838 1545 2893 Sed
1576 2840 1629 2893 in
1655 2838 1742 2893 illa

135 2916 304 2971 beata
347 2918 454 2974 vita
488 2920 769 2989 velocitas,
800 2941 921 2995 qua:
961 2927 1369 2997 pulchritudine
1413 2945 1519 2985 non
1567 2930 1745 2985 minus

142 3020 391 3073 amatur,
445 3021 591 3065 tanta
622 3013 734 3068 'nos
780 3017 1130 3073 comitabitur
1176 3030 1236 3075 ut
1283 3020 1415 3092 ipsis
1442 3020 1645 3092 angelis
1676 3020 1746 3053 ⁸⁸⁸

139 3103 231 3156 Diri
266 3118 430 3172 mque
468 3104 672 3160 celeres
717 3106 888 3163 simus
921 3107 1108 3178 futuri,
1159 3111 1248 3180 qui
1289 3128 1318 3165 a
1356 3112 1495 3168 caelo
1533 3112 1600 3167 ad
1636 3121 1741 3168 ter-
1767 3146 1814 3210 ο

135 3212 257 3251 ram
297 3197 393 3266 ⁸³³,
419 3209 492 3267 et,
520 3215 836 3268 econverso,
868 3204 1010 3259 dicto
1040 3205 1199 3261 citius
1255 3207 1581 3262 dilabuntur.
1611 3208 1741 3276 Qua:

133 3288 431 3355 celeritas,
459 3299 637 3346 utrum
686 3293 755 3347 sit
803 3294 856 3348 in
906 3294 1138 3364 angelis,
1184 3296 1226 3350 si
1265 3298 1480 3366 probari
1518 3314 1741 3356 necesse

136 3392 317 3445 esset,
341 3384 571 3453 exempli
604 3386 797 3455 gratia,
841 3386 943 3442 dici
974 3397 1154 3457 posset
1205 3388 1501 3456 hominem,
1527 3393 1740 3448 mortali

135 3470 332 3525 adhuc
360 3485 522 3526 carne
543 3483 843 3544 gravatum,
884 3491 1005 3529 mox
1050 3492 1080 3530 a
1110 3474 1291 3530 Judaza
1335 3476 1391 3531 in
1436 3479 1739 3537 Chaldazam

136 3577 237 3630 per
260 3560 524 3629 angelum
552 3561 811 3633 delatum,
837 3567 1067 3636 indeque
1110 3570 1309 3624 tradito
1347 3571 1571 3640 prandio
1598 3572 1740 3642 quod

140 3651 453 3720 deferebat,
484 3654 601 3711 sine
624 3672 772 3713 mora
800 3658 1052 3715 relatum.
1076 3660 1218 3732 Ergo
1244 3678 1366 3717 cum
1392 3663 1507 3721 istis
1523 3667 1744 3721 omnino

139 3760 241 3815 par
270 3743 545 3801 velocitas
577 3750 733 3804 nobis
770 3751 874 3805 erit
919 3749 1134 3822 quibus,
1167 3753 1304 3807 sicut
1338 3755 1601 3823 promissa
1636 3767 1742 3822 est,

136 3853 345 3893 eorum
377 3839 656 3909 aequalitas
699 3841 878 3897 inerit.
918 3844 1207 3914 Apostolus
1261 3845 1457 3912 etiam,
1509 3849 1598 3918 qui
1624 3864 1743 3904 cor-

138 3946 288 4002 pora
330 3940 541 3997 nostra,
585 3944 1004 4006 quantacunque
1051 3937 1290 3995 locorum
1345 3941 1745 4013 intercapedine

141 4032 413 4093 separata
461 4028 804 4081 membratim
857 4030 1059 4085 fuerint
1084 4032 1196 4087 sive
1229 4033 1493 4103 dispersa,
1545 4034 1595 4089 in
1638 4036 1743 4090 ictu

143 4116 291 4170 oculi
316 4116 519 4170 asserit
542 4131 933 4188 resurrectura,
957 4125 1089 4179 satis
1105 4124 1276 4179 innuit
1298 4140 1460 4195 quam
1486 4126 1746 4183 velocita-

146 4216 261 4273 tem
320 4211 518 4265 eadem
569 4228 798 4282 corpora
849 4213 1276 4284 incorruptibilia
1326 4216 1435 4270 sint
1478 4217 1746 4271 habitura.

146 4294 514 4367 Corruptibile
551 4301 747 4373 quippe
777 4305 896 4370 liae,
928 4308 1068 4362 sicut
1114 4310 1229 4379 ipse
1279 4318 1530 4374 testatur,
1569 4307 1749 4362 induet

145 4388 628 4461 incorruptionem,
653 4405 699 4448 et
736 4396 956 4452 mortale
977 4399 1074 4453 hoc
1098 4402 1275 4455 induet
1305 4399 1751 4455 immortalitatem

147 4476 200 4546 (Ῐ
247 4480 383 4533 σοι’-
426 4497 515 4544 XV.
572 4483 687 4554 55).
730 4485 900 4558 Hujus
944 4505 1159 4560 quoque
1215 4491 1519 4547 velocitatis
1566 4505 1749 4544 exem-

144 4571 299 4639 plum
360 4572 415 4625 in
460 4574 611 4630 raJio
651 4577 781 4633 Solis
826 4579 950 4636 licet
998 4583 1220 4649 intueri,
1263 4584 1354 4653 qui
1401 4583 1581 4638 statim
1626 4590 1748 4636 orto

146 4661 265 4717 sole
322 4663 380 4717 in
430 4665 581 4737 plaga
630 4670 877 4725 orientali
927 4673 1185 4744 pertingit
1229 4689 1400 4745 usque
1444 4675 1511 4729 ad
1559 4674 1747 4729 ultima

146 4751 414 4822 plagze‘“
427 4757 779 4817 occidentalis
810 4772 870 4816 ut
899 4764 951 4818 in
979 4780 1044 4819 eo
1072 4766 1467 4835 perpendamus
1498 4782 1602 4822 non
1626 4782 1746 4822 esse

149 4845 494 4915 impossibile
512 4851 652 4919 quod
672 4851 735 4908 de
764 4864 949 4909 nostra
972 4856 1204 4912 dicimus
1232 4856 1408 4912 futura
1434 4858 1741 4923 velocitate,

149 4938 469 5006 praesertim
515 4956 637 4997 cum
678 4946 842 5001 rebus
867 4947 1125 5003 animatis
1168 4948 1339 5003 soleat
1370 4948 1545 5002 inesse
1577 4947 1746 5015 major

148 5028 419 5085 velocitas
445 5047 605 5102 quam
635 5035 962 5093 inanimatis.
993 5037 1131 5094 llinc
1152 5039 1315 5093 etiam
1344 5036 1409 5069 “7
1446 5039 1593 5092 radio
1616 5037 1745 5092 salis

149 5127 342 5183 simile
402 5134 713 5215 exentplum
774 5133 1075 5189 velocitatis
1133 5131 1396 5189 habemus
1462 5131 1515 5184 in
1571 5131 1743 5185 nobis.

1836 533 2238 604 palpebrarum,
2287 546 2458 601 usque
2489 531 2557 585 ad
2608 529 2806 585 cmlum
2852 526 3128 598 pertingit,
3172 537 3231 599 et
3277 524 3416 581 ictus
3460 548 3463 552 ⁴

1836 641 2023 680 earum
2069 625 2137 657 ⁸⁸⁸
2167 633 2311 680 totus
2340 625 2393 679 in
2419 630 2592 678 semet
2620 636 2685 677 ae
2730 620 2939 691 integer
2964 618 3121 675 redit.
3146 615 3414 687 Amplius,
3447 665 3451 669 .

1841 722 2057 769 constat
2087 714 2305 786 quidem
2352 714 2563 767 animas
2593 720 2931 774 sanctorum,
2960 724 3082 779 quae
3104 704 3216 776 jam
3245 705 3415 763 cmle-
3446 754 3447 757 η

1836 807 1939 862 stia
1977 815 2183 870 tenent,
2228 806 2459 862 necdum
2491 803 2648 876 plena
2679 802 2935 860 felicitate
2968 800 3097 864 frui,
3128 792 3301 856 donec
3327 797 3412 853 in-
3450 845 3455 849 .

1838 896 2296 967 corruptibilitate
2319 910 2608 967 corporum
2655 908 2877 950 suorum
2907 892 3213 962 potiantur;
3246 905 3415 960 quam

1835 1002 1959 1042 cum
1986 985 2194 1057 adeptas
2240 985 2462 1052 fuerint,
2510 999 2617 1039 non
2647 984 2751 1038 erit
2779 983 2921 1053 quod
2969 981 3198 1052 amplius
3224 978 3411 1037 velint.

1837 1075 1964 1132 Haec
1994 1077 2178 1147 itaque
2198 1091 2453 1147 corpora,
2479 1075 2523 1130 si
2547 1090 2640 1130 eas
2666 1089 2695 1127 a
2719 1088 2817 1128 sua
2841 1071 3125 1128 velocitate
3151 1069 3416 1141 aliquate-

1835 1185 1939 1226 nus
1978 1169 2242 1225 tardiores
2272 1177 2365 1223 aut
2386 1170 2666 1239 graviores
2699 1164 2915 1221 efficere
2941 1162 3226 1228 deberent;
3253 1160 3415 1217 nimio

1839 1276 1956 1314 rum
2002 1273 2198 1315 eorum
2242 1261 2426 1328 potius
2471 1258 2806 1315 consortium
2853 1255 3215 1310 abhorrerent
3250 1266 3412 1321 quam

1836 1362 2172 1427 appeterent.
2205 1352 2369 1423 igitur
2398 1366 2486 1416 ea,
2518 1362 2681 1419 quam
2717 1346 2982 1413 diximus,
3003 1343 3291 1399 velocitate
3315 1343 3414 1396 do-

1837 1447 2043 1502 tabitur
2076 1446 2238 1501 homo
2267 1448 2509 1505 sanctus,
2553 1452 2675 1494 cum
2725 1435 3009 1506 adversm
3043 1433 3212 1488 vitam
3255 1428 3418 1485 fuerit

1838 1537 2158 1592 translatus.
2186 1532 2357 1588 Malus
2383 1544 2515 1586 vero
2540 1536 2690 1583 tanto
2717 1526 3004 1597 poenarum
3032 1522 3271 1594 pondere
3293 1536 3420 1592 prc-

1836 1636 2035 1695 metur,
2059 1635 2119 1680 ut
2143 1639 2242 1680 nec
2274 1623 2461 1693 pedem
2482 1618 2724 1691 quidem,
2744 1615 2829 1671 vel
2860 1630 3073 1683 manus,
3104 1613 3190 1669 vel
3215 1612 3415 1684 aliquid

1838 1720 1918 1775 sui
1942 1718 2186 1788 corporis
2212 1715 2385 1787 possit
2416 1726 2655 1769 movere.
2683 1708 2836 1765 Unde
2862 1719 2917 1765 et
2935 1707 3064 1764 illud
3097 1708 3150 1763 in
3173 1705 3417 1778 Evange—

1766 1789 1809 1848 Β
1832 1813 1908 1869 lio
1932 1830 1946 1868 :
1975 1811 2176 1881 Ligatis
2214 1808 2453 1865 manibus
2478 1816 2527 1862 et
2550 1806 2765 1876 pedibus
2806 1804 2941 1875 ejus,
2988 1802 3173 1857 mittite
3200 1800 3270 1833 “’
3298 1816 3416 1854 eum

1841 1904 1895 1959 in
1919 1905 2157 1959 tenebras
2179 1902 2462 1956 exteriores
2485 1897 2699 1970 (Matth.
2719 1913 2856 1961 χιιι,
2878 1894 2992 1965 25).

2436 1991 2665 2049 CAPUT
2703 1990 2813 2046 ιιι.

2157 2087 2236 2143 De
2265 2086 2574 2159 fortitudine
2621 2092 2670 2139 et
2723 2081 3097 2136 imbecillitate.

1909 2181 2091 2237 Tertia
2117 2196 2244 2251 pars
2268 2177 2614 2239 beatitudinis
2637 2174 2896 2231 fortitudo
2921 2174 3146 2237 dicitur;
3185 2170 3419 2227 miseriae

1841 2287 1991 2336 vero,
2024 2270 2387 2335 imbecillitas,
2440 2283 2560 2339 quae
2608 2267 2658 2323 ei
2689 2266 3000 2337 opponitur.
3035 2263 3140 2320 Sed
3172 2278 3292 2333 qua:
3338 2270 3424 2317 est

1839 2363 2121 2419 hominum
2154 2360 2418 2416 fortitudo
2463 2360 2517 2414 in
2569 2359 2672 2414 hac
2728 2358 2875 2422 vita,
2929 2370 3159 2426 quorum
3206 2353 3421 2424 plenam

1839 2452 2022 2506 navim
2051 2451 2278 2506 echinus
2307 2450 2361 2504 in
2404 2449 2537 2504 mari
2579 2434 2851 2504 retentat?
2886 2446 3019 2514 Quia
3051 2454 3228 2500 tamen
3261 2443 3423 2498 homo

1838 2544 2129 2600 imbecillia
2183 2543 2431 2613 quaedam
2480 2556 2740 2610 superare
2788 2540 2968 2605 valet,
3024 2553 3124 2593 nec
3201 2538 3422 2591 omnino

1842 2637 2199 2694 imbecillitati
2226 2635 2484 2705 subjacet.
2513 2635 2703 2705 Itaque
2746 2647 2846 2689 nec
2890 2630 3258 2688 fortitudinem
3302 2642 3425 2699 per-

1843 2730 2061 2796 fectam,
2077 2744 2177 2783 nec
2191 2743 2456 2784 summam
2481 2727 2569 2781 hic
2585 2726 2746 2780 habet
2761 2722 3207 2779 imbecillitatem.
3228 2720 3424 2774 Verum

1834 2816 2183 2894 praestabunt
2227 2817 2431 2874 viribus
2470 2817 2778 2887 quicunque
2826 2812 3073 2883 supernis
3129 2809 3428 2866 meruerint

1790 2938 1802 2947 ο
1844 2915 2056 2970 civibus
2104 2912 2402 2978 associari,
2460 2911 2516 2966 in
2571 2920 2813 2973 tantum,
2856 2917 2914 2961 ut
2964 2905 3272 2960 nullatenus
3321 2902 3428 2958 illis

1845 3005 2137 3076 quidquam
2170 3003 2432 3059 obsistere
2485 2999 2689 3067 valeat,
2742 2996 2827 3052 vel
2883 2996 2928 3052 si
2984 2992 3249 3076 movendo
3296 2990 3425 3060 quid

1846 3071 1941 3151 aut
1971 3071 2264 3151 e-vertendo
2290 3092 2557 3148 volverint
2574 3106 2602 3144 a
2620 3106 2716 3146 suo
2742 3098 2909 3155 statu,
2932 3082 3061 3156 quin
3085 3071 3230 3139 illico
3246 3074 3420 3138 cedat.

1846 3187 1958 3243 Nec
2007 3187 2060 3241 in
2101 3202 2165 3241 eo
2207 3184 2348 3256 quod
2382 3184 2611 3238 dicimus
2652 3180 2843 3251 majori
2880 3168 3202 3251 laborabunt
3228 3181 3425 3229 conatu

1844 3292 2005 3348 quam
2036 3293 2136 3332 nos
2167 3276 2326 3331 modo
2353 3274 2407 3330 in
2458 3274 2736 3330 oculorqu
2768 3280 3076 3326 nostrarum
3124 3276 3291 3322 motu.
3324 3264 3422 3331 Ne,

1843 3384 2045 3441 qumso,
2078 3367 2374 3424 similitudo
2404 3366 2489 3423 illa
2518 3364 2832 3435 angelorum
2882 3372 3066 3418 nostro
3115 3357 3330 3413 excidat
3358 3355 3428 3411 ab

1845 3468 2025 3521 animo
2051 3476 2212 3534 quam
2245 3462 2489 3532 adepturi
2528 3460 2597 3495 ⁸⁸⁸
2627 3475 2813 3516 sumus
2840 3459 2894 3514 in
2919 3457 3115 3520 futuro,
3137 3457 3428 3524 quatenus,

1845 3560 1889 3615 si
1914 3560 1964 3614 in
1993 3560 2099 3615 hac
2132 3559 2447 3614 fortitudine
2477 3564 2569 3610 aut
2596 3555 2647 3609 in
2676 3553 2759 3608 his
2794 3566 2914 3621 qua:
2958 3548 3155 3604 dicturi
3216 3559 3425 3609 sumus,

1845 3651 2145 3721 exemplum
2164 3651 2228 3682 ιδ’
2247 3665 2349 3705 non
2376 3644 2731 3715 occurrit,vel
2758 3645 2891 3714 ipsa,
2919 3655 3016 3711 per
3038 3654 3199 3708 quam
3222 3634 3430 3706 angelis

1846 3744 2285 3812 aqunabimur,
2338 3741 2404 3795 ad
2472 3755 2535 3794 ca
2598 3733 2998 3805 comprobanda
3070 3729 3258 3799 prosit.
3336 3724 3430 3779 Sic

1846 3836 2011 3905 igitur
2059 3834 2130 3866 ιδ’
2186 3835 2238 3889 in
2288 3833 2485 3904 quibus
2522 3830 2743 3901 angelos
2774 3827 2954 3882 valere
2984 3830 3199 3881 constat
3240 3827 3428 3876 nostra

1849 3924 2237 3981 nihilhominus
2266 3923 2524 3979 fortitudo
2556 3920 2761 3985 valeat;
2790 3918 3060 3972 neminem
3101 3923 3281 3968 autem
3333 3910 3427 3979 qui

1849 4016 1919 4049 ιδ’
1957 4016 2162 4072 dubitet
2215 4025 2342 4085 puta
2397 4013 2634 4070 existere
2681 4008 2901 4080 angelos
2954 4021 3017 4061 ea
3079 4020 3180 4073 qua
3241 4001 3433 4056 volunt

1851 4105 1996 4178 fungi
2030 4104 2366 4161 fortitudine.
2395 4106 2528 4158 Cum
2556 4103 2721 4173 igitur
2767 4097 2972 4155 similes
3018 4096 3099 4151 eis
3147 4092 3427 4154 fuerimus,

1851 4215 2122 4270 nunquam
2162 4197 2543 4253 imbecilliores
2596 4194 2704 4249 illis
2757 4192 2980 4263 erimus.
3035 4187 3142 4242 Sed
3184 4182 3432 4240 fortassis

1836 4294 2057 4362 quaeret
2085 4291 2281 4361 aliquis
2309 4308 2321 4343 :
2355 4288 2493 4355 Quid
2523 4285 2679 4340 nobis
2707 4293 2833 4338 tunc
2860 4281 2948 4337 illa
2980 4278 3241 4334 fortitudo
3286 4288 3423 4346 pra:-

1852 4384 2036 4449 stabit,
2068 4399 2190 4439 cum
2216 4380 2443 4450 singulis
2472 4387 2579 4433 tam
2600 4375 3083 4440 convenienter,nt
3107 4368 3434 4427 convenien-

1857 4478 1961 4532 tius
1984 4483 2276 4546 nequeant,
2297 4473 2499 4543 ubique
2524 4469 2822 4542 dispositis,
2857 4467 2991 4522 nihil
3016 4462 3426 4523 immutandum,

1852 4566 1989 4624 nihil
2036 4565 2375 4631 vertendum,
2401 4561 2536 4618 nihil
2569 4558 2912 4635 statuendum
2952 4557 3023 4611 'sit
3055 4556 3105 4609 in
3142 4568 3247 4622 quo
3290 4549 3435 4604 vires

1852 4677 1977 4717 suas
2042 4660 2163 4730 quis
2214 4672 2471 4714 exercere
2516 4654 2725 4727 possit?
2777 4651 2877 4717 Qui
2930 4650 3046 4704 lucc
3094 4640 3433 4712 dicitpaucis

1850 4759 2128 4814 nobiscum
2174 4756 2301 4827 quid
2333 4754 2386 4809 in
2438 4749 2741 4825 hujusmodi
2774 4746 2969 4802 habeat
3015 4756 3140 4796 usus
3166 4740 3433 4794 humanus

1850 4852 2120 4914 attendat,
2149 4858 2203 4903 et
2229 4846 2431 4902 videbit
2460 4844 2585 4915 quia
2622 4857 2726 4896 non
2753 4852 2965 4907 semper
3012 4831 3262 4887 omnibus
3314 4843 3435 4898 qua:

1850 4942 2113 4997 habemus
2135 4949 2188 4994 et
2218 4954 2338 5009 quae
2367 4952 2465 4991 nos
2512 4935 2712 4989 habere
2757 4944 2863 4984 non
2911 4940 3098 4997 parum
3131 4921 3430 4992 gaudemus

1854 5041 1976 5088 actu
2008 5032 2240 5094 utimur;
2292 5028 2449 5089 sicut,
2478 5023 2626 5078 verbi
2658 5021 2853 5092 gratia,
2882 5018 2995 5087 ipso
3018 5014 3132 5068 visu
3165 5017 3435 5081 potestate

1855 5128 2037 5197 aliqua
2066 5120 2441 5179 nonnullarum
2466 5116 2691 5173 scientia
2720 5129 2923 5179 rerum,
2945 5107 3199 5167 etmultis
3222 5106 3275 5161 in
3290 5105 3432 5191 hunc

1422 5241 1654 5297 VARUE
1689 5239 2097 5300 LECTIONES.

221 5355 303 5430 δὲ’
334 5355 543 5430 Corpus
580 5358 778 5417 Christi
825 5377 905 5417 ms
941 5361 1077 5417 Vict.
1129 5362 1198 5417 t5

151 5428 264 5495 legi
293 5445 401 5484 mss
430 5428 476 5485 et
504 5430 651 5485 Edit.
678 5431 792 5487 Col.
821 5433 1169 5487 meminimus
1313 5433 1383 5465 “’

1303 5362 1371 5395 W
1409 5361 1531 5415 Hzec
1582 5370 1762 5414 autem
1814 5376 1890 5412 ms
1950 5357 2080 5412 Vict.
2113 5364 2162 5409 et
2202 5353 2347 5409 Edit.
2400 5351 2515 5409 Col.
2564 5352 2683 5407 haec
2724 5357 2905 5404 autem

1406 5432 1504 5499 Qui
1533 5440 1710 5486 tamen
1740 5448 1844 5485 mss
1867 5439 1915 5483 et
1946 5427 2095 5483 Edit.
2120 5426 2234 5499 Col.

3015 5347 3085 5380 δι’
3108 5330 3428 5403 Invenimus

2268 5424 2403 5491 Quia
2431 5433 2611 5477 tamen
2698 5490 2711 5491 ί
2756 5420 2828 5453 ⁸³⁸
2861 5419 3049 5487 Angeli
3081 5436 3185 5491 mss
3215 5417 3434 5491 Angelis

154 5488 346 5580 ᾖδ’ᾼό
372 5509 574 5580 terram
602 5520 700 5580 ms
724 5502 868 5580 Vict._
883 5514 931 5559 et
962 5501 1347 5580 Edit._Cgl._ad
1386 5488 1558 5557 tErras
1631 5500 1702 5533 “'
1730 5502 1810 5555 Ad
1824 5500 2080 5580 phimum
2105 5497 2275 5580 plagae
2291 5488 2402 5580 'ms.
2423 5503 2471 5548 et
2503 5493 2647 5549 Edit.
2675 5490 2884 5580 golgad
2909 5492 3094 5580 ultima
3120 5488 3319 5573 plagae

157 5570 306 5624 Huic
329 5571 491 5625 etiam
514 5590 617 5626 mss
650 5574 777 5628 hinc
798 5575 962 5629 etiam

1072 5574 1143 5606 ⁸⁸⁸
1173 5573 1240 5629 Et
1268 5575 1374 5629 ictu
1400 5587 1587 5628 earum
1616 5588 1720 5625 mss
1742 5582 1789 5625 et
1813 5569 1959 5624 Edlt.
1983 5568 2098 5625 Col.
2124 5577 2180 5623 et
2207 5568 2346 5622 ictus
2377 5579 2564 5619 earum

2674 5562 2742 5596 ἰη
2773 5563 2837 5618 Ει
2866 5563 3092 5631 pedibus
3120 5558 3270 5631 ejus.
3302 5558 3430 5616 mil;-

156 5640 263 5693 tite
284 5656 379 5715 ms_
399 5641 534 5696 Vict.
565 5643 794 5715 etAEdit.
821 5643 936 5715 Col.
967 5655 1020 5700 et
1042 5644 1288 5715 pedibus,
1320 5643 1517 5715 mittite
1587 5642 1655 5675 “°
1682 5641 1853 5715 Quam
1879 5640 2112 5715 h_al_)it_u_r_i
2135 5655 2213 5715 ius
2236 5648 2283 5693 et
2315 5634 2460 5715 Edjt.
2489 5634 2619 5715 Col;
2635 5650 2796 5715 quam
2816 5629 3118 5715 adepturi“
3142 5631 3208 5715 ξ’
3234 5629 3433 5715 Sumus

157 5710 470 5783 exemplum
502 5729 579 5767 ms
614 5712 748 5769 Vict.
779 5725 824 5769 et
856 5713 1001 5769 Edit.
1036 5710 1149 5769 (fol.
1186 5731 1373 5771 sumus
1403 5714 1469 5767 ad
1497 5712 1801 5783 exemplum

1910 5712 1979 5743 δι”
2010 5709 2066 5766 Si
2094 5710 2257 5779 igitur
2283 5726 2360 5764 ms
2389 5706 2523 5763 Vict.
2558 5706 2622 5764 l5
2653 5698 2731 5763 Sic
2759 5698 2940 5777 igitur'
3049 5700 3118 5736 m
3152 5698 3433 5758 Fortitudo

158 5778 370 5837 valebit
397 5785 687 5855 neminem,
714 5787 800 5856 qui
831 5804 933 5841 mss
958 5797 1005 5841 et
1039 5784 1184 5841 Edit.
1217 5785 1330 5842 Col.
1355 5784 1613 5844 fortitudo
1643 5778 1845 5852 valeat;
1879 5778 2151 5839 neminem
2181 5789 2389 5850 autem,
2416 5780 2508 5851 qui
