3904 6306
76 292 187 353 853

1083 293 1211 349 ΜΒ.
1248 293 1334 350 DE
1371 297 1430 350 S.
1473 294 1784 351 ANSELMI
1822 288 2414 353 SIMILITUDINIBI’S.

3242 298 3355 357 ’ὓδῦ

80 410 274 465 modo.
301 406 536 464 Credere
561 415 741 465 tamen
773 413 826 462 et
856 406 1254 476 incunctanter,
1291 415 1350 463 ut
1377 423 1495 463 mea
1544 409 1665 479 qui-
1702 419 1747 474 Α
1780 420 1893 479 tur,
1935 428 2039 466 non
2095 412 2273 478 video,
2322 410 2425 466 nisi
2470 411 2613 466 forte
2658 410 2785 467 illud
2812 425 3038 482 agamus
3075 409 3146 445 ⁸η
3173 411 3355 485 aiiqua

82 503 208 556 dem
236 499 344 553 fert
372 500 579 570 opinio,
600 510 847 555 astruere
868 499 1300 556 licetsanitatem
1334 502 1459 556 vita:
1480 500 1675 558 futura:

83 591 163 646 ita
202 590 413 659 iugem,
470 598 525 644 et
563 589 956 645 immutabilem
1007 606 1071 645 ac
1116 590 1429 646 inviolatam
1460 593 1574 648 fore
1617 604 1676 650 ut

84 681 348 738 ineffabili
374 683 606 751 quadam
647 682 1255 739 dtdcediue'suavitatis
1296 693 1465 739 totum
1500 686 1675 741 homi-

80 790 215 830 nem
248 775 474 845 repleat,
503 783 555 829 et
587 790 747 830 omne
768 777 912 844 quod
941 775 1170 844 alicujus
1205 777 1257 831 in
1304 792 1363 832 se
1402 779 1677 833 vicissitu-

85 866 254 931 dinis,
304 867 683 921 mutabilitatis
718 867 826 932 t‘“,
893 878 986 922 aut
1033 868 1275 923 hesionis
1311 869 1674 939 suspicionem

83 958 428 1028 praetendere
455 967 644 1026 queat,
672 955 857 1026 procul
886 968 1071 1011 arceat
1096 968 1261 1028 atque
1305 958 1553 1027 repellat.
1585 960 1677 1016 Sic

76 1050 257 1119 igitur
270 1047 455 1118 justus
475 1049 581 1115 erit
612 1064 798 1103 sanus.
838 1049 906 1101 At
929 1049 1375 1119 veroquemlibet
1411 1049 1676 1118 iniustum

87 1149 239 1195 tanta
272 1141 344 1195 ibi
372 1140 689 1194 infirmitate
718 1140 861 1195 scias
886 1139 1153 1195 inﬁrmari
1180 1150 1239 1195 ut
1267 1133 1678 1211 nullopostmo-

86 1234 217 1287 dum
244 1233 609 1289 medicamine
634 1233 1106 1303 queatmetlicari.

699 1321 925 1379 CAPUT
961 1324 1071 1379 LV.

491 1414 565 1469 De
609 1415 871 1486 voluptate
911 1427 958 1470 et
999 1417 1283 1471 anxietate.

156 1506 328 1562 Sexta
354 1522 481 1577 pars
500 1507 855 1565 beatitudinis
876 1517 959 1561 est
984 1506 1257 1577 voluptas;
1283 1505 1516 1564 miseria:
1529 1520 1676 1576 vero,

84 1600 361 1655 anxietas.
392 1599 537 1653 lllam
567 1599 813 1653 homines
846 1607 1129 1668 appetunt,
1162 1600 1307 1655 hanc
1352 1614 1484 1655 vero
1532 1598 1677 1654 refu-

87 1693 267 1762 giunt.
302 1690 528 1753 Verum,
559 1705 681 1744 eum
718 1705 838 1745 eam
874 1690 925 1744 in
955 1690 1060 1746 hac
1101 1692 1211 1745 vita
1245 1702 1515 1760 quaerunt,
1571 1705 1676 1745 non

1772 505 2047 560 contraria
2096 503 2453 558 similitudine
2495 518 2709 571 magnae
2762 503 3018 570 miseriae,
3074 519 3236 574 quam
3289 521 3358 563 ex

1774 598 1969 653 minori
2000 599 2371 668 conjectamus
2398 596 2489 652 ⁸⁷⁸.
2524 597 2608 652 Sit
2638 597 2802 667 igitur
2823 608 2947 651 ante
2968 598 3153 654 oculos
3172 600 3359 655 cordis

1776 691 2000 760 positus,
2037 690 2264 760 exempli
2307 705 2493 754 causa,
2547 691 2708 745 homo
2761 690 2976 760 aliquis,
3024 692 3115 761 qnl
3148 700 3261 746 tam
3299 691 3354 745 iu

1738 816 1739 819 η
1776 780 2210 852 ἰρςίεηορυιοῐυῐη
2242 793 2461 833 suorum
2498 779 2711 849 pupillis
2736 795 2895 848 qutun
2939 788 2993 833 et
3041 780 3093 833 in
3128 779 3357 850 singulis

1777 868 2035 923 membris
2064 870 2285 923 ferrum
2322 868 2575 938 ignitum,
2624 876 2675 921 et
2718 869 2955 923 candens
3004 869 3228 922 inﬁxum
3260 870 3357 923 ha-

1777 963 1934 1026 beat,
1950 964 2021 1016 ita
2052 972 2112 1015 ut
2135 974 2238 1017 nee
2268 962 2531 1026 medullae,
2557 974 2666 1016 'nec
2696 962 2972 1027 intestina,
3004 966 3104 1017 nec
3135 967 3357 1019 omnino

1775 1052 2068 1122 quidquam
2100 1050 2156 1104 in
2187 1054 2299 1105 toto
2345 1049 2460 1120 ipso
2486 1050 2558 1104 sit
2584 1049 2725 1119 quod
2758 1050 2900 1104 illius
2937 1052 3210 1106 cruciatus
3254 1051 3357 1106 int-

1740 1195 1747 1201 .
1778 1142 2043 1199 uanitate
2065 1152 2273 1205 careat,
2289 1142 2385 1195 vel
2407 1157 2526 1196 eam
2550 1140 2719 1195 levius
2740 1150 2906 1210 quam
2923 1152 2933 1159 '
2953 1142 3356 1197 inl'ocuiis'mﬁ-

1777 1241 2046 1303 quatenus
2070 1233 2291 1288 sentiat.
2316 1232 2453 1299 Quid
2477 1233 2652 1286 dicam
2669 1232 3040 1301 angustiaturl?
3057 1231 3188 1298 Quis
3213 1234 3358 1287 hunc

1778 1328 2007 1382 mstimet
2033 1326 2545 1382 essesanaa‘ntentis
2570 1325 2711 1380 inter
2739 1326 2880 1379 ista?
2921 1326 3120 1380 Eodem
3176 1327 3354 1387 modo,

1778 1418 1872 1472 sed
1899 1417 2114 1486 penitus
2137 1416 2410 1471 contraria
2459 1414 2920 1482 consideratione,
2953 1414 3006 1469 in
3048 1416 3139 1469 illa
3178 1414 3358 1469 futura

1779 1511 1890 1564 vita
1922 1509 2209 1564 delectatio
2237 1508 2485 1578 quaedam
2526 1506 2816 1561 ineii‘abilis
2842 1507 3012 1562 bonos
3046 1507 3359 1572 inebriabit,

1779 1607 1836 1655 et
1862 1597 2228 1654 inaestimabili
2253 1597 2535 1652 dulcedine
2559 1596 2642 1650 sui
2695 1604 2838 1650 totos
2866 1610 2961 1650 eos
3010 1596 3358 1649 inenarrabili

1780 1690 2111 1748 exundantia
2138 1688 2375 1744 satiabit.
2406 1688 2545 1754 Quid
2571 1687 2681 1741 dixi
2724 1687 2902 1742 totos?
2946 1685 3121 1751 Oculi,
3174 1700 3359 1749 aures,

88 1761 192 1836 nisi
222 1795 325 1848 per
374 1781 704 1834 anxietatem
743 1780 987 1834 invenire
1030 1790 1275 1851 possunt.
1317 1781 1561 1849 Cumque
1609 1780 1676 1833 ad
1710 1761 1752 1819 Β
1783 1798 1964 1847 nares,
2005 1796 2090 1845 os,
2118 1795 2331 1845 manus,
2351 1780 2535 1851 pedes,
2561 1788 2763 1850 guttur,
2797 1793 2910 1840 cor,
2946 1776 3119 1846 jecur,
3154 1777 3361 1846 pulmo,

86 1873 137 1927 id
197 1874 551 1943 pervenerint
599 1873 741 1943 quod
794 1873 1125 1943 voluptatem
1170 1883 1383 1944 putant,
1436 1873 1676 1929 nonnisi

86 1961 393 2017 laborando
423 1964 613 2017 eodem
647 1962 852 2032 perfrui
903 1964 1101 2018 valent.
1136 1963 1289 2030 Quod
1332 1964 1380 2019 si
1410 1964 1571 2017 etiam
1607 1964 1677 1997 "°

88 2052 169 2106 usi
202 2051 410 2105 fuerint
437 2052 869 2120 immoderatius,
899 2070 1088 2109 rursus
1114 2056 1196 2110 eis
1244 2055 1298 2109 in
1350 2054 1678 2109 anxietatem

87 2141 329 2195 vertitur
357 2140 449 2196 ⁸⁷⁸.
480 2142 615 2209 Quia
664 2152 843 2198 tamen
882 2145 936 2197 in
963 2160 1028 2199 eo
1053 2144 1505 2213 qualitercunque
1536 2144 1685 2199 dele-

86 2240 345 2296 ctantur,
413 2244 515 2287 nec
568 2233 932 2288 omnimodam
995 2233 1329 2289 anxietatem
1376 2234 1679 2303 patiuntur.

87 2324 219 2378 I’ost
245 2322 391 2377 hanc
419 2338 550 2377 vero
580 2324 770 2390 vitam,
806 2334 901 2379 aut
945 2325 1000 2380 iu
1051 2326 1362 2381 omnimoda
1405 2324 1684 2396 voluptate

89 2422 256 2469 erunt
280 2414 372 2481 δ”,
405 2424 499 2468 aut
521 2415 741 2469 oumino
767 2416 1116 2485 replebttntur
1139 2418 1437 2473 anxietate.

688 2506 913 2563 CAPUT
947 2507 1084 2563 LVI.

560 2597 866 2653 Similitudo
889 2599 1027 2661 ferri
1046 2599 1217 2669 igniti.

161 2688 329 2745 Sicut
353 2689 497 2744 enim
532 2688 737 2744 ferrum
769 2689 995 2758 ignitum
1037 2702 1359 2760 quacunque
1409 2690 1490 2744 sui
1530 2697 1685 2760 parte

91 2783 345 2837 continet
374 2781 589 2852 ignem,
637 2781 717 2835 sic
769 2780 822 2834 in
871 2796 931 2836 se
976 2781 1102 2836 boui
1146 2780 1502 2850 voluptatem,
1558 2779 1685 2834 mali

92 2888 232 2928 vero
288 2873 524 2927 sentient
580 2871 934 2926 anxietatem.
988 2871 1142 2927 Hauc
1192 2887 1320 2929 vero
1355 2871 1687 2943 voluptatem

92 2966 377 3021 neminem
419 2965 475 3019 in
530 2963 632 3020 hac
685 2964 1015 3019 mortalitate
1067 2964 1343 3020 viventem
1386 2980 1506 3019 esse
1556 2975 1686 3035 puto

90 3057 175 3111 vel
219 3056 388 3110 fuisse
426 3056 516 3125 qui
565 3070 709 3120 eam,
746 3066 807 3110 ut
834 3066 918 3112 est
945 3056 1038 3122 "',
1063 3057 1297 3112 senserit
1327 3055 1410 3111 vel
1433 3066 1686 3126 gustave-

91 3151 194 3215 rit,
229 3159 287 3203 ut
311 3149 454 3205 illius
481 3164 730 3220 saporem
758 3148 844 3205 vel
871 3150 1241 3206 habitudinem
1262 3148 1384 3207 aliis
1407 3148 1685 3209 declarare

90 3245 296 3315 possit.

636 3334 864 3392 CAPUT
900 3336 1035 3393 LVII
1061 3337 1153 3393 ⁸⁷⁵.

238 3430 326 3485 De
340 3430 543 3485 duabus
555 3429 960 3485 beatitudinibus
975 3430 1287 3501 totidemque
1297 3429 1542 3483 miseriis.

166 3525 438 3579 Dicamus
488 3533 667 3576 tamen
712 3522 914 3592 aliquid
976 3522 1045 3577 ad
1094 3522 1234 3577 hanc
1281 3520 1685 3577 declarandam.

97 3617 364 3671 Dicamus
400 3614 533 3669 duas
572 3614 936 3670 beatitudiues
987 3622 1044 3668 et
1090 3614 1220 3669 item
1267 3613 1518 3668 miserias
1569 3627 1689 3669 esse

96 3710 260 3772 duas,
298 3706 556 3773 majorem
587 3704 839 3761 videlicet
882 3714 1045 3774 atque
1075 3707 1361 3761 minorem.
1409 3703 1686 3773 lliajorem,

96 3815 335 3871 regnum
365 3797 493 3864 Dei;
544 3797 808 3852 minorem
853 3811 1007 3863 vero,
1060 3797 1116 3851 in
1162 3811 1269 3867 qua
1296 3797 1469 3850 Adam
1514 3793 1694 3849 fuerat

95 3894 287 3961 primo
322 3888 551 3958 positus,
580 3888 811 3957 paradisi
842 3887 1096 3957 gaudium
1133 3887 1388 3943 dicimus.
1418 3887 1552 3942 Item
1577 3901 1692 3941 ma-

92 3983 279 4053 jorem
314 3983 612 4048 miseriam,
671 3990 932 4036 aaternum
980 3982 1157 4051 ignem
1198 3981 1694 4053 gehennam-mino-

98 4093 214 4132 rem
248 4084 460 4139 autem,
488 4089 757 4129 zerumnas
783 4075 1016 4129 fatemur
1041 4076 1165 4129 vita:
1199 4076 1508 4146 praesentis.
1534 4091 1694 4145 quas,

96 4170 225 4225 dum
286 4166 550 4235 vivimus,
602 4165 939 4223 incessanter
990 4167 1246 4237 patimur.
1299 4167 1694 4222 Beatitudinem

97 4262 311 4330 quippe
334 4268 581 4313 neutram
605 4258 892 4328 aliquando
937 4260 1146 4329 experti
1193 4273 1399 4313 sumus.
1446 4258 1599 4325 Quod
1648 4258 1693 4311 si

100 4352 303 4410 saltem
338 4350 483 4405 illam
506 4365 726 4420 parvam
768 4349 1157 4407 beatitudinem
1199 4365 1362 4420 quam
1408 4350 1584 4405 Adam
1640 4348 1694 4403 in

1779 1891 1927 1940 ossa,
1972 1873 2245 1941 medullae,
2277 1881 2398 1927 exta
2427 1873 2591 1926 etiam
2621 1871 2691 1903 ‘"
2722 1871 2860 1939 ipsa,
2895 1879 2949 1924 et
2970 1878 3161 1923 cunt-ta
3207 1868 3360 1939 sigil-

1781 1969 1933 2024 latim
1964 1967 2283 2037 singulaque
2308 1964 2550 2021 membra
2580 1978 2789 2027 eorum,
2833 1964 2886 2018 in
2927 1962 3215 2018 communi.
3251 1972 3359 2016 tam

1781 2059 2015 2115 mirabili
2044 2057 2420 2114 delectationis
2448 2055 2833 2112 etdulcedinis
2862 2071 3020 2110 sensu
3070 2054 3360 2125 replebun-

1787 2158 1875 2205 tur
1902 2159 1961 2204 ut
1989 2164 2118 2205 vere
2141 2157 2285 2203 totus
2319 2147 2480 2201 homo
2501 2147 2567 2201 de
2592 2155 2836 2201 torrente
2853 2145 2925 2178 ⁸⁸⁸
2963 2134 3255 2214 voluptatis
3270 2144 3360 2199 Dei

1782 2250 1999 2313 potetur
2030 2241 2175 2296 etab
2199 2239 2446 2294 ubertate
2471 2237 2663 2292 domus
2688 2236 2827 2305 ejus
2855 2236 3149 2291 inebrietur
3185 2233 3358 2306 (Psat.

1786 2349 1950 2394 xxxv.
1968 2334 2045 2400 9).
2072 2331 2272 2386 Verum
2306 2345 2337 2385 e
2353 2328 2721 2396 contrario,ut
2744 2328 2945 2382 dictum
2965 2337 3072 2393 est,
3092 2327 3365 2382 credimus

1786 2426 1850 2480 de
1881 2423 2099 2491 injusto.

2347 2510 2575 2567 CAPUT
2613 2508 2793 2564 LVIII.

2085 2602 2162 2657 De
2191 2600 2523 2672 longaevitati:
2557 2611 2606 2655 et
2636 2602 2755 2655 vita:
2785 2599 3053 2655 brevitate.

1857 2697 2098 2767 Septima
2129 2710 2256 2765 pars
2278 2693 2625 2748 beatitudinis
2653 2700 2736 2747 est
2765 2692 3106 2761 longam-itas;
3134 2687 3369 2744 miserim

1785 2806 1939 2857 vero,
1971 2790 2095 2844 vitae
2123 2786 2382 2842 brevitas.
2419 2783 2512 2839 Illa
2546 2783 2935 2840 beatitudinem
2966 2779 3233 2849 corporis,
3254 2780 3370 2832 haec

1785 2889 1968 2937 autem
2013 2877 2285 2934 miseriam
2338 2874 2566 2946 perficit.
2604 2873 2756 2928 Tunc
2790 2872 2934 2927 enim
2971 2871 3204 2940 primum
3232 2883 3372 2938 prae-

1787 2974 1960 3030 dictas
2004 2967 2356 3026 beatitudinis
2408 2974 2592 3035 partes
2641 2978 2838 3032 corpus
2898 2961 3097 3016 habere
3167 2968 3368 3028 potest,

1786 3081 1911 3121 cum
1940 3078 2036 3119 eas
2056 3061 2149 3119 diu
2178 3059 2412 3116 retinere
2435 3055 2599 3111 valet.
2630 3055 2762 3109 Nam
2790 3054 2835 3109 si
2860 3067 2954 3107 eas
2982 3066 3173 3105 omnes
3202 3048 3371 3104 babe-

1793 3164 1877 3214 ret
1906 3162 1965 3211 et
1990 3154 2175 3210 statim
2206 3149 2487 3204 moriendo
2515 3146 2813 3209 amitteret,
2836 3143 2966 3214 quid
2992 3157 3087 3197 eas
3114 3140 3216 3195 sibi
3271 3140 3370 3194 ha-

1791 3246 1972 3304 buisse
2002 3240 2403 3315 prodesset?At
2432 3237 2829 3306 longaevitatem
2854 3232 3055 3288 habere
3078 3230 3373 3301 perfectam

1789 3355 1899 3410 non
1929 3343 2107 3408 potest
2130 3332 2221 3404 qui
2253 3329 2544 3401 aliquando
2593 3326 2889 3382 moriturus
2937 3330 3041 3376 est.
3070 3320 3374 3387 Quantum-

1789 3407 2097 3486 lihetcuim
2120 3426 2267 3480 vivat
2288 3423 2510 3488 diutius,
2539 3417 2809 3474 somnium
2833 3414 2903 3446 ⁸⁷⁸
2932 3414 3033 3468 sibi
3061 3425 3180 3466 esse
3229 3407 3375 3462 vide-

1793 3533 1879 3578 tur
1899 3519 2043 3591 quod
2070 3516 2228 3581 vixit,
2254 3529 2375 3571 cum
2401 3511 2651 3567 moritur.
2682 3508 2799 3563 Non
2827 3521 2955 3575 ergo
2978 3501 3376 3573 longaevitatent

1792 3617 1953 3672 homo
1982 3612 2070 3668 hic
2100 3611 2284 3673 habet,
2318 3607 2406 3662 ubi
2429 3606 2754 3676 quandoque
2786 3599 3082 3655 moriturus
3125 3602 3228 3652 est.
3273 3592 3372 3659 Qui

1794 3718 1996 3771 tamen,
2028 3702 2156 3773 quia
2190 3700 2329 3755 mori
2378 3697 2542 3753 citius
2572 3705 2773 3766 posset,
2814 3708 2915 3747 nec
2958 3690 3124 3745 vitam
3156 3684 3379 3740 omnino

1793 3800 2012 3855 brevem
2042 3794 2129 3849 hic
2173 3792 2370 3855 habet;
2431 3790 2484 3843 in
2522 3787 2706 3843 futuro
2763 3794 2942 3838 autem
2993 3789 3087 3835 aut
3136 3776 3380 3845 longissi-

1795 3904 1960 3954 mam,
1988 3893 2084 3940 aut
2113 3882 2279 3938 vitam
2311 3879 2527 3934 habebit
2554 3876 2953 3931 brevissimam.
2987 3871 3043 3924 Si
3070 3868 3216 3922 enim
3240 3864 3379 3919 bene

1795 3980 1992 4035 vixerit
2047 3989 2217 4041 nunc,
2281 3981 2409 4025 tunc
2457 3969 2600 4022 vivet
2650 3974 2912 4037 quantum
2948 3971 3002 4017 et
3050 3962 3210 4023 Dens,
3250 3956 3381 4026 quia

1796 4074 2059 4143 scriptum
2104 4081 2190 4124 est
2237 4067 2308 4099 ⁸⁸⁸
2338 4083 2352 4118 :
2384 4062 2529 4119 Iusti
2565 4071 2744 4114 autem
2788 4059 2843 4113 in
2883 4065 3183 4128 perpetuum
3216 4051 3377 4106 rivent

1796 4140 2020 4234 (δηίων,
2054 4158 2164 4229 16).
2197 4156 2255 4211 Si
2277 4169 2408 4211 vero
2435 4150 2574 4206 male
2596 4149 2812 4213 vixerit,
2837 4164 2942 4203 non
2975 4144 3075 4199 nisi
3100 4140 3386 4211 moriendo

1798 4233 1978 4307 vivere
2007 4260 2133 4305 tunc
2158 4247 2375 4319 poterit.
2415 4244 2555 4301 Nihil
2602 4257 2732 4313 ergo
2784 4238 3005 4296 brevius
3029 4236 3118 4291 illa
3145 4233 3214 4265 ⁸⁸⁸
3252 4233 3384 4296 vita,

1798 4344 1884 4399 cui
1918 4357 2064 4397 mors
2091 4340 2253 4395 fuerit
2276 4353 2492 4407 semper
2515 4335 2728 4406 juncta.
2763 4332 2917 4386 Nunc
2967 4338 3148 4383 autem
3192 4333 3391 4380 notam

100 4440 372 4511 paradiso
398 4418 604 4509 positus
654 4438 844 4494 habuit
883 4439 1095 4510 experti
1141 4418 1403 4504 essettnus,
1430 4436 1571 4493 forte
1601 4452 1698 4507 per
1731 4471 1775 4527 Β
1800 4436 1926 4491 dum
1957 4434 2081 4504 quia
2109 4439 2313 4502 septem
2350 4427 2622 4500 praedicta:
2662 4422 3015 4480 beatitudinis
3047 4418 3387 4485 miseriaeque

102 4533 248 4588 hanc
278 4531 426 4585 illam
457 4530 714 4601 majorem
742 4530 925 4600 aliquo
949 4529 1109 4585 modo
1136 4530 1492 4601 conjectando
1514 4529 1699 4585 videre

101 4640 423 4697 possemus,
448 4624 591 4678 sicut
627 4623 837 4678 nuncin
864 4622 1060 4677 minori
1094 4622 1310 4677 miseria
1343 4622 1477 4688 nati,
1509 4621 1700 4675 nutriti

104 4728 157 4773 et
179 4717 383 4781 adulti,
415 4715 584 4770 multa
606 4715 673 4771 de
698 4714 887 4785 majori
918 4714 1157 4789 miseria,
1180 4714 1394 4782 quoties
1423 4713 1695 4777 volumus,

109 4809 334 4864 edicere
365 4818 421 4862 et
459 4808 751 4877 explanare
782 4805 1046 4861 valemus.
1073 4806 1258 4877 Itaque
1279 4822 1401 4860 cum
1427 4806 1699 4873 voluptas,

107 4902 174 4956 de
221 4916 335 4970 qua
381 4890 624 4971 agimus,
672 4908 883 4955 constet
920 4912 1041 4953 esse
1084 4913 1191 4953 una
1248 4897 1423 4966 portio
1473 4912 1701 4951 suuunze

105 4990 488 5057 beatitudinis,
515 5006 621 5061 quo
653 4991 798 5047 illam
832 4991 992 5047 modo
1023 4988 1379 5057 explicemus,
1427 4996 1485 5041 ut
1519 4987 1700 5057 capia-

1800 4536 1981 4599 partes
2003 4525 2069 4578 ad
2092 4538 2289 4592 corpus
2311 4520 2614 4592 pertinent;
2646 4527 2861 4573 caeteras
2914 4530 3064 4577 vero,
3117 4525 3238 4581 qua:
3299 4521 3388 4561 εει

1804 4627 2070 4691 quuntur,
2088 4616 2155 4671 ad
2170 4616 2427 4670 animam.

2385 4702 2609 4760 CAPUT
2657 4701 2794 4757 LIX.

2197 4794 2271 4848 De
2309 4796 2568 4864 sapientia
2598 4805 2644 4848 et
2677 4791 2998 4861 insipientia.

1875 4894 2074 4950 Oetava
2114 4889 2295 4956 itaque
2321 4906 2446 4961 pars
2492 4884 2846 4943 beatitudinis
2891 4881 2958 4936 ad
2998 4878 3234 4934 animam
3263 4888 3387 4945 pera

1810 4988 2029 5041 tinentis
2061 4988 2131 5019 ⁸⁸⁸
2160 4999 2244 5043 est
2270 4981 2570 5045 sapientia;
2604 4976 2837 5033 miseriae
2860 4986 3013 5036 vero,
3057 4964 3383 5024 insipientia.

1406 5121 1637 5185 VARUE
1659 5121 2059 5183 LECTIONES.

182 5266 257 5298 ⁸⁸⁸
284 5260 1261 5326 Vicissitudinis.immutabililatisms
1283 5257 1420 5326 Vict.
1436 5267 1483 5310 et
1504 5249 2192 5326 lidiuflol.vicissitudinis2
2210 5242 2589 5326 mutabilitatis
2657 5238 2727 5326 "f
2744 5228 3389 5326 Οιιο,ξῖςξῖῆηξ[ξι-ἥξριξξξξξ

111 5336 156 5392 si
175 5308 503 5393 etiam"???
510 5308 1299 5391 i’éiiﬁ'dFiIJXfi'iiiiis
1327 5308 1693 5383 aranea.
1713 5308 2045 5393 convertittllf
2118 5308 2196 5393 "ﬁ
2220 5319 2324 5371 Aul.
2362 5317 2414 5370 in
2445 5310 2752 5393 οιιιιιὶιξῖίέἀέ
2786 5309 3058 5393 Υοηψεθφ
3085 5308 3395 5393 ῩΪΡἾΞιΡἿΞ

787 5377 1219 5477 Erasini}:
1238 5377 1548 5477 diditxiél.‘
1574 5377 2082 5477 aut‘inpmnimoda
2116 5388 2388 5477 voluptate
2414 5394 2539 5477 sunt
2708 5380 2808 5477 Qui
2836 5395 2959 5477 e321
2963 5380 3321 5477 PIII‘IMCASIOZZS;
3328 5377 3391 5477 1ςέ

116 5476 266 5545 fidit:
309 5473 422 5530 Col.
450 5478 541 5545 qui
572 5473 937 5545 eam,_utest,

113 5563 196 5599 ms
227 5543 366 5601 Vict.
398 5558 444 5599 et
469 5543 612 5599 Edit.
639 5543 753 5600 Col.
786 5544 922 5599 forte
954 5544 1080 5597 illud
1112 5558 1335 5612 agamus

116 5632 226 5670 mss
261 5627 385 5673 exta
419 5617 580 5671 etiam

119 5688 341 5740 somnia
369 5687 467 5740 sibi
495 5703 569 5740 ms
610 5683 745 5739 Vict.
784 5685 849 5738 15
878 5700 1124 5740 somnum
1153 5683 1261 5738 sibi

1051 5452 1121 5503 ὦ
1156 5452 1218 5525 1};
1248 5452 1323 5522 ius
1455 5465 1629 5523 Germ.
1656 5465 1719 5517 Α.
1754 5465 1802 5517 l.
1828 5464 2085 5531 integrum
2127 5452 2438 5532 [resiliat-uit.
2481 5452 2736 5532 oittiltitttr
2861 5452 3295 5532 "'Jﬂqlﬁfﬁﬂﬂ

1407 5514 2046 5606 viCdiljééiuimimsfms
2077 5542 2123 5584 et
2166 5530 2308 5606 Edit.
2346 5514 2459 5580 Coi.
2500 5521 2865 5606 coztjectna't‘nus
2907 5515 3005 5601 ,⁸⁷⁷
3036 5514 3395 5606 Extra-etiam

688 5578 759 5647 Ii;
974 5578 1335 5667 331333331:
1349 5613 1444 5664 »ηδ’
1466 5578 1844 5661 VicilJthVEdit.
1874 5578 1990 5656 Col.
2026 5600 2277 5675 liOttio_tle
2306 5602 2546 5675 torrente
2575 5578 2615 5675 .’
2636 5592 2706 5623 ⁸⁷⁸
2737 5578 3391 5675 .So‘muium‘sibi‘g‘tsgig

1361 5679 1431 5712 ⁸⁸⁰
1464 5676 1615 5734 Unde
1654 5675 1913 5741 scriptum
1958 5681 2041 5727 cst.
2081 5687 2157 5724 ms
2196 5667 2335 5743 Vict.
2390 5666 2456 5722 I5
2499 5663 2622 5743 quia
2657 5663 2916 5743 scriptum
2952 5663 3036 5743 est

2861 5447 2931 5481 ⁵⁷⁸
2963 5445 3124 5500 Forte
3169 5453 3395 5510 agamus

3142 5651 3213 5683 ⁸⁸⁸
3247 5646 3391 5703 Nihil

119 5716 341 5740 WIIIIII-t
369 5716 467 5740 διιη
495 5716 568 5740 ma
619 5716 745 5739 1m.
789 5716 849 5738 ιυ
878 5716 1124 5740 δυιιιιιιηιι
1153 5716 1251 5738 οιυι
1468 5716 1615 5734 υιιιιυ
1654 5716 1913 5741 canym...
1960 5716 2041 5727 νυ-
2081 5716 2156 5724 η--
2204 5716 2213 5723 .
2244 5716 2334 5722 .-η
2394 5716 2448 5722 _-
2504 5716 2621 5743 τίη
2662 5716 2705 5718 κ-
2884 5731 2895 5741 .
3196 5721 3205 5730 .
3345 5716 3357 5728 ,

118 5754 349 5813 brevius
375 5758 458 5812 illa
480 5774 583 5811 mss
606 5768 649 5810 et
679 5755 823 5810 Edit.
851 5756 966 5811 Col.
999 5754 1129 5813 nihil
1151 5768 1276 5822 ergo
1295 5751 1510 5809 brevius
1544 5748 1628 5803 illa
1693 5746 1762 5779 ⁸⁸³
1802 5746 1881 5802 Ad
1913 5744 2147 5800 animum
2174 5739 2537 5811 prrtineusms
2567 5734 2628 5789 Α.
2658 5734 2679 5787 l
2720 5716 2785 5787 ad
2811 5742 3043 5786 annnam
3072 5724 3397 5794 pertinentis
