4002 6308
516 309 627 367 ‘38

1528 297 1834 363 EADMERI
1874 293 2181 358 MONACIII
2222 293 2778 352 CANTUARIENSIS

3705 294 3802 351 326

518 417 674 479 Illam
703 416 1145 485 baberehacque
1178 428 1367 469 carere
1422 428 1481 469 se
1535 413 1697 468 homo
1753 411 2011 471 a2stimat,
2058 408 2102 462 si
2136 410 2180 469 Λ
2211 407 2307 474 tia,
2360 407 2517 478 plena
2569 408 2835 479 remissio,
2892 423 3087 466 secura
3148 413 3392 468 omnium
3439 412 3803 472 offensionum

518 511 651 581 quid
682 507 964 581 agnoverit
993 506 1137 577 quod
1163 504 1300 561 alius
1322 504 1548 559 nesciat.
1589 503 1696 559 Sed
1716 520 1837 575 qua:
1868 512 1949 559 est
1988 502 2107 573 ejus

519 602 783 673 sapientia
813 598 1172 679 qui’seipsum
1205 597 1451 669 ignorat?
1495 596 1629 664 Quis
1676 597 1821 653 enim
1871 594 2109 667 perfecte

520 707 816 763 agnoscere
877 689 1054 745 valeat
1103 688 1405 759 cujusmodi
1455 703 1543 743 res
1591 687 1659 743 sit
1712 689 1895 743 anima
1968 686 2109 741 sua?

519 782 723 851 Quisve
762 781 915 837 novit
947 780 1106 851 quale
1164 780 1239 835 sit
1293 795 1492 851 corpus
1548 779 1667 849 ejus
1716 780 1968 844 interius,
2022 779 2107 834 vel

518 874 678 945 quale
704 874 997 945 posterius,
1031 872 1111 927 vel
1142 873 1308 928 etiam
1330 874 1608 931 exterius?
1653 873 1791 941 Quia
1835 882 2014 927 tamen
2053 880 2109 927 et

520 982 585 1025 se
624 976 681 1023 et
731 966 842 1021 alia
900 981 1118 1036 quoquo
1164 966 1326 1021 modo
1370 981 1701 1037 cognoscere
1746 974 1956 1037 potest,
1999 978 2106 1020 non

518 1057 747 1129 omnino
774 1056 1036 1126 insipiens
1066 1065 1169 1112 est.
1199 1054 1399 1112 Verum
1428 1059 1481 1115 in
1514 1058 1721 1123 futuro,
1753 1066 1844 1111 aut
1868 1056 2108 1127 perfecte

519 1151 741 1221 sapiens
766 1160 862 1205 aut
890 1152 1113 1206 omnino
1146 1150 1250 1206 erit
1274 1150 1552 1221 insipiens.
1586 1151 1862 1221 Sapientia
1917 1150 2105 1222 igitur,

519 1259 686 1313 quam
717 1258 907 1299 omnes
950 1244 1004 1298 in
1057 1244 1161 1299 hac
1191 1245 1302 1299 vita
1334 1260 1441 1299 non
1475 1244 1738 1299 inutiliter
1788 1254 1972 1298 amant
2010 1244 2105 1309 ⁸⁸⁸,

520 1348 672 1395 tanta
711 1338 763 1392 in
802 1338 980 1393 futura
1010 1339 1117 1392 vita
1150 1338 1305 1393 bonis
1352 1338 1459 1391 erit
1503 1346 1559 1392 ut
1600 1353 1789 1392 eorum
1818 1354 1939 1405 qua:
1968 1338 2111 1393 scire

519 1429 757 1485 voluerit
795 1429 931 1489 nihil
963 1431 1036 1499 sit
1071 1430 1213 1500 quod
1244 1430 1515 1501 ignorent.
1543 1429 1726 1485 Bonus
1747 1431 1894 1486 enim
1923 1429 2107 1502 peric-

518 1529 629 1584 cta,
674 1536 796 1591 quae
845 1521 986 1576 Deus
1034 1530 1138 1586 est,
1203 1522 1467 1593 sapientia
1520 1522 1834 1592 replebitur,
1879 1536 2110 1593 eamque

520 1610 662 1667 facie
691 1611 758 1665 ad
788 1610 979 1665 faciem
1013 1612 1328 1668 intuebitur.
1359 1614 1533 1681 Quam
1584 1614 1711 1669 dum
1764 1614 1839 1668 ita
1889 1629 2112 1684 perspe-

523 1703 687 1765 xerit,
716 1710 982 1756 creaturm
1023 1702 1188 1757 totius
1223 1713 1476 1758 naturam
1503 1705 1705 1759 videbit
1752 1706 1842 1772 ⁸⁸⁸,
1881 1721 1999 1775 qute
2054 1705 2107 1760 in

523 1791 633 1845 Deo
662 1795 856 1847 melius
910 1807 1073 1863 quam
1128 1794 1181 1848 in
1232 1796 1408 1864 scipsa
1466 1796 1913 1852 consistit.’l‘unc
1960 1798 2107 1853 enim

517 1883 650 1952 justi
676 1898 870 1941 cuncta
898 1891 1072 1944 scient
1119 1905 1237 1959 qua:
1282 1889 1424 1945 Deus
1469 1891 1599 1946 fecit
1642 1891 1880 1959 scienda,
1909 1900 2018 1946 tam
2046 1907 2108 1945 ea

520 1992 643 2047 quae
672 1982 945 2048 praeterita
979 1990 1298 2052 suntquam
1342 1997 1403 2037 ea
1441 1998 1559 2052 qua:
1590 1984 1934 2051 postmodum
1985 1991 2111 2037 sunt

522 2067 728 2123 futura.
767 2070 841 2124 lbi
872 2086 902 2125 a
934 2071 1162 2141 singulis
1192 2087 1404 2137 omnes,
1445 2073 1516 2127 ibi
1541 2072 1611 2126 ab
1638 2072 1891 2127 omnibus
1912 2072 2108 2144 singuli

521 2170 938 2227 cognoscentur.
982 2162 1092 2218 Nec
1133 2178 1463 2234 quemquam
1513 2165 1737 2218 omnino
1793 2164 2109 2233 latebitqua

521 2250 720 2317 patria,
763 2267 867 2320 qua
901 2266 1078 2323 gente,
1112 2270 1217 2325 qua
1250 2256 1421 2326 stirpe
1451 2257 1572 2325 quis
1596 2256 1774 2311 editus
1803 2258 1987 2323 fuerit,
2026 2258 2110 2313 vel

522 2342 653 2410 quid
684 2343 847 2398 etiam
881 2346 934 2399 in
966 2346 1074 2400 vita
1110 2362 1206 2401 sua
1228 2347 1444 2402 fecerit.

1084 2438 1311 2494 CAPUT
1355 2439 1440 2494 LX
1468 2440 1559 2493 m.

688 2527 842 2593 Quod
867 2540 1079 2599 peccata
1102 2531 1431 2601 singulorum
1454 2533 1676 2602 singulis
1712 2542 1944 2601 pateant.

595 2619 695 2675 llic
726 2621 1197 2693 fortassis‘aliquis
1224 2625 1302 2678 ait
1335 2642 1348 2677 :
1381 2624 1519 2691 Quid
1560 2635 1643 2680 est
1696 2627 1836 2682 hoc?
1877 2626 2108 2681 Peccata

522 2727 645 2784 qure
672 2712 799 2779 feci,
846 2716 1024 2770 scient
1051 2718 1276 2771 omnes?
1301 2718 1379 2770 Ad
1416 2719 1519 2773 hoc
1548 2734 1611 2773 ca
1663 2720 1942 2775 confessus
1989 2736 2109 2775 sum

525 2818 586 2863 ut
622 2809 932 2864 delerentur
973 2820 1029 2865 et
1073 2811 1560 2879 obliviscerentur,
1600 2822 1657 2866 ut
1695 2814 1823 2868 nulli
1878 2815 2115 2885 amplius

523 2902 917 2971 ponderentur.
983 2904 1144 2960 Bene.
1183 2905 1288 2960 Sed
1320 2922 1443 2959 cum
1498 2908 1634 2961 tuin
1666 2908 1754 2962 illa
1804 2908 1999 2980 gloria,
2044 2910 2113 2963 ab

522 2992 673 3048 omni
705 2994 998 3049 criminum
1032 2998 1193 3050 sorde
1227 3008 1506 3066 purgatus,
1542 2999 1707 3054 vultui
1739 3001 1830 3055 Dei
1873 3017 2113 3072 praasens

2210 498 2503 569 impunitas
2534 499 2627 555 tibi
2664 509 2813 557 certo
2841 502 3092 559 arriserit
3118 502 3212 570 δ”,
3262 506 3559 576 recognitio
3593 507 3681 560 vel
3724 523 3803 562 re-

2207 592 2454 647 cordatio
2504 603 2849 663 peccatorum
2903 603 3117 651 tuorum
3177 596 3231 651 in
3279 597 3425 653 nullo
3478 599 3580 655 tibi
3631 602 3805 672 magis

2211 685 2423 741 horrori
2441 701 2563 746 esse
2597 687 2681 743 vel
2723 686 3028 744 confusioni
3064 689 3456 762 valebitquam
3508 702 3594 749 est
3646 696 3807 748 modo

2208 776 2372 833 beato
2422 778 2582 835 Petro
2627 779 2997 851 apostolorum
3040 782 3301 855 principi,
3362 784 3456 855 qui
3523 784 3806 841 Christum

2209 868 2449 939 negavit,
2486 871 2775 941 abnegatio
2807 885 2906 925 sua
2932 872 3028 938 δό,
3059 872 3235 928 beatae
3260 872 3446 929 Mariae
3472 873 3807 945 Magdalena:

2208 971 2432 1031 peccata
2465 976 2582 1027 sua,
2615 972 2670 1017 et
2716 963 2899 1018 multis
2929 963 3050 1020 aliis
3077 964 3269 1033 multa,
3299 981 3422 1037 qua:
3476 978 3804 1037 sequuntur,

2205 1052 2317 1123 jam
2349 1052 2546 1108 donata
2588 1054 2815 1109 crimina
2861 1069 2979 1109 sua.
3031 1057 3229 1111 Verum
3281 1072 3445 1127 super
3479 1058 3588 1114 hoc
3608 1057 3807 1128 agnitis

2211 1144 2425 1200 delictis
2450 1146 2574 1210 tuis,
2603 1146 2748 1201 velut
2771 1146 2837 1178 “‘
2871 1146 2924 1201 in
2954 1148 3162 1204 enormi
3205 1164 3271 1204 ac
3313 1148 3455 1205 foeda
3486 1149 3809 1207 inﬁrmitate

2213 1244 2301 1290 tua
2325 1237 2627 1308 "',pietas,
2645 1238 2838 1307 virtus,
2856 1240 3115 1310 sapientia
3141 1241 3334 1297 medici
3357 1243 3448 1312 qui
3474 1251 3529 1297 te
3572 1242 3801 1307 sanavit,

2211 1329 2498 1385 sublimius
2525 1345 2555 1384 a
2583 1334 2794 1389 cunctis
2821 1334 3197 1400 admirabitur,
3228 1334 3563 1397 laudabitur,
3593 1337 3804 1405 magni-

2213 1420 2483 1476 ﬁcabitur.
2515 1422 2660 1479 Laus
2702 1435 2883 1481 autem
2931 1437 2986 1482 et
3012 1430 3416 1499 magnificentia
3448 1430 3643 1501 gloriae
3693 1430 3803 1491 Dei.

2213 1520 2335 1576 tua,
2376 1514 2419 1567 si
2474 1514 2612 1570 bene
2650 1514 2908 1581 advertis,
2945 1516 3115 1586 gloria
3180 1530 3281 1574 est.
3330 1518 3437 1574 Sed
3494 1519 3697 1575 dices:
3744 1519 3804 1573 Et

2211 1606 2431 1675 quidem
2462 1609 2744 1663 consentio
2792 1608 3004 1664 laudem
3064 1610 3157 1664 Dei
3189 1610 3413 1681 gloriam
3441 1625 3569 1665 esse
3591 1625 3803 1675 meam;

2212 1713 2426 1763 verum,
2455 1714 2578 1754 cum
2605 1700 2733 1757 hinc
2765 1701 2889 1756 inde
2922 1709 2999 1756 tot
3021 1712 3077 1756 et
3107 1703 3269 1767 tanti,
3296 1704 3363 1757 ad
3381 1703 3485 1757 mei
3514 1718 3804 1772 compara-

2216 1789 2443 1854 tionem,
2470 1790 2789 1847 innocentes
2812 1792 3095 1861 prodeant,
3127 1793 3243 1863 qui,
3271 1794 3643 1849 consideratis
3687 1796 3807 1849 vita:

2213 1898 2347 1939 meae
2375 1886 2824 1952 obscenitatibus,
2857 1902 2942 1941 me
2971 1888 3215 1956 omnino,
3248 1889 3387 1944 sicut
3414 1904 3635 1959 aequum
3681 1888 3804 1953 erit,

2213 1976 2427 2031 horrori
2485 1978 2792 2034 habendum
2829 1980 3098 2050 judicent,
3151 1982 3281 2052 quid
3316 1983 3540 2038 dicam?
3586 1982 3805 2037 Justitia

2213 2081 2406 2136 nempe
2442 2084 2621 2134 suum,
2667 2080 2722 2125 et
2777 2084 2933 2125 suum
2988 2071 3252 2140 injustitia
3283 2074 3569 2143 prmmium
3617 2074 3803 2141 exigit.

2211 2158 2269 2212 In
2304 2160 2406 2225 his,
2441 2159 2632 2227 frater,
2661 2164 2785 2219 nolo
2816 2165 3042 2229 timeas;
3098 2166 3259 2221 aliter
3302 2167 3450 2221 enim
3508 2168 3618 2221 crit
3649 2183 3805 2237 quam

2212 2253 2512 2310 existimas.
2543 2255 2696 2312 Illum
2724 2258 2990 2328 siquidem
3010 2260 3081 2293 m
3106 2274 3264 2329 quem
3295 2268 3348 2314 tu
3384 2260 3478 2314 tibi
3516 2260 3807 2329 compara-

2214 2354 2327 2400 tum
2350 2344 2566 2415 judicas
2596 2350 2968 2418 innocentem,
2995 2353 3211 2423 penitus
3244 2368 3350 2407 non
3377 2353 3450 2407 ibi
3478 2354 3728 2422 reperies
3748 2354 3809 2408 de

2216 2447 2268 2492 te
2296 2442 2752 2510 quemadmodum
2808 2453 2967 2513 putas
3020 2444 3364 2499 sentientem.
3421 2442 3678 2513 Namque
3734 2444 3809 2499 vi-

2214 2531 2348 2588 dens
2374 2532 2444 2565 ⁸³⁵
2473 2533 2584 2599 ille,
2608 2536 2675 2590 de
2698 2552 2804 2605 quo
2828 2536 2966 2605 agis,
2999 2536 3160 2607 plane
3193 2536 3445 2605 intelligit
3505 2544 3559 2589 te
3604 2550 3809 2605 nequa-

2213 2640 2375 2693 quam
2398 2624 2466 2657 ⁸⁵⁵
2491 2641 2549 2680 se
2572 2666 2586 2690 ,
2613 2627 2709 2680 sed
2741 2628 2930 2690 Deum,
2956 2628 3174 2698 quando
3198 2627 3460 2697 peccasti,
3486 2624 3803 2681 oﬂ'endisse.

2213 2715 2346 2770 Cum
2379 2732 2508 2787 ergo
2540 2717 2734 2772 viderit
2765 2716 2934 2773 Deum
2966 2718 3061 2772 tibi
3089 2719 3268 2773 debita
3302 2717 3549 2772 funditus
3573 2717 3807 2772 dimisis—

2215 2822 2293 2873 se,
2353 2824 2452 2864 nec
2504 2810 2557 2864 in
2599 2824 2694 2866 cor
2764 2811 3021 2866 ascendet
3066 2819 3126 2865 ut
3176 2822 3228 2866 te
3291 2812 3417 2865 inde
3463 2810 3808 2880 aliquatenus

2209 2899 2434 2970 judicet.
2468 2900 2522 2955 ιιι
2556 2902 2659 2957 hoc
2688 2900 2834 2958 enim
2870 2902 2984 2973 ipso
3012 2902 3180 2956 Deum
3212 2900 3489 2956 oﬂ‘endere
3515 2917 3576 2955 se
3605 2917 3799 2972 cogno-

2216 3001 2412 3057 sceret,
2448 2993 2492 3047 si
2529 3002 2596 3059 te,
2628 2992 2738 3049 Deo
2767 3010 2864 3064 per
2892 2993 3072 3048 omnia
3102 2993 3538 3057 reconciliatum,
3581 3009 3684 3064 pro
3726 2995 3804 3048 bis

522 3086 783 3154 astiteris,
819 3089 1133 3158 ingratnsue
1163 3090 1209 3142 ei
1244 3091 1449 3158 poteris
1478 3106 1598 3146 esse
1628 3108 1725 3163 pro
1755 3102 1900 3148 tanta
1950 3096 2108 3148 misc.
2139 3106 2183 3167 ρ
2216 3099 2338 3153 qua:
2358 3084 2485 3138 olim
2515 3086 2722 3140 feceras
2737 3085 3006 3141 ullatenus
3032 3085 3490 3140 contemnendum
3517 3087 3804 3157 cogitaret.

520 3176 759 3229 ricortlia
796 3190 960 3244 quam
996 3176 1089 3231 tibi
1138 3176 1291 3245 fecit,
1338 3179 1582 3235 remissis
1613 3181 1719 3237 illis
1747 3192 1801 3237 et
1848 3182 1955 3238 illis
1979 3183 2110 3239 deli-

519 3266 665 3321 etis?
700 3264 838 3331 Non,
868 3267 1095 3338 inquies.
1136 3270 1202 3324 Et
1237 3272 1396 3335 unde,
1452 3274 1693 3344 inquam,
1727 3276 1933 3345 gratias
1980 3292 2111 3348 ages

522 3354 618 3419 “‘,
650 3355 696 3411 si
728 3356 860 3411 nihil
890 3372 1078 3413 eorum
1117 3362 1257 3415 ttnde
1277 3359 1400 3428 jure
1423 3364 1625 3433 gratias
1658 3364 1779 3419 illas
1832 3365 2030 3422 debeas
2057 3366 2109 3422 in

523 3452 616 3499 tua
644 3484 645 3487 η
671 3449 934 3503 memoria
992 3449 1228 3506 habeas?
1278 3452 1349 3507 Ut
1380 3455 1544 3523 igitur
1591 3456 1642 3510 in
1680 3455 1929 3514 laudibus
1970 3460 2112 3515 illius

522 3540 859 3597 aeternaliter
874 3543 1207 3613 jucuuderis,
1234 3562 1453 3618 semper
1472 3549 1537 3603 de
1566 3560 1767 3619 quanta
1798 3551 2013 3607 miseria
2038 3554 2113 3609 sis

522 3636 734 3700 erutus,
768 3644 826 3688 ut
856 3647 1005 3705 puto,
1030 3654 1214 3693 coram
1246 3640 1493 3694 habebis.
1524 3642 1659 3697 Cum
1694 3659 1824 3714 ergo
1868 3645 2111 3717 singulo-

525 3740 645 3780 rum
660 3729 1006 3784 conscientia:
1024 3730 1250 3802 singulis
1272 3743 1510 3802 pateant,
1528 3734 1685 3791 fateri
1703 3739 1874 3792 audeo
1895 3753 1957 3792 ea
1982 3754 2108 3809 quo-

525 3832 633 3887 que
662 3818 731 3851 ‘"
755 3832 974 3890 peccata
998 3825 1209 3879 cunctis
1240 3824 1534 3881 electorum
1561 3837 1752 3899 patere
1765 3846 1863 3902 pro
1881 3847 2110 3901 quorum

524 3912 808 3968 curatione
850 3921 904 3967 tu
943 3915 1053 3970 Deo
1082 3917 1355 3986 gratiosus
1398 3922 1601 3976 existes
1641 3922 1881 3989 assidue,
1911 3926 2112 3980 nonad

527 4013 672 4059 tuam
711 4005 1107 4074 confusionem,
1145 4010 1237 4064 sed
1275 4012 1342 4065 ad
1376 4028 1626 4083 magnam
1678 4015 1770 4069 Dei
1801 4016 2111 4072 misericor-

524 4095 941 4169 diam,ejusque
990 4099 1437 4171 glorificationem
1483 4116 1739 4177 tuamque
1773 4111 2114 4179 congratula-

524 4190 749 4246 tionem.
801 4192 917 4248 Non
961 4198 1102 4251 enim
1155 4206 1278 4252 tunc
1316 4213 1411 4269 pro
1446 4201 1683 4269 peccatis
1711 4201 1818 4256 tuis
1847 4210 1896 4256 te
1943 4203 2117 4272 major

526 4282 779 4351 angustia
804 4285 983 4340 cordis
1006 4296 1216 4356 premet
1244 4289 1578 4344 scelerumve
1604 4299 1819 4344 tuorum
1850 4293 2021 4361 magis
2046 4291 2115 4323 ⁸⁸⁸

528 4373 751 4443 pudebit
772 4390 932 4446 quam
960 4378 1215 4449 aliquem,
1247 4380 1375 4435 olim
1405 4382 1619 4450 magnis
1642 4382 1957 4438 vulneribus
1988 4400 2118 4439 sau-

2216 3175 2384 3244 Magis
2409 3186 2586 3231 autem
2612 3178 2907 3248 gratiosus,
2963 3176 3287 3232 ineffabilem
3334 3176 3427 3232 Dei
3457 3178 3807 3232 clementiam

2215 3269 2601 3335 admirabitnr,
2633 3285 2739 3324 non
2787 3269 2959 3325 solum
3002 3271 3055 3335 in
3110 3280 3161 3326 te
3196 3270 3287 3337 “‘,
3313 3270 3407 3326 sed
3430 3272 3600 3325 etiam
3635 3271 3689 3325 in
3731 3287 3803 3324 se.

2215 3362 2270 3417 In
2311 3373 2381 3428 te,
2411 3364 2536 3433 quia
2574 3373 2623 3417 te
2648 3363 2714 3418 de
2742 3371 2849 3416 tam
2892 3362 3163 3433 profundo
3220 3363 3527 3433 iniquitatis
3566 3363 3803 3433 eripuit;

2216 3455 2268 3509 in
2308 3470 2385 3521 se,
2419 3454 2544 3525 quia
2589 3454 2704 3509 sola
2756 3458 2929 3525 gratia
2966 3456 3101 3526 ejus.
3133 3470 3201 3509 ne
3228 3455 3279 3509 in
3312 3454 3455 3509 idem
3480 3452 3805 3525 profundum

2216 3554 2417 3610 rueret,
2451 3544 2623 3600 tenuit
2647 3562 2725 3601 se.
2752 3546 3050 3603 Laudando
3083 3546 3270 3619 igitur,
3328 3546 3709 3617 magnificabit
3756 3547 3807 3602 in

2218 3647 2289 3703 te,
2321 3646 2445 3708 post
2473 3641 2703 3707 gratiam
2742 3639 2859 3705 Dei,
2889 3640 2999 3693 vim
3056 3648 3221 3708 atque
3269 3640 3664 3704 constantiam,
3692 3638 3806 3706 qui-

2216 3731 2316 3785 bus
2342 3730 2556 3785 enitens
2588 3730 2900 3799 voraginem
2952 3731 3085 3785 tanti
3118 3729 3244 3785 mali
3295 3730 3532 3784 viriliter
3562 3729 3802 3796 evasisti,

2151 3891 2157 3897 ι
2209 3818 2365 3888 juxta
2390 3836 2571 3890 quam,
2601 3824 2745 3893 quod
2798 3833 2854 3876 et
2899 3823 2966 3853 “7
3000 3823 3113 3893 ipse
3165 3821 3561 3891 considerabit,
3621 3823 3725 3877 nisi
3774 3836 3805 3876 a

2218 3915 2327 3969 Deo
2373 3915 2591 3983 adjutus
2641 3915 2853 3980 fuisset,
2904 3930 3011 3969 non
3065 3915 3140 3969 ita
3187 3914 3416 3970 forsitan
3451 3915 3560 3970 iter
3583 3913 3806 3983 justitize

2217 4008 2501 4062 tenuisset.
2532 4004 2693 4062 Vides
2721 4007 2885 4079 igitur
2929 4023 3091 4078 quam
3140 4008 3272 4062 nihil
3301 4008 3464 4063 habet
3495 4008 3801 4079 imprOperii

2216 4101 2433 4171 vulgata
2488 4100 2727 4171 cognitio
2770 4101 2977 4171 peccati
3037 4100 3135 4165 tui,
3206 4100 3315 4154 into
3381 4090 3559 4169 quant
3584 4101 3803 4155 multum

2218 4195 2392 4251 laudis
2439 4204 2493 4251 et
2531 4194 2830 4265 gratiarum
2865 4184 3077 4264 cognita
3112 4195 3357 4249 remissio
3378 4193 3461 4249 sui
3498 4195 3800 4266 generabit.

2754 4284 2986 4342 CAPUT
3025 4285 3138 4341 LXI
3180 4286 3271 4341 ⁵⁸⁸.

2340 4381 2624 4436 Altercalio
2654 4380 2790 4433 inter
2817 4379 3075 4434 hominem
3099 4378 3302 4450 justum
3335 4389 3381 4434 et
3422 4382 3689 4449 angelum.

527 4466 730 4521 ciatum
752 4466 976 4540 jamque
999 4487 1063 4526 ex
1096 4473 1241 4526 onmi
1267 4484 1420 4542 parte
1450 4484 1720 4540 sanatum,
1768 4476 1951 4531 aboliti
1999 4477 2110 4532 lan-

2289 4473 2393 4544 lpsi
2416 4474 2582 4528 etiam
2609 4470 2809 4543 angeli,
2832 4470 2874 4525 si
2902 4479 2953 4525 te
2974 4471 3235 4525 societate
3257 4472 3337 4526 sui
3371 4481 3598 4542 propter
3620 4489 3803 4543 pecu-

527 4560 715 4631 gnoris
743 4561 985 4618 molestia
1018 4564 1236 4633 premit.
1268 4563 1358 4618 Vel
1384 4566 1622 4635 nunquid
1669 4581 1857 4622 eorum
1887 4583 2007 4638 qua:
2060 4571 2112 4625 in

526 4651 691 4706 cunis
718 4653 926 4723 positus
952 4653 1130 4709 infans
1156 4665 1341 4731 egerat
1370 4673 1511 4712 nunc
1545 4660 1891 4729 grandawum
1915 4664 2114 4731 pudet?

528 4739 686 4803 Tunc
705 4747 921 4819 quippe,
945 4762 1071 4803 cum
1103 4746 1312 4819 integra
1352 4751 1574 4817 sanitas,
1608 4754 1844 4824 perfecta
1896 4757 2112 4812 mundi-

2224 4581 2275 4625 ta
2310 4579 2399 4625 tua
2447 4567 2726 4638 indignum
2760 4564 2959 4619 vellent
2988 4563 3257 4633 judicare,
3309 4566 3539 4622 haberes
3578 4567 3805 4637 qualiter

2220 4644 2407 4720 coiura
2450 4679 2542 4719 cos
2574 4664 2692 4736 jure
2723 4668 2776 4715 te
2810 4672 2999 4729 posses
3050 4657 3354 4713 defensare.
3400 4656 3675 4725 Quonam,
3733 4659 3803 4713 in.

2222 4758 2364 4830 quis,
2412 4758 2605 4814 modo?
2635 4754 2797 4812 Audi.
2830 4753 3079 4825 Propone
3101 4751 3349 4825 angelum
3392 4750 3632 4821 aliquem
3661 4749 3801 4823 quasi

1814 4928 2044 4984 Willle
2079 4928 2480 4985 LECTIONES.

602 5079 673 5113 ⁸⁸⁸
708 5078 827 5134 Vita
885 5092 991 5131 non
1048 5078 1307 5133 inutiliter
1351 5088 1537 5133 amant
1590 5097 1665 5133 ms
1724 5078 1854 5134 Vici.
1910 5080 1976 5135 l3
2021 5082 2126 5136 vita
2159 5090 2344 5135 amant
2389 5080 2535 5135 Edit.
2570 5080 2686 5135 Col.
2732 5081 2842 5136 vita
2881 5096 2987 5136 non
3020 5078 3227 5135 utiliter
3260 5086 3406 5133 amat

602 5151 734 5205 lebit
758 5166 836 5202 ms
859 5150 975 5203 ΑΛ
1025 5147 1133 5201 Vict
1164 5160 1211 5203 et
1244 5148 1391 5202 E:lit.
1418 5151 1531 5203 Col.
1563 5162 1807 5205 naturam
1839 5151 2039 5205 videbit
2146 5152 2217 5183 ⁸⁸⁵
2240 5151 2322 5205 Ms
2360 5152 2424 5203 Λ.
2467 5154 2489 5205 1
2529 5153 2786 5205 intearum
2831 5153 2928 5205 hoc
2970 5162 3126 5205 caput
3169 5152 3358 5204 omittit

2299 5169 2322 5205 8
2360 5163 2424 5203 Α.
2467 5163 2489 5205 1
2529 5163 2786 5220 integrum
2831 5163 2928 5207 hoc
2970 5163 3126 5220 caput
3169 5163 3336 5204 οιηιιιι

1694 5222 1761 5254 ‘5'
1803 5223 1992 5277 Audeo
2017 5238 2082 5277 eo
2105 5237 2319 5292 quoque
2347 5238 2451 5276 mss
2480 5234 2527 5275 et
2554 5209 2700 5277 Ειιῗι.
2737 5221 2851 5275 Col.
2878 5209 3049 5277 audeo
3078 5236 3141 5276 ea
3177 5235 3391 5292 quoque

914 5291 959 5363 is
990 5308 1093 5363 mss
1117 5301 1163 5343 et
1199 5290 1341 5363 la'tlit.
1372 5289 1484 5343 Col.
1518 5292 1853 5363 scelerumve
1883 5304 2093 5363 tuorum
2122 5289 2292 5363 inagis

530 5308 763 5362 rumque
789 5308 959 5394 magis
990 5308 1093 5343 mss
1117 5308 1163 5343 et
1199 5308 1341 5342 lLtlIl.
1372 5308 1484 5343 μοι.
1518 5308 1853 5346 scelerumve
1883 5308 2093 5347 tuorum
2122 5309 2219 5362 lllﬂj

529 5363 779 5420 arriserit
905 5362 953 5395 ⁹⁰
996 5361 1292 5429 Almegatio
1319 5377 1413 5413 sua
1456 5379 1532 5415 ms
1575 5362 1703 5416 l’ict.
1740 5363 1805 5417 15
1834 5362 2096 5428 altjuratio
2126 5380 2219 5417 sua

952 5432 1021 5463 δ”
1048 5430 1365 5485 lnl‘trtnitatc
1396 5441 1483 5484 tua
1516 5450 1619 5485 mss
1652 5433 1784 5487 Vict.
1816 5445 1862 5485 et
1891 5433 2039 5487 Edit.
2074 5432 2185 5487 Col.
2218 5434 2530 5488 infirmitate
2562 5449 2659 5487 sua

1089 5500 1430 5574 I:i”_l‘l_amque
1458 5505 1641 5558 videas
1672 5522 1751 5558 ms
1790 5503 1924 5556 Vict.
1954 5516 1999 5557 et
2030 5502 2176 5558 Edit.
2213 5505 2327 5559 Col.
2356 5519 2590 5574 namque
2615 5505 2805 5561 videns

450 5604 455 5609 τ
532 5595 637 5632 mss
676 5570 793 5656 Vict
817 5573 1044 5655 et_Edit.
1080 5570 1193 5656 Cp];
1223 5570 1383 5656 Plane
1415 5587 1749 5646 nequaquam
1783 5570 2515 5656 intelligetlenitoquaquatti

527 5151 734 5207 videbit
758 5166 836 5202 ms
859 5150 923 5203 Α.
952 5150 975 5203 1
1025 5147 1133 5201 Vict
1164 5160 1211 5203 et
1244 5148 1391 5202 E:lit.
1418 5151 1531 5203 Col.
1563 5162 1807 5205 naturam
1839 5151 2039 5206 videbit

488 5221 502 5241 '
530 5237 700 5294 agens
724 5238 797 5273 ms
824 5230 869 5273 et
906 5218 1048 5294 ifdit.
1074 5219 1188 5273 Col.
1207 5220 1425 5294 gratias
1454 5236 1583 5294 ages

530 5308 763 5362 rumque
789 5306 870 5344 ma

530 5435 673 5491 lictis
698 5438 843 5490 velut

532 5507 681 5561 illum
714 5504 977 5573 siquidem

533 5664 641 5702 non
672 5647 844 5700 solum
879 5644 931 5698 in
963 5653 1012 5695 te

534 5717 636 5771 nisi
670 5714 855 5770 ultima
886 5714 1036 5768 verba
1069 5710 1224 5781 hujus
1246 5710 1431 5784 capitis

1122 5641 1191 5720 λζ’
1216 5641 1372 5720 Juxta
1394 5641 1581 5720 quam,
1610 5641 1676 5703 ὀι
1704 5663 1779 5702 ms
1814 5641 2025 5702 l’ic‘tfrt
2050 5642 2195 5705 Edit.
2220 5641 2332 5703 Col.
2360 5641 2513 5719 juxta
2537 5661 2726 5718 quam,
2756 5649 2897 5720 quod
2920 5656 2975 5705 et

3516 5079 3590 5111 ‘“
3615 5080 3801 5134 Natura

3489 5150 3564 5181 ⁸⁸⁸
3595 5151 3802 5206 Gratias

3515 5220 3588 5253 ⁸⁸⁸
3637 5220 3803 5276 Scele-

2394 5292 2463 5371 ‘f'
2497 5293 2622 5371 _’l‘ibj
2654 5303 2801 5371 recto
2826 5294 2987 5371 arris.
3018 5302 3201 5371 mss-ft
3236 5290 3360 5344 Edit
3539 5292 3639 5371 tibi
3666 5299 3803 5371 certo

2328 5364 2392 5397 "‘
2420 5363 2637 5418 Delictis
2672 5365 2776 5417 tttis
2810 5365 2951 5417 velut
2996 5379 3073 5431 ms
3112 5360 3247 5429 Vict.
3285 5372 3333 5413 et
3382 5361 3535 5415 Edit.
3576 5362 3695 5416 Col.
3725 5361 3802 5415 de-

2328 5436 2530 5487 :mitate
2562 5449 2659 5487 sua
2772 5433 2844 5465 ⁴⁹⁸
2884 5433 3011 5487 Illud
3043 5431 3258 5487 quidem
3306 5448 3382 5485 ms
3422 5436 3469 5487 ei
3517 5433 3669 5487 Edit.
3701 5430 3801 5487 Col.

2884 5436 3011 5489 Illud
3043 5436 3258 5500 quidem
3306 5448 3382 5485 ms
3422 5436 3469 5487 ei
3517 5436 3669 5488 Edit.
3701 5436 3801 5487 Col.

2915 5506 2983 5538 ‘9‘
3024 5503 3191 5558 Plane
3224 5502 3473 5573 intelligit
3517 5515 3593 5569 te,
3646 5517 3799 5573 neque

2624 5576 2695 5607 ⁸⁸⁸
2726 5576 2834 5632 Nec
2863 5577 3034 5631 solum
3062 5575 3117 5629 iu
3147 5582 3198 5626 te
3226 5591 3304 5626 ms
3342 5571 3468 5628 Vict.
3497 5586 3547 5628 et
3578 5571 3800 5629 καλοί.

2624 5661 2726 5701 λιιι.
2756 5649 2897 5701 uttod
2920 5656 2975 5701 et
3093 5642 3161 5678 ⁸³⁸
3205 5642 3288 5699 ,υτ
3316 5646 3377 5701 Α.
3415 5647 3463 5700 l.
3502 5642 3629 5701 Non
3663 5641 3801 5701 habet

3266 5660 3288 5699 8
3316 5660 3463 5701 8.1.
3502 5660 3629 5702 [νοκ
3663 5660 3724 5699 na
